4034 6398
540 396 647 453 (ἓιῦ

540 511 892 577 transeundo,
921 522 1019 563 nec
1046 522 1104 561 sc
1130 505 1446 561 invisibilcm
1481 505 1804 576 praestando.
1837 504 1951 561 Non
1980 505 2121 561 enim

539 605 721 659 omnia
754 618 913 672 supra
942 599 1211 654 hominem
1245 598 1419 653 facere
1450 598 1680 663 volebat,
1726 608 1783 652 ut
1816 598 2127 655 crederetur

539 694 859 750 meonomia.
891 691 969 747 Illi
1007 700 1183 747 autem
1211 706 1317 745 non
1344 690 1535 745 timore
1569 690 1922 745 multitudinis
1952 706 2107 745 einen

535 786 829 848 dabantur,
882 800 988 837 non
1035 784 1103 837 ab
1157 783 1322 852 ipsius
1362 782 1695 863 dictisznon
1743 783 2121 853 prophetarum

536 878 898 934 testimonium
939 875 1345 941 reverebantur,
1392 891 1496 929 non
1538 889 1688 929 suam
1722 876 1957 945 ipsorum
2002 889 2125 929 scn-

534 969 781 1034 tentiam,
823 983 927 1022 non
969 967 1256 1021 multormn
1300 967 1798 1022 existimationem:
1836 968 1906 1021 ita
1954 966 2122 1021 semel

528 1062 652 1117 illos
682 1060 989 1116 dominandi
1036 1059 1298 1128 cupiditas
1343 1068 1397 1112 et
1426 1074 1575 1113 vana:
1617 1059 1800 1128 gloria:
1840 1075 1992 1112 amor
2029 1073 2118 1113 oc-

452 1121 457 1129 ,
532 1165 782 1218 rmcarat,
815 1152 955 1223 quod
992 1160 1332 1220 lcmporanea
1363 1159 1683 1221 quaererent.

599 1270 653 1323 3.
672 1265 872 1320 Futura
897 1264 1222 1334 prwsentibus
1237 1266 1590 1335 anteponenda
1610 1278 1746 1323 sunt.
1765 1270 1951 1328 Contra
1977 1277 2118 1331 thea-

527 1358 590 1411 tri
621 1358 931 1433 spectacula.
964 1355 1336 1411 Monachorum
1362 1359 1482 1413 vita.
1537 1359 1793 1415 Exercitia
1821 1369 2115 1424 monastica.

532 1450 751 1505 -—Nihil
800 1450 940 1505 enim
982 1449 1055 1504 ita
1105 1449 1329 1518 impellit
1357 1459 1415 1505 et
1453 1452 1779 1522 praecipitem
1819 1455 1947 1522 dat;
1987 1460 2116 1516 nihil

528 1554 637 1596 tam
668 1558 697 1595 a
730 1542 1029 1597 futurorum
1060 1557 1244 1597 amore
1268 1542 1466 1610 dcjicit,
1489 1553 1545 1598 ut
1573 1544 1904 1619 ﬂuxisaflligi
1935 1552 2114 1620 rebus;

528 1635 657 1688 nihil
688 1635 761 1693 ita
793 1643 847 1689 et
875 1634 1225 1702 praesentibus
1255 1644 1309 1689 et
1336 1634 1527 1690 futuris
1549 1637 1782 1705 jucunde
1800 1645 1872 1696 uti
1907 1644 2110 1716 tribuit,

527 1737 583 1781 nt
610 1726 787 1781 futura
815 1725 1060 1781 omnibus
1086 1737 1434 1795 anteponere.
1464 1729 1552 1781 Ait
1580 1733 1776 1801 quippe
1819 1733 2066 1793 Christus
2098 1757 2113 1795 :

528 1818 752 1885 Quterite
778 1820 996 1887 primum
1024 1834 1234 1887 regnum
1257 1817 1371 1881 Dei,
1399 1828 1445 1873 et
1474 1818 1582 1874 lucc
1610 1824 1783 1878 omnia
1810 1826 2115 1899 adjiciantur

522 1911 659 1964 vobis
690 1910 901 1980 (Matth.
933 1909 987 1964 6.
1018 1909 1134 1979 53).
1166 1910 1324 1979 Atqui
1364 1911 1569 1965 etiamsi
1602 1912 1717 1969 haec
1750 1916 1980 1984 adjectio
2014 1937 2110 1991 po-

518 2004 618 2058 sita
641 2019 747 2059 non
773 2012 936 2068 esset,
962 2017 1066 2055 non
1099 2011 1274 2056 tamen
1305 2000 1418 2057 lucc
1438 2002 1726 2060 admodum
1757 2006 2111 2069 desideranda

518 2102 736 2158 essent;
767 2106 906 2147 nunc
947 2101 1126 2147 autem
1154 2107 1277 2147 cum
1306 2093 1391 2147 illa
1420 2094 1652 2164 accipis,
1686 2096 1800 2153 hazc
1827 2101 1986 2155 etiam
2015 2119 2110 2174 ap.

517 2183 823 2254 prehendis.
852 2183 1104 2238 Nonnulli
1136 2192 1310 2238 tamen
1340 2182 1425 2238 his
1447 2198 1554 2239 non
1577 2185 1981 2257 obtemperant;
2010 2194 2108 2250 sed

514 2275 776 2346 lapidibus
799 2288 961 2329 sensu
991 2272 1300 2329 carentibus
1328 2274 1556 2341 similes,
1575 2276 1863 2347 voluptatis
1891 2284 2105 2341 umbras

511 2379 827 2439 sequuntur.
875 2366 1010 2435 Quid
1056 2367 1197 2422 enim
1244 2366 1401 2422 dulce
1443 2367 1498 2421 in
1532 2371 1782 2437 praesenti
1832 2374 1936 2429 vita
1981 2378 2105 2433 est?

511 2461 636 2532 quid
661 2458 992 2529 jucundum‘?
1011 2457 1142 2513 Nam
1165 2472 1287 2512 cum
1313 2458 1515 2530 majore
1554 2459 1747 2518 ﬁducia
1778 2479 1875 2520 vos
1902 2467 2105 2539 alloqui

512 2553 672 2609 hodie
696 2551 818 2608 volo
850 2570 863 2606 :
894 2550 985 2606 sed
1034 2566 1119 2605 me
1166 2550 1329 2617 ferte,
1376 2562 1435 2606 ut
1478 2551 1696 2609 discatis
1727 2595 1741 2619 ,
1776 2556 1937 2613 vitam
1980 2575 2100 2631 qua:

510 2646 648 2702 dura
678 2655 732 2700 et
757 2658 982 2699 onerosa
1006 2643 1245 2707 videtur,
1287 2643 1671 2699 monachorum
1702 2648 1907 2704 scilicet
1934 2659 1989 2706 et
2011 2668 2103 2707 co-

508 2754 628 2795 rum
666 2738 754 2808 qui
785 2737 992 2807 scipsos
1016 2735 1427 2803 crueiﬁxerunt,
1455 2736 1611 2808 longe
1639 2737 1932 2796 dulciorem
1957 2743 2101 2808 desi-

507 2831 992 2902 derabilioremque
1021 2846 1143 2886 esse
1168 2830 1267 2885 bac
1295 2831 1400 2886 vita
1434 2870 1450 2897 ,
1484 2847 1604 2902 qua:
1646 2834 1856 2889 videtur
1884 2851 2100 2894 suavior

507 2926 909 2996 dclicatiorque.
942 2925 1219 2994 llujusque
1240 2924 1316 2978 rei
1345 2935 1508 2981 testes
1534 2940 1629 2981 vos
1652 2928 1803 2995 estis,
1833 2929 1924 2999 qui
1950 2946 2096 3001 smpc

505 3019 559 3073 in
599 3016 989 3073 calamitatibus
1027 3025 1083 3070 et
1125 3016 1378 3069 :erumnis
1421 3024 1651 3070 mortem
1681 3019 1927 3087 optastis,
1960 3021 2097 3087 illos-

501 3126 608 3181 que
635 3111 819 3166 beatos
850 3106 1200 3176 prmdicastis,
1221 3106 1308 3176 qui
1341 3106 1391 3159 in
1425 3107 1717 3173 montibus,
1740 3109 1792 3163 in
1820 3110 2091 3180 Speluncis

500 3198 1083 3271 degunt,crelibemqae
1106 3204 1160 3252 et
1179 3196 1407 3266 negotiis
1425 3211 1643 3251 vacuam
1669 3198 1868 3254 ducunt
1891 3201 2049 3255 vitain
2074 3219 2089 3268 ;

500 3308 595 3349 vos
618 3306 813 3361 nempe
838 3332 855 3358 ,
886 3291 974 3360 qui
1007 3288 1089 3344 vel
1129 3289 1363 3344 artiﬁces
1383 3329 1398 3353 ,
1433 3289 1515 3345 vel
1547 3290 1744 3347 milites
1775 3292 1905 3347 estis
1930 3334 1943 3357 ,
1977 3294 2091 3348 sive

497 3383 589 3455 qui
618 3383 781 3438 vitam
803 3380 999 3437 ducitis
1018 3380 1201 3446 otiosi,
1233 3379 1346 3434 sive
1375 3381 1466 3450 qui
1498 3380 1549 3435 in
1591 3396 1753 3436 scena
1797 3392 1851 3437 et
1885 3383 2076 3440 orche-

491 3472 621 3526 stris
636 3471 778 3525 diem
806 3471 1127 3542 transigitis.
1150 3471 1278 3526 lude
1300 3477 1468 3535 enim,
1487 3475 1738 3543 quamvis
1759 3475 1904 3530 mille
1924 3476 2079 3531 volu-

490 3570 668 3632 ptates
710 3563 978 3618 seaturirc
1016 3563 1323 3631 videantur,
1356 3576 1610 3621 sexcenta
1650 3567 1751 3620 tela
1786 3569 2078 3623 mittuntur

491 3654 839 3711 amarissima
862 3656 901 3712 ί.
924 3656 979 3710 Si
1003 3657 1128 3727 quis
1141 3659 1287 3713 enim
1309 3659 1560 3715 saltantis
1581 3660 1771 3729 puella:
1786 3675 1973 3716 amore
1994 3661 2079 3717 in-

492 3748 821 3816 ﬂammatur,
846 3749 992 3805 omni
1021 3749 1235 3816 militia,
1266 3751 1415 3804 omni
1442 3752 1877 3822 peregrinatione
1900 3754 2083 3808 durio-

494 3857 585 3897 res
600 3841 737 3898 feret
752 3845 1056 3905 cruciatus,
1079 3843 1360 3914 pejorique
1380 3843 1434 3898 in
1459 3854 1627 3909 statu,
1646 3861 1810 3915 quam
1833 3846 1962 3901 urbs
1981 3847 2081 3900 ob-

495 3949 672 4003 scssa,
689 3935 812 3991 erit.
834 3935 941 3992 Sed
961 3952 1028 3991 ne
1053 3937 1161 3992 illis
1178 3937 1384 3993 diutius
1406 3938 1814 4004 incumbamus,
1835 3939 1967 4009 ipsis
1988 3956 2085 3994 eo-

497 4041 620 4081 rum
634 4029 729 4097 qui
748 4027 828 4083 sic
839 4029 983 4098 capti
997 4039 1126 4084 sunt
1137 4031 1491 4086 conscientim
1506 4031 1930 4103 relictis,age,de
1947 4033 2085 4088 mul-

497 4128 680 4175 lorum
705 4121 816 4175 vita
852 4135 994 4175 nunc
1020 4136 1277 4191 agamus:
1305 4131 1361 4178 et
1388 4132 1599 4176 tantum
1632 4124 1772 4177 inter
1795 4135 2084 4193 utramque

498 4213 668 4269 vitam
683 4215 1027 4269 inveniemus
1045 4215 1682 4282 intervaliumquantum
1704 4218 1845 4270 inter
1862 4227 2080 4286 portum

484 4309 537 4353 ct
580 4299 831 4354 ﬂuctibus
859 4299 1122 4372 agitatum
1151 4300 1374 4373 pelagus
1427 4303 1510 4359 Ex
1541 4304 1861 4364 habitaculis
1896 4314 2076 4371 statim

481 4393 551 4449 ab
588 4392 812 4448 exordio
852 4393 1041 4449 horum
1084 4394 1391 4451 felicitatem
1423 4398 1701 4454 considera
1733 4416 1748 4465 ;
1791 4401 1903 4457 fora
1930 4407 2074 4461 enim

479 4496 537 4541 et
581 4485 744 4542 urbes
787 4486 1150 4556 tumultusque
1201 4487 1253 4541 in
1306 4489 1485 4543 medio
1531 4492 1734 4560 positos
1765 4495 2025 4566 fugientes
2055 4543 2069 4567 ,

480 4579 644 4633 vitam
694 4578 749 4632 in
779 4579 1050 4634 montibus
1095 4576 1447 4648 delegerunt,
1477 4595 1596 4651 quae
1625 4583 1755 4639 nihil
1785 4601 1905 4641 cum
1940 4606 2074 4657 prte-

476 4671 619 4726 senti
643 4671 749 4726 vita
775 4684 1062 4726 commune
1091 4670 1270 4736 habet,
1296 4686 1417 4741 qua:
1444 4672 1576 4728 nihil
1605 4675 1891 4734 humanum
1922 4682 2074 4750 pati—

479 4775 604 4831 tur;
646 4779 752 4820 non
779 4763 1024 4820 dolorem
1053 4778 1149 4833 pro
1175 4764 1337 4819 rebus
1365 4767 1714 4823 sweularibus
1742 4811 1760 4833 ,
1802 4788 1906 4826 non
1936 4789 2045 4832 ιιιω

474 4871 655 4911 rorem
684 4854 773 4912 vel
796 4854 1238 4923 sollicitudinem,
1271 4871 1376 4911 non
1407 4858 1661 4926 pericula,
1696 4877 1801 4916 non
1826 4864 2070 4931 insidias,

476 4963 585 5003 non
605 4947 881 5012 invidiam,
912 4963 1020 5002 non
1052 4947 1298 5012 livorem,
1328 4963 1432 5004 non
1465 4957 1648 5020 turpes
1674 4969 1890 5012 amores
1912 4998 1927 5019 ,
1960 4973 2067 5013 non

474 5040 619 5097 aliud
660 5040 930 5111 quidpiam
960 5041 1157 5098 simile.
1184 5040 1301 5096 1am
1332 5042 1419 5097 hic
1457 5044 1532 5098 illi
1575 5060 1694 5115 qua:
1735 5047 1800 5101 ad
1844 5065 2065 5120 regnum

475 5134 731 5189 caelorum
763 5133 1025 5201 pertinent
1060 5133 1406 5201 meditantur,
1440 5136 1492 5190 in
1520 5137 1745 5193 saltibus
1765 5151 2062 5209 versantes,

477 5224 750 5280 montibus
774 5220 1119 5293 fontibusque
1149 5266 1164 5289 ,
1204 5240 1325 5279 cum
1352 5226 1533 5296 quiete
1560 5229 1721 5284 multa
1754 5248 1767 5283 :
1798 5235 2065 5303 praecipue

470 5324 652 5371 autem
702 5315 811 5370 Deo
854 5313 1104 5380 intrent,
1152 5318 1526 5388 tuguriumque
1566 5320 1779 5377 illorum
1809 5327 1952 5382 oumi
1978 5337 2063 5382 tuo

472 5405 642 5462 multa
667 5419 892 5461 vacuum
907 5414 1012 5473 est,
1034 5406 1211 5462 animo
1237 5408 1385 5464 omni
1409 5410 1599 5470 morbo
1625 5422 1682 5468 et
1722 5430 1888 5487 pravo
1927 5417 2063 5475 affe-

546 5643 563 5672 ¹
592 5640 676 5691 Sic
696 5646 806 5691 tres
827 5641 994 5707 _eod¢_l._
1011 5640 1142 5693 Editi
1170 5657 1289 5694 vero
1317 5659 1329 5695 :
1357 5645 1435 5697 Ibi
1457 5647 1583 5697 enim
1608 5651 1735 5700 unde
1762 5653 1895 5705 nut'e
1922 5655 2061 5707 colu-

484 5705 634 5768 rnum
654 5701 894 5755 taciturire
911 5702 1188 5766 rideantur,
1210 5716 1437 5760 scamna
1456 5713 1551 5760 tela
1571 5701 1840 5765 mittuntur
1857 5701 2071 5772 satis-

489 5773 527 5809 Si
536 5775 627 5812 ma.

548 5824 569 5855 ³
591 5822 647 5873 In
682 5823 853 5876 Morel.
879 5827 1004 5890 haec,
1026 5826 1159 5879 omni
1188 5827 1385 5896 notitia,
1407 5831 1594 5883 desunt

1310 386 1366 444 S.
1405 388 1684 446 JOANNIS
1710 386 2183 446 CllRYSOSTOMl
2225 392 2546 452 ARClllEP.
2585 394 3115 463 CONSTANTINOP.

3726 421 3823 482 6M

2238 517 2327 562 ctu
2358 509 2543 576 libera,
2579 513 2730 580 levis,
2755 517 3020 587 expedita,
3053 529 3107 575 ct
3136 520 3448 583 tenuissimo
3471 544 3598 588 aere
3624 538 3821 605 purior.

2236 597 2378 669 Opus
2404 614 2582 659 autem
2618 605 2829 662 illorum
2861 609 3093 680 idipsum
3133 625 3234 680 cst,
3266 618 3407 687 quod
3463 597 3640 680 Adam
3680 627 3825 687 initio

2236 685 2461 756 habuit,
2499 704 2784 767 antequam
2807 686 3093 771 peccaret,
3137 685 3351 778 quando
3389 714 3563 783 gloria
3614 685 3817 780 indutui

2237 794 2352 835 cum
2404 784 2512 839 Deo
2550 787 2721 844 libere
2765 790 3083 861 loquebatur
3112 839 3127 864 ,
3158 809 3215 853 et
3262 800 3439 859 locum
3479 804 3630 863 illum
3660 812 3819 869 multa

2236 875 2562 933 beatitudine
2590 880 2843 938 refertum
2869 885 3156 943 incolebat.
3189 890 3245 946 In
3274 909 3379 963 quo
3403 897 3552 954 enim
3593 900 3644 956 bi
3674 904 3819 973 pejus

2228 979 2387 1035 quam
2417 969 2508 1024 ille
2531 968 2748 1042 degunt,
2775 989 2897 1030 cum
2923 989 3046 1034 ante
3073 981 3487 1051 inobedleutiam
3520 968 3721 1061 positus
3736 968 3822 1055 est

2230 1054 2285 1110 in
2317 1060 2566 1127 paradiso
2599 1074 2658 1117 ut
2677 1070 3035 1135 operaretur?
3060 1071 3210 1128 Nulla
3235 1076 3333 1145 ipsi
3363 1081 3641 1139 saecularis
3671 1087 3815 1141 solli-

2227 1151 2409 1207 citudo
2437 1154 2611 1210 inerat
2632 1198 2648 1224 ,
2688 1160 2829 1214 nulla
2855 1163 3014 1217 etiam
3043 1169 3320 1226 monachis
3353 1171 3460 1227 illis
3488 1191 3502 1228 :
3534 1192 3663 1244 pura
3691 1194 3814 1234 cu..-

2227 1245 2449 1300 scientia
2508 1247 2671 1304 Deum
2717 1252 3128 1324 alloquebatur,
3181 1269 3236 1315 et
3287 1260 3341 1317 hi
3384 1264 3637 1324 similiter
3669 1288 3682 1324 ε
3714 1272 3814 1331 into

2227 1336 2397 1391 multo
2433 1338 2691 1408 majorem
2736 1358 2898 1414 quam
2939 1348 3030 1403 ille
3074 1349 3320 1407 ﬁduciam
3358 1353 3603 1424 habent,
3637 1373 3812 1433 utpote

2226 1427 2414 1497 majori
2458 1430 2695 1488 fruentes
2738 1426 2921 1506 gratia
2937 1439 3192 1511 Spiritus.
3227 1444 3332 1501 Par
3360 1458 3513 1506 esset
3549 1464 3695 1511 certe
3722 1473 3810 1514 vos

2225 1518 2339 1573 haac
2361 1521 2531 1577 oculis
2562 1526 2875 1596 percipere:
2907 1529 2999 1587 sed
3028 1534 3150 1605 quia
3184 1551 3288 1591 non
3318 1540 3482 1596 vultis
3512 1584 3528 1607 ,
3574 1556 3731 1616 atque
3758 1550 3808 1605 in

2223 1612 2450 1668 tumultu
2481 1623 2533 1670 et
2565 1615 2681 1672 foro
2711 1619 2924 1691 degitis,
2948 1638 3044 1680 vos
3068 1626 3259 1683 saltem
3292 1631 3459 1687 verbo
3489 1612 3805 1697 doceamus:

2220 1717 2380 1759 unam
2406 1722 2535 1763 vero
2562 1721 2764 1779 partem
2793 1715 2915 1771 vita:
2944 1716 3156 1774 illorum
3184 1724 3514 1795 excipiamus
3533 1773 3549 1798 ,
3576 1749 3693 1788 nam
3723 1744 3805 1791 to-

2221 1799 2330 1849 tam
2361 1801 2609 1870 persequi
2638 1818 2743 1857 non
2775 1820 3080 1874 pessumus.
3130 1810 3209 1866 llli
3237 1816 3326 1883 qui
3362 1817 3648 1877 luminaria
3689 1838 3806 1881 sunt

2218 1885 2385 1951 orbis,
2414 1902 2534 1943 cum
2565 1892 2645 1947 sol
2674 1902 2824 1950 ortus
2849 1907 2961 1962 est,
2994 1899 3101 1955 imo
3130 1902 3221 1959 diu
3255 1915 3545 1979 antequam
3593 1913 3759 1971 luceat
3784 1959 3799 1984 ,

2217 1992 2247 2031 e
2296 1979 2435 2035 lecto
2473 1994 2752 2055 surgentes
2800 1992 2937 2057 sani,
2970 2005 3093 2050 sunt
3119 1998 3324 2067 vigiles,
3357 2004 3802 2077 expcditiinullus

2214 2070 2356 2125 enim
2390 2072 2460 2127 ibi
2483 2074 2658 2144 dolor,
2690 2081 2773 2136 vel
2793 2082 3118 2150 sollicitudo,
3154 2089 3236 2144 vel
3265 2070 3453 2161 sapor,
3483 2111 3587 2150 non
3616 2098 3762 2155 labor
3783 2144 3796 2166 ,

2215 2175 2321 2216 non
2354 2166 2686 2235 negotiorum
2717 2174 2868 2227 turba
2891 2216 2907 2241 ,
2963 2191 3069 2231 non
3115 2179 3241 2246 quid
3268 2182 3447 2239 simile
3480 2228 3495 2252 ,
3534 2188 3625 2242 sed
3644 2193 3796 2260 quasi

2213 2256 2385 2326 angeli
2419 2258 2471 2312 in
2503 2260 2637 2316 caelo
2666 2263 2908 2338 degunt)
2939 2286 2953 2322 :
2987 2282 3266 2341 surgentes
3298 2275 3461 2346 igitur
3489 2256 3790 2339 statim—laeti

2210 2355 2265 2402 et
2294 2347 2511 2419 hilares,
2540 2355 2762 2412 chorum
2789 2358 3042 2417 facientes
3071 2380 3253 2431 unum,
3283 2367 3409 2425 lano
3441 2373 3586 2428 vultu
3608 2385 3658 2429 ct
3678 2391 3796 2431 con-

2209 2440 2430 2497 scientia
2459 2445 2617 2502 simul
2649 2465 2859 2519 omnes,
2889 2456 3041 2524 quasi
3070 2472 3174 2512 uno
3203 2474 3317 2525 ore,
3350 2461 3567 2535 hymnis
3594 2468 3793 2524 univer-

2208 2545 2389 2590 sorum
2441 2536 2607 2593 Deum
2650 2540 2966 2610 celebrant,
3021 2545 3303 2605 laudantes
3337 2566 3462 2607 eum
3508 2565 3562 2610 et
3607 2558 3792 2626 gratias

2208 2620 2304 2694 ipsi
2333 2637 2550 2695 agentes
2577 2645 2673 2699 pro
2695 2634 2962 2701 omnibus,
2992 2636 3106 2692 sive
3128 2642 3360 2711 projiriis
3377 2685 3392 2709 ,
3421 2646 3537 2702 sive
3559 2662 3787 2704 conmm-

2206 2716 2368 2773 nibus
2398 2719 2691 2778 beneficiis.
2723 2726 2900 2794 Quare
2931 2730 3096 2787 misso
3130 2733 3356 2802 Adamo,
3393 2737 3783 2813 interrogemus,

2206 2805 2259 2859 in
2308 2824 2415 2879 quo
2455 2811 2668 2867 diﬁ‘erat
2701 2817 2770 2871 ab
2808 2820 3012 2889 angelis
3044 2822 3133 2877 ille
3165 2825 3365 2881 chorus
3411 2834 3708 2887 canentium
3740 2835 3784 2887 in

2205 2905 2345 2953 terra
2370 2909 2425 2956 et
2448 2902 2739 2961 dicentium
2766 2926 2778 2962 :
2810 2908 2988 2965 Gloria
3012 2915 3063 2967 in
3091 2917 3302 2971 excelsis
3330 2917 3440 2975 Deo
3464 2962 3477 2983 ,
3508 2934 3555 2976 et
3579 2924 3630 2978 in
3655 2933 3780 2980 term

2201 3009 2323 3064 pax,
2346 2996 2397 3048 in
2429 2997 2717 3055 hominibus
2746 3002 2877 3058 bona
2909 3006 3143 3063 voluntas
3174 3009 3337 3082 (Luc.
3366 3012 3423 3067 2.
3457 3014 3528 3070 24
3542 3015 3585 3087 ).
3618 3016 3782 3073 Vestis

2204 3094 2382 3139 autem
2428 3088 2530 3143 illis
2562 3091 2690 3146 viris
2722 3093 2880 3161 digna
2908 3108 2993 3151 est
3022 3115 3035 3150 :
3068 3114 3241 3164 neque
3273 3104 3420 3157 enim
3453 3107 3668 3174 perinde
3697 3122 3755 3162 ve

2198 3174 2434 3232 stiuntur
2457 3189 2615 3250 atque
2646 3182 2678 3236 ii
2710 3185 2798 3253 qui
2824 3188 3031 3242 tunicas
3061 3188 3283 3259 trahunt,
3307 3209 3406 3262 per
3431 3197 3575 3253 vicos
3595 3240 3610 3261 ,
3632 3213 3779 3253 ener-

2202 3270 2310 3323 vati
2340 3279 2393 3325 et
2427 3271 2719 3328 effeminati
2754 3276 2866 3348 (a):
2901 3279 2995 3334 sed
3019 3289 3074 3336 ut
3096 3282 3232 3337 beati
3267 3284 3341 3340 illi
3370 3289 3567 3360 angeli,
3604 3290 3737 3345 Elias
3762 3334 3775 3355 ,

2197 3359 2424 3416 Elisams
2447 3404 2463 3430 ,
2492 3362 2726 3423 Joannes
2749 3411 2763 3435 ,
2792 3373 3056 3439 apostoli,
3089 3377 3394 3434 vestiuntur
3419 3423 3433 3445 ,
3468 3378 3555 3436 alii
3581 3399 3641 3437 ex
3667 3382 3777 3453 pilis

2195 3452 2431 3520 caprinis
2456 3497 2470 3520 ,
2503 3456 2593 3511 alii
2635 3473 2697 3512 ex
2748 3460 2868 3529 pilis
2912 3466 3238 3521 camelorum
3273 3487 3285 3523 :
3314 3471 3532 3540 quidam
3564 3452 3775 3543 pellibus

2195 3547 2402 3597 tantum
2452 3547 2777 3605 amiciuntur
2817 3564 3079 3612 vetustate
3127 3560 3286 3614 tritis.
3319 3561 3529 3620 Deinde
3559 3565 3769 3636 postilla

2191 3635 2396 3690 cantica
2424 3651 2596 3706 genua
2630 3639 2907 3701 ﬂectentes
2936 3688 2952 3713 ,
2987 3648 3154 3704 Deum
3194 3665 3483 3722 precantur
3502 3673 3597 3728 pro
3624 3657 3772 3715 rebus

2190 3738 2312 3793 qutc
2363 3729 2543 3784 multis
2592 3747 2660 3788 ne
2702 3734 2753 3789 in
2807 3749 3041 3794 mentem
3087 3743 3300 3812 quidem
3346 3748 3531 3804 venire
3561 3750 3766 3819 possint.

2190 3812 2539 3873 Praesentium
2572 3824 2713 3878 enim
2761 3827 2894 3883 nihil
2934 3842 3117 3900 petunt
3164 3834 3281 3907 (illa
3310 3839 3509 3910 quippe
3537 3812 3658 3895 nihil
3684 3855 3770 3895 cu-

2186 3904 2345 3974 rant)
2381 3924 2396 3975 ;
2436 3909 2529 3964 sed
2570 3922 2628 3968 ut
2670 3930 2788 3970 cum
2829 3918 3020 3975 ﬁducia
3049 3904 3192 3979 stare
3223 3904 3580 3995 possint-ante
3609 3930 3764 3984 tribu-

2187 3997 2275 4051 nal
2323 3999 2451 4055 illud
2500 4002 2826 4061 horrendum
2853 4051 2870 4077 ,
2902 4013 3113 4081 quando
3151 4017 3327 4072 veniet
3359 4021 3660 4092 unigenitus
3683 4020 3762 4075 llei

2185 4087 2353 4147 Filius
2376 4092 2618 4163 judicare
2660 4098 2808 4156 vivos
2834 4113 2888 4158 et
2916 4112 3156 4162 mortuos
3183 4125 3198 4175 ;
3229 4120 3282 4165 et
3325 4122 3383 4168 ut
3420 4087 3576 4170 nemo
3598 4113 3764 4169 audiat

2188 4183 2487 4239 terribilem
2521 4187 2662 4243 illam
2693 4206 2876 4248 vocem
2904 4237 2920 4261 ,
2948 4194 3135 4252 Nescio
3164 4216 3250 4255 vos
3275 4202 3493 4272 (Matth.
3522 4205 3610 4261 25.
3640 4202 3757 4274 1Ξ);

2185 4280 2345 4345 atque
2376 4286 2433 4334 ut
2471 4295 2592 4349 cum
2625 4299 2752 4353 pura
2796 4290 3123 4346 conscientia
3155 4302 3210 4349 et
3234 4295 3389 4352 bonis
3415 4298 3660 4368 operibus
3685 4296 3756 4351 la-

2184 4366 2453 4425 boriosam
2480 4374 2617 4429 hanc
2649 4379 2810 4433 vitam
2841 4383 3183 4451 emctiantur,
3211 4398 3263 4442 ct
3290 4391 3644 4458 procellosum
3667 4389 3757 4443 hoc

2182 4475 2330 4517 mare
2367 4468 2651 4535 tranquille
2679 4480 3027 4530 transmcent.
3060 4475 3173 4532 Dux
3205 4489 3288 4534 est
3314 4490 3492 4537 autem
3522 4483 3622 4538 illis
3641 4495 3754 4535 ora-

2181 4555 2341 4609 tionis
2370 4600 2385 4622 ,
2428 4567 2579 4627 pater
2620 4572 2675 4616 et
2728 4565 3030 4633 pravfectns.
3080 4569 3281 4627 Deinde
3323 4584 3605 4645 surgentes
3644 4580 3753 4643 post

2177 4656 2390 4702 sanctas
2419 4648 2538 4706 illas
2556 4663 2611 4707 et
2642 4652 2952 4727 frequentes
2970 4661 3259 4726 oratioites.
3290 4665 3494 4721 oriente
3521 4665 3631 4721 sole
3654 4664 3753 4718 sin-

2175 4739 2284 4809 guli
2313 4741 2376 4795 ad
2404 4758 2557 4798 suum
2588 4761 2724 4817 opus
2749 4764 2810 4804 se
2835 4750 3117 4808 conferunt
3143 4772 3157 4821 ;
3204 4755 3329 4813 hinc
3353 4774 3601 4831 magnum
3627 4772 3745 4828 ege-

2175 4831 2259 4888 nis
2281 4848 2598 4904 proventum
2629 4851 2898 4911 parantes.

2244 4952 2297 5004 4.
2331 4949 2431 5008 Ubi
2462 4964 2589 5009 sunt
2614 4971 2755 5012 nunc
2783 4958 2861 5012 illi
2876 4961 2967 5030 qui
2992 4961 3272 5020 diabolicis
3286 4965 3467 5022 choris
3483 4981 3542 5022 sc
3557 4962 3745 5021 dedunt

2174 5044 2596 5115 meretriciisque
2624 5049 2866 5106 cantibus
2891 5092 2906 5117 ,
2937 5063 2992 5107 et
3032 5055 3084 5109 in
3124 5056 3347 5113 Ibeatris
3385 5054 3610 5115 sedent?
3636 5054 3741 5110 Non

2171 5134 2289 5189 sine
2318 5136 2519 5204 pudore
2549 5140 2667 5195 illos
2693 5140 2994 5198 memorare
3026 5161 3242 5216 possum
3267 5166 3283 5214 ;
3315 5150 3408 5206 sed
3434 5149 3502 5205 ob
3528 5145 3739 5204 infirmi-

2173 5230 2333 5279 tatem
2384 5237 2613 5284 vestram
2642 5232 2692 5286 id
2735 5231 2911 5289 facere
2943 5250 3122 5306 operae
3151 5239 3378 5309 pretium
3410 5239 3582 5295 fuerit.
3614 5235 3737 5292 Nam

2168 5318 2240 5371 ait
2269 5319 2466 5374 Paulus
2491 5339 2504 5376 :
2535 5322 2682 5379 Sient
2706 5325 2863 5396 igitur
2887 5330 3182 5387 exhibuistis
3210 5333 3430 5387 membra
3453 5338 3609 5387 uestra
3637 5342 3737 5382 ser-

2168 5410 2273 5465 vire
2294 5411 2626 5469 inmnmditiw
2655 5458 2669 5478 ,
2696 5413 2767 5471 ita
2809 5434 2947 5473 nunc
2974 5420 3199 5477 exhibete
3227 5422 3321 5477 illa
3343 5423 3522 5479 servire
3535 5417 3736 5493 juuiliﬂ

2167 5500 2219 5555 in
2245 5503 2696 5573 sanctiﬁcatione»:
2720 5507 2741 5580 (
2770 5508 2920 5563 Rom.
2944 5510 2997 5566 6.
3034 5512 3103 5567 l3
3127 5512 3171 5586 ).
3203 5512 3312 5569 Nos
3336 5514 3509 5585 itaque
3526 5510 3730 5567 chorum

2229 5705 2303 5814 (ne
2327 5704 2405 5755 De
2446 5706 2743 5781 eﬁ'eminatis
2786 5710 3061 5782 huiusmodi
3086 5712 3309 5787 Catilinae
3339 5711 3546 5786 essedis.
3571 5707 3726 5759 Cianfo

2235 5768 2271 5814 ll
2298 5805 2309 5814 .
2330 5768 2360 5814 2
2381 5782 2393 5814 :
2416 5778 2669 5814 Man
2708 5770 3036 5814 talaribus/nm
3080 5782 3255 5814 han
3299 5777 3412 5814 min
3452 5775 3621 5814 mrum.
3635 5772 3726 5814 I0"

2167 5766 2669 5878 fattlﬁmlanicotis
2708 5766 3036 5837 lateribusque
3079 5776 3274 5839 tunicis,
3299 5777 3412 5829 uelis
3452 5768 3621 5828 animi

2187 5841 2305 5888 0.018-
