4034 6396
263 363 362 418 6i?»

262 476 408 530 illnut
453 472 796 526 meretricum
830 467 1111 522 mulierum
1149 465 1163 496 ‘
1201 464 1542 532 exploremus
1570 502 1584 524 ,
1615 477 1711 514 nec
1742 480 1751 510 ί
1777 477 1845 512 ou

259 580 628 638 corruptorum
651 567 928 636 juveunm,
959 564 1048 632 qui
1077 569 1219 615 stant
1247 561 1297 612 in
1327 575 1522 618 scena,
1554 565 1605 608 ct
1627 571 1846 621 compa-

261 679 435 718 remus
463 677 557 716 eos
578 677 699 715 cum
731 660 810 712 his
837 657 1005 712 beatis
1035 655 1162 708 viris
1194 694 1207 715 ,
1256 651 1395 722 quod
1423 651 1488 704 ad
1520 650 1843 717 voluptatem

262 757 524 826 pertinet:
551 769 654 825 qua
686 753 960 822 voluptate
990 749 1273 818 capiuntur
1321 744 1470 798 multi
1518 743 1742 812 juvenes
1781 757 1847 794 ex

259 846 774 920 ncgligcntioribns,
823 844 1033 897 illormn
1103 841 1308 893 artibus
1357 837 1567 890 irretiti.
1620 835 1846 888 Tantum

258 944 396 997 enim
431 943 570 994 inter
595 948 850 1005 utrosque
877 933 1166 988 discrimen
1193 929 1521 999 reperiemus
1545 969 1559 992 ,
1587 935 1844 995 quantmu

259 1035 398 1089 inter
428 1033 646 1101 angelos
670 1032 721 1084 in
743 1030 876 1084 (uelo
904 1037 1160 1082 canentes
1184 1066 1199 1092 ,
1224 1034 1278 1079 et
1310 1037 1526 1077 suavem
1562 1021 1703 1074 illam
1733 1032 1846 1071 me-

264 1127 459 1180 lodiam
487 1123 795 1178 emittentes
821 1162 836 1185 ,
865 1128 921 1174 et
944 1133 1106 1172 canes
1155 1131 1451 1186 porcosque
1493 1115 1542 1166 in
1575 1115 1698 1166 limo
1726 1111 1847 1163 nlu-

257 1223 424 1274 lantes
449 1229 502 1273 et
525 1216 888 1288 grunnientes.
918 1213 1021 1266 Per
1051 1213 1241 1264 horum
1267 1210 1408 1264 enim
1437 1223 1527 1260 ora
1547 1206 1820 1266 Christus,

259 1329 353 1379 per
379 1311 590 1365 illorutn
624 1308 854 1376 linguam
883 1304 1125 1358 diabolus
1151 1301 1405 1370 loquitur.
1435 1299 1603 1354 Tibiae
1637 1298 1743 1350 illis
1769 1297 1850 1349 in-

257 1403 469 1457 condita
499 1416 629 1454 voce
664 1406 900 1460 sonant,
950 1395 1406 1464 injueuudutnque
1443 1399 1716 1458 aspectum
1765 1395 1845 1441 in-

258 1495 395 1548 flata:
435 1509 586 1563 gena:
625 1501 678 1545 et
711 1487 955 1544 distracti
999 1486 1146 1541 nervi
1192 1484 1434 1540 efticiunt
1475 1501 1487 1536 :
1523 1498 1708 1537 verum
1761 1480 1849 1535 hic

255 1589 424 1656 gratia
455 1584 687 1654 Spiritus
719 1583 948 1642 insonat,
980 1594 1077 1647 pro
1101 1577 1222 1632 tibia
1247 1619 1261 1642 ,
1295 1576 1497 1630 cithara
1529 1585 1583 1628 et
1611 1573 1843 1644 syringe,

257 1686 561 1732 sanctorum
580 1674 794 1728 vocibus
820 1688 935 1724 usa.
967 1672 1076 1724 lmo
1099 1668 1431 1738 quantalibet
1451 1666 1712 1728 dicamus,
1741 1679 1844 1717 non

257 1784 540 1840 possumus
567 1768 711 1822 illatn
731 1764 1057 1833 voluptatem
1085 1761 1390 1815 describere
1415 1758 1715 1812 hominibus
1737 1757 1848 1811 luto

260 1873 317 1917 et
351 1861 592 1916 lateritio
633 1859 784 1930 operi
831 1857 1074 1911 addictis.
1120 1856 1295 1922 Quare
1326 1855 1515 1908 velletn
1543 1851 1845 1922 quempiam

256 1972 321 2009 ex
355 1951 736 2008 insanientium
769 1950 978 2003 illorum
1018 1963 1240 2001 tmmcro
1285 1946 1409 1998 illuc
1443 1945 1709 1998 adducere
1737 1984 1751 2006 ,
1791 1953 1849 1996 nt

255 2051 480 2104 chorum
513 2048 660 2102 illum
709 2054 1012 2100 sanctorum
1046 2040 1250 2094 videret
1283 2081 1298 2103 ,
1334 2055 1505 2108 neque
1549 2037 1675 2091 mihi
1725 2047 1848 2090 tunc

257 2139 440 2194 verbis
461 2149 605 2193 esset
629 2151 783 2204 Opus.
808 2133 1070 2188 Caeterum
1098 2131 1196 2185 etsi
1239 2130 1410 2183 luteus
1438 2128 1682 2181 homines
1710 2127 1844 2180 allo-

254 2247 508 2304 quanmr,
537 2238 590 2283 et
625 2245 688 2283 ex
717 2228 828 2280 luto
859 2227 978 2280 illos
1015 2235 1068 2279 et
1097 2240 1161 2277 ex
1189 2238 1347 2277 caeno
1389 2221 1640 2291 paulatim
1680 2219 1849 2274 abdu-

254 2342 380 2380 cere
403 2323 740 2379 tentabimus.
764 2320 910 2374 !l|inc
927 2319 1067 2372 enim
1089 2318 1208 2386 igne
1233 2315 1424 2383 impuri
1451 2313 1649 2369 amoris
1669 2313 1845 2366 statim

253 2419 621 2471 inflammatur
660 2412 871 2466 auditor
901 2427 913 2462 :
939 2426 1058 2462 nam
1103 2409 1254 2478 quasi
1297 2425 1401 2460 non
1448 2407 1576 2460 satis
1613 2415 1756 2460 esset
1780 2405 1844 2458 ad

253 2509 492 2562 animum
519 2502 952 2559 inflammandum
985 2500 1282 2556 meretricis
1311 2507 1579 2567 aspectus,
1619 2512 1686 2550 ex
1715 2511 1848 2550 voce

254 2612 473 2668 quoque
503 2594 792 2665 perniciem
821 2591 1096 2660 adjiciunt.
1129 2589 1225 2642 Hic
1254 2599 1434 2642 antetn
1459 2587 1501 2641 si
1527 2586 1652 2656 quid
1675 2587 1848 2641 simile

255 2688 496 2743 hauserit
535 2687 708 2740 anima
738 2727 751 2748 ,
786 2685 966 2737 statim
1009 2682 1246 2752 deponit.
1275 2680 1460 2750 Neque
1498 2696 1598 2733 Vox
1641 2688 1844 2734 tantmu

253 2783 469 2835 illorum
498 2821 513 2844 ,
543 2778 636 2832 sed
670 2777 827 2830 etiam
869 2785 1138 2843 aspectus,
1189 2774 1297 2828 imo
1335 2773 1496 2826 etiam
1533 2771 1846 2826 vestimenta

251 2882 587 2942 Spectatores
615 2867 958 2922 conturbant.
985 2865 1039 2920 Si
1069 2879 1268 2934 pauper
1297 2863 1511 2932 quidam
1552 2863 1622 2915 sit
1653 2877 1720 2915 ex
1759 2877 1847 2916 rn—

253 2964 501 3017 dioribus
551 2958 1076 3029 alijectiorihusque,
1135 2955 1238 3010 hoc
1291 2953 1652 3025 spectaculum
1705 2968 1848 3022 saepe

251 3058 482 3112 moleste
505 3054 656 3115 feret,
688 3065 742 3106 et
764 3053 898 3105 intra
929 3066 986 3105 se
1013 3049 1155 3104 dicet
1179 3065 1191 3098 :
1212 3048 1465 3102 Meretrix
1494 3047 1581 3101 illa
1613 3054 1668 3102 et
1699 3061 1847 3102 scor-

251 3159 417 3211 tator,
448 3145 717 3200 lanionum
741 3143 824 3196 Vcl
845 3155 1111 3204 sutorum,
1140 3155 1538 3210 nonnumquam
1569 3154 1844 3194 servorum

250 3241 348 3294 filii
381 3281 396 3303 ,
427 3239 479 3292 in
515 3246 656 3291 tanta
687 3237 876 3290 vivunt
911 3236 1184 3303 voluptate
1210 3253 1222 3288 :
1256 3249 1356 3304 ego
1385 3249 1514 3287 vero
1538 3233 1672 3287 liber
1703 3241 1757 3287 et
1779 3249 1843 3287 ex

248 3332 437 3387 liberis
458 3341 624 3389 ortus,
645 3328 791 3398 justo
817 3328 997 3382 labore
1018 3327 1213 3380 victum
1237 3340 1451 3394 parans,
1481 3340 1547 3379 ne
1574 3324 1848 3380 somnians

245 3421 469 3493 quidem
500 3421 568 3474 ita
600 3419 834 3474 deliciari
870 3434 1086 3487 possum
1112 3417 1293 3473 :etsic
1322 3431 1553 3472 mcerorc
1573 3415 1848 3472 confectus

245 3517 386 3568 abit.
423 3513 573 3581 Apud
605 3512 898 3566 monachos
929 3519 1107 3565 autem
1133 3510 1265 3564 nihil
1292 3509 1485 3572 simile,
1517 3509 1612 3564 sed
1638 3518 1848 3565 contra-

245 3609 390 3662 rium
419 3606 660 3660 omnino.
692 3605 824 3660 Cum
852 3605 994 3659 enim
1022 3604 1112 3659 ille
1139 3603 1336 3659 viderit
1375 3603 1598 3659 divitum
1629 3605 1770 3658 filios
1795 3614 1849 3658 et

246 3701 518 3771 majorum
549 3698 836 3767 insignium
871 3706 1093 3766 nepotes
1125 3697 1190 3750 iis
1218 3697 1441 3750 vestitos
1483 3696 1843 3758 indumentis,

248 3810 366 3863 qua:
395 3807 469 3846 ne
504 3806 792 3862 pauperum
819 3788 1032 3860 quidem
1063 3789 1234 3842 ultimi
1266 3787 1406 3843 ferre
1446 3788 1799 3858 dignarentur
1829 3831 1844 3855 ,

247 3900 299 3940 et
329 3889 384 3940 in
419 3887 522 3940 hac
557 3901 615 3939 re
640 3884 892 3954 gaudere,
925 3883 1154 3952 cogitate
1184 3892 1379 3951 quanta
1413 3884 1739 3952 paupertatis
1759 3898 1849 3938 ac-

249 3990 404 4049 cepta
427 3976 796 4030 consolatione
813 3975 1049 4029 recedat.
1067 3974 1122 4027 Si
1146 3973 1295 4028 dives
1325 3974 1503 4033 fuerit.
1524 3973 1849 4028 moderatior

249 4083 299 4126 et
343 4070 542 4124 melior
591 4067 811 4122 recedit.
847 4066 900 4120 In
944 4065 1152 4120 theatro
1180 4066 1224 4118 si
1256 4064 1474 4118 videant
1505 4066 1843 4118 meretricem

249 4163 434 4214 aureis
467 4159 854 4213 circumdatam
893 4155 1224 4210 ornamentis
1247 4199 1263 4222 ,
1291 4171 1493 4224 pauper
1514 4156 1765 4224 ejulahit,
1797 4164 1851 4210 et

249 4251 575 4322 deplorabit,
607 4266 832 4303 uxorem
861 4263 1012 4302 suam
1047 4248 1232 4303 videns
1255 4247 1384 4300 nihil
1415 4248 1716 4300 istiusmodi
1747 4249 1843 4300 ha-

251 4347 473 4399 hentem
509 4361 521 4396 :
552 4351 607 4396 et
645 4343 834 4395 divites
855 4357 919 4395 ex
951 4341 1050 4394 hoc
1073 4341 1378 4409 Spectacnlo
1401 4343 1623 4402 reversi,
1653 4357 1850 4395 uxores

251 4452 373 4491 suas
396 4435 698 4504 despicicnt
734 4453 746 4488 :
781 4451 899 4488 nam
919 4443 1197 4503 pOstqnam
1218 4434 1468 4486 meretrix
1493 4443 1546 4486 et
1575 4435 1846 4501 vestitum,

249 4541 300 4583 et
324 4537 630 4596 aspectum,
666 4535 717 4580 et
750 4542 958 4592 vocem,
984 4537 1037 4580 et
1064 4527 1352 4590 incessum,
1381 4535 1435 4579 et
1463 4528 1639 4579 omnia
1672 4528 1848 4581 molli-

249 4623 334 4675 ti:e
362 4621 531 4692 plena
557 4619 855 4674 exhibuerit
883 4618 1257 4687 praisentibus,
1288 4617 1599 4671 inflammati
1631 4618 1701 4671 illi
1730 4617 1847 4673 dis-

249 4713 482 4777 cedunt,
515 4719 569 4764 et
602 4710 793 4779 captivi
827 4709 879 4762 in
905 4709 1048 4763 mdes
1077 4723 1200 4763 suas
1243 4708 1461 4763 intrant.
1496 4708 1630 4762 llinc
1657 4719 1851 4764 contn-

252 4807 451 4870 melim,
473 4805 649 4874 jurgia
673 4845 686 4868 ,
713 4805 876 4868 rixze,
902 4803 1072 4868 bella,
1101 4810 1305 4856 mortes
1335 4802 1657 4871 quotidianae
1683 4823 1695 4856 ε
1726 4803 1850 4858 hinc

175 4943 180 4947 .
252 4899 358 4952 vita
403 4897 580 4964 captis
625 4895 827 4964 ingrata
856 4913 868 4949 :
899 4893 1093 4963 conjux
1122 4893 1380 4965 deinceps
1408 4894 1690 4965 injucunda
1713 4938 1728 4960 ,
1754 4895 1844 4948 filii

253 4991 436 5042 minus
463 4985 743 5044 amabiles.
773 4986 951 5040 omnia
973 4985 1117 5038 domi
1150 4987 1362 5054 pessum
1385 4994 1547 5048 eunt,
1583 4987 1651 5038 ita
1685 4993 1742 5038 ut
1767 4986 1850 5038 vel

252 5083 383 5138 solis
414 5079 596 5134 radios
619 5080 844 5134 moleste
882 5077 1018 5133 ferat
1043 5078 1130 5147 qui
1164 5077 1285 5130 talis
1313 5087 1415 5132 est.
1446 5076 1645 5131 Verum
1678 5094 1741 5133 ex
1770 5076 1852 5131 his

247 5177 434 5229 choris
450 5173 579 5227 nihil
599 5171 942 5240 injucundum
957 5171 1184 5225 refertur
1210 5191 1222 5226 :
1242 5171 1366 5226 hinc
1383 5172 1685 5226 venientem
1718 5188 1853 5226 uxor

252 5265 429 5319 virum
448 5273 784 5317 mansuetum
803 5261 1052 5316 etmitem
1071 5263 1319 5330 excipiet,
1343 5262 1412 5317 ab
1439 5264 1583 5316 omni
1618 5263 1844 5316 absurda

255 5358 534 5425 voluptate
564 5354 810 5414 liberum,
845 5364 898 5406 et
925 5354 1217 5408 faciliorem
1248 5369 1404 5422 quam
1438 5363 1560 5407 ante
1590 5355 1844 5423 reperio”

260 5449 391 5506 llaec
431 5447 568 5500 mala
611 5446 810 5500 chorus
837 5446 922 5498 ille
954 5485 967 5505 .
1009 5445 1122 5499 haec
1152 5445 1289 5498 bona
1329 5445 1415 5498 hic
1444 5446 1582 5515 parit
1611 5463 1623 5496 :
1668 5445 1754 5498 ille
1783 5462 1847 5499 ex

256 5541 454 5597 ovibus
484 5539 671 5608 lupos,
704 5536 788 5592 hic
826 5552 892 5590 ex
934 5538 1070 5604 lupis
1117 5553 1281 5606 agnos
1325 5538 1466 5590 facit.
1512 5538 1615 5592 Sed
1669 5538 1847 5592 forsan

254 5633 323 5690 dc
362 5633 638 5702 voluptate
675 5631 800 5684 nihil
837 5630 1012 5683 adhuc
1036 5629 1236 5685 dixisse
1264 5630 1525 5685 videmur.
1572 5631 1707 5699 Quid
1737 5631 1855 5686 dul-

320 5787 338 5822 ⁸
365 5789 532 5839 )torcl.
556 5788 724 5857 habet,
751 5786 1041 5845 puellarum,
1069 5800 1171 5846 pro,
1201 5786 1474 5835 umliermn.

603 5867 876 5926 l‘ATnoL.
928 5867 1044 5924 (in.
1100 5867 1286 5924 L\'lll

1188 351 1253 406 IN
1291 348 1694 406 MATTIIJCUM
1735 348 1846 403 IlOl

1956 389 1964 404 .
2006 347 2232 404 LXVIII.
2278 351 2346 405 al.
2391 349 2574 406 LXIX.
3446 358 3547 417 ﬁlii

1959 460 2072 514 cius
2097 479 2254 531 quam
2282 466 2516 520 anittmm
2550 483 2646 522 nec
2670 471 3072 539 perturbatione
3097 488 3194 526 nec
3221 474 3408 529 dolore
3438 491 3545 545 agi-

1963 560 2126 605 tatnm
2156 553 2373 619 habere,
2407 573 2693 627 numquam
2725 560 2776 613 in
2807 559 2996 616 dolore
3021 579 3141 618 esse
3166 605 3181 629 ,
3214 565 3294 618 vel
3326 566 3548 634 ingemi-

1958 661 2108 698 scere
2133 646 2156 698 ?
2186 646 2562 704 Verumtamen
2591 667 2895 707 sermonem
2924 655 3147 711 ulterius
3170 657 3543 726 producamus,

1959 748 2119 804 atque
2148 740 2424 811 utriusque
2451 753 2561 797 tum
2593 755 2800 810 cantus,
2833 755 2943 801 tum
2975 751 3266 818 spectaculi
3293 752 3545 822 gaudium

1955 832 2323 888 exatninemus
2348 853 2361 889 :
2391 836 2793 909 videbimusque
2813 842 2957 896 aliud
2986 859 3155 913 usque
3179 846 3243 899 ad
3269 862 3546 917 vesperam

1957 938 2194 989 manere,
2225 926 2398 980 donec
2449 929 2657 984 scilicet
2701 931 2752 985 in
2801 932 3008 989 theatro
3055 947 3328 1006 spectator
3353 940 3504 993 sedet
3535 982 3548 1003 ,

1955 1013 2148 1069 deinde
2178 1027 2356 1071 autem
2379 1019 2596 1074 stimulo
2625 1024 2801 1077 acrius
2831 1025 3001 1093 ipsmn
3033 1043 3304 1097 pungere;
3338 1031 3422 1085 hic
3451 1048 3518 1086 au

1957 1114 2062 1158 tcm
2091 1108 2342 1174 gaudium
2373 1121 2631 1180 perpetuo
2660 1114 2838 1185 vigere
2867 1116 2918 1169 in
2942 1121 3294 1186 spectantium
3317 1123 3540 1176 animis:

1956 1212 2078 1251 itam
2113 1208 2166 1252 et
2205 1200 2440 1257 virorum
2474 1204 2699 1259 fortnam
2731 1247 2743 1269 ,
2777 1216 2832 1260 et
2872 1208 2974 1262 loci
3017 1208 3408 1278 iucunditatem
3441 1255 3456 1279 ,
3490 1227 3545 1268 et

1954 1294 2378 1348 conversationis
2406 1296 2764 1365 dulcedinem,
2790 1309 2844 1355 et
2870 1302 2994 1356 vitze
3023 1305 3326 1371 puritatem,
3351 1317 3403 1360 et
3425 1309 3540 1376 pul-

1953 1381 2205 1437 cherrimi
2249 1385 2647 1456 spiritualiSque
2675 1392 2866 1446 cantici
2908 1396 3130 1462 gratiam
3159 1397 3356 1452 habent
3389 1403 3440 1453 in
3485 1417 3543 1456 se

1955 1491 2169 1545 semper
2191 1478 2534 1536 insidentem.
2553 1482 2650 1550 Qui
2669 1483 2770 1538 hoc
2791 1486 2951 1555 igitur
2962 1497 3114 1556 portu
3135 1505 3346 1559 semper
3361 1492 3544 1545 fruun-

1959 1578 2081 1633 tur,
2114 1573 2397 1628 tumultum
2448 1585 2629 1644 postea
2683 1581 2832 1648 quasi
2890 1588 3259 1650 tempestatem
3317 1584 3542 1654 fugiunt.

1951 1661 2138 1731 Neque
2166 1666 2340 1722 solum
2369 1680 2624 1725 canentes
2648 1672 2731 1726 vel
2759 1685 3063 1742 precantes,
3098 1675 3191 1730 sed
3213 1677 3373 1730 etiam
3395 1678 3546 1733 libris

1957 1754 2146 1810 intenti
2176 1799 2190 1822 ,
2223 1757 2519 1828 jucundum
2553 1763 2858 1821 videntibus
2889 1767 3130 1836 praibent
3158 1771 3543 1839 spectaculum.

1953 1844 2138 1900 Soluto
2179 1850 2375 1921 quippe
2418 1854 2586 1908 choro
2614 1856 2750 1911 alius
2789 1857 2977 1912 Isaiam
3018 1875 3236 1916 sumens
3266 1879 3386 1918 cum
3423 1867 3540 1934 ipso

1955 1939 2225 2011 loquitur;
2257 1945 2392 1999 alius
2422 1962 2543 2002 cum
2581 1951 2836 2018 apostolis
2858 1962 3139 2019 versatur;
3166 1955 3302 2010 alius
3332 1957 3398 2011 ab
3426 1960 3545 2013 aliis

1954 2037 2288 2106 conscriptos
2328 2038 2492 2094 libros
2522 2041 2671 2112 legit,
2692 2059 2755 2098 ac
2783 2045 2850 2100 de
2882 2046 2994 2100 Deo
3021 2047 3444 2119 philosophatur,
3478 2055 3546 2108 de

1954 2127 2229 2192 universo,
2259 2130 2328 2184 de
2351 2132 2672 2198 visihilibus,
2698 2135 2767 2192 de
2794 2137 3152 2194 invisibilibus
3176 2184 3189 2206 ,
3217 2142 3284 2196 de
3309 2145 3542 2199 sensibi-

1955 2219 2111 2285 lihus,
2143 2221 2211 2276 de
2237 2224 2619 2290 spiritualibus.
2653 2227 2720 2284 de
2743 2229 2943 2286 vilitate
2971 2232 3126 2302 hujus
3170 2236 3293 2289 vitae
3314 2279 3329 2303 ,
3363 2237 3429 2293 de
3458 2237 3540 2292 fu-

1953 2321 2085 2366 tura:
2117 2315 2478 2383 magnitudine
2506 2327 2546 2370 ³.
3548 2310 3554 2314 ’

2039 2407 2091 2460 5.
2153 2408 2380 2462 Aluntur
2439 2427 2615 2466 autem
2673 2415 2794 2468 cibo
2856 2417 3094 2485 Optimo,
3147 2436 3252 2474 non
3303 2421 3542 2478 decoctis

1953 2497 2260 2550 animalimn
2308 2501 2578 2568 carnibus,
2627 2507 2719 2558 sed
2783 2508 3008 2578 eloquiis
3069 2510 3159 2564 Dei
3214 2512 3544 2569 dulcioribus

1953 2606 2110 2659 quam
2162 2594 2266 2647 mel
2314 2605 2367 2649 et
2414 2596 2588 2652 favum
2621 2617 2634 2653 :
2663 2601 2764 2654 mel
2813 2603 3076 2668 mirabile,
3107 2607 3380 2677 multoque
3425 2624 3543 2662 tne«

1955 2681 2056 2736 lius
2109 2700 2265 2753 quam
2312 2688 2439 2742 illud
2477 2707 2584 2760 quo
2627 2691 2860 2747 Joannes
2910 2695 2958 2748 in
3008 2695 3222 2751 deserto
3271 2699 3397 2753 olim
3438 2701 3545 2754 alc-

1955 2773 2128 2834 batur.
2179 2779 2276 2834 Mel
2308 2783 2503 2852 quippe
2550 2785 2686 2840 istud
2743 2803 2846 2841 non
2879 2805 3005 2858 apes
3048 2801 3285 2861 agrestes
3326 2793 3545 2850 ﬂoribus

1954 2872 2244 2928 insidentes
2271 2876 2546 2945 colligunt,
2581 2895 2752 2948 neque
2778 2897 2952 2936 rorem
2973 2895 3284 2940 concoctum
3315 2887 3543 2942 alveari-

1953 2963 2050 3016 lius
2077 2964 2188 3019 suis
2217 2965 2506 3021 immittunt
2532 2985 2544 3034 ;
2577 2969 2670 3024 sed
2707 2972 2937 3040 Spiritus
2963 2976 3129 3043 gratia
3155 2991 3420 3046 apparans
3448 2995 3543 3048 pro

1953 3053 2088 3108 favis
2114 3097 2128 3119 ,
2157 3057 2458 3112 alvearibus
2481 3071 2532 3114 et
2565 3062 2757 3118 fistulis
2789 3065 2838 3118 in
2871 3079 3174 3122 sanctorum
3205 3071 3409 3126 anitnas
3441 3072 3543 3126 im-

1954 3150 2134 3216 mittit,
2163 3161 2218 3204 ut
2265 3155 2488 3223 quisque
2535 3158 2703 3224 possit
2752 3173 2849 3228 pro
2878 3161 3045 3214 lubito
3073 3175 3332 3232 perpetuo
3359 3167 3538 3222 edete.

1954 3243 2059 3296 llas
2082 3261 2208 3312 apes
2239 3247 2528 3313 imitantes,
2563 3266 2836 3306 sacrorum
2865 3255 2998 3309 favis
3035 3257 3287 3312 librorum
3316 3262 3544 3318 circum-

1953 3335 2152 3400 volant,
2183 3339 2400 3391 multam
2431 3340 2551 3395 inde
2581 3342 2931 3411 decerpentes
2963 3347 3310 3415 Voluptatem.
3336 3351 3390 3406 Si
3414 3369 3544 3425 ergo

1953 3427 2188 3505 volueris
2216 3445 2334 3499 qua:
2362 3432 2572 3487 illorum
2606 3452 2787 3490 mensa
2815 3439 2883 3492 sit
2923 3439 3182 3501 ediscere,
3218 3447 3433 3514 prepius
3477 3449 3542 3504 ad

1953 3536 2046 3576 eos
2065 3523 2309 3588 accedas,
2342 3534 2397 3580 et
2424 3527 2626 3583 videbis
2651 3539 2896 3586 eructare
2913 3549 3006 3588 eos
3030 3534 3200 3590 dulcia
3218 3547 3273 3592 et
3295 3541 3548 3608 spiritua-

1955 3615 1987 3669 li
2014 3616 2180 3672 odore
2211 3618 2384 3687 plena.
2441 3620 2657 3676 Illorum
2703 3622 2796 3678 ora
2826 3626 2954 3680 nihil
2989 3638 3211 3697 possunt
3235 3641 3386 3702 turpe
3417 3651 3546 3704 pro-

1954 3706 2116 3773 ferre,
2150 3709 2278 3762 nihil
2332 3713 2557 3766 scurrile
2595 3713 2677 3767 vel
2725 3731 2994 3783 asperum,
3036 3719 3128 3773 sed
3179 3722 3356 3776 omnia
3413 3727 3546 3779 ca-lo

1953 3798 2132 3867 digna.
2185 3799 2300 3854 Non
2331 3801 2426 3855 abs
2467 3819 2524 3856 re
2556 3803 2765 3869 feceris,
2815 3807 2860 3860 si
2889 3823 2981 3861 ora
3024 3810 3311 3866 multorum
3359 3816 3447 3883 qui
3492 3817 3543 3869 iu

1956 3891 2070 3945 foro
2100 3902 2377 3962 vagantur,
2409 3904 2464 3949 et
2499 3896 2564 3949 ad
2607 3898 2882 3952 srecnlaria
2905 3902 3053 3970 quasi
3086 3903 3233 3958 rabie
3260 3904 3504 3962 feruntur
3531 3952 3544 3972 ,

1953 3982 2148 4036 cloacis
2177 3987 2591 4053 comparaveris,
2627 3989 3008 4045 monachorum
3031 4004 3208 4047 autem
3240 4011 3353 4061 ora,
3384 3999 3544 4052 fonti-

1954 4073 2052 4128 bus
2070 4074 2175 4128 mel
2198 4075 2613 4144 efl‘undeutihus,
2645 4079 2946 4150 fluentaque
2973 4084 3197 4152 pura.Si
3224 4089 3342 4155 quis
3364 4099 3540 4144 autem

1953 4181 2094 4236 :rgre
2107 4168 2263 4234 ferat,
2291 4168 2430 4238 quod
2452 4171 2736 4224 multorum
2760 4189 2852 4226 ora
2877 4174 3076 4230 cloacis
3097 4192 3345 4248 compara
3357 4185 3543 4248 vet‘im,

1957 4258 2000 4310 is
2029 4261 2162 4313 sciat
2203 4277 2288 4316 me
2317 4278 2475 4332 parce
2518 4263 2812 4334 loquntmu.
2867 4267 3143 4338 Scriptura
3185 4287 3411 4340 namque
3441 4289 3543 4325 tum
3627 4303 3638 4310 ς

1957 4349 2054 4404 hac
2083 4354 2249 4405 utitur
2287 4369 2557 4419 mensura,
2597 4357 2688 4410 sed
2724 4357 3125 4415 vehementiore
3177 4361 3543 4420 similitudine.

1955 4443 2159 4510 dicens,
2207 4445 2458 4499 Venenum
2499 4450 2731 4515 ospidum
2769 4452 2860 4504 sub
2907 4452 3052 4505 labiis
3089 4468 3280 4514 eorum,
3307 4466 3352 4506 et
3380 4457 3548 4524 sepul-

1954 4536 2130 4588 chrum
2161 4549 2335 4605 putens
2357 4548 2426 4592 est
2453 4550 2623 4609 guttur
2653 4558 2824 4594 eorum
2866 4541 3038 4610 (Psnl.
3081 4546 3161 4597 l5.
3186 4547 3261 4614 3).
3309 4549 3410 4601 Sed
3443 4565 3545 4601 non

1959 4627 2081 4680 talia
2105 4641 2228 4682 sunt
2257 4630 2466 4684 illorum
2493 4648 2583 4684 ora
2612 4674 2624 4694 ,
2655 4643 2709 4686 at
2737 4634 2877 4687 bono
2907 4634 3071 4689 odore
3113 4636 3290 4704 plena.
3321 4638 3389 4692 Et
3414 4655 3548 4708 pra:-

1957 4721 2126 4773 scntia
2178 4723 2391 4791 quidem
2453 4724 2758 4793 hujusmodi
2803 4734 2929 4779 sunt
2974 4727 3194 4782 :futura
3251 4745 3380 4786 vero
3431 4748 3552 4802 qua:

1958 4816 2130 4867 oratio
2159 4818 2507 4885 asscqnatur?
2553 4835 2672 4887 qua:
2719 4835 2869 4873 mens
2899 4820 3297 4890 apprehendat?
3345 4835 3544 4878 sortem

1968 4905 2110 4958 illam
2173 4909 2503 4978 angelicam,
2551 4909 2983 4977 beatitudinem,
3035 4911 3321 4969 ineffabilia
3374 4915 3551 4970 bona?

1961 4999 2108 5053 Multi
2139 5001 2364 5057 fortasse
2393 5001 2605 5058 fervore
2632 5003 2879 5070 incensi,
2911 5008 3345 5076 concupiscentia
3391 5009 3549 5080 hujus

1961 5095 2143 5163 optimi
2175 5095 2398 5149 instituti
2420 5096 2558 5164 capti
2585 5097 2755 5152 estis:
2788 5096 2885 5153 sed
2910 5097 3036 5168 quid
3070 5099 3193 5154 hinc
3215 5102 3556 5156 emolumen-

1965 5198 2023 5248 It,
2053 5188 2096 5240 si
2125 5187 2210 5242 hic
2237 5199 2438 5242 tantum
2469 5189 2571 5244 hoc
2599 5190 3001 5265 igne‘ardeatis,
3027 5193 3152 5249 hinc
3181 5205 3356 5250 autem
3376 5212 3554 5267 egres-

1963 5298 2030 5347 se,
2087 5279 2354 5334 flammam
2409 5283 2797 5353 exstinguatis,
2844 5297 2898 5340 et
2948 5285 3034 5341 hic
3079 5303 3231 5342 amor
3283 5289 3553 5344 tabescat?

1964 5373 2245 5439 Quomodo
2301 5374 2460 5444 igitur
2512 5374 2636 5430 huic
2683 5377 2827 5431 malo
2879 5377 3224 5434 medeheris?
3266 5381 3332 5436 Ut
3359 5382 3556 5434 amoris

1981 5463 2188 5518 fervore
2217 5465 2431 5530 teneris,
2474 5466 2560 5520 adi
2589 5469 2809 5536 angelos
2845 5469 3000 5535 illos;
3045 5469 3102 5524 te'
3123 5471 3350 5541 amplius
3379 5472 3560 5526 incen-

1965 5561 2051 5616 de.
2093 5561 2208 5615 Non
2237 5561 2378 5616 enim
2411 5561 2526 5617 lucc
2555 5565 2726 5619 oratio
2748 5565 2970 5636 perinde
2997 5577 3047 5621 te
3075 5567 3368 5622 accendere
3395 5567 3557 5638 valet,

2035 5767 2047 5796 ¹
2077 5765 2275 5823 quidam
2299 5765 2504 5826 habent,
2524 5763 2770 5830 (climate,
2799 5780 2901 5828 pro,
2929 5765 3276 5831 magnitudine.

3166 5858 3240 5917 IS!
