4128 6406
578 343 681 400 642

572 469 631 512 ιιι
660 459 834 528 ipsum
874 469 1052 510 rerum
1099 450 1481 523 spectaculum.
1512 449 1589 504 Ne
1633 449 1854 515 dixeris,
1876 448 2163 519 Colloquar

573 569 694 605 cum
720 565 906 614 uxore,
935 558 988 602 et
1017 562 1103 602 res
1129 545 1401 599 absolvam
1433 541 2049 614 primtttn.Negligcntiae
2074 539 2165 593 ini-

575 647 708 698 tium
737 651 821 696 est
841 640 959 694 tame
983 635 1413 709 procrastinatio.
1437 635 1574 690 Audi
1601 633 1902 704 quempiam
1930 633 2164 687 voluisse

574 735 804 805 primum
833 732 897 786 iis
923 731 1010 800 qui
1036 729 1180 784 domi
1209 737 1363 783 erant
1382 726 1698 788 valedicere,
1724 734 1778 778 et
1800 724 2117 794 prophetam
2142 722 2160 755 ⁸

573 843 680 882 non
728 823 1037 895 permisisse
1072 821 1147 893 ('5.
1180 820 1304 890 Reg.
1340 819 1427 874 l9.
1457 817 1593 888 20).
1635 817 1835 887 Ecquid
1866 817 1987 872 dico
2023 816 2166 870 vale-

573 916 793 971 dicere?
835 914 1046 969 Patrem
1099 911 1330 980 sepelire
1370 908 1538 962 voluit
1565 908 1880 977 discipulus,
1912 923 2085 976 neque
2113 907 2163 960 id

569 1006 838 1062 concessit
860 1004 1106 1060 Christus
1130 1001 1284 1072 (Luc.
1312 1001 1364 1056 9.
1395 1001 1511 1070 60).
1567 1000 1727 1070 Atqui
1775 998 1902 1069 quid
1954 999 2165 1054 videtur

573 1103 665 1156 tibi
698 1101 768 1155 ita
798 1098 1161 1154 necessarium
1191 1111 1312 1151 esse
1343 1103 1400 1148 ιιι
1425 1094 1698 1164 sepultura
1729 1092 1932 1163 patris?
1963 1093 2030 1146 At
2058 1107 2163 1146 non

573 1193 625 1248 id
655 1191 917 1264 permisit.
941 1189 1158 1257 Quare?
1185 1189 1318 1254 Quia
1345 1188 1688 1240 vehementer
1717 1185 1878 1238 instat
1897 1183 2162 1250 diabolus,

574 1296 630 1340 ut
659 1299 778 1340 sese
809 1283 1046 1338 insinuet
1075 1298 1088 1335 :
1120 1290 1174 1336 ct
1214 1280 1260 1335 si
1293 1278 1554 1333 tantillum
1582 1277 1844 1332 socordia:
1869 1287 1923 1332 et
1943 1275 2166 1331 tardita-

578 1381 645 1434 tis
670 1375 1058 1449 deprehendat,
1089 1375 1140 1428 in
1171 1389 1418 1442 magnam
1465 1371 1723 1425 desidiam
1751 1369 1986 1438 conjicit.
2041 1368 2165 1424 Ideo

573 1478 759 1526 monet
781 1467 1063 1539 quispiam,
1092 1464 1174 1519 Ne
1194 1465 1361 1518 tardes
1381 1464 1444 1516 de
1463 1463 1544 1516 die
1560 1465 1611 1515 in
1629 1462 1762 1514 diem
1783 1459 1977 1531 (Eccle.
2001 1461 2054 1516 5.
2069 1459 2124 1532 8)
2147 1475 2162 1525 ;

573 1564 654 1617 sic
695 1561 842 1617 enim
896 1558 1127 1630 plurima
1169 1557 1370 1627 poteris
1421 1553 1738 1618 emendare,
1772 1552 1850 1607 sic
1877 1567 1996 1622 qua:
2019 1550 2164 1607 domi

641 1737 657 1768 ι
683 1735 739 1785 In
766 1731 926 1782 \torel.
956 1731 1154 1794 legitur,
1190 1729 1455 1794 dominum.
1479 1729 1570 1794 Sed
1594 1743 1699 1794 vos
1715 1727 2001 1794 prophetarit
2038 1729 2167 1794 opti-

575 1812 656 1847 me
679 1797 910 1860 quadrat;
936 1790 1035 1860 hic?
1055 1797 1184 1842 enim
1219 1793 1381 1860 agitur
1412 1792 1477 1860 de
1502 1791 1606 1860 Elia
1629 1790 1856 1840 Eliswuin
1883 1792 1932 1839 in
1954 1790 2167 1854 disci—pu-

573 1860 671 1908 lum
693 1853 928 1919 vocante;
955 1856 1084 1906 Elias
1107 1870 1242 1912 vero,
1262 1864 1316 1902 ut.
1337 1855 1403 1902 ait
1426 1854 1502 1902 hic
1525 1853 1905 1919 Chrysostomus,
1933 1865 2031 1901 non
2051 1853 2164 1915 per-

575 1923 710 1970 misit
731 1914 926 1979 illisce,
955 1926 1008 1968 ιιι
1035 1927 1234 1981 patrem
1277 1923 1581 1981 matremque
1605 1914 1864 1981 salutatum
1887 1914 2166 1981 iret,_a’nte-

576 1997 721 2044 quant
745 1976 1252 2044 Inagist’rose‘totmn
1291 1976 1562 2044 addi-cret.
1589 1976 1654 2026 At
1688 1989 1833 2044 secus
1854 1976 2166 2044 in§criptura

571 2036 780 2107 legitur,
803 2036 886 2092 u'bi
907 2042 1026 2107 dicit
1047 2039 1196 2107 ﬁlias,
1216 2040 1351 2107 Vade
1371 2045 1416 2089 et
1440 2044 1697 2098 revertere,
1732 2046 1787 2088 ut
1810 2040 1859 2086 in
1883 2036 2046 2088 Bibliis
2067 2046 2164 2088 nec

571 2103 780 2167 braicis,
801 2104 983 2154 Graecis
1006 2112 1058 2154 et
1079 2103 1255 2152 Latinis
1279 2103 1504 2151 habetur.

1307 337 1364 393 S.
1403 328 1680 391 JOANNlS
1715 327 2027 390 CllRYSOS
2041 329 2192 386 i‘OMl
2233 328 2549 386 ARClllEP.
2591 327 3127 385 CONSTANTINOP.

3751 323 3848 379 648

2267 455 2394 502 sunt
2423 445 2590 516 probe
2637 446 3009 516 disponentur.
3065 445 3153 499 Ait
3177 444 3319 498 cnim
3350 460 3362 496 :
3398 443 3619 511 Quatrite
3643 443 3848 512 primum

2268 556 2482 610 regnum
2513 537 2627 602 Dei,
2658 548 2703 592 et
2719 539 2978 610 justitiam
3003 538 3133 608 ejus,
3169 547 3216 590 ct
3247 539 3356 589 lucc
3376 536 3544 589 omnia
3561 534 3852 604 adjicientur

2269 631 2406 685 vobis
2449 629 2665 704 (Matth.
2709 634 2764 686 6.
2799 629 2916 699 35).
2949 628 3009 684 Si
3049 642 3149 683 nos
3174 626 3318 682 enim
3342 667 3358 694 ,
3384 641 3504 680 eum
3530 624 3739 696 quidam
3760 617 3878 681 sua'

2270 722 2621 792 negligentes,
2653 721 2854 776 nostris
2881 720 3053 790 magis
3077 717 3390 789 advigilant,
3423 718 3567 771 omni
3599 715 3850 771 sollicitu-

2269 815 2396 869 dine
2436 829 2636 869 vacuos
2690 829 2813 869 esse
2865 826 3118 868 curamus
3151 831 3165 866 :
3197 811 3367 866 multo
3395 812 3561 881 magis
3584 811 3737 876 Deus,
3767 810 3844 879 qui

2271 921 2379 960 non
2411 905 2510 960 hac
2548 904 2725 960 habita
2753 905 2964 959 ratione
3005 912 3186 958 nostra
3212 911 3383 968 curat,
3407 903 3576 970 iisque
3601 899 3847 971 providet.

2273 995 2353 1051 Ne
2405 997 2581 1066 itaque
2628 995 2698 1050 de
2743 996 2849 1050 tuis
2897 994 3160 1051 sollicitus
3188 995 3302 1056 sis,
3329 994 3420 1048 sed
3470 993 3561 1047 illa
3587 993 3848 1048 committe

2273 1087 2407 1142 Deo.
2457 1086 2590 1141 Nam
2621 1087 2665 1141 si
2707 1096 2760 1140 ιιι
2805 1085 3068 1141 sollicitus
3097 1099 3178 1149 es,
3226 1093 3284 1138 ιιι
3312 1083 3474 1137 homo
3502 1097 3692 1146 curas;
3722 1083 3851 1137 Deus

2271 1196 2400 1235 vero
2431 1190 2488 1235 ut
2537 1180 2681 1236 Deus
2711 1179 2978 1250 providet.
3025 1177 3104 1233 Ne
3130 1191 3257 1247 ergo
3284 1177 3351 1231 de
3381 1175 3444 1228 iis
3484 1175 3738 1229 Sollicitus
3759 1175 3846 1238 sis,

2277 1272 2648 1343 pra-stantiora
2693 1271 3023 1340 relinquens,
3069 1268 3304 1339 alioquin
3359 1267 3502 1322 Deus
3553 1266 3636 1320 illa
3687 1267 3851 1320 minus

2272 1363 2513 1430 curabit;
2545 1371 2604 1417 ut
2633 1361 2721 1417 illa
2747 1376 2876 1433 ergo
2904 1361 3192 1434 diligenter
3218 1367 3393 1425 curet,
3423 1359 3525 1429 ipsi
3558 1359 3657 1414 soli
3686 1361 3850 1414 omnia

2271 1455 2565 1510 committe.
2616 1454 2671 1511 Si
2701 1456 2846 1510 enim
2873 1453 3072 1509 relictis
3094 1453 3482 1522 Spiritualibus,
3515 1453 3602 1506 illa
3638 1463 3842 1517 tractes,

2275 1564 2379 1603 non
2404 1563 2650 1619 tnagnam
2679 1563 2868 1603 eorum
2897 1548 3035 1602 Deus
3064 1555 3213 1617 geret
3243 1545 3649 1615 providentiam.
3670 1542 3733 1598 Ut
3759 1545 3850 1613 igi-

2277 1648 2362 1693 tur
2391 1648 2445 1694 ιιι
2468 1640 2558 1694 tibi
2607 1641 2722 1694 inec
2751 1647 2896 1692 recte
2932 1637 3228 1707 composita
3258 1636 3387 1698 sint,
3416 1644 3474 1688 et
3514 1633 3852 1688 sollicitudine

2272 1731 2415 1784 oiuni
2450 1731 2712 1793 libereris,
2737 1730 2882 1784 ha're
2923 1727 3540 1800 Spiritnalibus,s.icnlat
3555 1727 3599 1779 ia
3616 1725 3847 1795 despice:

2272 1825 2351 1880 sic
2379 1824 2523 1878 enim
2552 1835 2601 1879 el
2635 1833 2828 1882 terram
2857 1839 2978 1878 cum
3010 1823 3142 1878 c.1-lo
3171 1821 3458 1882 obtinebis,
3489 1831 3542 1874 et
3570 1819 3733 1873 futura
3763 1820 3849 1873 bo-

2274 1929 2338 1968 na
2363 1917 2730 1985 consequeris,
2777 1915 2947 1985 gratia
2997 1921 3051 1967 ct
3095 1912 3421 1982 benignitate
3466 1911 3667 1964 Domini
3700 1908 3848 1963 nostri

2270 2006 2395 2061 Jesn
2426 2005 2621 2078 Christi
2647 2049 2662 2070 ,
2691 2007 2776 2062 cui
2798 2006 2964 2076 gloria
2993 2013 3048 2060 et
3081 2004 3362 2074 imperium
3393 2003 3446 2056 in
3478 2002 3669 2056 s:rcula
3698 2016 3853 2054 siccu-

2275 2097 2470 2152 lurutn.
2497 2099 2691 2153 Amen.

1715 2317 2068 2380 HOMILIA
2109 2319 2338 2386 LXIX.
2367 2324 2454 2388 al.
2501 2325 2705 2386 LXX.

571 2465 698 2529 CAP.
741 2466 835 2521 ἓξ.
877 2482 930 2519 v.
983 2465 1032 2519 l.
1088 2461 1154 2516 Et
1199 2460 1506 2530 respondens
1531 2458 1686 2515 Jesus
1729 2459 1858 2514 dixit
1891 2460 2076 2515 iterum
2111 2458 2166 2514 in

643 2557 900 2628 parabolis
928 2555 1024 2610 :2.
1071 2553 1252 2609 Simile
1299 2561 1370 2607 est
1418 2567 1630 2623 regnum
1681 2551 1923 2604 cwlorum
1975 2549 2169 2603 homini

643 2650 770 2722 regi,
801 2647 887 2718 qui
916 2646 1032 2718 fecit
1074 2647 1280 2716 nuptias
1327 2644 1437 2714 ﬁlio
1464 2660 1577 2698 suo.
1607 2644 1661 2699 5.
1707 2641 1774 2696 Et
1820 2643 1954 2696 misit
2002 2659 2166 2698 servos

641 2758 762 2796 suos
792 2756 969 2794 vocare
995 2739 1232 2793 invitatos
1260 2735 1327 2790 ad
1354 2736 1558 2806 nuptias
1586 2750 1606 2790 :
1626 2744 1672 2790 et
1695 2736 2162 2790 nolueruntvenire.

645 2836 701 2888 4.
735 2833 930 2887 Rursus
956 2830 1091 2884 misit
1120 2829 1249 2882 alios
1275 2843 1461 2892 servos,
1493 2827 1665 2881 dicens
1692 2841 1712 2881 :
1736 2825 1901 2880 Dicite
1923 2826 2164 2891 inuitatis,

645 2926 780 2980 Ecce
806 2924 1078 2996 prandium
1106 2937 1274 2977 meum
1304 2920 1500 2992 paraui,
1525 2919 1658 2973 tauri
1678 2919 1775 2973 mei
1801 2929 1849 2973 et
1873 2919 2037 2972 altilia
2059 2935 2168 2971 mea

643 3020 806 3072 occisa
833 3025 979 3084 sunt,
1009 3024 1054 3069 et
1080 3014 1248 3069 omnia
1287 3023 1506 3084 parata;
1557 3011 1718 3066 venite
1757 3012 1826 3064 ad
1852 3012 2067 3082 nuptias.
2110 3012 2164 3067 5.

641 3107 736 3162 Illi
760 3117 928 3162 autem
969 3121 1082 3159 cum
1107 3103 1436 3176 negligerent,
1465 3102 1716 3162 abierunt,
1747 3102 1880 3155 alius
1903 3103 1955 3156 in
1987 3118 2166 3173 agrum

644 3216 813 3265 suum,
841 3199 974 3251 alius
995 3196 1063 3250 ad
1087 3194 1474 3266 negotiationem
1499 3209 1666 3247 suam.
1687 3192 1740 3248 6.
1772 3192 1973 3266 Reliqui
2000 3203 2167 3247 autent

646 3300 913 3347 tenuerunt
938 3305 1106 3345 servos
1142 3289 1274 3357 eius,
1302 3298 1347 3342 et
1389 3290 1695 3341 contumelia
1719 3285 1930 3354 aﬂ‘ectos
1956 3287 2164 3359 interfe-

646 3394 841 3446 cerunt,
869 3393 977 3438 etc.

657 3479 710 3531 1.
739 3475 908 3540 Hujus
929 3483 973 3528 et
1003 3471 1330 3541 pra'cedentis
1346 3470 1570 3524 homilia:
1588 3474 1923 3540 comparatio.
1972 3464 2169 3533 Ejectio

575 3571 895 3625 .lndwornm.
917 3565 1150 3621 Gentium
1177 3567 1390 3618 vacatio.
1411 3563 1615 3617 Excidii
1629 3562 1962 3633 Jerosolgma:
1977 3563 2168 3631 prtuli-

579 3664 700 3718 ctio.
732 3691 804 3702 ——
829 3658 1074 3714 Vidistin'
1100 3670 1154 3713 et
1198 3659 1250 3712 in
1293 3657 1613 3726 pratcedenti
1644 3665 1698 3709 et
1726 3655 1775 3708 in
1804 3654 1901 3708 hac
1917 3653 2166 3725 parabola

582 3757 840 3823 quantum
883 3750 1105 3804 interest
1157 3747 1324 3802 lilium
1379 3747 1516 3800 inter
1566 3755 1620 3800 et
1664 3745 1890 3800 scrvns?
1937 3743 2170 3798 vidistiu‘

583 3859 830 3915 magnam
863 3842 1000 3896 inter
1039 3851 1320 3910 utramque
1349 3837 1656 3909 parabolam
1687 3836 2021 3900 affinitatem,
2057 3851 2164 3889 ma-

574 3951 842 4009 gnamque
879 3932 1276 3989 dill'erentiam?
1326 3931 1456 3986 Nam
1499 3932 1612 3985 lnec
1653 3931 1764 3999 ipsa
1792 3928 2028 3983 ostendit
2074 3926 2164 3981 Dei

576 4028 910 4083 tolerantiam
959 4024 1454 4096 previdentiamque
1498 4037 1764 4091 magnam,
1800 4021 2168 4090 ingratamque

576 4119 853 4175 Judaicam
885 4116 1304 4186 improbitatem.
1364 4112 1560 4166 Verum
1617 4113 1730 4166 lane
1774 4111 1902 4181 quid
1941 4111 2169 4180 amplius

580 4227 738 4283 quant
781 4210 870 4264 illa
901 4209 1079 4262 habet.
1111 4205 1600 4261 Prtenuntiatenim
1629 4214 1679 4258 et
1713 4202 2021 4257 Judaxorum
2052 4201 2166 4270 eje-

580 4305 838 4369 ctionem,
869 4310 924 4355 et
980 4300 1214 4372 gentimu
1265 4296 1598 4350 vocationem
1646 4311 1660 4349 :
1706 4303 1825 4363 post
1883 4295 1996 4348 haec
2041 4308 2170 4346 vero

578 4397 814 4454 ostendit
838 4404 892 4448 et
921 4391 1134 4448 vivendi
1157 4390 1524 4458 disciplinam,
1557 4399 1609 4444 et
1633 4401 1826 4459 quanta
1857 4388 2170 4458 negligenti-

578 4493 677 4546 bus
709 4503 865 4558 ptena
905 4487 975 4540 sit
1006 4495 1208 4555 parata.
1249 4481 1482 4552 Jureque
1533 4481 1646 4536 lucc
1678 4491 1795 4549 post
1823 4481 1968 4534 illam
1998 4481 2170 4550 posita

583 4590 686 4636 est.
733 4579 867 4646 Quia
895 4577 1038 4633 enim
1062 4575 1215 4635 dixit,
1254 4573 1473 4626 Dabitur
1514 4572 1650 4642 genti
1698 4571 1902 4641 facienti
1950 4575 2173 4641 [metum

583 4673 744 4742 ipsius
777 4670 989 4742 (Matth.
1017 4667 1082 4721 21
1138 4666 1250 4736 45),
1277 4665 1365 4718 hic
1389 4663 1648 4730 declarat,
1679 4667 1764 4718 cui
1791 4664 1966 4732 genti;
2001 4679 2174 4732 neque

584 4764 687 4819 hoc
735 4771 964 4825 tantum,
992 4759 1087 4813 sed
1115 4767 1169 4812 et
1200 4773 1259 4812 se
1291 4771 1474 4811 rursus
1504 4755 1754 4810 ineffabili
1793 4770 1917 4822 erga
1959 4753 2172 4810 Judwos

585 4855 913 4928 providentia
936 4854 1030 4910 uti.
1049 4853 1124 4909 lbi
1151 4852 1294 4908 enim
1319 4860 1441 4905 ante
1469 4864 1681 4904 crucem
1709 4858 1880 4910 vocat,
1909 4849 1992 4901 hic
2013 4851 2174 4902 etiam

586 4960 704 5022 pest
733 4964 918 5004 necem
967 4950 1148 5009 instat,
1197 4954 1251 4999 et
1288 4944 1459 5016 pergit
1517 4943 1635 4997 illos
1692 4957 1902 4997 vocare.
1939 4941 2007 4996 Et
2053 4957 2170 4996 cum

588 5041 903 5113 gravissima
948 5039 1067 5094 illos
1119 5051 1274 5107 pmna
1330 5036 1563 5106 plectere
1603 5050 1698 5104 par
1725 5034 1931 5100 fuisset,
1962 5043 2086 5089 tunc
2107 5034 2172 5089 ad

586 5133 809 5202 nuptias
865 5132 1014 5201 ipsos
1064 5131 1264 5195 trahit,
1309 5143 1679 5200 supremoque
1737 5125 1900 5180 allicit
1939 5125 2171 5179 honore.

590 5227 656 5282 Et
694 5226 1066 5280 animadverte
1117 5225 1389 5294 (pientodo
1437 5232 1492 5279 et
1542 5223 1654 5278 illic
1699 5237 1807 5277 non
1845 5220 2000 5292 prius
2041 5235 2169 5289 gen-

589 5331 675 5378 tes
708 5331 868 5376 vovet.
897 5319 990 5372 sed
1019 5316 1238 5370 Judaeos
1261 5357 1274 5377 ,
1305 5326 1356 5370 ct
1387 5317 1474 5369 hic
1510 5317 1764 5371 similiter
1793 5333 1808 5369 :
1843 5314 1934 5369 sed
1973 5329 2168 5380 quem-

583 5411 884 5470 admodum
926 5405 998 5461 ibi
1027 5448 1040 5472 ,
1067 5419 1189 5459 eum
1221 5403 1366 5457 illum
1409 5403 1681 5472 suscipere
1735 5402 2040 5467 noluerunt,
2070 5403 2179 5458 imo

583 5517 637 5560 et
667 5501 974 5558 venientem
1019 5498 1356 5564 occiderunt,
1392 5506 1518 5553 tunc
1547 5498 1757 5552 vineam
1799 5497 1950 5554 dedit
1981 5516 1995 5552 :
2024 5499 2094 5554 ita
2125 5509 2178 5554 et

586 5597 692 5658 hic,
719 5610 840 5648 cum
875 5593 1158 5648 noluerunt
1186 5589 1250 5644 ad
1290 5589 1502 5659 nuptias
1535 5589 1748 5652 venire,
1782 5590 1918 5644 alios
1945 5591 2173 5645 vocavit.

587 5689 724 5754 Quid
769 5704 895 5758 ergo
941 5687 1046 5743 illis
1100 5686 1360 5756 ingratius
1409 5682 1591 5744 fuerit,
1618 5681 1834 5751 quando
1871 5683 1935 5737 ad
1969 5683 2178 5754 nuptias

589 5779 788 5838 vocati,
825 5779 1106 5834 resiliunt?
1152 5779 1270 5848 quis
1310 5777 1454 5832 enim
1495 5774 1560 5828 ad
1606 5773 1815 5846 nuptias
1842 5776 2023 5832 venire
2073 5795 2177 5836 neu

2275 2475 2518 2538 optaret,
2539 2475 2595 2522 et
2631 2465 2697 2520 ad
2725 2466 2938 2536 nuptias
2964 2465 3125 2536 regis,
3153 2465 3241 2536 qui
3266 2463 3376 2519 lilio
3404 2462 3638 2534 nuptiale
3678 2464 3850 2518 conri-

2276 2559 2418 2612 vium
2466 2558 2656 2627 parat?
2705 2558 2771 2613 Et
2797 2572 2924 2620 cur,
2957 2557 3164 2627 inquies
3187 2598 3203 2621 ,
3244 2559 3445 2629 nuptia:
3487 2554 3765 2612 vocantur?
3792 2553 3852 2611 Ut

2278 2648 2369 2702 Dei
2397 2648 2787 2719 providentiam
2831 2662 3124 2718 agnoscas,
3159 2646 3386 2717 ejusque
3424 2661 3548 2717 erga
3594 2662 3688 2702 nos
3715 2661 3850 2698 aiun-

2273 2757 2412 2809 rem,
2440 2757 2618 2797 rerum
2653 2740 3016 2812 Splendorem,
3042 2749 3099 2794 ut
3134 2739 3266 2793 nihil
3317 2739 3388 2793 ibi
3432 2740 3584 2794 triste
3625 2741 3710 2802 sit,
3734 2739 3848 2792 nihil

2278 2835 2606 2899 luctuosum,
2633 2834 2728 2888 sed
2773 2833 2953 2887 omnia
2999 2832 3193 2903 gaudio
3218 2832 3484 2901 spirituali
3515 2833 3684 2901 plena.
3719 2831 3850 2884 Ideo-

2273 2940 2380 2995 que
2402 2940 2656 2994 sponsmn
2682 2923 2829 2978 illum
2859 2933 3015 2978 vocat
3039 2924 3273 2978 JOanues
3303 2921 3456 2994 (Cap.
3491 2925 3546 2979 5.
3578 2923 3703 2994 29);
3745 2923 3849 2975 ideo

2276 3016 2471 3071 Paulus
2501 3017 2649 3082 dicit,
2680 3013 2943 3086 Despondi
2971 3032 3056 3069 vos
3085 3015 3175 3068 uni
3203 3015 3308 3068 viro
3333 3013 3412 3084 (2.
3444 3014 3561 3068 Cor.
3590 3015 3665 3068 ll.
3692 3011 3778 3084 9.);
3805 3023 3849 3064 et

2275 3123 2509 3172 rursum,
2564 3106 2864 3179 Mysterium
2908 3107 3003 3161 hoc
3035 3124 3274 3178 magnum
3299 3115 3394 3169 est,
3427 3124 3518 3177 ego
3545 3117 3707 3161 autem
3746 3105 3848 3158 diro

2274 3200 2326 3253 in
2354 3197 2553 3253 Christo
2575 3208 2620 3253 et
2647 3199 2699 3252 in
2728 3197 2958 3254 Ecclesia
2987 3197 3214 3269 (Epltes.
3244 3200 3298 3254 5.
3325 3197 3396 3254 5'2
3421 3199 3461 3268 ).
3485 3198 3590 3255 Cur
3617 3215 3738 3270 ergo
3757 3215 3848 3251 non

2277 3291 2416 3346 Patri
2444 3305 2638 3362 sponsa
2669 3291 2989 3361 desponderi
3021 3293 3235 3356 dicitur,
3265 3292 3358 3346 sed
3390 3293 3569 3347 Filio?
3595 3293 3723 3360 Quia
3744 3307 3850 3362 qua:

2284 3381 2418 3437 Filio
2444 3382 2829 3452 despondetur,
2864 3383 3003 3437 Patri
3034 3382 3422 3452 despondetur.
3475 3384 3602 3438 Nam
3633 3385 3684 3440 in
3723 3383 3849 3439 Scri-

2277 3485 2428 3544 ptura
2461 3475 2561 3529 hoc
2590 3476 2671 3529 vel
2716 3474 2844 3529 illud
2872 3473 3238 3530 indill'erenter
3263 3477 3462 3530 dicitur
3481 3519 3495 3539 ,
3523 3477 3592 3530 ob
3619 3477 3850 3530 substan-

2277 3566 2362 3618 tia:
2385 3566 2738 3622 idcntitatem.
2772 3565 3002 3621 Abhinc
3031 3582 3159 3622 vero
3200 3570 3646 3623 resurrectionem
3679 3565 3850 3638 pra-d2-

2275 3669 2380 3712 Cat.
2411 3657 2544 3725 Quia
2567 3660 2709 3713 enim
2736 3659 2787 3712 in
2815 3659 3241 3729 princedentibns
3273 3671 3503 3716 mortem
3532 3661 3680 3727 dixit,
3709 3676 3845 3714 more

2275 3759 2408 3804 sti-at
2466 3751 2551 3804 hic
2605 3762 2722 3822 post
2763 3762 2987 3807 mortem
3039 3755 3251 3822 nuptias
3297 3770 3661 3824 sponsumque
3711 3753 3837 3809 fore.

2280 3841 2474 3896 Verum
2526 3842 2579 3898 hi
2630 3859 2696 3897 ne
2725 3843 2795 3900 ita
2820 3844 3033 3914 quidem
3071 3845 3320 3900 meliores
3368 3858 3496 3901 sunt
3544 3845 3732 3911 cll‘ecti,
3762 3858 3848 3897 nec

2277 3934 2549 3999 mitiores;
2583 3951 2688 4003 quo
2707 3935 2832 4004 quid
2864 3936 3102 3991 deterius
3131 3937 3239 3992 sit?
3289 3939 3499 3994 Etenim
3557 3939 3668 3993 hate
3705 3936 3844 3992 tertia

2281 4037 2364 4080 est
2419 4027 2708 4081 accusatio.
2759 4027 2970 4091 Prima,
3007 4030 3148 4098 quod
3205 4030 3497 4099 prophetas
3546 4029 3844 4086 occiderint;

2276 4120 2491 4184 deinde,
2526 4120 2667 4191 quod
2699 4121 2858 4176 etiam
2889 4121 3115 4187 Filium;
3147 4123 3384 4188 demum,
3413 4125 3554 4195 quod
3583 4139 3699 4178 cum
3724 4121 3849 4175 occi-

2277 4213 2498 4279 dissent,
2533 4223 2586 4268 ct
2636 4213 2704 4268 ad
2757 4215 2968 4284 nuptias
3011 4216 3078 4268 ab
3117 4215 3294 4269 occiso
3343 4216 3725 4278 invitarentur,
3754 4227 3845 4266 nan

2279 4307 2528 4372 veniant,
2587 4306 2680 4361 sed
2732 4321 2924 4360 causas
2978 4307 3478 4372 comminiscantur,
3513 4306 3636 4377 juga
3682 4305 3846 4363 boum.

2279 4412 2495 4460 uxores,
2540 4410 2735 4466 agros:
2767 4411 3089 4465 quamquam
3135 4395 3248 4450 InL-e
3286 4398 3565 4452 videantur
3609 4395 3848 4450 rationem

2282 4488 2498 4542 habere.
2528 4487 2630 4541 Sed
2662 4487 2786 4541 inde
2811 4487 3090 4553 discimus,
3125 4488 3226 4542 etsi
3259 4488 3561 4542 necessaria
3591 4485 3851 4539 vidcantur

2279 4598 2399 4637 esse
2450 4579 2536 4634 illa
2561 4596 2680 4650 qua:
2711 4597 2808 4634 nos
2847 4582 3122 4646 retinent,
3155 4581 3449 4650 Spiritualia
3491 4593 3701 4648 semper
3746 4588 3851 4630 esse

2281 4672 2682 4741 antepo.:enda.
2739 4671 2902 4726 Vocat
2948 4681 3148 4738 autem,
3206 4687 3310 4726 non
3361 4688 3551 4743 nuper,
3598 4668 3690 4725 sed
3742 4674 3852 4719 ante

2281 4766 2506 4819 multum
2537 4767 2812 4834 temporis.
2839 4765 2970 4820 Nam
2995 4766 3087 4831 ait,
3115 4764 3278 4819 Dicite
3302 4765 3547 4829 invitatis;
3569 4772 3624 4818 et
3656 4761 3852 4820 iterum,

2291 4853 2474 4912 Vocate
2499 4859 2754 4922 invitatos,
2780 4858 2923 4928 quod
2945 4866 3090 4914 certe
3117 4858 3318 4913 crimen
3338 4867 3518 4928 auget.
3548 4851 3852 4924 thuando-

2282 4965 2404 5004 nam
2435 4949 2605 5004 vocati
2628 4953 2789 5003 sunt?
2821 4950 2921 5003 Per
2945 4949 3239 5019 pr0phetas
3263 4963 3472 5018 omnes,
3497 4963 3589 5018 per
3613 4945 3852 5001 Joannem

2285 5055 2522 5106 rursum,
2552 5041 2645 5111 qui
2698 5055 2890 5095 einnes
2937 5041 3004 5095 ad
3056 5039 3328 5096 Christum
3381 5039 3624 5094 mittebat
3666 5035 3853 5094 dicens,

2255 5131 2447 5216 (Illum
2476 5142 2669 5204 Oportet
2697 5149 2942 5196 crescere,
2970 5149 3050 5187 me
3079 5143 3247 5186 autem
3273 5133 3438 5186 minui
3466 5130 3645 5201 (Joan.
3673 5127 3724 5182 5.
3753 5123 3851 5188 50).

2285 5227 2389 5283 Per
2446 5228 2615 5297 ipsum
2649 5228 2882 5297 denique
2930 5227 3144 5291 Filium,
3189 5227 3280 5298 qtti
3335 5229 3430 5293 ait,
3496 5225 3666 5280 Venite
3702 5219 3764 5274 ad
3789 5230 3859 5268 me

2285 5336 2457 5374 onmes
2475 5320 2562 5388 qui
2591 5318 2833 5373 laboratis
2867 5327 2915 5373 et
2944 5321 3140 5373 onerati
3190 5321 3327 5385 estis,
3354 5329 3399 5372 et
3425 5333 3516 5389 ego
3539 5314 3758 5384 reﬁciam
3782 5322 3854 5362 vos

2288 5411 2502 5485 (Matth.
2535 5412 2590 5465 ll
2640 5411 2735 5479 28)
2756 5427 2771 5475 ;
2794 5421 2848 5465 et
2875 5425 3082 5477 rursus,
3112 5410 3174 5465 Si
3200 5410 3312 5482 quis
3336 5410 3460 5473 sitit,
3490 5407 3652 5462 veniat
3679 5401 3743 5456 ad
3766 5412 3853 5454 mc.

2287 5516 2334 5560 et
2360 5503 2494 5558 bibat
2524 5502 2702 5573 (Joan.
2733 5505 2787 5560 7.
2816 5504 2933 5575 '57).
2983 5503 3167 5574 Neque
3216 5503 3394 5558 verbis
3437 5510 3674 5559 tantum,
3702 5490 3787 5548 sed
3811 5493 3855 5540 (δι

2286 5598 2540 5667 operibus
2568 5597 2697 5666 ipsis
2723 5597 2964 5664 vocabat,
2985 5607 3040 5652 et
3056 5607 3175 5668 post
3195 5595 3612 5666 assumptiouem
3635 5588 3744 5659 ejus
3773 5593 3855 5650 Ρίττ

2291 5689 2506 5744 Petrum
2533 5697 2587 5742 ct
2611 5686 2820 5753 socios;
2846 5703 2968 5742 nam
3003 5687 3104 5754 Qui
3125 5697 3362 5758 operatus
3382 5693 3459 5740 est
3486 5683 3655 5746 Petro,
3682 5671 3852 5744 inquit.

2288 5785 2341 5836 iu
2385 5781 2727 5850 apostolatum
2756 5781 3178 5845 circnmcisionis,
3217 5790 3456 5843 oneratus
3483 5785 3557 5830 est
3577 5783 3623 5826 et
3647 5766 3763 5823 mihi
3786 5764 3856 5814 in-
