4128 6402
328 329 423 387 6i9

321 458 391 502 ter
417 451 587 517 gentes
632 441 776 517 (Gal.
820 441 875 495 2.
906 440 989 507 8).
1045 438 1177 506 Quia
1235 437 1375 492 enim
1431 434 1626 491 Filium
1659 430 1901 485 videntes

322 538 576 609 indignati
602 546 747 599 sunt,
779 536 1059 604 ipsumque
1088 530 1396 584 occiderunt
1415 568 1429 589 ,
1460 542 1554 594 per
1581 536 1765 578 servos
1787 536 1902 575 rur-

322 647 433 687 sum
454 638 630 684 vocat.
666 629 733 684 Et
751 625 816 680 ad
844 624 970 696 quid
995 620 1185 677 vocat?
1217 620 1295 675 Ad
1326 619 1537 673 labores
1556 658 1571 679 ,
1601 628 1868 669 mrumuas
1888 653 1901 673 ,

323 723 582 778 sudores?
626 719 997 789 Nequaquam,
1055 715 1149 768 sed
1199 714 1265 791 ad
1314 712 1535 767 delicias
1568 727 1581 762 :
1613 709 1682 761 ait
1714 706 1857 760 enim
1889 721 1901 756 :

323 815 479 870 Tauri
526 814 621 866 mei
663 822 710 866 et
761 811 926 864 altilia
982 816 1201 861 mactata
1247 814 1384 858 sunt.
1438 802 1662 869 Quanta:
1700 797 1902 865 dapes!

322 917 514 978 quanta
537 902 926 974 magniﬁcentia
954 901 968 954 ι
992 899 1176 968 Neque
1206 896 1309 951 hoc
1337 895 1453 948 illos
1483 889 1774 948 convertit;
1813 885 1904 941 sed

322 1009 521 1069 quanto
562 996 822 1065 majorem
863 992 1170 1062 patientiam
1215 986 1521 1051 exhibebat,
1551 992 1699 1038 tanto
1742 980 1910 1050 magis

326 1089 399 1145 illi
426 1087 813 1143 indurahantur
841 1085 881 1138 ¹.
937 1082 1121 1152 Neque
1172 1080 1314 1137 enim
1366 1077 1604 1147 impediti
1659 1071 1907 1142 negotiis,

324 1179 417 1236 sed
434 1179 762 1249 negligentes
782 1191 884 1229 non
910 1180 1189 1228 venerunt.
1207 1171 1317 1226 Cur
1339 1177 1514 1223 autem
1534 1165 1622 1219 alii
1651 1160 1907 1230 nuptias”,

326 1271 413 1326 alii
463 1271 590 1337 jnga
636 1267 793 1321 boum
849 1260 1203 1317 obtendunt?
1251 1259 1486 1314 haeccine
1534 1253 1911 1323 occupationes

326 1362 490 1417 sunt?
537 1361 773 1415 Minime.
829 1359 959 1412 Cum
1006 1357 1149 1409 enim
1202 1352 1492 1422 spiritualia
1547 1363 1646 1403 nos
1699 1350 1909 1407 vocant,

328 1455 467 1509 nulla
506 1461 589 1506 est
615 1449 1022 1519 occupationum
1052 1446 1362 1502 necessitas.
1427 1440 1684 1496 Videntur
1731 1445 1910 1491 autem

327 1545 454 1600 mihi
484 1541 886 1597 hisobteutibus
918 1538 1021 1603 usi,
1045 1548 1102 1591 ut
1134 1536 1247 1590 haec
1282 1532 1432 1604 quasi
1464 1528 1798 1601 negligentia:
1825 1539 1914 1579 ve—

327 1636 520 1689 lamina
546 1641 896 1703 opponerent.
925 1629 1107 1698 Neque
1143 1627 1194 1681 id
1225 1627 1399 1680 solum
1436 1637 1598 1693 grave
1643 1628 1745 1681 est,
1770 1614 1913 1685 quod

326 1742 430 1780 non
456 1725 734 1791 venerint;
765 1721 858 1776 sed
890 1721 1086 1784 etiam,
1116 1718 1256 1788 quod
1280 1714 1652 1785 gravissimum
1683 1707 1913 1763 atrocis-

326 1819 627 1886 simutnqne
673 1823 774 1879 est,
804 1813 946 1884 quod
998 1813 1191 1865 missos
1222 1809 1289 1863 ad
1336 1824 1396 1862 se
1425 1806 1564 1860 male
1615 1800 1910 1877 alieccrint,

325 1908 665 1965 contumeliis
720 1905 1014 1968 onerat-int,
1063 1899 1388 1964 occiderint,
1424 1897 1474 1951 id
1503 1894 1641 1965 quod
1672 1890 1918 1961 superio-

325 2001 475 2055 ribus
525 1998 738 2068 gravius
785 2008 888 2051 est.
922 1995 998 2049 Illi
1044 2008 1274 2063 namque
1296 1997 1562 2045 venerunt
1613 1992 1915 2054 repetentes

327 2099 642 2160 proventum
665 2098 719 2141 et
746 2086 1149 2153 l'ruetns,atque
1174 2082 1337 2136 occisi
1365 2088 1522 2142 sunt;
1554 2078 1606 2131 hi
1638 2090 1765 2129 vero
1793 2088 1913 2125 cum

323 2183 391 2235 ad
440 2183 653 2247 nuptias
692 2179 851 2233 occisi
887 2178 1257 2233 interfectores
1284 2174 1400 2243 ejus
1423 2180 1633 2234 vocant,
1666 2166 1914 2223 similiter

324 2274 734 2329 interficiuntur.
766 2272 861 2326 Cui
896 2270 1057 2325 furori
1080 2267 1205 2339 quid
1239 2283 1333 2336 par
1383 2263 1575 2320 fuerit?
1603 2261 1693 2318 Sic
1719 2258 1914 2314 Paulus

323 2367 640 2419 criminatur
691 2362 848 2416 illos:
888 2362 986 2427 Qui
1032 2370 1078 2413 et
1120 2358 1395 2411 Dominum
1423 2365 1468 2409 et
1497 2352 1769 2425 praphetas
1797 2363 1915 2402 suos

321 2458 637 2522 occiderunt,
669 2467 715 2510 et
759 2472 850 2509 nos
879 2454 1164 2526 persequuti
1190 2461 1309 2505 sunt
1336 2450 1357 2481 ³
1385 2451 1461 2517 (I.
1509 2447 1686 2502 Thess.
1718 2445 1771 2498 9..
1798 2444 1912 2511 15).

326 2552 531 2606 Deinde
578 2567 645 2605 ne
696 2549 959 2613 dicerent,
1012 2547 1125 2601 Deo
1163 2543 1500 2600 adversarius
1549 2548 1656 2607 est,
1691 2537 1915 2605 ideoque

322 2659 428 2696 non
459 2640 789 2704 accedimus,
817 2639 938 2692 audi
962 2637 1087 2709 quid
1110 2636 1293 2690 dicunt
1317 2634 1350 2687 ii
1371 2633 1460 2704 qui
1486 2633 1727 2686 invitant.
1761 2627 1917 2680 Pater

321 2746 405 2791 est
433 2737 479 2790 is
507 2734 597 2804 qui
640 2734 852 2802 nuptias
879 2732 1006 2786 facit
1024 2740 1078 2784 et
1108 2730 1315 2784 invitat.
1371 2725 1508 2792 Qtiid
1537 2736 1667 2793 ergo
1698 2723 1917 2790 postea?

321 2827 458 2896 Quia
507 2826 794 2880 noluerunt
849 2822 1054 2887 venire,
1103 2819 1198 2874 sed
1240 2827 1295 2873 et
1341 2816 1557 2871 nuntios
1580 2811 1914 2870 occiderunt,

322 2922 487 2976 urbes
540 2933 727 2973 eorum
766 2915 1021 2981 incendit,
1062 2923 1118 2968 et
1168 2911 1347 2966 missis
1373 2906 1697 2964 exercitibus
1722 2903 1917 2959 occidit

320 3029 438 3069 eos.
474 3011 569 3066 liis
593 3023 752 3080 porro
781 3006 1104 3078 pnenuntiat
1131 3018 1193 3058 ea
1222 3016 1342 3072 quae
1375 2999 1478 3053 sub
1512 2995 1836 3065 Vespasiano
1865 3001 1919 3045 ct

321 3106 445 3161 Tito
504 3106 639 3158 facta
694 3113 838 3156 sunt.
887 3101 953 3154 Et
1000 3099 1124 3170 quia
1178 3097 1390 3151 Patrem
1437 3089 1915 3150 cxaeerbaverunt,
1993 3104 1997 3108 ι

320 3195 467 3267 quod
492 3195 590 3265 ipsi
638 3208 744 3247 non
768 3191 1114 3251 crediderint,
1139 3189 1252 3258 ipse
1294 3186 1412 3239 illos
1442 3182 1736 3238 ulciscitur.
1787 3178 1919 3232 Ideo

321 3302 430 3343 neu
455 3286 637 3339 statim
670 3293 789 3354 post
817 3291 1042 3338 mortem
1070 3280 1268 3334 Christi
1295 3276 1561 3331 excidium
1590 3272 1789 3334 evenit,
1821 3270 1914 3323 sed

323 3387 447 3449 post
486 3392 657 3430 annos
691 3375 1064 3446 quadraginta,
1096 3383 1153 3425 ut
1181 3370 1490 3440 patientiam
1517 3381 1667 3419 suam
1697 3362 1920 3418 exhibe-

323 3480 401 3525 ret
424 3485 442 3537 ;
468 3485 589 3523 cum
614 3467 943 3537 Stephanum
971 3464 1283 3521 occiderunt
1301 3504 1315 3526 .
1343 3460 1598 3516 Jacobum
1639 3454 1920 3510 interfece-

325 3574 475 3625 runt,
504 3562 780 3631 apostolos
826 3559 1053 3614 aﬂ'eccre
1105 3554 1467 3611 contumeliis.
1523 3549 1709 3606 Viden‘
1739 3562 1917 3602 rerum

324 3656 608 3710 veritatem
635 3661 690 3707 et
727 3648 1096 3706 celeritatem?
1128 3646 1314 3702 Adhuc
1347 3646 1488 3699 enim
1517 3642 1725 3697 Joanne
1752 3652 1921 3695 evan-

322 3748 517 3817 gelista
550 3746 780 3808 vivente,
801 3744 1023 3811 aliisque
1052 3738 1416 3809 compluribus
1447 3737 1534 3805 qui
1564 3750 1686 3790 cum
1709 3730 1923 3786 Christo

325 3842 596 3901 virerant,
631 3836 746 3890 haec
796 3836 1138 3903 contigerunt
1171 3849 1184 3885 :
1213 3831 1412 3884 ctenim
1445 3835 1714 3897 gestorum
1758 3829 1923 3876 testes

323 3942 507 3996 erant,
538 3929 627 3999 qui
663 3930 778 3983 haec
822 3928 1125 3982 audierunt.
1183 3922 1316 3977 Vide
1363 3936 1493 3991 eigo
1537 3914 1920 3988 providentiam

327 4021 677 4078 ineti‘abilem.
713 4019 976 4074 Plantavit
1015 4020 1252 4079 vineam,
1286 4014 1465 4067 omnia
1509 4011 1634 4065 fecit
1675 4018 1731 4063 et
1769 4022 1923 4061 eom-

327 4113 496 4186 plevit
521 4128 536 4176 ;
566 4112 736 4167 servis
753 4110 944 4164 occisis
970 4108 1105 4162 alios
1132 4119 1317 4160 servos
1344 4103 1485 4158 misit
1519 4118 1536 4157 :
1564 4100 1644 4154 his
1672 4100 1922 4154 interem-

330 4209 470 4276 ptis,
505 4204 698 4259 Filium
739 4203 913 4267 misit,
943 4216 1052 4271 quo
1098 4198 1401 4261 interfecto,
1437 4202 1589 4248 vocat
1607 4192 1704 4247 eos
1733 4189 1800 4243 ad
1828 4204 1924 4242 nu-

291 4321 294 4324 ’
331 4303 495 4369 ptias,
518 4307 574 4351 et
597 4298 777 4351 venire
804 4297 1109 4350 uoluerunt.
1131 4293 1323 4347 Postea
1346 4291 1506 4344 mittit
1533 4288 1667 4341 alios
1691 4298 1875 4339 servos
1907 4298 1920 4333 :

331 4392 404 4445 illi
437 4405 573 4444 vero
603 4390 700 4443 hos
722 4388 889 4453 etiam
919 4386 1248 4441 occiderunt.
1277 4382 1533 4450 Tuncque
1561 4378 1774 4432 demum
1807 4373 1925 4427 illus

335 4482 591 4539 interﬁcit
632 4501 645 4538 :
680 4491 864 4551 tttpote
906 4481 995 4552 qui
1038 4477 1317 4533 incurahili
1371 4475 1556 4530 inorbo
1600 4472 1923 4526 laborarent.

335 4574 493 4643 Quod
550 4574 691 4628 enim
737 4571 1061 4627 incurabiles
1101 4577 1319 4632 essent,
1376 4582 1479 4620 non
1527 4565 1702 4634 priora
1754 4561 1924 4615 solum

332 4681 486 4742 gesta
538 4668 828 4738 probabant
858 4683 874 4731 ;
905 4667 998 4721 sed
1029 4664 1168 4734 quod
1210 4664 1370 4718 etiam
1419 4656 1785 4714 meretricibus
1830 4670 1923 4723 pii-

341 4762 679 4830 blicanisque
700 4760 1065 4822 credentibus,
1098 4757 1168 4810 illi
1200 4756 1320 4809 talia
1355 4750 1727 4822 perpetrarint.
1752 4746 1930 4815 Itaque

335 4873 447 4912 non
490 4854 560 4909 ob
598 4869 692 4908 Sua
737 4864 885 4923 gesut
930 4861 984 4905 et
1032 4851 1235 4904 scelera
1270 4856 1476 4901 tantum
1507 4886 1519 4907 ,
1553 4841 1645 4897 sed
1671 4842 1830 4894 etiam
1860 4836 1930 4890 ob

335 4951 567 5004 aliorum
593 4948 730 5001 bona
752 4959 912 5015 opera
945 4942 1284 4997 damnantur.
1341 4938 1396 4993 Si
1429 4934 1687 5004 quispiam
1711 4928 1926 4989 dixerit,

340 5060 447 5096 non
477 5050 604 5096 tunc
631 5048 850 5094 vocatos
874 5052 937 5091 ex
967 5035 1215 5106 gentibus
1237 5032 1425 5095 fuisse,
1448 5044 1567 5084 cum
1590 5023 1818 5096 apostoli
1845 5020 1933 5074 Ila-

339 5131 522 5203 gellati
568 5138 622 5185 et
677 5129 956 5182 innumera
1014 5123 1257 5195 perpessi
1315 5129 1460 5184 sunt,
1494 5116 1588 5172 sed
1611 5115 1790 5169 statim
1815 5117 1928 5180 post

343 5202 793 5280 resurrectionem
849 5220 997 5289 (tunc
1037 5215 1180 5270 enim
1229 5210 1506 5281 discipulis
1548 5207 1702 5272 dixit,
1733 5202 1926 5258 Euntes

343 5315 518 5369 docete
539 5329 711 5367 omnes
734 5320 904 5383 gentes
930 5305 1146 5380 [.ilutth.
1175 5304 1266 5361 28.
1298 5303 1413 5376 19],
1448 5297 1894 5370 respondebimus
1917 5332 1933 5357 ,

346 5404 639 5477 discipulos
655 5410 709 5456 et
737 5409 861 5455 ante
891 5413 1106 5454 crucem
1134 5407 1188 5452 ct
1218 5405 1336 5467 post
1357 5406 1572 5448 crucem
1604 5387 1804 5445 ludatis
1829 5384 1939 5455 pri-

419 5598 435 5622 '
463 5597 520 5647 lu
533 5598 688 5651 nor-el.
714 5596 823 5646 luce
842 5594 918 5643 sic
942 5594 1135 5642 inversa
1153 5599 1282 5649 sunt,
1297 5590 1382 5653 sed
1400 5595 1575 5653 quanto
1590 5584 1751 5653 magis
1773 5582 1848 5636 illi
1868 5583 1920 5636 in

359 5649 678 5717 diti-abutitur,
703 5666 832 5708 tanta
856 5656 1087 5717 majorem
1113 5653 1192 5703 ille
1215 5649 1494 5717 patientiam
1516 5649 1785 5701 adhibebat.

423 5725 443 5752 ²
473 5725 522 5770 ιιι
544 5713 704 5769 nutet.
732 5713 941 5781 legitur,
958 5728 1119 5781 agros,
1148 5713 1252 5777 pro,
1278 5713 1489 5776 nuptias.

423 5783 444 5815 ³
470 5783 629 5846 Aliqui
657 5790 710 5833 et
730 5773 895 5830 διώ-«ιι.
921 5773 1122 5840 addunt,
1145 5773 1191 5827 ct
1217 5784 1317 5827 Deo
1337 5773 1431 5825 non
1452 5773 1756 5840 placuerunt.

1287 322 1353 376 IN
1392 318 1800 375 MA'I'TIiAtlJM
1842 317 2072 370 ιΙυΜῐί..
2115 315 2302 371 LXIX.
2342 318 2412 371 al.
2456 316 2618 372 LXX.

3490 311 3595 368 65)

2021 444 2164 482 mum
2196 428 2441 499 loquutus
2484 431 2667 488 fuisse.
2719 426 2849 487 Nam
2897 440 3020 486 ante
3046 444 3258 486 crucem
3283 431 3356 484 ait
3384 428 3490 483 illis
3518 425 3602 481 Je-

2014 533 2112 574 sus
2142 536 2158 573 :
2188 518 2216 572 Ι
2224 530 2272 574 te
2296 521 2363 573 ad
2391 538 2505 575 ores
2530 538 2643 592 qua:
2667 524 2920 592 perierunt
2945 522 3129 577 damus
3160 520 3327 575 Israel
3348 536 3369 575 :
3401 531 3451 574 et
3484 528 3604 590 post

2013 625 2227 665 erucem
2264 628 2366 666 non
2400 614 2586 679 vetuit,
2624 614 2731 669 imo
2775 615 2938 671 etiam
2984 615 3239 686 prtccepit
3269 622 3326 668 ut
3355 612 3475 667 illos
3502 611 3601 666 dn-

2013 716 2215 764 cerent.
2242 706 2504 774 Quamvis
2530 707 2674 762 cnim
2702 707 2955 771 dixisset,
2980 707 3167 761 Docele
3191 725 3368 761 enini-3
3402 718 3600 779 gentes:

2012 804 2197 853 tamen
2232 811 2563 853 ascensurus
2584 796 2639 851 in
2669 798 2917 862 ccelum‘,
2944 797 3244 852 declaravit
3265 799 3443 867 primo
3463 815 3603 869 pra!-

2014 889 2305 945 dicandum
2329 887 2533 944 Judmis
2566 905 2720 945 esse:
2751 889 2828 944 ait
2853 889 3022 957 enim,
3047 889 3331 960 Accipietis
3353 891 3600 944 virtutem

2014 982 2422 1053 Supervenieutis
2447 981 2681 1051 Spiritus
2703 985 2875 1039 sancti
2906 984 2958 1036 in
2985 1000 3092 1049 vos,
3117 997 3163 1038 et
3201 983 3346 1038 eritis
3370 984 3498 1038 mihi
3521 994 3602 1039 te-

2013 1087 2116 1132 stes
2141 1078 2195 1133 in
2219 1076 2520 1132 Jerusalem
2552 1088 2603 1133 et
2630 1078 2686 1132 in
2707 1079 2851 1132 omni
2873 1077 3085 1137 Judtea,
3110 1089 3163 1133 et
3196 1095 3359 1148 usque
3379 1079 3448 1131 ad
3473 1078 3603 1131 ulti-

2013 1169 2479 1228 mumterraNAct.
2501 1170 2550 1225 I.
2571 1169 2649 1239 8);
2664 1179 2719 1225 et
2732 1168 2936 1224 Paulus
2958 1186 3202 1224 rursum:
3227 1169 3333 1234 Qui
3354 1179 3602 1237 operatus

2017 1263 2090 1308 est
2122 1252 2278 1310 Petro
2307 1257 2361 1310 in
2387 1257 2728 1329 apostolatum
2752 1257 3171 1324 circumcisionis,
3199 1266 3436 1327 operatus
3458 1266 3529 1310 est
3557 1266 3606 1310 et

2019 1346 2144 1400 mihi
2164 1347 2294 1401 inter
2316 1359 2487 1417 gentes
2514 1346 2656 1420 (Gal.
2698 1348 2754 1404 2.
2788 1346 2863 1421 8).
2889 1348 2963 1420 (a)
2982 1348 3269 1417 PrOptcrca
3297 1358 3352 1404 et
3377 1350 3602 1420 apostoli

2017 1436 2219 1493 Judazis
2236 1439 2409 1508 primo
2437 1440 2876 1509 praedicaverunt,
2895 1450 2948 1496 et
2971 1450 3247 1510 postquam
3276 1441 3443 1496 multo
3472 1450 3606 1497 tein-

2020 1543 2149 1596 pore
2164 1529 2518 1602 Jerosolyma:
2545 1531 2888 1597 mansissent,
2914 1522 3108 1586 deinde
3129 1532 3198 1587 ab
3223 1532 3325 1587 illis
3352 1531 3512 1602 pulsi,
3531 1533 3609 1589 sic

2021 1620 2253 1691 dispersi
2278 1632 2406 1676 sunt
2432 1622 2573 1693 apud
2601 1632 2811 1692 gentes.

2089 1731 2143 1785 2.
2176 1731 2254 1786 Tu
2284 1747 2417 1787 vero
2460 1732 2546 1788 hic
2586 1733 2867 1790 considera
2915 1734 3340 1790 muniﬁcentiam
3376 1736 3608 1789 Domini.

2024 1821 2277 1903 Quotquot
2320 1824 2578 1879 invenietis
2601 1865 2617 1890 ,
2667 1825 2871 1896 inquit,
2921 1836 3093 1880 vocate
3125 1825 3195 1879 ad
3222 1826 3445 1896 nuptias.
3478 1826 3609 1880 Nam

2019 1923 2198 1980 antea,
2229 1924 2286 1969 ut
2309 1915 2450 1980 dixi,
2481 1923 2537 1971 et
2562 1916 2763 1972 Judmis
2789 1926 2844 1972 et
2866 1917 3112 1989 gentibus
3138 1917 3519 1988 praedicabant,
3554 1928 3613 1974 ut

2020 2007 2306 2078 plurimum
2337 2009 2389 2064 in
2428 2009 2609 2065 iudica
2634 2020 2942 2066 versantes:
2964 2012 3087 2082 quia
3116 2026 3244 2068 vero
3267 2010 3437 2067 Juda'i
3485 2012 3612 2081 ipsis

2024 2101 2334 2155 insidiantes
2382 2103 2824 2171 perseverabant,
2864 2102 2989 2157 audi
3035 2103 3293 2166 Paulum,
3335 2104 3424 2171 qui
3477 2102 3613 2157 hanc

2025 2194 2324 2261 parabolam
2355 2196 2583 2264 explicat
2603 2203 2657 2250 et
2680 2194 2842 2249 dicit:
2865 2194 3016 2251 Vobis
3041 2205 3146 2249 erat
3170 2211 3369 2250 necesse
3394 2196 3613 2264 primum

2023 2285 2159 2355 loqui
2179 2286 2382 2339 verbum
2405 2285 2532 2351 Dei;
2562 2286 2651 2341 sed
2676 2286 2794 2357 quia
2819 2302 2905 2341 vos
2928 2286 3467 2358 indignosjudicastis,
3499 2302 3615 2340 cccc

2021 2382 2359 2433 convertimur
2385 2389 2452 2433 ad
2493 2389 2664 2452 gentes
2705 2380 2839 2450 (Act.
2883 2381 2969 2436 I5.
3001 2378 3114 2452 46).
3147 2380 3437 2450 Propterea
3468 2381 3611 2434 enim

2025 2470 2138 2539 ipse
2167 2470 2354 2526 ait:8.
2384 2470 2599 2541 Nuptite
2641 2471 2840 2542 quidem
2881 2480 3074 2541 parata:
3119 2479 3263 2537 sunt,
3305 2470 3470 2525 vocati
3498 2485 3614 2524 vero

2023 2560 2166 2631 digni
2210 2577 2312 2615 non
2357 2555 2517 2616 erant.
2569 2563 2625 2617 Id
2666 2579 2796 2619 vero
2826 2563 2918 2619 ille
2945 2572 3101 2618 antea
3131 2563 3372 2630 sciebat,
3424 2563 3518 2618 sed
3560 2574 3615 2617 ut

2026 2651 2227 2705 nullam
2255 2652 2385 2721 ipsis
2425 2653 2752 2723 relinqueret
2782 2653 3106 2723 impudentis
3133 2652 3493 2708 excusationis
3515 2668 3614 2707 an-

2025 2755 2162 2810 sam,
2193 2742 2315 2798 licet
2341 2742 2391 2797 id
2421 2744 2602 2811 sciret,
2630 2743 2696 2799 ad
2730 2743 2850 2800 illos
2875 2744 3081 2817 primos
3104 2752 3159 2799 ct
3187 2742 3334 2800 venit
3358 2752 3415 2799 et
3437 2744 3615 2812 misit,

2027 2834 2130 2888 illis
2157 2850 2251 2889 ora
2280 2835 2566 2891 obstructis
2591 2878 2607 2904 ,
2637 2851 2843 2907 nosque
2871 2836 3153 2892 instituens
3172 2877 3186 2901 ,
3218 2847 3277 2891 ut
3303 2851 3424 2907 qua:
3450 2850 3618 2907 penes

2027 2941 2124 2981 nos
2148 2935 2272 2980 sunt
2294 2929 2471 2981 omnia
2512 2927 2848 2997 impleamus,
2879 2929 2979 2983 etsi
3008 2943 3167 2983 nemo
3194 2928 3464 3000 quidpiam
3494 2928 3619 2984 inde

2025 3014 2155 3070 lucri
2187 3027 2502 3088 accepturus
2542 3029 2705 3075 esset.
2752 3020 2885 3088 Quia
2932 3034 3060 3090 ergo
3105 3019 3265 3092 Digni
3304 3038 3403 3074 non
3452 3031 3614 3081 crant,

2027 3110 2194 3181 inquit
2223 3128 2238 3165 :
2267 3111 2323 3167 9.
2374 3110 2454 3166 Ite
2490 3112 2559 3165 ad
2601 3112 2783 3180 trivia,
2826 3120 2876 3166 et
2912 3128 3250 3183 quoscumque
3288 3113 3576 3168 inveneritis
3598 3155 3614 3178 ,

2025 3202 2406 3256 eocutemtiam
2437 3202 2570 3258 viles
2596 3213 2650 3258 et
2677 3203 2939 3273 abiectos.
2960 3204 3091 3270 Quia
3119 3203 3264 3260 enim
3294 3218 3437 3273 saepe
3466 3205 3613 3258 dice-

2026 3295 2148 3361 bat,
2206 3294 2512 3351 Meretrices
2564 3305 2619 3350 et
2673 3294 2938 3366 publicani
2994 3296 3183 3350 caelum
3242 3295 3619 3349 hercditabunt

2032 3385 2243 3455 (Matth.
2272 3386 2363 3442 2|.
2399 3387 2525 3458 5i);
2568 3397 2652 3454 et,
2685 3388 3137 3443 Erunt-novissimi
3175 3376 3353 3457 primi,
3390 3399 3436 3443 et
3467 3388 3620 3459 primi

2027 3483 2282 3536 novissimi
2307 3480 2521 3553 (Matth.
2567 3482 2658 3538 I9.
2688 3481 2780 3555 50)
2800 3500 2813 3536 :
2833 3481 3070 3537 ostendit
3096 3482 3213 3537 hinc
3236 3482 3315 3537 sic
3336 3481 3478 3553 juste
3504 3482 3618 3536 dis-

2031 3577 2265 3643 pensari:
2281 3574 2423 3645 quod
2451 3574 2783 3644 potissimum
2808 3573 3023 3630 Judazos
3045 3573 3344 3641 mordebat,
3368 3582 3423 3630 et
3448 3576 3617 3630 multo

2030 3672 2196 3741 magis
2223 3685 2381 3740 quam
2412 3669 2557 3725 urbis
2584 3668 2853 3725 excidium
2882 3667 3184 3738 afﬂigebat,
3212 3667 3354 3739 quod
3391 3667 3622 3723 viderint

2024 3765 2252 3833 gentiles
2276 3763 2331 3818 in
2371 3778 2493 3827 sua,
2528 3761 2643 3817 imo
2673 3759 2728 3814 in
2756 3758 2872 3814 suis
2910 3757 3084 3812 multo
3111 3757 3499 3810 excellentium
3527 3756 3621 3809 in-

2020 3858 2256 3915 traduci.
2317 3855 2524 3910 Deinde
2576 3868 2643 3908 ne
2697 3853 2751 3906 hi
2802 3852 2858 3906 in
2914 3851 3033 3907 sola
3078 3849 3185 3905 tite
3229 3864 3382 3919 spem
3442 3850 3614 3905 hahe-

2021 3956 2181 4012 rent,
2219 3947 2286 4000 de
2311 3946 2523 4014 judicio
2552 3952 2609 3999 et
2647 3956 2809 4010 ptena
2855 3955 3151 4012 pravorum
3192 3953 3420 4010 operum
3465 3939 3622 3996 edis-

2025 4042 2198 4103 serit,
2245 4040 2612 4108 hortaturque
2660 4034 2903 4090 nondum
2962 4033 3250 4090 credentes
3292 4032 3361 4088 ad
3407 4033 3631 4103 ample-~

2018 4131 2265 4188 cteudam
2298 4129 2456 4184 tidem
2480 4170 2496 4196 ,
2538 4126 2821 4183 credentes
2845 4138 2974 4179 vero
2999 4122 3064 4176 ad
3093 4121 3253 4175 vitam
3283 4125 3430 4174 recte
3456 4117 3613 4171 iltSti-

2022 4224 2292 4279 tuendam.
2319 4221 2687 4276 lndumentum
2715 4217 2858 4273 enim
2884 4222 3009 4270 sunt
3034 4213 3140 4266 vita
3168 4220 3221 4266 et
3246 4224 3427 4281 opera.
3453 4207 3628 4276 Atqui.

2024 4316 2230 4372 \OCHlIt)
2259 4313 2444 4384 gratia:
2472 4320 2622 4376 erat;
2671 4323 2768 4364 cur
2811 4320 2940 4377 ergo
2969 4314 3076 4359 tam
3105 4310 3354 4357 accurate
3384 4299 3619 4368 loquitur

2025 4422 2077 4466 et
2100 4410 2342 4463 hortatur
2359 4405 2383 4458 ἲ
2398 4404 2530 4471 Quia
2554 4400 2764 4456 vocatio
2783 4398 2997 4468 quidem
3018 4407 3068 4451 et
3093 4393 3335 4465 purgatio
3355 4407 3423 4446 ex
3446 4391 3628 4460 gratia

2026 4511 2179 4564 sunt;
2208 4508 2457 4552 vocatum
2486 4504 2664 4549 autem
2693 4501 2749 4549 et
2774 4491 2925 4562 puris
2954 4488 3200 4543 indutum
3231 4483 3471 4539 vestibus
3499 4498 3616 4535 ina-

2028 4608 2174 4654 nere,
2200 4601 2257 4644 et
2282 4588 2398 4642 haec
2427 4601 2663 4651 servare,
2694 4583 2745 4637 id
2771 4598 2840 4638 ex
2874 4592 3184 4635 vocatorum
3210 4590 3337 4630 cura
3362 4584 3418 4630 et
3442 4573 3624 4628 studio

2029 4683 2401 4756 proficiscitur.
2438 4679 2699 4732 \‘ocamur
2729 4683 2908 4728 autem
2950 4687 3055 4727 non
3083 4684 3148 4724 ex
3178 4666 3371 4723 merito
3390 4707 3406 4732 ,
3432 4664 3526 4720 sed
3554 4679 3623 4720 ex

2030 4776 2214 4848 gratia.
2245 4773 2538 4844 Oportebat
2577 4772 2737 4840 igitur
2763 4767 2948 4839 gratiae
2977 4765 3147 4819 vicem
3187 4760 3485 4831 rependere
3527 4773 3625 4828 per

2032 4870 2412 4931 obedientiam,
2438 4881 2542 4920 non
2571 4879 2665 4934 per
2691 4868 2887 4914 tantam
2914 4868 3032 4928 post
3055 4855 3314 4910 honorem
3343 4860 3629 4922 acceptum

2036 4961 2344 5031 nequitiam.
2374 4956 2479 5013 Sed
2508 4969 2611 5008 non
2658 4960 2735 5007 tot
2774 4948 2956 5019 accepi
2995 4947 3172 5013 bona,
3214 4942 3458 5016 inquies,
3498 4951 3628 5013 quot

2037 5053 2224 5109 .lidari.
2276 5050 2386 5104 Imo
2416 5047 2583 5103 multo
2613 5045 2815 5114 majora
2858 5038 3112 5112 accepisti
3150 5038 3313 5094 bona.
3348 5035 3482 5094 Nam
3509 5051 3632 5106 qum

2040 5156 2185 5201 tanta
2217 5153 2457 5213 tempore
2504 5138 2636 5209 ipsis
2664 5135 3062 5209 apparabantur
3082 5173 3100 5201 ,
3147 5140 3199 5186 tu
3230 5128 3515 5186 confertim
3543 5144 3631 5179 ar-

2039 5239 2249 5309 cepisti,
2280 5238 2403 5291 licet
2427 5234 2619 5304 dignus
2644 5246 2750 5286 non
2775 5242 2945 5285 esses.
2969 5226 3093 5282 Ideo
3109 5225 3306 5281 Paulus
3327 5225 3433 5278 ait:
3451 5221 3636 5277 Gentes

2041 5342 2206 5385 autem
2234 5344 2327 5400 pro
2351 5323 2697 5381 misericordia
2720 5320 3010 5395 glorificare
3036 5317 3201 5372 Deum
3227 5314 3403 5391 (Rom.
3430 5314 3518 5370 15.
3551 5313 3631 5382 9).

2044 5424 2174 5479 Nam
2205 5436 2325 5492 qua:
2363 5418 2470 5475 illis
2498 5415 2864 5481 debebantur,
2910 5420 2967 5468 tu
2994 5410 3268 5481 accepisti.
3300 5408 3637 5478 Quapropter

2112 5579 2126 5610 ι
2153 5573 2254 5626 Alii
2282 5587 2295 5620 :
2320 5570 2499 5641 Neque
2516 5575 2644 5641 _tunc
2667 5564 2817 5641 dixit,
2846 5579 2867 5637 ς
2903 5567 3253 5641 Docete‘omnes
3287 5564 3473 5641 gentes,
3499 5573 3518 5607 ι
3544 5559 3632 5608 sed

2046 5623 2338 5692 ascensurus
2360 5623 2629 5691 in'cazlum,
2654 5635 2776 5689 etc.;
2799 5623 2973 5692 minus
2984 5630 3150 5692 recte,
3173 5630 3228 5692 ut
3250 5623 3476 5692 videtur,

2112 5681 2918 5763 ξῖἧόἰίεξέὲᾲύυηιᾳτὴυωόφω1
2935 5681 3234 5763 claudentiag
3243 5684 3451 5763 deerant
3472 5685 3520 5732 in
3533 5681 3638 5763 Mq-

2050 5743 2751 5826 relZ'perﬁhouimoteleuton,
2763 5757 2817 5802 et
2829 5766 2889 5804 ex
2910 5762 3020 5799 man
3028 5743 3265 5811 ascriptis
3286 5744 3479 5810 adjecta
3498 5750 3625 5796 sunt.
