4128 6402
536 324 631 375 tiSl

536 454 720 507 magna
751 435 1133 506 negligentibus
1176 434 1413 487 imminet
1443 448 1618 502 poma.
1647 431 2101 499 Quemadmodum

535 530 676 582 enim
707 528 803 593 illi,
833 527 970 595 quod
1001 541 1104 579 nou
1130 526 1398 588 venerint,
1429 524 1746 577 contumelia
1778 523 2105 577 affecerunt:

536 623 614 677 sie
639 628 692 674 et
713 630 787 682 tu,
810 619 930 690 quia
953 618 1018 672 ad
1040 626 1343 686 corruptam
1364 616 1523 669 vitam
1549 616 1625 669 sic
1648 614 1943 668 decl'nasti.
1974 612 2104 668 Nam

533 711 762 766 sordidis
805 710 1043 764 vestibus
1089 710 1318 771 intrare,
1363 707 1414 761 id
1458 714 1558 771 est,
1602 721 1721 760 cum
1768 705 1970 773 impura
2001 705 2105 757 vita

534 806 655 860 imle
696 803 1001 865 discedere;
1051 802 1275 871 ideoque
1311 801 1641 855 obmutuisse
1677 799 1889 853 dicitur.
1926 797 2089 851 Viden

531 896 796 967 quomodo
826 895 947 949 licet
977 910 1064 949 res
1092 895 1170 948 sie
1212 892 1491 947 manifesta
1519 893 1627 955 sit,
1674 906 1777 945 nou
1810 890 1952 959 prius
1976 903 2104 958 sup-

535 987 685 1053 plicia
714 985 920 1046 inferat,
951 998 1107 1054 quam
1138 984 1251 1052 ipse
1279 993 1525 1053 peccator
1549 980 1864 1036 sententiam
1894 978 2107 1033 tulerit?

532 1078 664 1144 Quia
684 1077 825 1130 enim
849 1076 980 1130 nihil
1004 1075 1326 1145 respondere
1346 1084 1572 1144 poterat,
1596 1073 1937 1141 semetipsum
1958 1070 2108 1123 dam-

537 1168 715 1230 nabat,
743 1178 793 1222 et
818 1168 883 1221 ad
911 1168 1148 1233 ingentes
1168 1167 1370 1234 rapitur
1392 1180 1594 1234 poenas.
1626 1163 1703 1217 Ne
1727 1174 1879 1232 putes
1906 1170 2102 1222 autem,

533 1275 652 1313 cum
684 1259 930 1313 tenebras
958 1258 1130 1322 audis,
1159 1258 1259 1311 hoc
1284 1257 1427 1309 illum
1458 1255 1718 1323 supplicio
1742 1253 1936 1323 puniri,
1964 1251 2103 1320 quod

536 1358 584 1406 in
615 1353 898 1407 obscurum
928 1352 1099 1404 locum
1125 1350 1366 1403 trudatur
1387 1346 1751 1408 solummodo;
1779 1344 1872 1399 sed
1900 1344 1987 1396 ubi
2020 1344 2104 1398 15.

541 1444 742 1507 Metu,
785 1451 832 1497 et
857 1442 1043 1496 stridor
1069 1440 1320 1504 dentiant,
1352 1438 1493 1510 quod
1521 1437 1880 1492 intolerabiles
1903 1435 2106 1503 signiﬁ-

533 1545 619 1589 cat
646 1534 883 1589 dolores.
916 1532 1107 1587 Audite
1146 1542 1402 1601 qu0tquot
1433 1530 1803 1601 mysteriorum
1834 1534 2108 1580 consortes

534 1626 687 1692 estis,
729 1634 783 1680 ct
810 1625 874 1679 ad
904 1624 1110 1693 nuptias
1133 1622 1431 1677 adventatis
1456 1661 1469 1682 ,
1502 1620 1832 1687 sordidisque
1859 1614 2107 1682 operibus

536 1716 765 1769 animam
798 1713 1031 1768 induitis.
1075 1711 1265 1767 Audite
1300 1710 1437 1765 unde
1467 1710 1635 1763 vocati
1666 1708 1801 1762 sitis.
1829 1706 1903 1759 Ex
1931 1704 2101 1759 trivio.

535 1808 761 1871 Quinam
789 1805 992 1859 eratis?
1036 1802 1221 1858 Claudi
1263 1812 1316 1856 et
1359 1800 1485 1855 caeci
1526 1800 1732 1863 animo,
1781 1795 1920 1866 quod
1951 1796 2109 1863 longe

536 1898 746 1962 gravius
771 1904 854 1950 est
895 1895 1137 1964 corporis
1181 1893 1436 1947 caecitate.
1480 1887 1841 1944 llevereamini
1872 1884 2109 1939 vocantis

538 1986 936 2057 benignitatem,
969 1999 1232 2052 nemoque
1256 1984 1327 2037 sit
1353 1980 1581 2035 sordidis
1608 1978 1820 2033 indutus
1850 1976 2105 2040 vestibus,

535 2078 628 2131 sed
655 2078 878 2147 quisque
904 2086 1143 2131 nostrum
1171 2074 1362 2128 animae
1391 2073 1641 2127 amictum
1668 2078 1971 2138 componat.
1999 2067 2110 2122 Au-

534 2170 678 2237 dite,
722 2170 1003 2232 mulieres,
1045 2167 1256 2230 audite,
1304 2166 1423 2219 viri.
1465 2162 1579 2217 Non
1612 2162 1693 2215 his
1717 2160 1952 2215 vestibus
1976 2173 2110 2228 opus

537 2262 743 2316 habetis
766 2275 900 2316 auro
930 2260 1179 2323 intextis,
1206 2272 1323 2327 qua:
1350 2257 1610 2311 exteriora
1643 2263 1853 2319 nostra,
1885 2251 1976 2307 sed
2006 2252 2110 2305 illis

532 2367 652 2420 qua:
682 2350 933 2405 interiora
962 2356 1174 2403 ornant.
1206 2347 1385 2401 Donec
1414 2344 1531 2399 illas
1559 2344 1868 2406 retinemus,
1899 2341 1996 2395 has
2026 2342 2108 2394 iu-

532 2445 698 2499 duere
725 2442 939 2498 diflicile
975 2450 1077 2495 est.
1126 2439 1241 2494 Non
1287 2450 1567 2507 possumus
1608 2436 1837 2489 animam
1870 2434 2028 2488 simul
2057 2441 2112 2489 et

533 2550 726 2605 corpus
752 2548 964 2588 ornare.
996 2532 1109 2586 Non
1154 2545 1435 2600 possumus
1461 2536 1634 2593 certe,
1685 2542 1786 2580 non
1830 2540 2111 2595 possumus

537 2642 797 2681 mamona:
820 2624 1023 2680 servire
1048 2634 1102 2678 et
1124 2619 1337 2676 Christo
1366 2620 1582 2674 obedire
1611 2628 1666 2671 ut
1697 2633 1790 2687 par
1814 2627 1975 2671 esset.
2007 2617 2108 2669 De-

537 2730 793 2786 ponamus
820 2730 948 2784 ergo
977 2713 1115 2768 hanc
1142 2727 1353 2782 gravem
1384 2709 1734 2782 tyrannidem.
1764 2708 1944 2778 Neque
1968 2707 2108 2761 enini

536 2810 576 2862 si
602 2809 719 2878 quis
744 2806 957 2861 domum
986 2805 1248 2875 tapetibus
1274 2803 1450 2857 aureis
1472 2809 1706 2863 ornaret,
1735 2809 1889 2869 teque
1911 2799 2108 2852 nudum

535 2915 657 2953 cum
704 2898 892 2966 pannis
938 2895 1125 2949 laceris
1172 2893 1359 2948 sedere
1398 2892 1637 2961 iuberet,
1676 2890 1727 2944 id
1754 2904 1907 2959 atquo
1932 2889 2110 2942 animo

537 2990 724 3043 ferres.
772 2991 842 3043 At
884 3002 1024 3041 nunc
1064 2986 1177 3056 ipse
1218 2985 1309 3038 tibi
1355 2983 1491 3037 hanc
1520 2982 1761 3052 injuriam
1794 2980 1954 3043 facis,
1987 2994 2107 3035 cum

534 3083 751 3136 domum
777 3081 968 3135 anima:
996 3088 1095 3134 tum
1114 3119 1128 3142 ,
1158 3092 1352 3146 corpus
1377 3077 1596 3139 scilicet,
1630 3074 1922 3129 iumnneris
1949 3086 2109 3126 ornas

535 3174 745 3238 attlzt'is,
782 3172 924 3227 illam
954 3186 1082 3226 vero
1118 3183 1408 3239 pannosam
1443 3167 1630 3221 sedere
1657 3165 1809 3219 sinis.
1843 3166 1922 3217 An
1955 3163 2106 3233 igno-

535 3282 642 3332 ras,
681 3281 859 3335 regem
902 3264 1068 3333 magis
1097 3277 1254 3333 quam
1297 3261 1562 3315 civitatem
1603 3257 1778 3312 ornari
1822 3255 2108 3326 oportere?

537 3358 763 3427 Ideoque
810 3357 1009 3410 civitati
1056 3356 1168 3411 vela
1212 3370 1276 3409 ex
1320 3354 1430 3408 lino
1460 3361 1745 3421 parantur,
1779 3350 1887 3419 regi
1932 3358 2106 3403 autem

536 3465 765 3519 purpura
808 3460 863 3503 et
901 3447 1144 3501 diadema
1169 3445 1380 3501 dantur.
1425 3444 1512 3499 Sic
1550 3453 1605 3498 et
1633 3452 1686 3495 tu
1723 3454 1917 3509 corpus
1955 3439 2108 3508 longe

534 3542 720 3595 viliore
746 3540 901 3593 indue
928 3539 1123 3592 amictu
1154 3538 1252 3607 (α),
1278 3536 1469 3590 animae
1500 3547 1626 3587 vero
1650 3545 1883 3603 purpura
1911 3528 2107 3583 indutze

532 3646 782 3686 coronam
815 3630 1061 3698 impone,
1106 3637 1160 3683 et
1202 3627 1253 3681 iu
1298 3625 1506 3679 sublimi
1538 3624 1671 3679 solio
1696 3622 1981 3677 constitue.
2026 3620 2105 3676 Tu

538 3737 667 3777 vero
708 3720 1029 3776 contrarium
1063 3719 1223 3782 facis,
1252 3718 1376 3771 dum
1410 3716 1592 3771 urbem
1623 3714 1766 3769 varie
1796 3728 1984 3776 ornas,
2016 3727 2105 3766 re-

532 3830 650 3878 gem
679 3828 805 3867 vero
829 3852 845 3874 ,
887 3814 999 3866 sive
1028 3819 1261 3865 mentem
1286 3851 1300 3873 ,
1332 3809 1461 3863 sinis
1488 3808 1680 3862 victum
1710 3805 1847 3861 trahi
1871 3821 1898 3858 a
1932 3805 2107 3874 pravis

530 3906 825 3963 affectibus.
855 3905 967 3960 Non
997 3905 1217 3975 cogitas,
1265 3914 1317 3958 te
1354 3903 1417 3954 ad
1463 3902 1669 3970 nuptias
1696 3912 1749 3955 et
1776 3900 1866 3953 Dei
1894 3899 2106 3967 nuptias

535 4008 777 4052 vocatum
808 3997 964 4051 esse?
1014 4012 1119 4050 non
1150 3993 1351 4065 cogitas
1378 4009 1484 4062 quo
1515 4002 1666 4062 parto
1709 3992 1758 4045 in
1792 3989 1889 4045 hos
1931 3990 2102 4043 thala-

534 4104 649 4143 mos
673 4097 917 4142 vocatam
944 4087 1173 4141 animam
1201 4086 1399 4139 intrare
1427 4090 1690 4153 Oporteat,
1722 4082 1913 4137 vestitu
1935 4080 2103 4136 deau-

535 4186 650 4233 rato
678 4176 1080 4239 circumdatam,
1106 4179 1359 4230 varietate
1380 4174 1653 4229 ornatam?

603 4269 659 4324 3.
693 4267 783 4323 Vis
811 4266 1087 4322 ostendam
1119 4266 1210 4320 tibi
1244 4265 1334 4335 qui
1362 4264 1469 4319 sint
1509 4278 1635 4319 vere
1672 4263 1742 4317 ita
1772 4261 1987 4317 amicti?
2013 4261 2101 4330 qui

529 4369 677 4414 veste
704 4358 925 4428 nuptiali
955 4356 1274 4413 induantur?
1312 4355 1616 4411 Recordare
1652 4365 1955 4409 sanctorum
1982 4353 2102 4408 illo-

530 4465 682 4514 rum,
712 4447 780 4503 de
804 4447 997 4517 quibus
1026 4461 1193 4514 nuper
1218 4446 1325 4500 dixi
1351 4486 1366 4511 ,
1393 4446 1479 4515 qui
1506 4444 1682 4499 cilicio
1709 4443 2017 4507 induuntur,
2049 4452 2103 4497 et

526 4542 737 4596 deserta
782 4540 1038 4595 incolunt.
1088 4539 1147 4592 lli
1195 4538 1429 4592 maxime
1466 4546 1664 4591 vestem
1694 4534 1982 4604 nuptialem
2008 4533 2104 4587 ha-

527 4634 764 4687 bentzet
793 4630 918 4686 hinc
956 4629 1209 4700 liquidum
1257 4638 1358 4693 est,
1397 4626 1536 4698 quod
1582 4628 1625 4681 si
1668 4626 1772 4679 illis
1813 4640 2099 4696 purpuram

528 4724 720 4780 oderas
741 4764 757 4788 ,
798 4722 1038 4792 accipere
1063 4722 1232 4775 nolint
1255 4739 1269 4775 :
1292 4719 1387 4776 sed
1417 4717 1863 4789 quemadmodum
1892 4734 1984 4773 rex
2014 4718 2100 4772 in-

527 4816 779 4870 «Iumenta
808 4815 1055 4885 pauperis
1093 4812 1271 4867 oblata
1295 4851 1311 4877 ,
1356 4810 1434 4866 sic
1465 4811 1537 4865 illi
1567 4811 1765 4880 regiam
1812 4826 2097 4881 purpuram

526 4915 857 4976 respuerent.
888 4906 997 4961 Nec
1028 4905 1127 4959 alia
1157 4903 1224 4958 de
1249 4918 1405 4957 causa
1436 4902 1526 4957 illo
1553 4912 1673 4956 sunt
1702 4901 1910 4963 alfectu.
1939 4916 2097 4971 quam

524 4999 668 5068 quod
701 4997 1143 5067 pulchritudinem
1173 4996 1333 5049 vestis
1362 5008 1473 5048 sua:
1517 4994 1780 5047 noverint.
1815 4993 1939 5048 Ideo
1968 5009 2095 5061 pur-

526 5103 743 5158 puream
771 5088 911 5142 illam
939 5096 1139 5141 vestem
1169 5094 1226 5138 ut
1248 5099 1458 5139 aranea:
1483 5083 1639 5137 telam
1667 5093 1943 5152 reSpuunt.
1975 5083 2097 5136 llaec

522 5180 665 5235 enim
698 5179 815 5233 illos
842 5177 1072 5233 cilicium
1099 5177 1279 5230 docuit
1303 5193 1317 5229 :
1340 5189 1462 5228 nam
1489 5183 1613 5228 sunt
1639 5173 1753 5243 ipso
1779 5188 1904 5241 rege
1928 5174 2094 5227 subli-

521 5275 719 5327 miores
760 5282 815 5326 et
855 5268 1263 5339 splendidiores.
1294 5268 1372 5321 Ae
1395 5267 1437 5321 si
1468 5281 1652 5336 posses
1671 5266 1863 5335 januas
1902 5266 2095 5320 mentis

519 5364 748 5419 eortttn‘
779 5361 1011 5431 aperire,
1060 5359 1399 5427 ipsorumque
1436 5358 1665 5410 animam
1715 5356 1916 5419 videre,
1963 5356 2096 5409 inte-

519 5459 822 5525 rioremque
863 5461 1108 5507 ornatum
1153 5467 1403 5517 omnem,
1450 5450 1500 5503 in
1555 5458 1745 5502 terram
1786 5448 2091 5510 decidercs,

582 5617 598 5646 ¹
627 5613 810 5671 ttorel.,
833 5608 998 5676 templi
1018 5572 1370 5667 eormnfmale.

582 5697 653 5753 (τι)
677 5697 775 5802 uiri,
799 5703 925 5744 Sicut
940 5696 987 5743 in
1009 5691 1172 5741 multis
1194 5689 1300 5739 aliis
1321 5689 1465 5751 hujus
1486 5686 1696 5736 homili'e
1717 5686 1851 5746 locis,
1876 5687 2003 5737 male
2018 5686 2091 5736 le-

582 5763 588 5802 ἰ
617 5764 739 5802 “ore
766 5790 777 5802 .

522 5768 550 5812 ε
575 5763 588 5803 l
617 5763 777 5805 Morel.

1264 320 1319 374 S.
1359 319 1635 375 JO.\NN|S
1657 316 2128 373 CllllYSOSTOMI
2171 316 2481 373 ARCIIIEP.
2521 320 3049 378 CONSTANTISOP.

3673 333 3774 391 659

2211 444 2331 483 cum
2366 448 2469 485 non
2519 431 2686 487 ferres
2717 444 2874 487 tantm
2912 434 3315 504 pulchritudinis
3343 441 3697 511 splendorem,
3721 458 3774 502 et

2212 528 2433 576 vestium
2454 525 2732 595 fulgorem.
2754 542 2958 581 necnon
2978 527 3150 599 fulgur
3164 533 3503 589 conscientia
3522 537 3771 607 ipsorum.

2212 612 2495 668 Possemus
2520 616 2760 685 exempla
2779 617 3021 688 proferre
3038 630 3273 674 veterum
3297 638 3603 691 magnorum
3625 636 3776 696 atque

2212 704 2529 758 mirabilinm
2558 705 2857 774 hominum;
2881 708 2975 763 sed
2995 710 3114 779 quia
3139 711 3379 766 rudiorcs
3396 716 3633 784 exempla
3662 733 3776 786 qure

2210 795 2309 849 sub
2338 796 2523 850 oculos
2546 796 2741 851 eadunt
2762 799 2926 867 magis
2947 800 3235 865 concitant,
3258 802 3377 856 ideo
3398 818 3492 857 vos
3513 806 3576 858 ad
3603 808 3777 862 taber-

2213 886 2397 941 nacula
2442 898 2744 941 sanctorum
2792 890 3013 944 istorum
3056 893 3227 946 mitto.
3273 892 3412 948 Nihil
3453 897 3595 950 enim
3634 898 3777 953 triste

2213 980 2439 1046 habent;
2468 982 2561 1037 sed
2591 992 2771 1051 utpote
2800 984 2889 1053 qui
2918 986 2968 1038 in
2996 986 3143 1041 eaalis
3170 989 3373 1058 tuguria
3400 1003 3492 1044 sua
3523 990 3774 1047 fundave-

2212 1074 2337 1137 rint,
2368 1074 2445 1128 sic
2470 1075 2650 1142 procul
2680 1092 2745 1129 ex
2776 1075 2931 1145 hujus
2956 1078 3078 1131 vita:
3107 1079 3333 1133 miseriis
3361 1080 3616 1145 habitant,
3648 1086 3781 1136 mili-

2213 1176 2383 1219 tantes
2408 1176 2590 1220 contra
2618 1167 2907 1233 diabolum,
2935 1178 2989 1222 et
3018 1170 3165 1238 quasi
3194 1170 3416 1225 choreas
3444 1184 3678 1242 agentes,
3705 1176 3778 1229 sic

2212 1257 2406 1311 bellum
2433 1268 2625 1327 gemat
2662 1258 2920 1313 adversus
2946 1276 3091 1315 eum.
3127 1260 3250 1316 Ideo
3277 1267 3601 1319 constructis
3634 1276 3779 1335 tugu-

2211 1351 2304 1404 riis
2328 1390 2342 1413 ,
2372 1351 2530 1406 urbes
2550 1392 2565 1415 ,
2600 1350 2772 1405 forum
2797 1393 2813 1418 ,
2839 1351 3028 1407 domos
3058 1353 3281 1423 fugiunt.
3309 1355 3440 1410 Nam
3471 1357 3559 1426 qui
3586 1358 3775 1411 bellum

2210 1441 2369 1508 gerit,
2417 1456 2520 1494 non
2547 1442 2704 1496 debet
2730 1443 2873 1496 domi
2904 1444 3122 1504 sedere:
3155 1445 3247 1499 sed
3274 1458 3516 1516 prompte
3545 1458 3776 1516 paratum

2210 1530 2535 1584 domicilium
2564 1531 2754 1584 habeat
2782 1541 3026 1601 oportet,
3054 1543 3113 1587 ut
3141 1534 3231 1604 qui
3261 1535 3367 1589 cito
3399 1537 3657 1605 proficisci
3686 1539 3777 1591 de-

2214 1622 2352 1673 beat.
2383 1620 2541 1676 Tales
2570 1630 2694 1676 sunt
2719 1622 2793 1676 illi
2820 1637 3029 1688 omnes,
3060 1633 3245 1678 contra
3268 1640 3425 1695 quam
3454 1641 3555 1682 nos
3580 1642 3774 1681 sumus.

2210 1713 2316 1766 Nos
2344 1713 2538 1782 quippe
2581 1728 2683 1767 non
2724 1722 2782 1768 ut
2824 1715 2875 1768 in
2922 1716 3198 1780 exercitu,
3248 1717 3342 1771 sed
3381 1719 3535 1787 quasi
3577 1719 3627 1772 in
3659 1736 3779 1788 pace

2212 1804 2418 1859 fruente
2443 1804 2574 1859 urbe
2594 1805 2839 1858 vivimus.
2872 1805 3002 1871 Quis
3025 1806 3166 1861 enim
3193 1821 3443 1875 umquam
3472 1808 3523 1861 in
3550 1810 3777 1862 exercitu

2212 1892 2553 1949 fundamenta
2598 1894 2725 1964 jacit
2749 1936 2764 1960 ,
2799 1905 2853 1949 et
2878 1895 3092 1949 domum
3122 1897 3413 1963 construit,
3444 1913 3603 1967 quam
3630 1900 3779 1967 paulo

2212 1994 2331 2055 post
2372 1986 2655 2041 relicturus
2702 1988 2821 2042 est?
2864 1987 3033 2042 Nemo
3077 1989 3357 2043 sane:scd
3401 1999 3453 2043 ct
3500 1991 3543 2044 si
3589 1992 3777 2059 quisid

2213 2078 2531 2141 tentaverit,
2579 2089 2635 2132 ut
2682 2078 2920 2148 proditor
2958 2079 3235 2134 occiditur.
3276 2080 3405 2148 Quis
3447 2080 3502 2135 in
3552 2083 3777 2136 exercitu

2214 2179 2372 2223 terra:
2398 2170 2580 2239 jugera
2612 2170 2777 2235 emit,
2824 2180 2875 2225 et
2929 2172 3311 2241 negotiationes
3337 2173 3596 2240 apparat?
3620 2173 3779 2227 Nemo

2211 2271 2392 2325 certe,
2436 2272 2489 2315 et
2521 2262 2643 2330 jure
2683 2262 2918 2331 quidem.
2966 2261 3095 2315 Nam
3123 2260 3191 2315 ad
3218 2260 3523 2316 bellandum
3554 2263 3775 2329 venisti,

2214 2367 2316 2405 non
2347 2352 2412 2406 ad
2440 2353 2835 2423 negotiandum.
2858 2352 2993 2420 Quid
3021 2353 3182 2423 igitur
3201 2351 3408 2407 laboras
3427 2354 3569 2408 circa
3591 2355 3776 2421 locum,

2212 2457 2367 2511 quem
2398 2443 2556 2513 paulo
2587 2452 2706 2510 post
2748 2443 3027 2497 relicturus
3069 2443 3167 2497 es?
3204 2441 3333 2497 Cum
3365 2446 3416 2496 in
3446 2445 3669 2513 patriam
3696 2461 3777 2499 ve-

2214 2534 2448 2587 nerimus
2479 2534 2527 2587 id
2555 2534 2746 2598 facito;
2774 2550 2894 2589 eum
2936 2536 2988 2588 in
3015 2550 3297 2604 supernam
3329 2536 3599 2591 civitatem
3626 2537 3779 2591 adve-

2214 2624 2469 2689 nerimus,
2498 2624 2581 2678 his
2606 2624 2801 2679 fruere.
2831 2626 2957 2680 Haec
2987 2626 3078 2680 tibi
3107 2640 3246 2681 nunc
3269 2626 3423 2689 dico;
3455 2643 3577 2681 cum
3604 2644 3780 2697 super-

2214 2728 2334 2767 nam
2376 2714 2765 2783 possessionem
2814 2715 2953 2769 naeti
3000 2715 3288 2780 fuerimus,
3333 2727 3459 2773 tune
3504 2717 3554 2772 id
3598 2717 3776 2778 facito;

2215 2805 2319 2858 imo
2347 2804 2474 2859 nihil
2505 2806 2595 2859 tibi
2627 2807 2732 2859 illic
2760 2807 2939 2861 labore
2968 2822 3100 2877 Opus
3125 2808 3265 2862 erit:
3296 2809 3405 2863 llex
3439 2812 3583 2865 enim
3612 2812 3779 2865 omnia

2214 2897 2319 2951 illic
2360 2906 2633 2966 operatur.
2690 2897 2784 2951 llic
2832 2898 2986 2952 nobis
3030 2899 3158 2952 satis
3209 2910 3288 2952 est
3338 2900 3536 2954 fossam
3581 2918 3779 2970 parare,

2212 2987 2408 3040 vallum
2435 2987 2625 3055 ﬁgere:
2652 2987 2854 3041 aedilicii
2889 2988 3027 3041 nulla
3058 2989 3347 3044 necessitas
3375 3001 3479 3045 est.

2289 3079 2719 3132 "autaa'obiorum
2740 3089 2787 3133 et
2811 3078 3103 3133 Nomadum
3128 3081 3248 3133 vita.
3287 3080 3402 3134 Vita
3429 3084 3781 3138 monachorum

2211 3188 2361 3240 quam
2388 3180 2581 3225 sancta.
2608 3200 2679 3211 —
2705 3170 2840 3225 Audi
2870 3186 3111 3239 quamam
3140 3172 3210 3225 sit
3239 3172 3684 3228 llamaxobiomm
3713 3176 3782 3245 (ri)

2210 3260 2526 3331 Scytharum
2566 3260 2691 3323 vita,
2718 3260 2857 3329 quod
2884 3260 3177 3314 Nomadum
3209 3261 3507 3317 institutum
3534 3264 3670 3317 vita).
3700 3266 3782 3318 Sic

2210 3362 2479 3421 oporteret
2509 3352 2838 3405 Christianos
2863 3352 3039 3406 vivere
3063 3393 3078 3417 ,
3108 3367 3203 3421 per
3239 3353 3424 3407 orbem
3466 3356 3743 3410 circumire
3765 3398 3780 3418 ,

2212 3452 2394 3497 contra
2420 3442 2691 3496 diabolum
2727 3452 3040 3512 pugnantes,
3074 3443 3310 3513 captivos
3337 3444 3403 3497 ab
3430 3445 3524 3499 illo
3548 3445 3782 3500 dett-mos

2212 3538 2519 3596 liberautes,
2565 3534 2761 3589 relictis
2800 3535 3045 3590 omnibus
3090 3535 3429 3591 saecularibus
3471 3537 3652 3593 rebus.
3686 3539 3783 3591 (Zur

2210 3631 2424 3684 domum
2454 3643 2678 3697 apparas
2702 3668 2717 3693 ,
2759 3643 2791 3680 o
2819 3627 2978 3682 homo
2994 3628 3018 3681 ’ἔ
3042 3644 3109 3683 an
3136 3638 3192 3683 ut
3223 3628 3445 3697 teipsum
3478 3631 3647 3699 magis
3673 3631 3779 3683 vin-

2208 3722 2352 3775 cias'!
2378 3722 2486 3775 Cur
2512 3721 2818 3774 thesaurum
2850 3719 3055 3774 defodis
3077 3762 3093 3785 ,
3138 3730 3193 3775 et
3222 3720 3495 3776 inimicum
3530 3736 3706 3777 contra
3734 3733 3781 3776 te

2210 3810 2437 3867 incitas?
2462 3826 2558 3865 cur
2583 3826 2712 3864 mur-
2735 3826 2761 3865 s
2791 3810 3022 3864 :cdilicas
3044 3851 3057 3871 .
3087 3819 3143 3866 et
3168 3811 3259 3865 tibi
3292 3828 3564 3867 carcerem
3595 3813 3779 3881 paras?

2208 3903 2357 3969 Quod
2388 3904 2432 3957 si
2461 3901 2574 3954 hate
2606 3901 2695 3955 tibi
2722 3901 2959 3955 dil'licilia
2989 3916 3109 3956 esse
3137 3903 3431 3969 videantur,
3477 3904 3548 3957 ad
3580 3906 3777 3960 illorum

2211 3995 2553 4050 tabernacula
2584 4008 2865 4064 pergamus
2889 4036 2904 4060 ,
2948 4004 3005 4048 ut
3046 4011 3111 4048 ex
3142 4010 3304 4064 opere
3326 4038 3340 4059 ,
3376 3997 3448 4050 rei
3481 3997 3776 4052 facilitatem

2206 4088 2526 4141 ediscamus.
2549 4084 2680 4139 Nam
2708 4099 2828 4138 eum
2858 4084 3062 4154 tuguria
3092 4086 3163 4139 illi
3185 4087 3554 4153 cxcitaverint,
3582 4089 3626 4144 si
3650 4103 3777 4158 opus

2205 4177 2273 4231 sit
2291 4176 2433 4230 illine
2450 4174 2742 4237 discedere,
2757 4174 2834 4229 sic
2848 4175 3135 4229 abscedunt
3155 4186 3203 4230 ut
3225 4176 3420 4231 milites
3435 4180 3525 4248 qui
3545 4186 3776 4247 tempore

2208 4267 2352 4336 pacis
2376 4267 2672 4321 exercitum
2698 4266 3019 4335 relinquunt.
3053 4266 3182 4319 Nam
3212 4267 3263 4320 hi
3288 4267 3533 4323 similiter
3559 4268 3773 4323 tentoria

2208 4356 2405 4427 tigunt.
2434 4355 2527 4410 sed
2554 4355 2710 4425 longe
2737 4357 2972 4410 suavius.
3002 4356 3134 4410 Nam
3168 4357 3321 4427 longe
3344 4360 3560 4413 suavius
3585 4371 3661 4414 est
3687 4374 3773 4413 so-

2206 4447 2484 4503 litudinem
2530 4447 2711 4501 videre
2759 4446 3060 4516 frequentes
3105 4448 3403 4503 monachos
3453 4448 3771 4514 habentem,

2204 4552 2363 4608 quam
2404 4537 2599 4591 milites
2645 4536 2697 4590 in
2741 4536 2977 4591 exercitu
3020 4536 3134 4591 vela
3177 4538 3479 4603 tendentes,
3518 4549 3571 4592 et
3603 4538 3772 4591 hastas

2206 4627 2462 4699 ﬁgentes,
2490 4637 2543 4681 ct
2567 4642 2595 4680 a
2626 4626 2846 4696 cuspide
2891 4625 3155 4682 hastarum
3184 4642 3371 4682 crocea
3400 4630 3552 4697 milia
3578 4629 3771 4697 depen-

2203 4718 2434 4785 dentes;
2493 4718 2768 4772 hominum
2823 4717 3216 4772 multitudinem
3268 4719 3431 4772 a'neis
3476 4718 3769 4787 capitibus,

2203 4810 2465 4865 umbones
2505 4808 2815 4881 clypeorum
2863 4808 3121 4878 fulgorem
3168 4808 3392 4862 multum
3440 4810 3765 4873 emittentm,

2205 4901 2381 4956 loricis
2412 4900 2625 4955 indutos
2653 4899 2846 4955 ferreis
2867 4942 2883 4965 ,
2916 4900 3113 4970 regiam
3159 4909 3404 4969 prompte
3431 4913 3683 4970 paratam,
3714 4899 3763 4953 il-

2204 4994 2391 5063 losque
2416 5008 2603 5047 omnes
2632 4992 2951 5061 prandentes
2994 5001 3049 5045 et
3089 4991 3212 5044 tibia
3256 4991 3516 5045 ludentes.
3550 4991 3661 5045 Non
3703 4991 3767 5042 ita

2198 5087 2489 5156 jucundum
2519 5085 2619 5140 hoe
2648 5084 2913 5139 theatrum
2958 5093 3041 5138 est
3060 5122 3076 5149 ,
3104 5099 3260 5153 quam
3293 5083 3393 5138 hoc
3416 5084 3483 5137 de
3509 5099 3613 5152 quo
3637 5094 3769 5135 nunc

2204 5179 2409 5247 loquor.
2440 5177 2570 5232 Nam
2595 5177 2637 5230 si
2662 5177 2712 5230 in
2739 5175 3076 5230 solitudinem
3101 5175 3373 5240 abeamus,
3401 5175 3767 5242 videamusque

2204 5270 2430 5323 militum
2456 5268 2653 5323 Christi
2683 5266 3017 5322 tabernacula
3044 5306 3061 5331 ,
3103 5281 3209 5319 non
3236 5266 3349 5319 vela
3384 5276 3601 5320 extensa
3631 5263 3764 5317 \itlc-

2203 5361 2394 5426 binms,
2442 5375 2546 5414 non
2593 5359 2861 5413 hastarum
2905 5356 3172 5426 cuspides,
3219 5372 3321 5410 non
3369 5357 3546 5425 peplos
3584 5366 3766 5408 aureos

2202 5451 2401 5503 tholum
2450 5451 2648 5518 regium
2693 5448 3019 5513 eflicientcs,
3066 5446 3160 5501 sed
3204 5461 3266 5501 ac
3307 5446 3352 5501 si
3393 5448 3510 5514 quis
3550 5446 3598 5497 in
3633 5453 3765 5495 terra

2262 5564 2334 5625 (α)
2360 5563 2764 5625 Βθίηθῐητικοιιίἰε
2785 5563 2993 5625 Scythis,
3018 5560 3103 5622 qui
3136 5561 3185 5610 lu
3208 5559 3435 5623 plaustris
3454 5558 3598 5607 vitam
3618 5554 3763 5618 dego-

2199 5624 2332 5683 baut,
2357 5624 2495 5673 multi
2518 5624 2789 5686 scripsere.
2814 5624 3038 5671 Horatius
3061 5636 3073 5670 :

2414 5680 2858 5757 (utoruniphmstra
2881 5697 3023 5756 rugas
3046 5681 3137 5753 rite
3160 5680 3353 5757 trahunt.
3369 5682 3536 5757 domos

2205 5747 2280 5796 De
2305 5742 2590 5797 Matralibus
2611 5742 2716 5796 sive
2738 5746 2980 5809 pecuariis
3003 5744 3179 5808 passim
3200 5742 3485 5791 Herodotus.
