4128 6412
354 368 459 420 (if-23

354 488 523 538 multo
544 482 640 531 hac
663 477 854 532 latiore
875 485 925 528 et
943 473 1200 526 immensa
1224 467 1417 520 multos
1433 463 1741 517 extenderet
1757 462 1934 521 (επ-105,

358 587 550 626 norum
580 579 739 637 atque
767 563 1006 618 mirabile
1034 562 1301 615 theatrum
1332 555 1655 616 ostenderet,
1687 552 1753 604 ita
1783 559 1837 604 et
1866 551 1934 602 ibi

357 665 540 718 videre
584 669 665 713 est
691 676 702 709 :
730 654 1028 710 habitacula
1073 651 1269 719 quippe
1310 648 1519 699 illorum
1564 645 1695 696 exulo
1726 658 1830 694 non
1859 641 1940 692 in-

356 755 547 808 feriora
580 746 888 804 testimanda
922 750 1047 797 sunt.
1071 761 1083 795 :
1109 757 1228 792 nam
1253 737 1424 806 angeli
1449 735 1512 789 ad
1535 750 1628 787 eos
1647 735 1936 794 divortunt,

357 848 464 898 imo
491 845 602 910 ipse
627 839 936 907 angelorum
967 833 1239 886 Dominus.
1267 828 1399 883 Nam
1425 828 1466 879 si
1490 826 1553 878 :ul
1584 824 1936 878 Abrahamum

357 941 652 994 Venetunt,
701 929 788 997 qui
835 939 1051 978 uxorem
1105 920 1330 974 habebat
1373 928 1424 972 et
1470 918 1604 969 filios
1633 913 1936 976 nutriebat,

357 1027 477 1095 quia
521 1020 834 1089 hospitalem
883 1017 1026 1069 illum
1057 1013 1304 1065 viderunt
1328 1027 1340 1063 :
1363 1024 1483 1062 cum
1511 1006 1757 1058 virtutem
1786 1005 1941 1071 longe

358 1119 612 1184 majorem
661 1111 971 1170 inveniunt,
1017 1117 1069 1159 et
1114 1103 1380 1157 Itominem
1429 1115 1460 1153 a
1501 1112 1724 1165 corpore
1750 1097 1942 1149 libera-

357 1219 467 1262 tmn
495 1250 507 1266 ,
543 1215 702 1272 atque
733 1205 782 1255 in
814 1214 973 1254 carne
999 1212 1211 1250 carnem
1243 1192 1648 1261 despicientem,
1679 1187 1846 1240 multo
1875 1189 1936 1237 lt-

359 1299 576 1352 hentius
606 1296 674 1348 ibi
704 1302 1007 1355 versantur,
1034 1300 1083 1342 et
1108 1288 1356 1341 chorcam
1383 1290 1543 1351 agunt
1569 1281 1694 1348 ipsis
1717 1293 1938 1332 consen-

359 1402 588 1443 Iaueam.
620 1388 796 1440 Mensa
826 1385 1020 1450 quippe
1048 1379 1184 1448 apud
1215 1379 1332 1431 illos
1359 1375 1503 1428 omni
1533 1377 1656 1426 luxu
1686 1372 1940 1424 immunis

357 1494 437 1536 est
459 1523 473 1544 ,
494 1464 497 1465 ν
520 1480 711 1534 mmnla
743 1488 796 1531 et
837 1474 1168 1545 philosophia
1201 1472 1374 1538 plena.
1404 1469 1516 1522 Non
1547 1464 1815 1534 sanguinis
1842 1463 1938 1517 riri

359 1573 495 1638 apud
531 1573 670 1633 illos,
705 1585 873 1636 neque
902 1567 1146 1620 dissectm
1173 1576 1384 1622 carnes,
1414 1576 1516 1612 non
1542 1557 1728 1624 capitis
1752 1569 1938 1623 grave-

365 1665 531 1727 lines,
557 1677 663 1714 non
685 1657 1044 1715 condimenta,
1069 1669 1173 1707 non
1195 1652 1348 1704 nidor
1367 1651 1617 1712 insuavis,
1640 1664 1741 1700 non
1767 1646 1941 1699 fnnms

357 1757 627 1822 ingratus,
674 1766 778 1804 non
825 1763 1049 1809 cursus,
1099 1744 1388 1804 tumultus,
1437 1741 1625 1802 tnrhzn,
1679 1738 1938 1790 clamores

358 1845 607 1904 onerosi;
655 1842 746 1895 sed
789 1840 939 1909 panis
966 1850 1019 1892 et
1046 1851 1212 1905 aqua;
1247 1836 1358 1887 lm-c
1397 1849 1460 1887 ex
1503 1831 1648 1900 puris
1676 1828 1936 1888 fontibus,

360 1938 445 1991 ille
489 1952 556 1989 cx
597 1934 756 2002 jttslis
804 1931 1092 1985 laboribus.
1143 1925 1292 1990 Quod
1344 1924 1386 1976 si
1441 1923 1632 1974 lautius
1675 1919 1941 1971 voluerint

360 2029 602 2097 epulari,
646 2026 819 2078 baccas
867 2021 1122 2078 lantitiam
1168 2017 1388 2084 implent.
1420 2032 1430 2066 :
1461 2023 1512 2065 et
1555 2012 1722 2078 major
1749 2009 1832 2062 hic
1860 2017 1940 2061 est

359 2121 624 2188 voluptas,
649 2131 806 2186 quam
835 2115 885 2167 in
917 2113 1075 2182 regiis
1103 2109 1322 2163 tnensis.
1354 2106 1536 2159 Nullus
1567 2104 1651 2157 hic
1675 2103 1832 2155 timor
1852 2110 1941 2153 :ntt

361 2222 564 2265 tremor
595 2226 606 2261 :
639 2224 740 2260 non
789 2206 1127 2274 magistratus
1157 2212 1401 2261 accusat,
1434 2213 1536 2249 non
1571 2212 1704 2248 lem‘
1732 2195 1936 2256 irritat,

359 2321 459 2355 non
497 2293 636 2354 tiiius
665 2301 716 2353 in
747 2312 1029 2352 maerorem
1056 2295 1287 2362 conjicit,
1321 2309 1422 2343 non
1455 2292 1594 2343 I'lsllS
1628 2289 1820 2341 nimius
1849 2301 1939 2339 rc-

357 2394 515 2447 solrit
537 2433 551 2455 ,
584 2406 687 2444 non
719 2389 1049 2443 adulatorum
1101 2399 1353 2438 nmnerus
1384 2382 1566 2445 inflat;
1600 2379 1691 2432 sed
1719 2378 1939 2447 angelo-

360 2502 473 2538 rum
523 2492 607 2538 est
651 2497 829 2534 mensa
854 2522 867 2542 ,
917 2479 1059 2532 onmi
1092 2475 1253 2529 simili
1289 2475 1513 2527 tumultu
1547 2485 1730 2524 vacua.
1763 2470 1941 2522 Strato

361 2576 503 2629 faeno
532 2574 595 2625 ad
618 2570 1030 2626 recumbendum
1049 2577 1288 2625 utuntur,
1311 2565 1515 2625 quodet
1537 2563 1774 2616 Christus
1797 2560 1938 2623 fecit,

359 2684 476 2719 ωιτη
531 2664 808 2734 prandium
855 2663 904 2714 in
947 2661 1163 2713 deserto
1207 2658 1368 2710 dedit.
1421 2655 1563 2707 illiilli
1603 2670 1729 2705 γυνη
1772 2667 1942 2720 neque

359 2773 455 2810 sun
484 2765 630 2811 tecto
659 2754 707 2806 id
742 2753 970 2814 faciunt,
1000 2750 1090 2804 sed
1121 2765 1215 2819 pro
1247 2759 1386 2802 tecto
1411 2747 1599 2801 ca-ltnn
1632 2745 1860 2809 habent,
1890 2753 1940 2796 et

362 2851 540 2903 lunam
572 2863 668 2917 pro
713 2847 942 2898 lncernm
981 2843 1203 2905 lumine,
1246 2857 1362 2910 qum
1394 2856 1489 2892 nee
1517 2839 1636 2890 oleo
1667 2847 1803 2906 eget,
1844 2850 1944 2889 nec

361 2943 651 2994 ministro:
688 2937 791 2990 illis
837 2946 985 2989 certe
1029 2933 1158 2988 solis
1207 2931 1467 3000 condigne
1515 2931 1634 2982 luna
1682 2929 1943 2980 ministrat

361 3034 554 3086 ltteetll.
637 3085 640 3089 ,

427 3125 479 3178 4.
530 3123 674 3176 llauc
716 3121 884 3191 angeli
919 3134 1154 3173 mensam
1195 3134 1259 3172 ex
1289 3117 1420 3171 cmlo
1463 3123 1766 3182 spectantes
1801 3128 1931 3182 gau-

359 3217 480 3270 dent
514 3227 560 3269 ct
596 3215 855 3268 la-tantur.
887 3212 1015 3264 Nam
1049 3212 1092 3263 si
1123 3210 1188 3263 de
1219 3225 1323 3261 uno
1365 3217 1642 3276 peccatore
1687 3208 1945 3268 pﬂ‘tlllcn-

365 3309 485 3360 tiatn
524 3316 712 3374 agente
741 3303 972 3373 gaudent
999 3300 1147 3370 (Luc,
1194 3299 1277 3352 15.
1300 3299 1388 3365 7),
1421 3297 1488 3350 de
1520 3306 1590 3349 tot
1611 3296 1769 3363 justis
1802 3295 1945 3360 ipsos

363 3397 697 3452 imitantibus
719 3395 841 3463 quid
876 3409 977 3446 non
1013 3392 1240 3444 facient?
1270 3389 1384 3443 Non
1416 3397 1494 3441 est
1525 3388 1592 3439 ibi
1619 3386 1866 3439 dominus
1895 3392 1947 3436 et

361 3507 550 3546 Servus
581 3507 594 3542 :
626 3503 810 3539 ontncs
836 3486 1004 3544 servi,
1036 3498 1223 3534 omnes
1257 3481 1427 3534 liberi.
1474 3479 1582 3532 Nec
1620 3487 1773 3548 putes
1819 3478 1946 3530 mni-

361 3601 474 3650 gina
511 3595 632 3634 esse
656 3579 704 3632 id
743 3577 883 3646 quod
902 3575 1096 3628 dicitur
1131 3591 1144 3628 :
1178 3591 1300 3626 nam
1336 3577 1472 3624 sei-ri
1501 3581 1683 3623 umtno
1712 3572 1846 3622 alter
1865 3575 1946 3620 al-

340 3676 564 3735 iterins,
608 3682 654 3724 ct
711 3669 909 3722 domini
954 3675 1139 3719 mutuo
1181 3674 1324 3718 sunt.
1375 3667 1668 3731 Appi-lente
1727 3676 1945 3729 Vespera

365 3779 521 3815 nemo
548 3769 769 3814 ntmstns
797 3769 914 3811 est:
948 3757 1088 3826 quod
1117 3756 1266 3807 nmlti
1317 3753 1588 3805 hominum
1639 3753 1908 3821 patiuntur
1930 3791 1942 3810 ,

364 3861 484 3909 dum
524 3856 833 3907 diurnorum
865 3850 1122 3902 malorum
1167 3845 1548 3900 Sollicitudines
1581 3842 1952 3895 animorevtil-

365 3957 514 4001 \‘ltlll.
545 3927 667 3998 Post
687 3959 891 3996 cmnam
920 3956 1023 3993 non
1057 3949 1178 3993 sunt
1212 3939 1349 3990 fures
1378 3936 1627 4000 timendi,
1659 3950 1758 3986 non
1805 3933 1950 3986 clan—

364 4040 537 4093 tlenda
555 4040 732 4106 janua,
754 4054 856 4088 non
879 4033 1228 4103 imponendos
1248 4032 1443 4094 \‘eClis,
1469 4047 1640 4098 neque
1671 4029 1755 4080 alii
1779 4037 1949 4080 metus

364 4133 579 4189 adsunt,
610 4128 696 4197 qui
726 4127 978 4195 plurimos
1007 4127 1293 4190 cxagilan',
1320 4122 1406 4190 qui
1436 4129 1681 4172 accurate
1711 4120 1949 4170 lucernas

366 4219 787 4289 exstingunnt‘,
828 4234 894 4269 ne
944 4215 1170 4268 scintilla
1222 4215 1363 4266 a-des
1416 4209 1682 4264 incendat.
1741 4208 1947 4262 Illorum

367 4313 631 4381 colloquia
659 4310 842 4364 eadem
871 4320 993 4361 sunt
1021 4306 1397 4373 tranquillitate
1427 4304 1576 4372 plena
1606 4321 1616 4355 :
1650 4316 1821 4369 neque
1858 4315 1948 4353 ea-

369 4407 515 4470 dem,
542 4417 663 4473 quae
690 4411 830 4463 'nos,
869 4400 1178 4468 loquuntur,
1219 4413 1340 4466 quae
1383 4396 1510 4449 nihil
1545 4395 1609 4447 ad
1649 4409 1746 4446 nos
1791 4393 1952 4458 perti-

371 4504 527 4548 neant
549 4511 561 4544 :
587 4495 677 4546 llle
699 4491 975 4562 praefectus
997 4489 1162 4541 factus
1178 4501 1278 4554 εει,
1303 4488 1389 4540 ille
1412 4486 1718 4555 praefectura
1738 4483 1951 4548 excidit;

373 4589 460 4641 ille
507 4594 747 4638 mortuus
782 4591 883 4645 est,
918 4593 966 4635 ct
990 4581 1122 4632 alius
1147 4580 1492 4632 hereditatem
1533 4578 1761 4646 excepit,
1799 4589 1955 4645 atque

373 4677 674 4747 hujusmodi
702 4676 835 4738 alia;
867 4674 958 4728 sed
993 4673 1065 4726 illi
1109 4687 1322 4740 semper
1345 4671 1410 4722 de.
1439 4670 1629 4722 futuris
1673 4670 1958 4738 loquttntur

376 4783 421 4823 et
479 4769 958 4840 philOSOphantur;
988 4781 1048 4818 ac
1076 4765 1116 4816 si
1152 4764 1201 4816 in
1243 4763 1347 4815 alio
1381 4762 1677 4814 habitarent
1703 4761 1862 4823 orbe,
1895 4775 1958 4812 ac

375 4863 416 4914 si
452 4863 503 4915 in
531 4859 722 4915 carlum
755 4857 996 4911 translati
1021 4863 1221 4916 essent,
1252 4870 1313 4907 ac
1340 4855 1382 4906 si
1413 4854 1480 4906 ibi
1512 4855 1670 4906 vitam
1716 4862 1954 4923 agerent,

373 4952 451 5006 sic
475 4952 541 5006 de
565 4949 868 5004 czelestibns
893 4963 1104 5016 semper
1132 4947 1438 5014 loquuntur,
1467 4945 1533 4998 de
1564 4945 1682 4997 sinu
1707 4943 1979 5005 Μηρὼθ(

378 5043 444 5095 de
470 5042 684 5094 coronis
729 5048 1056 5100 sanctorum,
1101 5038 1167 5089 de
1192 5035 1387 5091 Christi
1433 5035 1663 5099 chorea;
1710 5036 1777 5088 de
1821 5051 1957 5104 pra:-

379 5135 619 5188 sentibns
640 5133 780 5186 nttlla
807 5133 1034 5193 mentio;
1069 5130 1164 5185 sed
1187 5130 1321 5184 sicut
1346 5129 1411 5182 dc
1448 5130 1509 5181 iis
1534 5170 1548 5192 ,
1582 5146 1698 5197 qnzc
1728 5128 1959 5181 formicm

383 5226 430 5276 in
478 5224 825 5278 foraminibus
853 5223 963 5274 suis
991 5231 1173 5291 agunt,
1220 5221 1360 5289 loqui
1391 5235 1492 5272 non
1534 5221 1812 5289 dignamur
1847 5238 1856 5269 :
1887 5219 1962 5271 sic

383 5335 553 5388 neque
583 5319 656 5372 illi
682 5318 750 5371 de
777 5316 935 5370 rebus
953 5316 1469 5383 nostrisloquuntur,
1501 5315 1589 5366 sed
1615 5313 1677 5365 de
1707 5313 1846 5381 Rege
1877 5328 1964 5365 sn-

384 5425 573 5478 perno,
603 5409 669 5462 de
698 5407 839 5461 bello
867 5406 1136 5474 prmscnti,
1177 5405 1244 5458 de
1271 5404 1466 5456 diaboli
1493 5402 1962 5462 machinamentis,

382 5502 449 5555 de
480 5510 784 5568 sanctorum
820 5499 1003 5568 gestis.
1034 5497 1090 5551 Si
1118 5511 1236 5551 eum
1284 5495 1388 5548 illis
1414 5510 1805 5563 comparemur,
1839 5493 1963 5562 quid

385 5610 412 5647 a
443 5593 676 5648 formicis
717 5587 1047 5646 differimus?
1087 5588 1227 5642 Nihil
1269 5597 1433 5641 certe.
1471 5585 1602 5640 Nam
1643 5593 1699 5638 ut.
1734 5584 1966 5638 formica:

454 5815 467 5844 ¹
497 5813 608 5873 Alii,
635 5810 726 5871 qui
740 5818 877 5862 caule
901 5808 1120 5860 lucernas
1142 5813 1347 5868 vertant.

1309 350 1373 405 IN
1414 344 1816 402 ΜᾹΤΤΙΙᾸΞΠΜ
1861 341 2082 398 ΙΙΟΝΙΙΙι.
2129 343 2314 400 LXIX.
2356 349 2426 400 al.
2469 341 2636 400 LXX.

3531 345 3635 402 651

2046 464 2337 529 corporalia
2370 476 2577 529 curant,
2609 467 2675 520 ita
2703 475 2756 518 et
2780 480 2906 526 nos;
2939 475 3097 534 atque
3125 465 3207 517 illa
3236 465 3406 519 solum
3431 464 3634 519 utinam

2046 570 2386 619 cui-aremus;
2431 567 2484 610 at
2513 567 2658 611 certe
2685 573 2821 611 nunc
2849 557 3015 611 multo
3049 557 3248 626 pejora.
3281 557 3462 627 Neque
3488 563 3631 612 enim

2047 649 2113 701 de
2146 651 2464 702 necessariis
2494 649 2660 702 solum
2690 665 2812 701 cura
2858 660 2938 701 est
2979 649 3130 702 nobis
3150 689 3162 710 ,
3191 649 3326 702 sicut
3366 649 3630 714 formicis,

2047 741 2138 790 sed
2167 741 2324 792 etiam
2354 741 2418 791 de
2447 738 2750 806 sopri-fluis.
2785 741 2895 792 ll|:e
2941 756 3169 809 namque
3203 756 3420 795 cursum
3450 752 3637 797 tenent

2047 833 2189 884 omni
2236 833 2456 886 crimine
2505 832 2771 885 liberum:
2819 849 2914 886 nos
2967 844 3141 886 autem
3183 848 3394 887 omnem
3436 833 3636 902 rapina:

2048 925 2284 977 modmn.
2326 923 2508 993 Neque
2537 924 2785 978 formicas
2820 924 3107 988 imitamttr,
3145 928 3236 976 sed
3269 925 3420 993 lupos
3445 935 3498 978 ct
3526 925 3630 979 leo-

2050 1015 2242 1082 pardus
2282 1017 2430 1068 :intt)
2475 1025 2527 1069 et
2585 1016 2685 1069 illis
2736 1016 2944 1084 pejores
2991 1031 3192 1067 sumus.
3256 1015 3361 1068 lllis
3405 1031 3635 1085 namque

2047 1123 2168 1158 cum
2217 1107 2465 1161 rc~cendi
2497 1106 2710 1160 modum
2760 1116 2942 1158 natura
2986 1105 3163 1158 tribuit
3199 1124 3210 1157 :
3247 1120 3344 1159 nos
3374 1121 3503 1159 vero
3543 1123 3633 1159 ra-

2047 1199 2189 1251 tione
2215 1207 2269 1253 et
2295 1200 2544 1267 mqnitatc
2569 1199 2776 1252 ornavit
2807 1198 2940 1250 Deus
2974 1198 3026 1259 ¹;
3059 1207 3105 1249 at
3142 1211 3236 1250 nos
3269 1196 3393 1250 feris
3428 1198 3635 1250 ratione

2047 1291 2309 1343 destitutis
2331 1292 2624 1344 deteriores
2652 1292 2919 1345 evasimus
2946 1289 3049 1342 :illi
3083 1305 3207 1342 rem
3235 1290 3434 1358 angelis
3455 1306 3632 1360 :equa-
3704 1337 3707 1339 _

2049 1383 2142 1444 les,
2167 1384 2301 1436 sicut
2327 1384 2585 1452 peregrini
2608 1390 2662 1436 et
2687 1383 2903 1436 adveme
2924 1381 3008 1434 hic
3031 1391 3148 1434 sunt
3172 1399 3184 1441 ;
3210 1383 3258 1432 in
3281 1382 3632 1452 omnibusque

2046 1484 2172 1526 sunt
2192 1475 2345 1527 nobis
2373 1473 2680 1538 dissimiles,
2699 1474 2750 1527 in
2776 1473 3032 1538 restibus,
3053 1474 3194 1537 cibo,
3216 1473 3393 1535 domo,
3415 1474 3630 1537 calceis,

2046 1580 2312 1617 sermone.
2347 1564 2400 1617 Si
2439 1565 2556 1633 quis
2593 1574 2646 1618 et
2691 1564 2809 1616 illos
2846 1573 2899 1617 et
2938 1579 3035 1616 nos
3077 1563 3356 1631 loquentes
3403 1564 3628 1626 audiret,

2048 1665 2171 1709 tunc
2207 1656 2362 1724 plane
2393 1665 2574 1709 nosset
2603 1654 2874 1724 quomodo
2913 1655 2986 1708 illi
3033 1655 3274 1708 emlcstes
3314 1653 3491 1716 cives,
3537 1669 3634 1707 nos

2047 1765 2113 1803 ne
2146 1759 2284 1803 terra
2313 1749 2526 1818 quidem
2572 1748 2716 1816 digni
2749 1748 2937 1801 simus.
2984 1745 3112 1801 Ideo
3161 1761 3281 1800 cum
3311 1746 3428 1816 quis
3462 1746 3635 1815 digni-

2050 1853 2154 1896 tate
2185 1843 2405 1907 insignis
2433 1843 2554 1895 illos
2583 1844 2713 1906 adit,
2759 1851 2883 1896 tunc
2905 1841 3135 1894 maxime
3157 1841 3321 1892 fastus
3353 1841 3528 1892 omnis
3550 1840 3636 1893 de-

2043 1937 2241 2004 jicitnr.
2265 1935 2396 1990 Nam
2427 1935 2654 2004 agricola
2689 1935 2804 1998 ille,
2838 1933 3172 1987 saecularium
3202 1933 3437 1986 omnium
3468 1932 3634 2000 impe-

2048 2029 2198 2090 ritus,
2231 2043 2394 2096 prepe
2424 2027 2610 2080 ducem
2641 2027 2707 2078 de
2728 2026 2982 2094 dignitate
3009 2039 3100 2077 sua
3131 2023 3295 2076 altum
3333 2024 3626 2091 sapientem

2047 2124 2196 2174 sedet
2223 2137 2385 2188 super
2407 2129 2631 2173 stratum
2651 2118 2800 2183 fami,
2826 2134 2944 2171 cum
2973 2115 3189 2171 sordido
3212 2116 3489 2183 pulvinari.
3517 2115 3630 2168 Non

2048 2213 2188 2264 enim
2222 2212 2410 2264 adsunt
2444 2212 2511 2264 ibi
2554 2211 2641 2279 qui
2679 2211 2850 2278 ipsum
2879 2209 3137 2262 extollant
3176 2216 3226 2260 et
3274 2208 3490 2269 inflent;
3538 2205 3630 2260 sed

2047 2302 2272 2370 idipsntn
2315 2303 2526 2365 accidit,
2577 2318 2636 2352 ae
2668 2303 2708 2353 si
2738 2301 2856 2368 quis
2892 2299 2955 2352 ad
3002 2297 3270 2350 aurificem
3303 2307 3356 2351 et
3395 2307 3630 2351 rosetmn

2048 2397 2255 2457 veniat;
2287 2411 2405 2447 nam
2435 2403 2489 2448 et.
2516 2396 2582 2445 ab
2618 2410 2747 2446 auro
2779 2402 2832 2444 et
2872 2407 2898 2443 a
2927 2392 3062 2445 rosis
3093 2390 3290 2459 aliquid
3333 2389 3633 2458 splendoris

2046 2484 2275 2550 accipit:
2319 2485 2386 2537 ita
2419 2494 2470 2536 et
2503 2485 2596 2544 illi,
2628 2500 2690 2535 ex
2723 2482 3102 2534 llltlllm'llOl‘lllll
3133 2481 3294 2533 radiis
3319 2479 3514 2548 aliquid
3557 2481 3636 2533 lu-

2047 2581 2120 2631 eri
2151 2577 2462 2641 referentes,
2485 2578 2752 2645 paululum
2778 2577 2901 2645 quid
2927 2593 2988 2630 ex
3008 2575 3309 2643 arrogantia
3341 2575 3634 2643 deponunt.

2047 2673 2123 2723 Ac
2170 2671 2614 2738 quemadmodum
2665 2671 2751 2735 qni
2806 2669 2854 2720 in
2909 2668 3074 2720 altum
3131 2667 3370 2721 ascendit
3419 2668 3632 2730 locum,

2046 2765 2384 2833 quantumvis
2407 2771 2604 2815 statura
2641 2779 2833 2830 parvus
2853 2763 2938 2823 sit,
2971 2777 3224 2828 procerus
3250 2760 3459 2814 videtur
3485 2776 3634 2815 esse:

2048 2857 2123 2908 sie
2145 2865 2192 2906 et
2224 2856 2326 2914 isti,
2352 2871 2471 2907 eum
2500 2855 2753 2907 sublime.
2778 2854 2986 2906 illorum
3008 2853 3215 2905 animos
3241 2852 3458 2915 adeunt,
3491 2853 3640 2905 simi-

2049 2948 2124 2998 les
2171 2946 2272 2998 illts
2309 2954 2563 3013 apparent
2607 2946 2858 3012 quamdiu
2893 2944 2960 2996 ibi
2998 2952 3212 2996 manent
3250 2961 3261 2995 :
3295 2959 3413 2996 cum
3459 2953 3636 2996 autem

2048 3037 2442 3100 descenderint,
2476 3052 2661 3090 rursus
2689 3036 2999 3088 humiliores
3035 3035 3302 3096 ridentur,
3336 3035 3401 3087 ab
3427 3034 3520 3088 illa
3556 3035 3638 3087 al-

2052 3132 2274 3183 titudine
2297 3130 2510 3196 dejecti.
2533 3129 2673 3182 Nihil
2698 3128 2835 3195 apud
2869 3128 2986 3180 illos
3013 3136 3089 3180 est
3125 3142 3212 3179 res
3237 3168 3249 3188 ,
3284 3127 3411 3178 nihil
3453 3125 3640 3193 pra‘fe-

2049 3235 2163 3276 ctus
2197 3241 2209 3276 :
2237 3221 2328 3274 sed
2372 3219 2817 3290 qnemadmodmn
2864 3235 2960 3271 nos
2987 3218 3053 3272 de
3082 3218 3262 3288 pzteris
3288 3217 3406 3269 illos
3433 3232 3636 3286 reprm-

2051 3314 2382 3368 sentantihus
2412 3313 2645 3366 ridemus
2677 3327 2690 3364 :
2723 3311 2799 3363 sic
2823 3320 2876 3363 et
2907 3310 2976 3362 illi
3013 3317 3272 3362 tumorem
3303 3323 3509 3370 eorum,
3549 3308 3638 3377 qui

2053 3409 2178 3459 foris
2208 3413 2405 3458 mettnn
2430 3406 2508 3457 Sui
2535 3405 2769 3455 incutere
2790 3411 2992 3465 curant,
3021 3409 3296 3468 respuunt.
3317 3399 3369 3452 Id
3409 3399 3531 3453 inde
3558 3416 3640 3468 pa-

2056 3500 2154 3550 lam
2175 3509 2275 3563 est,
2307 3498 2446 3566 quod
2478 3499 2519 3550 si
2549 3498 2666 3565 quis
2689 3496 2814 3564 ipsis
2841 3510 3059 3564 regnum
3084 3503 3194 3545 tnlo
3219 3491 3639 3546 servandumof-

2054 3593 2234 3657 ferret,
2261 3608 2547 3659 numquam
2579 3590 2651 3642 illi
2681 3592 3016 3657 acciperent;
3038 3590 3338 3656 acciperent
3363 3586 3516 3651 forte,
3539 3587 3639 3640 nisi

2053 3685 2208 3736 altius
2231 3691 2501 3751 saperent,
2535 3682 2633 3734 nisi
2661 3692 3055 3748 temporaneam
3088 3694 3201 3733 rem
3232 3693 3351 3732 esse
3375 3686 3639 3746 putarent.

2055 3779 2158 3829 Car
2181 3794 2304 3845 ergo
2347 3791 2449 3828 non
2497 3774 2896 3842 properabimus
2928 3773 2991 3825 ad
3040 3773 3180 3825 illam
3232 3771 3638 3833 beatitudinem,

2056 3884 2158 3920 non
2189 3867 2285 3919 hos
2313 3866 2526 3932 angelos
2556 3864 2818 3914 adibimus
2841 3905 2852 3920 .
2885 3878 2986 3914 non
3021 3876 3177 3928 puras
3211 3870 3384 3913 restes
3418 3860 3644 3929 accipie—

2057 3977 2172 4013 mus
2194 4001 2205 4019 ,
2251 3968 2303 4012 et
2328 3973 2445 4010 eum
2491 3972 2676 4024 pompa
2730 3955 2823 4006 has
2854 3955 3061 4019 nuptias
3091 3952 3479 4005 celebrabimus
3501 3992 3515 4014 ,
3549 3950 3640 4004 sed

2055 4051 2282 4105 mendici
2314 4050 2666 4108 manebimus,
2698 4046 3016 4113 pauperibus
3045 4045 3210 4097 nihilo
3235 4044 3424 4098 melius
3446 4043 3637 4103 affecti,

2058 4145 2162 4195 imo
2211 4141 2391 4209 pejorc
2433 4156 2495 4192 ac
2543 4137 2931 4192 miserabiliore
2971 4151 3127 4203 quam
3179 4135 3250 4187 illi
3301 4132 3643 4187 conditione?

2056 4235 2187 4287 Nam
2220 4234 2320 4285 illis
2351 4241 2494 4284 certe.
2533 4230 2834 4283 miseriores
2865 4237 2988 4280 sunt
3019 4227 3107 4294 qui
3140 4227 3278 4279 male
3310 4237 3486 4293 partas
3507 4223 3644 4278 divi-

2060 4328 2157 4378 tias
2190 4324 2460 4392 possident
2489 4341 2500 4374 :
2550 4321 2739 4373 Iltt.‘l.tl5
2782 4320 2976 4387 quippe
3004 4327 3088 4370 est
3127 4316 3452 4377 mendicare,
3485 4329 3643 4383 qnam

2058 4418 2226 4471 aliena
2257 4430 2484 4483 rapere:
2520 4429 2639 4466 nam
2682 4410 2810 4464 illud
2851 4411 3037 4466 venia.
3096 4407 3196 4461 hoc
3248 4406 3511 4474 supplicio
3566 4405 3648 4457 di-

2058 4525 2255 4576 gnum;
2302 4517 2355 4561 et
2387 4507 2474 4560 ille
2523 4505 2733 4575 quidem
2779 4504 2940 4556 Deum
2990 4517 3094 4554 non
3150 4499 3411 4564 offendit,
3458 4498 3542 4552 hic
3594 4509 3646 4552 et

2063 4601 2229 4654 lleum
2255 4597 2474 4651 offendit
2510 4607 2562 4650 et
2619 4596 2861 4649 homines
2889 4611 2902 4646 :
2938 4594 3026 4645 ille.
3056 4593 3253 4660 rapime
3286 4593 3386 4644 fert
3409 4591 3646 4656 labores,

2062 4689 2289 4744 fructum
2321 4699 2495 4741 autem
2530 4701 2742 4739 omnem
2775 4684 2860 4736 alii
2888 4699 3032 4751 sirpe
3070 4683 3324 4736 tulerunt.
3359 4681 3481 4734 llzec
3522 4695 3645 4734 cum

2060 4783 2313 4841 :-i:iamtts,
2356 4779 2573 4832 avaritia
2623 4777 2764 4832 oumi
2793 4777 3053 4843 deposita,
3095 4775 3328 4827 cazlestia
3359 4782 3517 4841 atque
3541 4787 3648 4825 ca:-

2065 4878 2198 4930 leste
2223 4889 2443 4942 regnum
2471 4887 2590 4925 cum
2622 4869 2800 4922 smdio
2831 4869 2973 4920 omni
3008 4867 3297 4936 rapiamus.
3323 4864 3438 4917 Non
3471 4872 3647 4931 potest

2068 4968 2232 5033 enim,
2265 4982 2368 5019 non
2395 4971 2569 5034 potest
2594 4971 2742 5015 certe
2771 4961 2858 5028 qui
2900 4960 3168 5026 negligens
3207 4969 3289 5010 est
3331 4972 3395 5011 eo
3425 4958 3646 5010 intrare.

2072 5062 2279 5116 Utinam
2311 5073 2439 5112 vero
2467 5070 2655 5110 omnes
2675 5097 2688 5118 ,
2719 5053 2904 5122 vigiles
2929 5051 3060 5106 facit
3081 5060 3132 5104 et
3160 5050 3444 5119 diligentes
3464 5091 3478 5113 ,
3521 5049 3648 5102 illud

2067 5166 2489 5222 eonseqnamnr,
2539 5149 2707 5218 gratia
2762 5155 2815 5199 et
2868 5144 3189 5213 benignitate
3232 5143 3439 5196 [)umini
3488 5143 3652 5194 nostri

2069 5247 2192 5300 Jesn
2224 5241 2441 5304 Christi,
2491 5240 2572 5293 cui
2599 5238 2764 5308 gloria
2791 5245 2844 5289 et
2876 5236 3156 5304 imperium
3178 5235 3230 5288 in
3253 5235 3448 5289 stccula
3478 5249 3649 5286 sarcu-

2073 5340 2262 5393 lorum.
2294 5339 2460 5388 Amen
2491 5335 2510 5363 ²

2137 5441 2152 5464 ι
2173 5426 2262 5478 Hie,
2285 5428 2468 5477 variant
2498 5423 2812 5486 exemplaria.
2839 5421 2966 5471 Editi
3001 5421 3202 5486 habent.
3222 5433 3322 5486 nos
3341 5423 3654 5486 rcro_ratxona

2071 5500 2118 5543 et
2141 5493 2361 5552 a'qttitate
2390 5489 2582 5552 ornari!
2617 5479 2850 5552 Christus.
2877 5485 3036 5552 Pauci,
3064 5497 3169 5552 pro,
3197 5483 3437 5552 ienuit/tte,
3458 5479 3654 5550 legunt,

2072 5541 2247 5603 immite
2273 5550 2492 5600 nominis.
2520 5551 2825 5607 Lectionem,
2849 5557 2959 5608 quae
2989 5541 3229 5592 sincerior
3265 5543 3405 5592 nubis
3428 5541 3526 5587 visa
3562 5550 3654 5602 est,

2076 5621 2124 5665 la
2151 5623 2290 5664 textu
2315 5613 2583 5674 posuimus.

2138 5661 2326 5737 {Apud
2345 5673 2507 5737 Morel.
2531 5671 2727 5737 hamilia
2759 5668 2942 5737 desinit
2964 5668 3055 5715 hoc
3078 5664 3338 5737 mode...“
3369 5661 3558 5712 cau’estc
3583 5676 3652 5712 re-

2075 5728 2354 5803 gmtm‘cum
2375 5734 2503 5784 onmi
2525 5733 2682 5783 studio
2704 5730 2950 5794 rapiamus
2985 5737 3032 5776 nt
3073 5728 3236 5792 {tuum
3255 5731 3377 5778 bona
3401 5740 3660 5787 consequa-

2079 5814 2207 5860 mur,
2231 5807 2388 5863 grana
2409 5803 2474 5854 et,
2503 5804 2597 5845 etc.
