4128 6406
484 291 587 348 655

1203 297 1260 357 8.
1298 299 1579 364 JOANNIS
1615 309 2090 374 CIIRYSOSTOMI
2131 320 2450 380 ARCHIEP.
2491 327 3027 390 CONSTANTIN‘OP.

500 407 2131 451 *νη-Ἦ

3666 347 3764 406 656

1658 536 1996 602 HOMILIA
2043 543 2245 606 LXX.
2293 549 2378 609 al.
2425 551 2655 621 LXXI.

523 683 771 740 (ἶιιικὲἓ.
812 702 862 740 v.
905 688 992 745 15.
1039 689 1184 746 Tunc
1228 695 1467 752 abeuntes
1504 697 1759 756 Pharistei
1802 707 2069 762 consilium

770 778 1007 846 inierunt,
1035 791 1090 835 ut
1111 799 1220 837 eum
1247 786 1299 839 in
1328 804 1557 844 sermone
1583 806 1839 862 caperent.

576 865 625 920 1.
669 863 832 935 Tunc,
861 871 1196 938 quandonam
1221 875 1246 926 ?
1274 877 1498 944 Quando
1529 884 1760 939 maxime
1790 885 1911 941 illos
1946 903 2096 943 com-

507 957 669 1028 pungi
700 963 978 1030 oportuit,
1009 967 1227 1034 quando
1267 970 1648 1042 benignitatem
1677 978 1794 1046 ejus
1816 979 2092 1050 admirari,

500 1048 714 1116 quando
741 1050 913 1108 futura
946 1056 1234 1115 formidare
1263 1077 1357 1130 par
1377 1074 1513 1130 erat,
1532 1068 1746 1138 quando
1766 1085 1830 1125 ex
1855 1074 2098 1141 prmteri-

503 1139 572 1194 tis
594 1139 662 1195 de
701 1142 893 1200 futuris
934 1149 1262 1206 credentium
1294 1165 1429 1210 erat.
1460 1157 1590 1212 Nam
1623 1175 1746 1215 cum
1774 1139 1926 1219 factis
1955 1165 2096 1220 dicta

503 1231 827 1302 clamabant;
859 1239 1126 1306 publicani
1155 1257 1207 1297 et
1231 1248 1541 1304 meretrices
1567 1253 1926 1324 crediderant,
1968 1272 2098 1328 pro-

505 1321 683 1390 phetae
712 1336 766 1380 et
788 1327 917 1396 justi
947 1329 1208 1389 interfecti
1244 1335 1454 1394 fuerant
1481 1357 1495 1394 :
1521 1342 1588 1398 ab
1614 1343 1693 1400 his
1721 1361 1848 1401 vero
1873 1321 2096 1404 instituti

506 1429 612 1470 non
640 1416 912 1475 debebant
942 1424 1172 1480 futuram
1214 1443 1364 1484 suam
1414 1435 1708 1501 perniciem
1740 1454 1935 1509 negare
1958 1483 1972 1505 ,
2005 1441 2099 1497 sed

503 1515 560 1561 et
592 1509 814 1567 credere
843 1524 898 1569 et
945 1517 1282 1587 resipiscere.
1315 1526 1562 1581 Attamen
1607 1545 1778 1599 neque
1803 1533 1880 1587 sic
1904 1533 2102 1590 desinit

507 1599 719 1656 illorqu
765 1606 1023 1674 nequitia,
1052 1610 1145 1664 sed
1184 1615 1378 1669 crescit
1405 1625 1459 1671 et
1490 1618 1711 1675 ulterius
1738 1625 2097 1693 progreditur.

511 1689 708 1746 Verum
735 1697 858 1764 quia
890 1699 1072 1755 turbas
1101 1703 1369 1771 timentes,
1399 1709 1546 1764 illum
1569 1714 1974 1782 apprehendere
1993 1735 2098 1774 non

508 1783 800 1852 audebant,
840 1789 998 1844 aliam
1031 1792 1197 1849 iniere
1227 1797 1388 1861 viam,
1419 1811 1473 1854 ut
1515 1801 1567 1855 in
1607 1805 1895 1871 perieuhnu
1927 1811 2100 1880 conji-

507 1886 716 1938 cerent,
744 1889 794 1931 et
815 1879 1143 1948 publicarum
1164 1885 1497 1957 iniquitatunt
1522 1909 1670 1949 reum
1692 1879 2100 1958 constituerent.

511 1963 600 2018 16.
643 1964 855 2023 Mittunt
901 1973 1045 2027 enim
1087 1974 1134 2028 ei
1175 1977 1454 2048 discipulos
1493 2000 1612 2038 suos
1631 2003 1746 2040 cum
1792 1988 2100 2060 llerodianis

507 2055 725 2113 dicentes
747 2076 766 2113 :
789 2060 1052 2133 Magister,
1075 2069 1262 2123 scimus
1288 2073 1407 2140 quia
1429 2091 1582 2129 verax
1606 2095 1679 2144 es,
1699 2091 1745 2133 et
1775 2082 1906 2137 viam
1925 2083 2023 2140 Dei
2049 2088 2101 2142 in

509 2151 716 2206 veritate
742 2154 907 2216 doces,
961 2175 1052 2211 nec
1099 2162 1163 2215 de
1183 2163 1354 2234 aliqua
1380 2167 1469 2220 tibi
1513 2187 1634 2225 cura
1681 2185 1797 2230 est:
1827 2195 1926 2232 non
1969 2185 2102 2236 enim

508 2243 718 2312 respicis
741 2249 809 2298 ad
824 2265 1092 2316 personam
1117 2255 1399 2314 hominum.
1429 2263 1511 2316 17.
1538 2261 1635 2317 Dic
1654 2282 1772 2337 ergo
1793 2271 1955 2335 nobis,
1981 2273 2102 2340 quid

509 2334 598 2386 tibi
634 2336 876 2393 videtur?
917 2343 1029 2397 licet
1058 2361 1261 2402 censum
1291 2352 1415 2408 dare
1456 2354 1665 2424 Ca'sari,
1700 2334 1768 2414 an
1810 2379 1910 2417 nun
1932 2366 1958 2419 ?
1984 2367 2101 2420 'l‘ri-

513 2423 694 2481 butum
723 2431 865 2484 enim
893 2434 1003 2501 jaut
1033 2438 1346 2509 solvebant,
1373 2459 1495 2500 cum
1519 2463 1606 2504 res
1637 2451 1870 2520 ipsorum
1917 2457 1967 2510 in
1997 2458 2104 2513 lio-

507 2535 790 2579 manorum
819 2526 1100 2598 imperium
1128 2537 1466 2593 transissent.
1502 2541 1637 2609 Quia
1666 2546 1826 2616 igitur
1850 2549 2104 2610 videbant

508 2609 783 2668 'l‘tteudam
815 2626 869 2672 et
895 2618 1084 2677 Judain
1115 2622 1216 2681 hac
1243 2626 1314 2683 de
1341 2644 1502 2686 causa
1527 2635 1685 2703 paulo
1705 2647 1830 2694 ante
1855 2644 2099 2714 periisse,

511 2713 570 2758 ιιι
613 2706 703 2777 qui
749 2709 1093 2770 rebellionem
1144 2719 1570 2795 meditarentur,
1601 2706 1890 2800 cupiebant
1927 2706 2100 2807 ipsum

506 2814 722 2869 quoque
749 2803 887 2858 circa
921 2821 1008 2863 res
1034 2811 1248 2868 easdem
1271 2819 1562 2888 suspicioni
1590 2823 1880 2883 obnoxium
1913 2833 2106 2890 redde-

509 2903 588 2944 re.
624 2889 854 2964 ldeoque
901 2897 1192 2969 discipulos
1235 2921 1366 2964 suos
1410 2926 1532 2967 eum
1577 2915 1806 2974 Herodis
1844 2923 2102 2982 militibus

508 2983 792 3054 miserunt,
835 2989 1029 3059 duplex
1059 3000 1411 3068 przrcipitium
1441 3019 1708 3078 parantes,
1739 3022 1795 3067 ut
1823 3018 2099 3086 putabant,

503 3084 561 3130 et
593 3078 826 3151 undique
870 3083 1118 3154 laqueum
1151 3092 1432 3152 tendentes
1459 3107 1549 3165 ut,
1577 3078 1838 3174 quidquid
1874 3078 2096 3180 diceret,

503 3181 789 3236 caperetur
817 3174 984 3230 ahcis
1006 3219 1021 3244 ,
1052 3193 1117 3235 ac
1161 3183 1205 3235 si
1243 3200 1339 3253 pro
1385 3187 1702 3249 llerodianis
1729 3200 2097 3272 responderet,

504 3258 603 3328 ipsi
632 3277 968 3334 accusarent,
998 3271 1079 3325 sin
1107 3287 1204 3342 pro
1230 3275 1376 3344 ipsis,
1427 3281 1514 3334 alii
1538 3285 1970 3345 criminarentur.
1998 3294 2100 3347 At-

501 3351 592 3420 qui
620 3353 931 3411 didraehma
949 3359 1062 3430 jam
1095 3364 1330 3420 solverat
1361 3387 1373 3421 :
1403 3372 1495 3424 sed
1531 3372 1632 3429 hoc
1664 3377 1735 3429 illi
1761 3379 2096 3452 ignorabant,

502 3454 557 3499 et
580 3450 839 3502 utrumvis
865 3452 1088 3521 diceret,
1121 3471 1181 3511 se
1222 3473 1474 3529 eaptnros
1499 3482 1619 3520 eum
1645 3473 1952 3538 sperabant.
1985 3476 2099 3532 Ma-

502 3535 728 3593 luissem
751 3551 926 3595 tamen
950 3561 1070 3600 cum
1089 3560 1274 3604 contra
1298 3552 1630 3615 Herodianus
1662 3563 1860 3634 aliquid
1891 3567 2092 3625 dicere.

504 3627 736 3703 Ideoque
765 3636 1056 3707 discipulos
1088 3645 1304 3702 mittunt
1326 3690 1340 3713 ,
1383 3654 1470 3720 qtti
1504 3655 1648 3710 illttm
1689 3666 1968 3728 pra'sentia
2000 3681 2094 3722 Sua

502 3721 568 3775 ad
599 3723 647 3778 id
679 3725 1014 3798 inducerent,
1037 3747 1091 3788 ut
1122 3737 1268 3792 illttttt
1294 3746 1504 3808 prasidi
1535 3721 1804 3807 traderent
1828 3768 1876 3808 ιιι
1914 3767 2097 3825 tyran-

506 3831 652 3868 nmn.
685 3818 796 3874 Hoc
822 3824 968 3877 cnim
998 3835 1050 3880 et
1080 3827 1249 3885 Lucas
1276 3835 1578 3905 stthindit-at
1601 3842 1816 3912 dicens,
1858 3864 1952 3904 eos
1980 3861 2093 3906 tur-

502 3905 585 3960 bis
609 3914 962 3977 prmsentihus
995 3918 1372 3993 interrogasse,
1397 3939 1455 3983 ut
1483 3932 1650 4002 tnajus
1679 3947 1824 3994 esset
1854 3944 2095 3998 testimo-

502 4000 670 4055 nituu.
711 4001 1048 4064 Contrarium
1095 4028 1272 4070 autem
1302 4023 1522 4077 omnino
1551 4030 1756 4096 evenit;
1801 4032 1852 4086 in
1904 4037 2094 4105 majori

498 4090 698 4161 quippe
727 4093 940 4150 theatro
975 4103 1211 4159 stultitia:
1236 4123 1348 4164 sua:
1392 4127 1762 4184 argumentum
1807 4090 2089 4182 dederdnt.

498 4183 580 4236 Ac
610 4183 729 4240 vide
770 4189 1136 4249 adulationem
1174 4213 1393 4268 eorum,
1447 4208 1824 4282 occultumque
1867 4217 2089 4273 dolum:

501 4273 773 4347 Nouimus,
803 4281 1064 4352 inquiunt,
1091 4289 1212 4352 quia
1241 4309 1395 4348 verax
1429 4313 1500 4352 es.
1528 4299 1638 4354 Cur
1660 4319 1788 4374 ergo
1811 4305 2089 4376 dicebatis,

495 4369 760 4426 Scductor
783 4383 884 4437 est,
910 4388 983 4444 et,
1014 4379 1226 4437 Seducit
1251 4389 1468 4450 turbam,
1490 4398 1563 4454 et,
1590 4369 1911 4452 Damioniunt
1947 4401 2092 4456 habet

497 4459 692 4530 (Joan.
719 4464 770 4517 7.
807 4465 873 4519 12
901 4477 948 4522 et
974 4469 1059 4524 10.
1077 4473 1192 4544 20),
1218 4482 1294 4543 et,
1318 4477 1432 4534 Non
1451 4491 1615 4539 estex
1643 4485 1784 4542 Deo?
1807 4505 1905 4545 cur
1934 4495 2091 4562 paulo

502 4554 630 4611 alite
659 4561 1058 4622 consultabatis
1085 4574 1362 4639 quomodo
1394 4577 1549 4635 illum
1581 4554 1950 4643 occideretisi
1987 4589 2090 4646 Sed

501 4647 684 4703 omnia
705 4650 782 4703 illi
817 4651 975 4716 fiunt.
1005 4672 1166 4727 prout
1195 4664 1411 4724 insidiae
1433 4684 1756 4743 suggerunt.
1782 4677 1920 4744 Quia
1945 4683 2091 4737 enim

497 4739 656 4802 patilo
681 4751 804 4792 ante
833 4757 956 4798 cum
983 4752 1292 4820 arrogantia
1321 4739 1590 4827 dixerant,
1618 4761 1688 4817 In
1706 4739 1824 4834 qua.
1844 4779 2091 4838 potestate

491 4829 601 4884 Iure
637 4832 767 4901 facis
796 4835 1008 4907 (Matth.
1039 4839 1130 4896 2f.
1159 4842 1253 4916 23)
1278 4845 1301 4898 ’ἒ
1328 4861 1431 4903 nec
1468 4829 1876 4921 responsionem
1901 4871 2086 4918 extor-

490 4939 659 4994 quere
690 4940 997 4999 potuerunt,
1047 4948 1270 5008 sperant
1298 4941 1448 4997 illum
1477 4945 1782 5005 adulatione
1807 4953 2088 5012 emollien-

489 5015 616 5070 dum
663 5033 820 5087 esse,
849 5031 904 5078 et
930 5025 1287 5086 inducendum
1328 5042 1385 5087 ut
1421 5037 1691 5107 quidpiam
1720 5041 1864 5098 dicat
1900 5056 2084 5102 contra

493 5111 661 5182 leges,
685 5131 804 5184 qua:
835 5130 958 5174 tttnc
981 5123 1247 5191 vigebant,
1275 5140 1328 5184 et
1357 5129 1652 5188 dominanti
1686 5141 1937 5205 potentia:
1955 5157 2084 5196 con-

491 5207 736 5261 trarium.
767 5209 1108 5286 Quapropter
1137 5221 1311 5290 ipsum
1335 5239 1578 5282 verat-cm
1611 5230 1828 5296 dicunt,
1858 5234 1907 5288 id
1941 5236 2083 5305 quod

484 5308 602 5353 erat
650 5302 1000 5372 confitcntes;
1048 5325 1236 5366 verum
1284 5330 1391 5369 non
1443 5328 1584 5373 recta
1633 5329 1934 5393 sententia,
1989 5343 2082 5383 ne-

481 5407 588 5460 que
617 5394 866 5452 Volcntes
891 5398 941 5452 id
969 5399 1176 5467 dicunt,
1203 5415 1257 5460 et
1300 5407 1401 5462 hoc
1422 5412 1682 5478 adjiciunt
1711 5436 1724 5470 :
1755 5416 1871 5470 Non
1893 5430 1965 5473 est
1991 5420 2082 5473 tibi

479 5500 606 5538 cura
638 5485 706 5542 de
736 5491 930 5562 aliqua.
968 5493 1097 5551 \‘ide
1124 5513 1281 5568 quam
1312 5501 1568 5572 liquidum
1595 5509 1664 5561 sit
1684 5551 1699 5573 ,
1734 5512 1868 5565 velle
1897 5527 1991 5568 cos
2023 5514 2076 5568 itt

483 5576 788 5647 hujusmodi
832 5601 1139 5646 sermonem
1183 5595 1454 5666 conjicere
1481 5616 1636 5670 cum,
1680 5619 1786 5675 quo
1837 5606 2078 5663 Herodes

481 5671 801 5741 offendatur,
849 5691 903 5736 et
932 5681 984 5735 in
1017 5687 1314 5755 tyrannidis
1349 5671 1715 5764 suspicionem
1757 5698 1934 5752 veniat
1958 5739 1974 5765 ,
2019 5708 2076 5755 ut

480 5778 570 5834 qut
589 5781 772 5826 contra
793 5777 960 5845 legem
999 5788 1365 5853 tusurrcxcrit,
1391 5804 1497 5856 quo
1516 5786 1662 5842 illum
1686 5800 1740 5843 ut
1758 5790 2073 5848 seditiosum

2198 722 2254 766 et
2281 723 2564 785 tyrannum
2589 721 2850 789 supplicio
2869 725 3158 781 traderent.
3193 727 3324 784 Illud
3354 731 3494 785 enim
3519 772 3535 797 ,
3566 732 3683 787 Non
3711 746 3780 789 est

2199 807 2287 860 tibi
2327 825 2450 862 cura
2479 812 2542 863 de
2567 814 2754 881 aliqua,
2781 825 2855 881 et,
2906 817 3025 873 Non
3071 823 3279 891 respicis
3323 824 3392 877 ad
3425 841 3659 895 personas
3693 829 3778 879 Ito-

2203 900 2417 964 minum,
2445 902 2511 956 de
2543 903 2754 960 llerode
2785 918 2839 962 et
2865 909 3081 966 Caesare
3105 915 3206 967 sub
3231 915 3419 969 umbra
3445 916 3669 986 quadam
3701 919 3781 973 di-

2201 991 2439 1060 cebatur,
2470 994 2566 1048 Dic
2591 997 2747 1067 igitur
2775 1000 2917 1054 nobis
2937 1045 2951 1064 ,
2990 1004 3112 1075 quid
3141 1005 3230 1059 tibi
3255 1007 3490 1062 videtur?
3517 1009 3667 1065 Nunc
3693 1011 3785 1064 ho-

2204 1089 2428 1151 uoratis,
2456 1097 2510 1141 et
2535 1088 2810 1145 doctorem
2835 1096 3052 1161 putatis,
3076 1097 3164 1164 qui
3190 1097 3359 1162 illum,
3383 1115 3502 1155 cum
3523 1101 3591 1156 de
3618 1104 3785 1158 salute

2203 1185 2376 1230 vestra
2407 1177 2718 1246 dissereret,
2749 1187 3149 1250 contempsistis
3169 1228 3184 1252 ,
3211 1202 3355 1258 szepe
3380 1199 3435 1245 et
3465 1194 3782 1249 contumelia

2201 1267 2494 1326 ail'ecistis?
2514 1271 2662 1327 Unde
2683 1275 2842 1329 etiam
2863 1277 2949 1332 hic
2965 1281 3216 1335 eunettrdi
3236 1285 3501 1340 sententia
3524 1285 3782 1342 fuerunt'.

2205 1361 2282 1414 Ac
2313 1361 2430 1416 vide
2461 1364 2670 1419 illorum
2700 1368 2982 1425 vafritiem.
3004 1372 3116 1426 Non
3140 1374 3343 1437 dicunt,
3374 1377 3467 1432 Dic
3490 1379 3642 1434 nobis
3666 1382 3784 1450 quid

2209 1452 2425 1516 bonum,
2445 1456 2570 1526 quid
2592 1459 2740 1524 utile,
2763 1462 2888 1530 quid
2917 1465 3125 1535 legale?
3142 1468 3268 1545 sed,
3303 1469 3438 1536 Quid
3463 1471 3552 1525 tibi
3577 1474 3788 1529 ridetur?

2209 1543 2280 1597 Ita
2313 1545 2413 1600 hoc
2446 1564 2606 1602 unum
2628 1555 2961 1621 Spt-ctahant,
2997 1567 3049 1610 ut
3079 1543 3511 1628 traderentcutn,
3537 1573 3592 1618 et
3621 1574 3677 1618 ut
3697 1567 3788 1619 im-

2206 1639 2444 1704 perantis
2473 1641 2680 1696 hostem
2729 1643 3086 1703 declararent.
3118 1649 3173 1704 ld
3215 1651 3520 1722 significans
3566 1654 3788 1720 Marcus,

2205 1730 2674 1803 arrogantiamque
2719 1735 2954 1804 ipsorum
3008 1742 3514 1814 sanguinariumun
3561 1748 3788 1802 aninuun

2207 1823 2524 1891 ostendens,
2553 1826 2751 1883 dixisse
2779 1831 2899 1887 illos
2925 1833 3034 1888 ait:
3059 1834 3313 1891 Demusne
3339 1836 3533 1894 Caesari
3557 1858 3754 1897 censum
3774 1885 3790 1909 ,

2206 1928 2274 1966 an
2315 1930 2417 1968 non
2453 1917 2857 1990 demus(tllarc.
2892 1924 2978 1979 12.
3013 1926 3151 1998 l4)?
3179 1928 3252 1983 Ita
3297 1928 3538 1988 furorem
3587 1933 3792 2004 quidem

2208 2003 2519 2074 spirabant,
2552 2019 2606 2065 et
2637 2011 2858 2068 insidias
2904 2020 3305 2087 parturiebant,
3337 2024 3464 2078 dum
3493 2003 3690 2080 cultum
3721 2029 3791 2082 si-

2208 2097 2495 2153 mularent.
2523 2101 2660 2169 Quid
2694 2103 2854 2175 igitur
2875 2107 2998 2164 ille?
3024 2111 3108 2164 18.
3137 2112 3276 2178 Quid
3297 2132 3376 2170 me
3395 2118 3620 2182 tentatis,
3641 2119 3796 2189 [typo-

2207 2191 2391 2246 critaz.’
2413 2192 2656 2250 Vidistin‘
2681 2201 2953 2268 quomodo
2980 2203 3183 2273 majore
3209 2223 3332 2262 cum
3377 2211 3673 2265 acrimonia
3714 2228 3795 2267 re-

2207 2285 2508 2353 spondeat?
2547 2288 2680 2355 Quia
2723 2292 2864 2347 enint
2921 2297 3154 2366 nequitia
3180 2309 3234 2352 et
3275 2303 3510 2369 perfecta
3547 2313 3602 2359 et
3629 2318 3794 2359 mam-

2209 2373 2342 2429 fcsta
2369 2389 2506 2444 erat,
2533 2381 2713 2436 acrius
2743 2387 2928 2456 pungit
2966 2388 3108 2455 illos,
3138 2391 3314 2460 primo
3340 2394 3696 2460 confundens,
3734 2395 3796 2449 il-

2212 2466 2492 2540 lorumque
2515 2487 2606 2526 ora
2635 2473 2942 2544 obstruens,
2973 2490 3030 2534 ut
3077 2493 3284 2537 secreta
3335 2485 3551 2540 illorum
3592 2487 3643 2540 in
3683 2502 3792 2541 tne-

2207 2555 2354 2613 dium
2399 2561 2726 2631 adduceret,
2778 2576 2834 2622 et
2873 2569 3043 2638 palam
3074 2574 3325 2629 omnibus
3376 2576 3645 2643 redderet,
3694 2593 3794 2649 quo

2207 2651 2274 2705 ad
2303 2651 2451 2708 illum
2481 2656 2663 2711 animo
2689 2662 3058 2717 accessissent.
3090 2665 3143 2719 Id
3166 2680 3329 2735 porro
3360 2669 3606 2735 faciebat,
3635 2681 3794 2726 utco-

2211 2757 2330 2798 rum
2362 2749 2653 2816 nequitiam
2684 2753 3021 2821 reprimeret,
3055 2772 3122 2812 ne
3166 2758 3289 2812 talia
3323 2761 3518 2815 iterum
3545 2762 3793 2817 auderent

2208 2838 2274 2892 ad
2318 2841 2639 2899 nocendum.
2680 2846 2938 2913 Quamvis
2963 2850 3127 2905 verba
3175 2851 3468 2909 honorifica
3513 2855 3790 2910 admodum

2207 2941 2418 2997 essent;
2451 2949 2571 2988 nam
2602 2945 2659 2990 et
2686 2938 2997 3008 magistrum
3022 2942 3320 3010 vocabant,
3353 2954 3408 2998 et
3454 2961 3716 3013 veracem,
3745 2955 3793 3002 et

2209 3038 2492 3092 personam
2526 3043 2630 3081 non
2662 3031 3013 3101 accipientem
3047 3050 3061 3088 :
3087 3036 3179 3089 sed
3213 3037 3352 3091 Deus
3378 3054 3500 3092 cum
3526 3048 3687 3106 esset,
3717 3039 3794 3093 his

2206 3115 2381 3187 decipi
2402 3133 2508 3173 non
2535 3131 2763 3191 poterat.
2796 3123 2949 3180 Unde
2970 3135 3209 3195 poterant
3234 3129 3308 3184 illi
3325 3133 3608 3202 suSpicari,
3630 3134 3790 3204 ipsum

2207 3226 2312 3266 non
2361 3213 2716 3291 conjectaudo
2763 3217 3102 3288 increpasse,
3141 3222 3236 3276 sed
3288 3223 3337 3278 id
3395 3239 3517 3280 esse
3567 3227 3790 3297 signum,

2208 3302 2355 3358 illum
2378 3289 2585 3359 Secreta;
2607 3323 2793 3362 eorum
2827 3325 3004 3363 nosse.

2273 3401 2328 3456 2.
2371 3401 2481 3457 Nec
2507 3405 2635 3457 Satis
2665 3405 2738 3459 illi
2769 3405 2863 3460 fuit
2891 3409 3193 3476 increpasse
3223 3428 3236 3464 :
3267 3413 3476 3469 etiamsi
3509 3415 3790 3479 sufficeret,

2206 3491 2350 3545 illum
2381 3510 2500 3548 cum
2523 3497 2757 3550 animum
2790 3513 2974 3552 eorum
3017 3501 3408 3570 redarguisset,
3441 3506 3509 3559 de
3534 3516 3672 3560 tanta
3701 3523 3790 3561 ne-

2203 3585 2366 3654 qttitia
2402 3587 2656 3654 pudorem
2689 3590 2789 3642 illis
2821 3591 3080 3656 ingerere.
3131 3594 3236 3649 Sed
3267 3613 3369 3650 non
3404 3597 3492 3653 hic
3522 3603 3684 3663 stetit,
3709 3616 3794 3654 vc-

2205 3691 2320 3729 rum
2349 3679 2457 3732 alio
2481 3680 2640 3734 etiam
2671 3683 2828 3738 modo
2870 3685 3079 3738 illorum
3124 3702 3216 3742 ora
3247 3691 3481 3758 censuit,
3523 3709 3642 3748 cum
3671 3696 3744 3749 ait
3773 3712 3787 3748 :

2212 3770 2295 3824 l9.
2329 3769 2591 3826 Ostendite
2622 3775 2744 3828 milii
2783 3779 3034 3832 mttnisnta
3063 3796 3259 3835 census.
3305 3782 3367 3838 Ut
3401 3796 3581 3841 autem
3611 3799 3790 3842 osten-

2201 3859 2414 3927 derunt,
2447 3878 2541 3931 pro
2565 3881 2713 3921 more
2742 3881 2842 3921 suo
2867 3884 3050 3923 eorum
3081 3871 3259 3942 lingua
3277 3877 3598 3931 sententiam
3625 3878 3787 3944 eﬂ'ert,

2203 3954 2452 4027 ipsosque
2478 3958 2769 4016 decernere
2795 3963 2957 4032 cogit,
2989 3962 3042 4017 id
3086 3965 3282 4022 licere:
3311 3983 3432 4038 qua:
3459 3981 3576 4026 erat
3615 3971 3789 4040 ενιυιι-

2201 4049 2321 4101 dida
2345 4049 2593 4119 claraque
2620 4051 2861 4107 victoria.
2897 4055 3076 4125 Itaque
3104 4072 3226 4113 cum
3276 4060 3652 4134 interrogaret,
3683 4080 3783 4118 non

2201 4139 2451 4210 ignorans
2479 4143 2854 4214 interrogabat,
2889 4148 2981 4201 sed
3015 4158 3071 4203 ut
3099 4166 3164 4204 ex
3193 4150 3406 4207 illorum
3447 4157 3787 4226 responsione

2200 4250 2320 4288 reos
2341 4235 2459 4290 illos
2473 4251 2594 4292 esse
2616 4239 2905 4296 evinceret.
2939 4241 3069 4296 Nam
3093 4260 3214 4300 cum
3233 4248 3567 4321 interrogati,
3585 4251 3672 4307 20.
3688 4251 3788 4306 Cn-

2188 4326 2280 4396 jus
2324 4338 2396 4380 est
2439 4329 2652 4399 imago?
2681 4333 3108 4401 respondissent,
3142 4337 3380 4403 C(vsaris,
3426 4343 3502 4396 ait
3549 4342 3782 4398 illezel.

2199 4417 2413 4473 Reddite
2426 4438 2539 4490 qua:
2563 4434 2679 4476 sunt
2701 4424 2934 4490 Censoris,
2953 4426 3164 4496 Cresari,
3186 4445 3232 4485 et
3251 4449 3364 4501 quw
3381 4446 3499 4488 sunt
3524 4435 3636 4501 Dei,
3662 4436 3781 4489 Deo.

2199 4511 2309 4564 lloc
2336 4513 2479 4568 enim
2520 4529 2626 4570 non
2674 4527 2757 4571 cst
2806 4519 2954 4585 dare,
3011 4522 3103 4574 sed
3140 4524 3408 4579 reddere:
3444 4527 3494 4581 id
3536 4528 3675 4598 quod
3721 4543 3782 4582 ex

2197 4602 2424 4674 imagine
2465 4615 2520 4659 et
2545 4621 2609 4660 ex
2652 4607 2997 4679 inscriptione
3041 4615 3442 4670 ostendebatur.
3493 4619 3692 4673 Deinde
3719 4635 3784 4674 ne

2194 4696 2456 4763 dicerent,
2475 4700 2861 4758 llominibnsne
2889 4721 2986 4758 nos
3016 4707 3268 4776 subjicis?
3289 4710 3581 4779 suhjnnxit,
3601 4711 3662 4765 Et
3677 4727 3784 4784 quia

2192 4798 2310 4842 sunt
2334 4789 2451 4859 Dei,
2482 4791 2613 4847 Deo.
2652 4794 2802 4851 Licet
2825 4798 2966 4852 enim
2996 4808 3050 4852 et
3079 4799 3382 4856 hominibus
3411 4817 3508 4858 sua
3541 4804 3777 4871 reddere,

2192 4890 2248 4936 et
2277 4883 2384 4938 Deo
2411 4885 2562 4952 dare,
2609 4902 2730 4957 qua:
2758 4889 2827 4942 ab
2856 4889 3158 4946 hominibus
3188 4892 3285 4962 ipsi
3331 4894 3614 4950 debentur.
3663 4895 3781 4950 Ideo

2191 4975 2319 5031 dicit
2363 4977 2603 5033 Paulus:
2634 4979 2853 5036 Reddite
2894 4985 3126 5038 omnibus
3164 4985 3330 5040 debita
3369 5003 3389 5042 :
3429 4989 3512 5042 cui
3540 4988 3775 5060 vectigal,

2192 5073 2405 5143 vectigal
2430 5091 2448 5123 :
2471 5074 2554 5127 cui
2581 5074 2847 5140 tributum,
2878 5078 3115 5132 tributum
3143 5095 3163 5134 :
3200 5081 3282 5133 cui
3305 5083 3596 5168 honorent,
3624 5083 3777 5135 Itono—

2189 5183 2294 5219 rem
2322 5165 2499 5237 (Rom.
2545 5169 2630 5223 15.
2677 5168 2751 5242 7).
2782 5169 2860 5225 Tu
2897 5187 3026 5226 vero
3066 5187 3186 5226 cum
3219 5173 3398 5241 audis,
3439 5165 3622 5229 Redde
3661 5188 3775 5244 qua:

2188 5271 2313 5314 sunt
2345 5259 2594 5329 Caesaris,
2620 5262 2836 5327 Caesari,
2880 5262 2948 5318 de
2975 5264 3040 5318 iis
3067 5264 3117 5318 id
3148 5266 3321 5320 solum
3361 5266 3616 5336 iutellige,
3661 5278 3774 5334 qua:

2189 5352 2318 5406 nihil
2352 5355 2601 5421 pietatem
2633 5354 2862 5419 Imdnnt;
2899 5355 2968 5408 ita
2995 5366 3051 5410 nt
3081 5357 3124 5412 si
3157 5357 3373 5422 laedant,
3396 5356 3505 5425 jam
3534 5373 3638 5412 non
3659 5357 3770 5410 Ca:-

2185 5448 2344 5513 saris,
2393 5447 2486 5500 sed
2515 5447 2712 5502 diaboli
2745 5449 2999 5504 tributum
3028 5461 3082 5505 ct
3115 5451 3340 5520 vectigal
3367 5451 3494 5506 sint.
3535 5450 3655 5505 llaec
3681 5465 3771 5501 au-

2183 5537 2744 5596 dieulcsubticucrunt
2771 5540 2943 5606 inviti,
2962 5551 3016 5597 et
3041 5542 3360 5612 sapientiam
3388 5541 3504 5614 ejus
3530 5537 3766 5596 admirati

2248 5741 2261 5771 ³
2287 5745 2414 5796 ιιεεο,
2439 5737 2567 5788 unde
2584 5735 2736 5807 etiam
2763 5736 2843 5807 hic
2866 5736 3094 5788 concordi
3117 5735 3348 5807 senmttia
3369 5734 3584 5802 fuerin".
3609 5729 3760 5783 οωίθη

2182 5811 2256 5849 sat
2273 5801 2349 5864 il.,
2377 5814 2472 5851 nec
2495 5800 2620 5864 legit
2642 5802 2882 5864 Georgius
2901 5803 3271 5864 't'rapczuutius.
