4128 6416
473 389 581 448 659

471 511 761 563 citatorum
816 507 980 560 vitam
1024 517 1070 560 et
1115 503 1504 558 hcatitmlioem
1549 500 1884 569 anticipant:
1926 497 2057 552 soli-

475 602 720 655 tudinem
749 615 967 653 rursum
1002 606 1286 662 petanius;
1326 612 1450 649 nam
1484 595 1626 648 idem
1668 609 1861 647 rursus
1893 606 2058 657 argu—

473 705 716 747 mentum
741 691 1008 754 tractabo,
1027 704 1154 758 quia
1177 706 1271 742 vos
1287 703 1410 743 cum
1434 687 1713 756 voluptate
1740 686 1852 738 ba-e
1869 683 2055 738 audire

473 783 774 853 conspicio.
797 781 1094 837 Videamus
1117 797 1247 851 ergo
1269 782 1430 834 hodie
1445 780 1721 833 exercitus
1745 779 1867 831 illos
1893 777 2058 846 spiri-

475 879 683 932 tuales:
722 876 1006 930 videamus
1041 875 1376 945 voluptatem
1407 873 1605 926 timore
1629 871 1778 925 omni
1809 884 2056 924 vacuam.

473 967 592 1022 Non
615 968 759 1023 enim
777 982 904 1022 cum
922 966 1095 1020 hastis
1115 962 1465 1020 tabernacula
1482 971 1771 1033 occupant,
1788 971 1847 1015 ut
1860 961 2060 1015 milites

467 1059 612 1122 (nam
647 1057 733 1111 hic
755 1071 926 1126 nuper
955 1055 1169 1110 dicemli
1201 1053 1358 1108 linem
1389 1053 1488 1106 l'cci
1522 1051 1562 1122 ),
1594 1066 1767 1119 neque
1793 1065 1914 1104 colu
1963 1049 2061 1102 cli.

471 1150 586 1216 peis
612 1157 665 1203 et
688 1147 868 1202 loricis
900 1165 914 1201 :
943 1146 1035 1201 sed
1067 1146 1146 1199 his
1174 1145 1422 1199 «iniiiibus
1453 1144 1622 1196 nudos
1657 1141 1880 1200 videbis.
1909 1141 2058 1193 talia-

465 1259 572 1309 que
597 1251 904 1311 operantes,
930 1255 1048 1309 quae
1066 1254 1170 1292 non
1196 1245 1418 1306 possunt
1436 1236 1642 1289 illicum
1666 1234 1830 1286 armis
1860 1232 2055 1287 facere.

465 1333 521 1385 Si
554 1333 729 1400 possis
757 1331 961 1395 videre,
982 1330 1423 1392 veni,etmaoum
1454 1327 1584 1382 mihi
1611 1327 1843 1396 porrige,
1873 1342 2059 1380 eamus

464 1424 626 1477 ambo
651 1422 716 1476 ad
752 1422 852 1477 hoc
882 1422 1102 1487 bellum,
1133 1421 1521 1488 videamusque
1543 1419 1735 1471 aciem.
1762 1416 1890 1471 Nam
1917 1426 1971 1470 et
2006 1417 2056 1470 hi

464 1514 705 1583 quotidie
727 1522 982 1585 pugnant,
1008 1512 1252 1566 inimicns
1271 1510 1542 1571 occidunt,
1577 1519 1631 1562 et
1668 1507 2056 1576 concupiscen-

466 1608 566 1659 tias
605 1619 795 1659 omnes
844 1605 998 1658 nobis
1046 1602 1360 1658 insidiantes
1386 1601 1604 1655 vincunt
1636 1616 1651 1653 :
1685 1599 1802 1653 illas
1853 1599 2058 1651 videbis

468 1696 612 1750 luuni
635 1696 897 1765 jaeeotes,
941 1696 1086 1749 nullo
1117 1695 1368 1764 perditas
1392 1702 1539 1747 motu
1571 1709 1584 1746 :
1618 1702 1672 1747 et
1697 1691 2054 1760 apostolicqu

466 1789 668 1842 dictum
703 1787 830 1841 ilhul
859 1803 1023 1857 opere
1047 1787 1372 1855 completum
1405 1784 1723 1854 conspicies,
1749 1781 1849 1847 Qui
1870 1783 2057 1836 Clu-isti

465 1890 602 1939 sarit,
627 1895 829 1930 carnem
857 1879 1215 1944 cruci/imarum
1246 1892 1361 1928 cum
1386 1876 1519 1930 ritiis
1559 1885 1605 1928 et
1641 1873 2057 1940 concupiscentiis

465 1969 609 2042 (Gal.
641 1970 694 2024 5.
719 1969 834 2037 24).
867 1969 1053 2022 \‘idisti
1083 1967 1478 2022 multitudinem
1513 1975 1848 2019 mortuorum
1873 1963 2056 2032 jacen-

465 2063 621 2128 tium,
664 2061 842 2131 gladio
895 2061 1113 2128 spiritus
1143 2057 1482 2114 occisorum?
1528 2056 1652 2111 Ideo
1679 2071 1783 2109 non
1829 2063 1912 2108 est
1952 2054 2056 2108 illic

463 2156 715 2217 ebrietas,
746 2171 848 2206 non
879 2154 1162 2206 voracitas.
1199 2151 1252 2205 ld
1299 2150 1534 2205 ostendit
1585 2162 1791 2208 mensa,
1837 2155 1892 2201 ct
1942 2156 2055 2200 tro-

467 2262 637 2315 pa-um
677 2246 746 2299 ibi
790 2254 1049 2299 erectum.
1073 2243 1316 2297 Ebrietas
1341 2241 1482 2296 enim
1501 2251 1556 2295 et
1586 2239 1851 2293 voracitas
1871 2238 2056 2303 jacent

463 2349 710 2403 Inortuze,
731 2339 797 2391 ab
815 2353 965 2407 aquzr
993 2347 1118 2406 potu
1143 2337 1354 2404 fugane,
1381 2333 1469 2388 illa
1498 2332 1703 2386 scilicet
1717 2329 2055 2385 multiformis

463 2444 516 2486 et
541 2433 822 2498 multiceps
851 2430 980 2485 fera.
1013 2425 1477 2496 Quemadmodum
1512 2424 1654 2477 cuitn
1681 2422 1820 2492 apud
1846 2421 2056 2492 mytho-

465 2526 615 2593 logos
661 2524 838 2594 Scylla
880 2533 934 2576 et
965 2521 1161 2592 Hydra,
1193 2520 1274 2576 sic
1321 2527 1376 2574 et
1418 2517 1651 2572 ebrietas
1688 2515 1851 2568 multa
1882 2511 2053 2580 capita

465 2617 663 2669 habet:
701 2614 824 2668 hinc
853 2613 1163 2675 fornicatio,
1197 2609 1322 2665 inde
1363 2610 1462 2673 ira,
1500 2606 1716 2661 aliunde
1765 2605 2052 2667 nudlities,

461 2706 677 2761 aliunde
701 2717 884 2775 turpes
913 2718 1147 2759 amores.
1179 2701 1376 2758 Verum
1409 2699 1495 2754 hic
1524 2703 1620 2753 ista
1645 2698 1823 2752 omnia
1848 2697 2052 2750 sublata

462 2810 622 2863 sunt;
655 2798 862 2853 etiamsi
895 2797 965 2850 illi
1009 2794 1277 2850 exercitus
1304 2792 1356 2847 in
1385 2791 1658 2848 sexcentis
1702 2789 1858 2843 bellis
1892 2805 2054 2856 supe-

465 2901 606 2953 reut,
629 2890 696 2943 ab
729 2888 809 2942 his
838 2888 1081 2942 hostibus
1108 2887 1393 2940 vincuntur
1422 2901 1435 2936 :
1468 2899 1566 2938 nec
1588 2883 1712 2948 tela,
1745 2896 1842 2934 nec
1865 2881 2052 2946 has-tie,

466 2996 564 3036 nec
589 2980 714 3050 quid
755 2979 930 3034 simile
961 2986 1136 3049 potest
1164 2986 1350 3032 contra
1398 2975 1496 3029 has
1543 2973 1828 3042 phalanges
1863 2980 2007 3025 stare
2037 2987 2050 3022 :

463 3071 560 3128 sed
602 3073 732 3125 istos
758 3071 1018 3140 gigantes,
1063 3079 1334 3125 strenuos.
1387 3065 1475 3135 qui
1520 3065 1797 3118 immmera
1848 3061 2056 3113 fortiter

462 3173 648 3234 agunt,
680 3163 920 3216 invenias
965 3161 1082 3214 sine
1109 3157 1337 3213 vinculis
1366 3158 1553 3226 ligatos
1579 3168 1771 3209 somno
1801 3161 1857 3207 et
1881 3151 2056 3206 ebrie-

465 3267 594 3323 tate,
627 3257 742 3311 sine
769 3254 938 3317 catde,
971 3255 1088 3308 sine
1128 3250 1455 3314 vulneribus,
1496 3263 1560 3303 ac
1603 3248 1742 3301 sicut
1789 3243 2053 3298 vulnerati

460 3349 721 3420 iacentes,
749 3349 860 3402 imo
889 3347 1056 3400 multo
1082 3344 1317 3416 gravius.
1352 3343 1430 3418 Illi
1463 3356 1693 3411 namque
1715 3338 1902 3393 saltem
1943 3351 2058 3390 mo-

464 3451 576 3495 tmn
605 3440 836 3509 aliquem
877 3437 1109 3500 habent;
1143 3436 1195 3488 bi
1222 3449 1349 3488 vero
1387 3447 1564 3497 secus,
1593 3430 1686 3486 sed
1717 3431 1896 3484 statim
1921 3443 2053 3484 con-

464 3532 669 3588 cidunt.
705 3530 866 3584 Vides
902 3538 1027 3583 tunc
1050 3527 1342 3584 errreitum
1369 3535 1424 3580 et
1465 3525 1719 3590 majorem
1753 3531 1807 3575 et
1833 3521 2054 3575 mirabi-

467 3624 654 3678 liorem
683 3622 842 3678 esse?
862 3621 992 3676 Nam
1019 3622 1248 3673 victores
1281 3618 1396 3670 illos
1427 3615 1620 3670 milites
1642 3617 1751 3667 sola
1781 3613 2054 3666 voluntate

465 3715 722 3770 confodit.
761 3715 905 3767 Illam
951 3713 1094 3768 enim
1146 3719 1370 3764 matrem
1411 3708 1650 3763 omnium
1693 3705 1953 3759 malorum
1987 3706 2052 3756 ita

467 3810 730 3862 infirmam
763 3807 1012 3868 reddunt,
1043 3814 1100 3858 ut
1124 3805 1346 3858 uiolesta
1373 3809 1551 3870 postea
1579 3813 1700 3852 esse
1731 3815 1835 3851 non
1866 3796 2051 3864 possit.

471 3905 612 3957 Dure
637 3911 816 3957 autem
845 3901 1014 3969 lapso,
1034 3907 1089 3951 et
1117 3896 1331 3952 sublato
1347 3892 1543 3963 capite,
1577 3890 1837 3960 reliquum
1862 3903 2057 3956 corpus

467 3995 692 4064 quiescit
717 3991 995 4060 :hancque
1022 3991 1296 4042 victoriam
1317 4003 1347 4041 a
1365 3984 1585 4054 singulis
1613 3983 1684 4038 ibi
1717 3982 2055 4036 manentibus

469 4093 795 4152 I'eportatam
821 4097 1032 4135 cernas.
1067 4080 1181 4134 Non
1208 4079 1348 4131 cuitu
1373 4087 1426 4130 ut
1455 4076 1507 4129 iu
1553 4075 1700 4129 hisee
1751 4073 1902 4128 hellis
1922 4115 1936 4134 ,
1967 4073 2055 4140 qui

469 4174 635 4228 semel
660 4175 726 4226 ab
755 4188 860 4226 uno
892 4171 1182 4224 vulneratis-
1223 4179 1323 4234 est,
1351 4178 1405 4222 et
1431 4167 1594 4220 semel
1622 4165 1814 4220 cecidit
1841 4164 1927 4217 alii
1974 4167 2058 4216 vix

468 4280 643 4340 potest
672 4269 878 4341 plagam
912 4269 1110 4322 iul'erre
1140 4284 1153 4320 :
1185 4267 1278 4320 sed
1298 4279 1517 4319 necesse
1539 4273 1697 4318 estut
1721 4278 1906 4316 oinues
1925 4261 2061 4317 hanc

470 4365 635 4420 feram
662 4361 970 4417 confodiant
1001 4379 1014 4416 :
1042 4371 1096 4414 ct
1118 4359 1209 4430 qui
1236 4376 1340 4411 non
1379 4357 1500 4412 ferit
1524 4357 1690 4421 illam,
1737 4372 1834 4410 nec
1855 4356 2056 4425 dejicit,

468 4457 768 4528 exagitator
811 4460 983 4526 plane.

537 4551 590 4604 4.
611 4547 908 4603 Sobrietatis
925 4546 1163 4599 victoriae.
1189 4543 1525 4598 chularium
1543 4557 1827 4595 mensarum
1844 4539 2058 4594 deliciaz.

464 4639 784 4696 —-Vidistiu‘
822 4637 1153 4709 Splendidam
1199 4633 1513 4690 victoriam?
1555 4632 1837 4702 Tropzrum
1880 4631 2057 4696 enim,

466 4733 609 4806 quod
641 4747 830 4787 omnes
859 4731 1016 4785 simul
1044 4728 1310 4783 exercitus
1341 4726 1429 4797 qui
1463 4741 1557 4795 per
1584 4724 1766 4779 urbem
1795 4733 1920 4778 sunt
1952 4723 2060 4777 eri-

473 4839 599 4890 gere
624 4838 731 4875 non
757 4831 1009 4891 possunt,
1036 4818 1417 4888 unusquisque
1449 4819 1646 4872 horum
1671 4816 1852 4887 erigit;
1876 4815 2060 4870 oomia

478 4914 655 4984 iacent
700 4912 861 4968 simul
897 4913 1214 4966 vulnerata:
1245 4909 1480 4965 absurda
1525 4909 1838 4964 stoliditatis
1867 4909 2054 4977 verba,

477 5023 690 5061 vesanze
709 5007 1270 5076 cog‘tationes,vapor
1296 5003 1646 5073 iojoeundus,
1664 5013 1718 5058 et
1732 5002 1917 5058 omnia
1941 5017 2062 5072 quae

478 5115 542 5151 ex
562 5098 827 5151 ebrietate
850 5097 1048 5150 armari
1070 5097 1267 5150 solent:
1291 5105 1451 5162 atque
1470 5095 1756 5148 imitantur
1773 5095 2063 5148 Dominum

472 5206 626 5249 suum
644 5231 659 5255 ,
691 5188 758 5244 de
787 5204 892 5259 quo
920 5188 1195 5259 Scriptura
1222 5186 1532 5241 mirabunda
1554 5185 1685 5240 dicit
1713 5203 1726 5238 :
1752 5185 1829 5242 De
1851 5196 2069 5240 tori-nne

472 5283 522 5336 in
553 5283 632 5336 via
659 5279 827 5346 bibet;
859 5291 1121 5350 propterea
1150 5279 1386 5334 exaltabit
1413 5288 1566 5348 caput
1597 5277 1784 5348 (Psat.
1819 5277 1942 5333 l09.
1965 5278 1995 5329 7
2023 5283 2062 5347 ).

477 5371 719 5428 Voltisne
739 5385 770 5426 e
791 5373 1009 5441 regione
1033 5379 1360 5424 mortuorum
1384 5367 1777 5424 multitudinem
1796 5368 2066 5438 aspicere?

477 5465 705 5520 Delicias
745 5463 1025 5517 videamus
1065 5478 1129 5516 ex
1166 5461 1595 5529 concupiscentia
1633 5469 1801 5526 ortas,
1845 5475 1963 5529 qua:
2000 5475 2064 5513 ex

476 5555 866 5625 pulmentariis,
893 5539 1102 5621 requis,
1128 5567 1430 5606 mensarum
1457 5553 1829 5612 structoribus,
1857 5552 2069 5619 placen-

479 5657 648 5701 tarom
682 5645 976 5700 artiﬁcibus
1002 5642 1406 5712 suppeditantur
1460 5641 1626 5695 l’udet
1655 5643 1830 5695 oniuia
1873 5643 1958 5696 illa
1990 5643 2069 5695 di-

478 5753 601 5793 cere
631 5756 644 5791 :
675 5747 906 5791 attamen
943 5737 1224 5805 phasiauas
1252 5749 1377 5789 aves
1417 5735 1710 5803 proferam,
1748 5734 1866 5800 joi'a
1912 5733 2068 5789 fusim

483 5829 642 5882 mixta
662 5869 679 5891 ,
707 5827 919 5882 humida
941 5869 954 5892 ,
983 5828 1122 5883 sicca
1143 5827 1318 5882 edulia
1339 5868 1352 5888 ,
1385 5828 1526 5896 leges
1557 5825 1637 5878 his
1663 5827 1822 5879 rebus
1850 5827 2066 5896 positas.

1292 383 1351 442 S.
1373 381 1655 442 JOANNIS
1682 379 2155 438 CIIRYSOSTOMI
2199 379 2516 434 AllClllEP.
2555 379 3096 435 CONSTANTINUP.

3661 374 3768 428 660

2165 493 2300 548 Nam
2339 493 2489 563 quasi
2530 493 2912 562 rempublicam
2943 493 3336 563 gubernantes,
3379 505 3433 550 et
3467 494 3636 549 aciem
3679 498 3761 548 iu-

2164 593 2436 638 struentes
2455 625 2468 645 ,
2499 584 2577 637 sic
2604 593 2658 636 et
2686 585 2769 637 isti
2804 585 2905 638 hoc
2934 594 2986 638 et
3015 584 3118 639 huc
3149 586 3377 655 primum
3403 626 3419 652 ,
3451 586 3553 639 huc
3581 593 3636 640 et
3661 587 3764 639 huc

2163 675 2459 728 secundum
2504 675 2853 728 constituunt.
2901 675 2966 728 Et
3003 675 3093 728 alii
3125 677 3336 746 quidem
3366 677 3597 746 primum
3636 691 3765 730 aves

2164 782 2325 835 supra
2369 767 2626 820 Carhones
2668 781 2849 830 assas,
2899 766 3241 834 piseihusque
3283 767 3446 822 fartas
3493 767 3760 831 oll‘eruut;

2163 855 2255 910 alii
2272 857 2372 910 alia
2396 855 2539 908 initia
2560 857 3027 910 iuuuoderatarmo
3049 872 3324 911 cumarum
3342 869 3610 915 statuunt:
3630 863 3764 912 mul-

2165 957 2326 1018 taque
2355 950 2496 1002 circa
2530 948 2643 1001 ha-c
2672 959 2752 1002 est
2778 950 3104 1003 concertatio
3130 958 3184 1004 et
3212 949 3280 1004 de
3309 953 3584 1021 qualitate,
3617 962 3670 1006 et
3694 954 3764 1006 de

2163 1039 2388 1103 ordine,
2419 1048 2473 1093 et
2501 1039 2570 1093 de
2597 1040 2747 1108 Copia
2797 1057 2812 1094 :
2855 1051 3013 1109 atque
3053 1042 3121 1094 de
3161 1042 3264 1095 illis
3305 1053 3652 1105 (fttllCCI‘lalll,
3692 1045 3764 1098 de

2162 1130 2357 1199 quibus
2379 1130 2569 1184 sull'odi
2593 1131 2878 1190 deberent:
2904 1133 2991 1185 alii
3015 1132 3154 1200 quod
3182 1132 3456 1187 dimidimn
3485 1134 3646 1200 diem,
3671 1137 3760 1189 alii

2161 1220 2306 1288 quod
2330 1229 2496 1273 totum
2523 1221 2573 1272 in
2601 1222 2700 1273 illis
2722 1221 3014 1280 iusumant,
3038 1224 3125 1274 alii
3149 1223 3289 1291 quod
3316 1235 3525 1278 noctem
3548 1241 3763 1295 quoque

2162 1312 2437 1382 adiiciant.
2489 1313 2890 1382 Diccudumque
2929 1315 3064 1376 illis,
3117 1314 3284 1380 Vide,
3328 1319 3510 1378 miser,
3545 1333 3763 1371 mensu-

2165 1419 2280 1457 ram
2312 1405 2512 1459 ventris
2532 1446 2547 1467 ,
2581 1415 2632 1458 et
2662 1404 2729 1457 de
2763 1404 3115 1458 immoderato
3144 1405 3320 1459 studio
3349 1406 3625 1460 crubesce.
3661 1408 3760 1464 Ye-

2164 1511 2282 1550 rum
2316 1497 2445 1550 nihil
2479 1495 2780 1566 huiusmodi
2812 1497 2952 1566 apud
2982 1499 3202 1568 angelos
3231 1499 3376 1563 illos;
3418 1498 3510 1553 sed
3552 1509 3605 1553 et
3646 1500 3764 1555 lore

2160 1597 2218 1640 et
2244 1602 2432 1642 omnes
2456 1589 2902 1657 concupiscentiae
2932 1599 3108 1642 mortu
3129 1609 3157 1640 ι·
3189 1589 3257 1642 ibi
3290 1600 3432 1644 sum.
3469 1590 3582 1643 Non
3613 1591 3759 1646 enim

2161 1678 2228 1733 ad
2255 1679 2587 1734 saturitatem
2615 1690 2668 1734 ct
2693 1680 3050 1748 voluptatem,
3081 1681 3172 1736 sed
3198 1681 3261 1734 ad
3286 1683 3656 1737 necessitatem
3680 1685 3761 1738 ei-

2162 1769 2288 1823 bum
2337 1779 2554 1824 sunumt
2583 1788 2596 1824 ς
2631 1771 2759 1824 nulli
2793 1771 2861 1824 ibi
2889 1786 3148 1840 aucupes,
3179 1787 3277 1826 nec
3306 1773 3631 1840 piscatores;
3661 1775 3757 1828 Sed

2160 1861 2314 1930 panis
2341 1870 2398 1915 et
2422 1877 2578 1930 aqua.
2611 1861 2924 1916 Sollicitudo
2949 1871 3127 1915 autem
3156 1861 3269 1916 ha'c
3287 1903 3300 1925 ,
3327 1865 3606 1928 tumultus,
3636 1881 3759 1934 per-

2161 1953 2512 2015 turbationes,
2541 1954 2716 2007 onmia
2739 1945 2952 2007 demum
2983 1952 3104 2007 imle
3127 1954 3272 2022 pulsa
3302 1963 3445 2016 sunt,
3478 1967 3586 2007 tum
3616 1971 3645 2008 a
3674 1967 3759 2009 tu-

2161 2044 2334 2112 gurio,
2369 2055 2478 2098 tum
2507 2060 2538 2099 a
2567 2060 2822 2113 oorpore,
2857 2061 3079 2113 magnos
3110 2045 3178 2098 ibi
3210 2055 3394 2114 portus
3424 2063 3436 2098 :
3469 2047 3606 2114 apud
3635 2048 3760 2102 illos

2157 2145 2337 2188 autem
2366 2135 2590 2204 plurima
2619 2144 2927 2204 tempestas.
2957 2135 3222 2190 Rescinde
3249 2136 3409 2204 igitur
3433 2138 3759 2206 cogitatione
3785 2158 3787 2161 ·

2165 2235 2406 2279 ventrem
2437 2242 2621 2280 eorum
2652 2227 2740 2295 qui
2784 2226 2974 2280 talibus
3000 2227 3134 2280 cibis
3165 2226 3572 2295 ingurgitantur,
3612 2229 3760 2282 vide-

2161 2315 2242 2368 bis
2268 2318 2572 2387 congeriem
2605 2333 2884 2387 magnam,
2915 2317 3152 2386 impuros
3176 2315 3391 2370 canales
3411 2358 3424 2381 ,
3469 2321 3761 2385 sepulcrum

2157 2405 2444 2460 dealbatam
2465 2407 2674 2479 (Matth.
2705 2408 2795 2462 25.
2818 2407 2914 2476 27)
2941 2425 2954 2461 :
2979 2423 3100 2477 qua:
3125 2416 3422 2477 sequuntur
3447 2423 3574 2462 Vero
3597 2412 3761 2478 pudet

2156 2497 2339 2551 dicere
2364 2537 2378 2560 ,
2407 2509 2591 2551 ructus
2622 2497 2893 2565 insuaves,
2924 2500 3175 2563 vomitus,
3207 2497 3513 2568 egeStioues
3540 2515 3757 2552 sursum

2157 2590 2431 2645 deorsum.
2457 2592 2526 2644 At
2551 2590 2601 2644 iu
2629 2590 2920 2644 Solitudine
2943 2589 3105 2644 hasce
3124 2591 3584 2659 concupiscendos
3611 2609 3760 2645 mor-

2161 2689 2284 2732 tuas
2314 2680 2431 2733 vide
2453 2721 2468 2744 ,
2500 2695 2705 2734 neeooii
2733 2680 3160 2734 vehementiores
3187 2679 3311 2734 inde
3341 2690 3489 2734 ortos
3517 2699 3755 2748 anan-es,

2157 2787 2418 2827 veuereos
2452 2773 2572 2828 dico
2618 2790 2632 2827 :
2679 2773 2776 2828 bos
2815 2775 3010 2844 quippe
3038 2788 3225 2828 omnes
3254 2773 3522 2844 projectus
3547 2775 3758 2830 videbis

2157 2881 2278 2921 cmn
2306 2867 2477 2935 equis,
2505 2881 2626 2921 eum
2665 2866 2945 2936 iumentis.
2988 2866 3296 2920 .lumentum
3336 2866 3515 2932 enim,
3559 2868 3758 2935 telum,

2159 2974 2330 3028 equus
2354 2958 2421 3013 ad
2448 2959 2760 3013 obscmnum
2800 2972 2934 3028 Opus
2972 2956 3379 3027 exprimendum
3415 2957 3756 3012 adhibentur.

2157 3051 2261 3106 Sed
2292 3051 2492 3106 vidi-bis
2517 3052 2673 3106 simul
2701 3066 2894 3121 equum
2913 3059 2975 3106 et
2998 3065 3338 3106 ascensorem
3368 3052 3544 3115 talem,
3572 3061 3626 3104 et
3649 3052 3757 3105 tela

2155 3146 2382 3214 jaCt'ttlia
2415 3163 2428 3198 :
2455 3143 2563 3198 illic
2588 3159 2716 3200 vero
2732 3143 3000 3199 contraria
3026 3143 3228 3210 omnia,
3250 3144 3456 3196 animas
3479 3153 3711 3196 mortuas
3740 3146 3757 3174 ‘

2159 3239 2414 3306 dcit-esas.
2447 3237 2626 3307 Neque
2657 3237 2710 3292 in
2738 3251 2922 3292 mensa
2948 3246 3150 3290 tantum
3179 3235 3400 3290 victoria
3428 3235 3625 3290 sanctis
3654 3235 3761 3288 illis

2159 3330 2446 3400 conspicua
2469 3371 2484 3394 ,
2516 3329 2610 3384 sed
2637 3338 2692 3384 et
2721 3329 2772 3383 in
2803 3329 2923 3383 aliis
2944 3370 2959 3394 ,
2994 3329 3044 3382 iu
3077 3328 3345 3398 pecuniis,
3383 3328 3432 3381 in
3461 3327 3656 3397 gloria.
3702 3329 3757 3380 in

2161 3422 2358 3484 livore,
2395 3421 2445 3474 in
2473 3420 2876 3491 a~gritudinibus
2909 3420 3179 3474 omnibus.
3209 3419 3401 3473 Annon
3445 3434 3573 3488 ergo
3599 3418 3755 3472 vide-

2161 3522 2248 3568 tur
2278 3513 2372 3567 tibi
2402 3512 2488 3568 hic
2515 3515 2781 3568 exercitus
2809 3513 2996 3568 fortior
3024 3512 3138 3578 illo,
3176 3520 3233 3567 et
3269 3511 3383 3566 hzcc
3419 3526 3600 3565 mensa
3641 3527 3760 3564 me-

2162 3606 2301 3660 lior?
2330 3607 2459 3672 Liuis
2489 3606 2860 3662 contradicat?
2902 3605 3091 3671 Nemo,
3135 3619 3203 3660 ne
3244 3604 3455 3674 quidem
3502 3619 3568 3658 ex
3614 3604 3756 3670 illis,

2161 3699 2369 3751 etiamsi
2412 3697 2696 3752 admodum
2743 3699 2923 3753 l‘orens
2961 3697 3050 3752 sit.
3099 3697 3225 3752 Ha-c
3252 3698 3450 3766 quippe
3478 3700 3529 3750 in
3557 3697 3748 3750 caelum

2162 3789 2342 3852 tnittit,
2375 3789 2460 3841 illa
2491 3790 2558 3844 ad
2586 3790 2883 3857 gehennam
2922 3789 3082 3844 trahit
3109 3806 3122 3842 :
3157 3788 3295 3843 hanc
3317 3789 3557 3842 diabolus
3585 3798 3759 3855 parat,

2164 3881 2307 3936 illam
2334 3881 2578 3935 Christus
2603 3897 2618 3934 :
2651 3883 2786 3936 hanc
2812 3882 3052 3945 voluptas
3077 3892 3131 3936 et
3155 3881 3310 3936 luxus
3331 3879 3583 3944 disluinit,
3612 3879 3762 3933 illam

2165 3974 2495 4044 philosophia
2524 3983 2581 4028 et
2608 3979 2957 4042 temperantia
2990 3992 3003 4028 :
3048 3972 3134 4028 hic
3160 3973 3404 4027 Christus
3432 3972 3618 4035 adest,
3649 3972 3764 4025 illic

2163 4066 2426 4121 diabolus.
2456 4067 2552 4121 Ubi
2573 4066 2714 4120 enim
2736 4066 2989 4132 ebrietas,
3019 4066 3090 4120 ibi
3119 4066 3360 4120 diabolus
3381 4075 3462 4119 est
3494 4082 3507 4118 :
3542 4065 3628 4117 ubi
3658 4063 3766 4116 ob»-

2163 4174 2343 4213 scmna
2363 4158 2542 4218 verba,
2559 4157 2646 4212 ubi
2663 4158 2932 4222 saturitas,
2953 4157 3024 4212 ibi
3045 4156 3318 4211 daemones
3334 4159 3560 4209 choreas
3574 4163 3761 4223 agunt.

2165 4249 2345 4304 Ta'em
2375 4249 2559 4303 habuit
2587 4263 2822 4302 mensam
2847 4248 2996 4302 dives
3022 4248 3145 4313 ille;
3176 4247 3400 4317 ideoque
3432 4261 3532 4300 nec
3558 4246 3757 4299 stillam

2164 4357 2316 4412 aqum
2349 4340 2577 4394 habebat
2604 4339 2754 4410 (Luc.
2791 4341 2876 4394 l6.
2904 4340 3023 4408 24).

2238 4433 2292 4488 5.
2333 4434 2402 4486 At
2439 4431 2685 4485 monachi
2727 4447 2832 4485 non
2867 4430 3022 4484 talem
3055 4430 3283 4488 habent.
3317 4428 3409 4482 sed
3441 4427 3760 4495 angelorum

2182 4525 2343 4578 vitam
2411 4523 2632 4589 vivunt,
2693 4539 2794 4578 nec
2838 4540 3032 4580 uxores
3081 4523 3302 4588 ducunt,
3332 4536 3505 4591 neque
3531 4519 3766 4575 diodor-

2168 4614 2372 4679 miunt,
2409 4629 2510 4668 nec
2533 4610 2738 4667 deliciis
2765 4613 3011 4677 student;
3037 4611 3134 4674 sed
3165 4621 3520 4681 pneterqoam
3553 4611 3603 4665 io
3634 4627 3762 4681 pan-

2165 4707 2245 4761 eis
2285 4703 2612 4775 quibusdam
2635 4743 2649 4766 ,
2697 4702 2998 4770 incorporei
3027 4702 3294 4756 videntur.
3325 4702 3455 4768 Quis
3496 4703 3655 4773 igitur
3682 4715 3768 4758 est

2167 4796 2255 4865 qui
2289 4804 2394 4849 tam
2424 4793 2578 4849 facile
2600 4796 2784 4848 hostes
2811 4792 3032 4846 fundere
3059 4794 3254 4863 possit,
3284 4804 3337 4846 ut
3370 4795 3647 4863 prandium
3674 4811 3767 4847 su-

2168 4886 2385 4951 mendo,
2415 4894 2674 4955 tropaeum
2701 4885 2914 4954 erigat?
2956 4883 3189 4955 Ideoque
3215 4885 3288 4938 ait
3319 4884 3574 4954 propheta
3607 4904 3620 4940 :
3657 4884 3753 4939 l’a-

2167 4981 2290 5035 ηιεεὶ
2316 4979 2369 5033 in
2399 4987 2666 5048 conspectu
2706 4993 2814 5030 meo
2854 4993 3076 5030 "tensam
3113 4976 3352 5030 adversus
3380 4993 3462 5029 eos
3488 4977 3574 5042 qui
3605 4978 3768 5030 triba-

2163 5069 2276 5125 lant
2301 5086 2380 5125 me
2403 5069 2422 5141 (
2444 5067 2586 5124 Psal.
2619 5067 2711 5122 22.
2742 5069 2837 5138 5).
2867 5067 2981 5121 Νοη
3012 5067 3156 5121 enim
3183 5067 3385 5121 errabit
3423 5068 3467 5121 si
3507 5069 3627 5136 quis
3667 5067 3768 5121 hoc

2168 5159 2436 5230 eloquium
2483 5175 2722 5214 mensam
2767 5167 3012 5228 spectare
3053 5156 3267 5212 dixerit.
3315 5157 3455 5212 Nihil
3502 5159 3643 5212 enim
3691 5159 3768 5210 sic

2170 5251 2402 5304 animam
2435 5251 2642 5316 turbat,
2683 5258 2740 5304 ut
2776 5249 3206 5317 concupiscentia
3248 5247 3518 5312 absurda,
3560 5249 3769 5304 delirizc

2170 5343 2448 5409 ciborum,
2489 5343 2758 5409 ebrietas,
2798 5351 2851 5396 et
2894 5341 3031 5394 mala
3071 5357 3190 5410 qua:
3229 5341 3351 5395 imle
3393 5343 3634 5395 oriuntur
3668 5359 3681 5395 :
3716 5352 3771 5395 ct

2177 5435 2279 5491 hoc
2307 5444 2502 5490 norunt
2530 5435 2619 5504 qui
2654 5435 2838 5488 harum
2879 5447 3057 5486 rerum
3088 5432 3382 5502 periculum
3421 5431 3676 5487 fecerunt.
3712 5433 3768 5489 Si

2179 5536 2359 5582 autem
2374 5525 2643 5590 didiceris,
2665 5524 2804 5579 unde
2827 5524 2940 5579 lucc
2961 5537 3143 5578 mensa
3165 5522 3463 5592 colligatur,
3488 5523 3628 5578 unde
3655 5525 3766 5592 illa,

2177 5634 2301 5676 hinc
2345 5619 2510 5691 probe
2537 5618 2676 5674 scies
2713 5634 2833 5689 quae
2869 5617 2941 5673 sit
2975 5617 3114 5672 inter
3141 5625 3420 5686 utramque
3447 5615 3762 5674 dim-rentia.

2242 5777 2258 5808 ί
2288 5776 2340 5824 lu
2364 5777 2649 5886 quibusdam
2675 5775 2873 5844 legitur,
2900 5772 3002 5824 illic
3038 5787 3150 5826 vero
3187 5783 3366 5826 t‘a'ttrai
3384 5771 3431 5824 in
3455 5788 3634 5836 annua,
3659 5789 3768 5828 cor-

2243 5855 2298 5886 m
2324 5851 2382 5886 ru
2401 5843 2586 5886 aerata.
2612 5851 2798 5886 animus
2821 5845 3046 5886 mortuas-

2182 5855 2298 5900 pora
2324 5843 2586 5900 vulnerata,
2612 5843 2798 5887 animus
2821 5845 3046 5892 mortuus.
