4128 6402
371 328 468 385 661

375 446 651 500 Undenam
681 457 808 513 ergo
838 442 954 496 hinc
988 437 1288 508 colligitur?
1335 437 1407 490 Ex
1442 433 1688 506 Iacrymis
1721 435 1962 486 innume-

374 553 468 599 rts,
497 552 559 590 ex
593 536 868 589 viduarqu
901 532 1104 600 Spoliis,
1137 546 1200 585 ex
1240 530 1406 597 raptis
1435 527 1751 598 pupillormn
1793 524 1961 580 facul-

370 627 571 682 tatibus
601 644 613 679 :
647 627 735 680 illa
767 642 891 681 vero
929 640 993 680 ex
1027 623 1186 692 justis
1223 621 1488 676 laboribus
1519 617 1735 689 paratur
1765 636 1777 671 :
1810 619 1960 673 simi-

369 721 542 790 lisque
569 729 650 774 est
677 719 926 774 formosa:
963 718 1325 786 speciosaeque
1367 713 1614 776 mulieri,
1654 726 1775 780 qua:
1813 709 1961 764 nullo

368 815 636 878 exteriore
664 819 782 878 eget
807 816 1028 870 ornatu;
1069 806 1162 861 sed
1208 807 1505 860 naturalem
1537 803 1696 857 habet
1726 801 1958 872 pulchri-

367 900 644 965 tudinem;
689 900 779 954 illa
823 915 950 954 vero
985 898 1254 952 meretrici
1283 896 1506 951 deformi
1535 903 1590 950 et
1620 895 1793 966 turpi,
1841 909 1960 963 qua:

369 991 490 1045 fuco
520 991 686 1045 multo
717 991 902 1056 utitur,
946 1005 1117 1059 neque
1162 997 1338 1058 potest
1378 987 1773 1041 deformitatem
1805 986 1958 1040 obte-

366 1099 523 1151 gere,
553 1083 646 1138 sed
677 1098 782 1152 quo
809 1083 1023 1151 propius
1055 1080 1308 1136 accedere
1338 1088 1541 1143 tentat,
1573 1094 1639 1133 eo
1667 1079 1837 1147 magis
1867 1094 1954 1132 re—

368 1185 644 1239 movetur;
689 1191 809 1228 nam
849 1183 1048 1244 quanto
1086 1174 1252 1243 magis
1287 1172 1491 1227 accedit
1519 1170 1582 1225 ad
1614 1180 1914 1225 consortem
1937 1210 1954 1234 ,

367 1277 514 1322 tanto
537 1269 703 1338 magis
730 1267 845 1336 ejus
867 1267 1178 1322 deformitas
1202 1266 1638 1336 deprehenditur.
1669 1264 1746 1319 Ne
1772 1279 1959 1318 ascen-

363 1358 552 1412 dentes
578 1358 830 1412 convivas
854 1358 1163 1427 aspexeris,
1211 1356 1306 1411 sed
1349 1356 1692 1421 recedentes,
1741 1364 1795 1409 et
1835 1365 1958 1408 tunc

362 1449 479 1517 ejus
511 1448 892 1518 turpitudinem
935 1449 1158 1504 videbis.
1193 1448 1289 1502 Illa
1321 1463 1446 1502 vero
1473 1448 1571 1500 alia
1592 1488 1607 1511 ,
1639 1447 1802 1500 libera
1832 1461 1952 1499 cum

363 1551 461 1606 sit,
499 1542 630 1595 nihil
669 1542 797 1595 sinit
820 1550 1097 1596 consortes
1125 1523 1438 1596 ohscaanum
1466 1541 1680 1604 dicere;
1716 1540 1829 1593 haec
1856 1554 1953 1592 au-

365 1643 471 1688 tem
500 1634 630 1687 nihil
661 1634 941 1688 honestum
962 1677 978 1701 ,
1013 1643 1193 1703 utpote
1229 1650 1348 1704 quae
1375 1634 1628 1688 meretrix
1667 1641 1718 1687 et
1746 1632 1955 1687 infamis

362 1725 452 1777 sit.
510 1725 633 1778 Huic
675 1726 941 1779 consortis
981 1726 1062 1779 sui
1106 1726 1384 1780 utilitatem
1434 1725 1655 1794 qumrit;
1702 1725 1789 1778 illa
1833 1740 1954 1793 per-

364 1816 556 1870 niciem
603 1815 737 1886 ejus.
791 1817 915 1870 Haec
971 1833 1076 1871 non
1126 1819 1384 1886 permittit
1425 1817 1696 1872 offt-audere
1735 1817 1949 1882 Deum;

362 1904 476 1960 lucc
515 1923 619 1960 non
663 1909 789 1962 sinit
827 1924 933 1962 non
981 1908 1273 1964 offendere.
1308 1908 1577 1964 Adeamus
1607 1909 1764 1978 igitur
1792 1907 1947 1985 illos;

362 1997 485 2052 inde
505 1999 735 2054 sciemus
761 2009 888 2069 quot
910 2001 1078 2056 simus
1099 2001 1322 2056 vinculis
1342 2002 1647 2067 constricti;
1679 2002 1800 2056 inde
1823 2001 1953 2056 scie-

358 2105 480 2145 mus
508 2107 747 2146 mensam
773 2109 1042 2163 apponere
1069 2095 1216 2150 mille
1240 2096 1395 2150 bonis
1419 2096 1650 2166 plenam,
1674 2096 1951 2166 jucundis-

359 2183 576 2250 simam,
603 2184 802 2238 nullius
824 2185 1100 2254 impensae,
1125 2187 1498 2252 sollicitudine,
1529 2186 1750 2253 invidia,
1780 2188 1950 2242 livore

1327 319 1390 378 3N
1429 316 1834 373 MATTIIEUM
1875 315 2099 369 ΙΙυλΙΙΙ..
2144 317 2328 370 LXXI.
2371 319 2440 371 al.
2482 321 2692 374 LXXII.

3556 331 3657 386 6'52

2068 447 2308 497 vacuam,
2340 434 2409 489 ab
2433 437 2575 488 muni
2609 435 2796 490 morbo
2825 437 3067 501 liberam,
3103 441 3238 496 bona
3263 459 3356 512 spe
3388 446 3654 513 refertam,

2055 523 2246 578 multis
2276 535 2518 579 ornatam
2552 528 2782 595 tropmis.
2825 529 2976 582 Nulla
3022 541 3103 584 est
3147 532 3214 586 ibi
3251 534 3413 588 animi
3446 547 3660 604 pertur-

2069 619 2238 683 batio,
2285 637 2390 675 non
2429 622 2701 685 tristitia‘,
2745 639 2848 678 non
2891 624 2967 678 ira
3010 628 3233 681 :omnia
3261 631 3655 699 tranquillitas,

2065 719 2243 771 omnia
2271 733 2392 787 pax.
2421 717 2500 773 Ne
2529 719 2656 772 mihi
2683 720 2950 773 silentium
2979 722 3339 778 ministrorum
3374 725 3424 778 in
3458 728 3657 781 uternis

2064 809 2284 864 divitum
2326 825 2622 876 memores,
2664 811 2757 866 sed
2799 813 3084 867 claumrem
3124 816 3464 870 convivarum
3499 835 3513 871 :
3551 834 3654 872 non

2063 901 2208 955 illum
2240 917 2345 971 quo
2374 913 2556 954 mutuo
2579 911 2817 967 utuntur,
2848 904 2970 958 licet
2993 915 3045 958 et
3067 905 3150 959 hic
3172 906 3425 962 ridiculus
3446 909 3534 972 sit,
3560 910 3654 962 sed

2067 992 2372 1046 interiorem
2393 1033 2407 1057 ,
2441 992 2529 1060 qui
2564 993 2613 1045 in
2642 993 2824 1047 animo
2846 1038 2857 1058 ,
2900 997 2987 1064 qui
3031 1012 3271 1065 magnam
3303 999 3454 1054 alfert
3478 1003 3652 1068 capti-

2064 1086 2310 1150 vitatem,
2353 1087 2733 1155 cogitationum
2772 1089 3087 1154 tumultum,
3122 1093 3434 1160 procellam,
3464 1094 3652 1164 caligi-

2063 1194 2207 1244 nem,
2244 1189 2630 1248 tempestatem,
2668 1180 2861 1249 quibus
2889 1183 3067 1237 omnia
3107 1184 3414 1240 minuuntur
3445 1197 3498 1241 et
3529 1203 3651 1256 per-

2061 1273 2371 1337 miscentur,
2419 1281 2472 1326 et
2511 1282 2787 1327 nocturna:
2825 1289 3016 1344 pugnae
3052 1275 3240 1332 similis
3267 1285 3367 1331 est.
3407 1278 3512 1333 Sed
3544 1296 3649 1334 nou

2063 1363 2184 1417 talia
2215 1365 2266 1417 iu
2299 1364 2658 1418 tabernaculis
2688 1365 3106 1432 monachorum;
3152 1368 3249 1423 sed
3291 1369 3454 1423 multa
3497 1379 3648 1424 tran-

2059 1457 2323 1526 quillitas,
2355 1457 2504 1527 quies
2536 1459 2723 1512 multa.
2757 1459 2821 1512 Et
2858 1459 2998 1513 illam
3035 1461 3246 1529 quidem
3280 1478 3516 1517 mensam
3557 1481 3650 1518 ex-

2059 1552 2188 1620 cipit
2205 1566 2426 1606 somnus
2451 1552 2607 1606 morti
2633 1552 2842 1617 similis,
2872 1552 3009 1607 hanc
3034 1569 3160 1607 vero
3181 1555 3478 1624 vigilantia;
3503 1556 3647 1610 illaut

2059 1646 2395 1715 supplicium,
2421 1646 2558 1700 hanc
2579 1661 2798 1714 regnum
2819 1646 3072 1701 caelorum
3097 1657 3150 1702 ct
3173 1647 3488 1702 immortalia
3511 1665 3649 1718 pra.-

2058 1737 2184 1791 tnia.
2219 1737 2366 1790 Illam
2404 1736 2563 1805 igitur
2603 1740 2963 1806 insequamur,
2995 1749 3055 1792 ut
3083 1738 3340 1792 fructibus
3368 1740 3484 1808 ejus
3510 1740 3652 1793 frua-

2058 1845 2178 1883 mur
2207 1847 2220 1883 :
2253 1845 2385 1899 quos
2409 1829 2612 1884 utinam
2643 1846 2830 1884 omnes
2859 1846 3268 1902 consequamur,
3295 1834 3459 1901 gratia
3486 1843 3541 1888 et
3567 1835 3648 1887 be-

2058 1922 2314 1990 nignitate
2357 1922 2564 1976 Domini
2609 1924 2775 1976 nostri
2820 1923 2945 1977 Jesu
2995 1923 3222 1986 Christi,
3266 1926 3351 1979 cui
3393 1925 3557 1993 gloria
3593 1931 3642 1979 et

2058 2014 2336 2083 imperium
2369 2014 2420 2066 in
2450 2013 2642 2069 sarcula
2669 2015 3006 2068 surculorum.
3039 2017 3228 2068 Amcu.

2175 2183 2196 2217 ¹
2223 2183 2353 2234 Tres
2385 2200 2504 2236 mss.
2534 2189 2717 2238 habent
2742 2188 2955 2250 mortuis,
2980 2203 3086 2252 pro,
3111 2189 3331 2242 tristitia.

654 2296 3399 2322 _____________________________________________________________

1498 2364 1840 2425 HOMlLlA
1874 2365 2107 2426 LXXI.
2152 2363 2238 2423 al.
2285 2360 2544 2421 LXXII.

357 2479 487 2534 CAP.
528 2480 618 2534 22.
661 2497 712 2534 ν.
753 2484 843 2538 54.
896 2484 1144 2540 ΡΙιαι-ἱειεὶ
1177 2498 1344 2540 autem
1382 2489 1671 2553 audientes,
1700 2489 1834 2557 quod
1873 2489 1945 2542 si-

433 2573 642 2624 lentium
683 2575 1003 2644 imposuisset
1037 2578 1338 2632 Sadducteis
1359 2620 1372 2641 ,
1427 2581 1714 2649 congregati
1742 2589 1859 2633 sunt
1889 2581 1942 2634 in

427 2681 614 2732 statim,
640 2668 729 2722 55.
753 2679 799 2720 et
830 2669 1154 2741 interrogavit
1180 2688 1309 2723 unus
1335 2689 1397 2725 ex
1436 2672 1564 2741 ipsis
1583 2673 1909 2742 jurisperitus
1931 2715 1945 2739 ,

431 2767 629 2812 lentam
656 2776 789 2826 eum,
821 2771 870 2815 et
916 2763 1084 2816 dicens
1108 2780 1126 2815 .'
1158 2763 1418 2836 Magister,
1465 2766 1598 2832 quod
1622 2775 1695 2818 est
1721 2765 1951 2818 utenda—

431 2861 534 2904 tum
561 2869 801 2922 magnum
835 2855 887 2907 in
911 2856 1018 2924 lege
1040 2855 1064 2907 ἱ)

437 2942 488 2994 1.
548 2943 753 2996 ftursus
801 2959 1015 2997 causam
1066 2946 1214 3014 ponit
1269 2947 1628 3016 evangelista.
1663 2963 1759 3001 cur
1789 2948 1948 3002 silere

361 3043 655 3099 oporteret,
684 3034 892 3088 illorum
923 3051 1134 3106 queque
1164 3037 1436 3092 audaciam
1469 3039 1700 3093 indidem
1730 3039 1947 3109 signifi—

363 3133 470 3177 cat.
501 3126 618 3192 Quo
662 3128 857 3195 pacto?
883 3128 1016 3194 Quia
1043 3144 1161 3182 cum
1195 3130 1297 3182 illis
1322 3131 1588 3184 silentium
1641 3131 1944 3199 impositum

364 3216 568 3282 fuisset,
589 3217 637 3270 hi
667 3234 849 3273 rursus
870 3221 1264 3290 aggrediuntur.
1292 3221 1424 3274 Cum
1455 3222 1777 3290 oportuisset
1800 3223 1942 3276 enim

363 3309 486 3365 inde
503 3313 799 3379 quiescere,
819 3313 890 3367 illi
924 3329 1111 3367 rursus
1139 3323 1472 3378 concertant,
1495 3324 1549 3368 et
1582 3313 1943 3383 Iegisperitum

363 3412 642 3472 opponunt
675 3422 686 3455 :
716 3421 819 3456 non
863 3405 1000 3474 quod
1045 3406 1253 3460 discere
1275 3447 1289 3469 ,
1323 3405 1417 3460 sed
1445 3405 1585 3475 quod
1615 3415 1818 3460 tentare
1849 3421 1945 3458 eu-

365 3505 585 3563 perent;
633 3503 687 3548 et
739 3495 1111 3564 interrogant:
1142 3496 1293 3562 Quod
1347 3506 1430 3551 est
1478 3497 1783 3550 mandatum
1835 3498 1943 3564 pri-

362 3587 550 3639 mum?
581 3588 712 3654 Quia
750 3589 892 3642 enim
928 3591 1157 3658 primum
1191 3589 1316 3643 illud
1345 3599 1459 3643 erat
1489 3607 1501 3641 :
1527 3588 1720 3659 Diliges
1762 3589 1943 3643 Domi.

365 3693 483 3728 num
504 3676 669 3731 Deum
699 3689 857 3746 tuum,
887 3689 1162 3750 sperantes
1190 3680 1335 3734 illum
1360 3697 1545 3735 ausam
1579 3681 1940 3751 praebiturum,

361 3769 674 3838 corrigendo
701 3771 904 3825 scilicet
945 3773 1140 3841 ipsum,
1195 3781 1253 3825 ut
1300 3787 1359 3826 se
1389 3787 1599 3841 quoque
1631 3775 1794 3828 Deum
1827 3788 1946 3827 esse

360 3862 687 3927 ostemlcret,
721 3863 799 3918 sic
845 3863 1189 3933 interrogant.
1219 3864 1352 3930 Quid
1394 3881 1522 3934 ergo
1547 3865 1830 3919 Christus?
1877 3864 1946 3920 Ut

365 3953 627 4017 ostendat,
661 3971 760 4022 qua
792 3954 858 4007 tle
885 3970 1045 4009 causa
1073 3957 1338 4019 venerint,
1368 3956 1508 4024 quod
1541 3956 1737 4010 nullam
1785 3956 1946 4011 hahe-

360 4053 474 4095 rent
497 4045 793 4108 caritatem,
821 4047 963 4114 quod
995 4044 1198 4100 invidia'
1225 4045 1573 4111 tabescerent,
1609 4046 1748 4116 quod
1780 4047 1946 4102 livore

358 4145 700 4202 caperentur,
721 4136 806 4188 «ait
841 4155 851 4188 :
879 4137 966 4191 57.
1015 4135 1210 4206 Diliges
1236 4134 1510 4188 Dominum
1539 4135 1700 4191 Deum
1753 4146 1892 4190 tuum
1926 4152 1943 4188 :

359 4228 446 4282 58.
475 4229 568 4280 Ιιοσ
596 4229 814 4299 primum
842 4240 890 4283 et
923 4245 1162 4299 magnum
1186 4240 1258 4282 est
1284 4229 1599 4282 mandatum.
1628 4229 1714 4283 59.
1752 4229 1944 4282 Secun-

358 4320 476 4372 dum
504 4331 672 4373 autem
716 4321 882 4375 simile
908 4322 1023 4375 huic
1058 4337 1075 4374 :
1103 4320 1296 4392 Diliges
1327 4323 1609 4391 proximum
1636 4333 1777 4376 tuum
1817 4324 1944 4376 sicut

359 4412 588 4481 teipsunt.
615 4412 742 4476 Cur,
768 4412 949 4466 Simile
978 4413 1130 4466 huic?
1162 4413 1291 4479 Quia
1317 4413 1417 4468 hoc
1445 4414 1508 4467 ad
1539 4414 1664 4468 illud
1695 4414 1830 4467 viain
1854 4430 1944 4482 pa—

359 4510 454 4565 rat,
482 4511 534 4556 et
569 4501 636 4554 ah
667 4501 756 4554 illo
803 4517 986 4556 rursus
1015 4504 1266 4556 mtmitur.
1299 4503 1428 4556 Nam
1474 4505 1785 4574 Quicumque
1812 4506 1943 4557 male

355 4593 477 4661 agit,
503 4591 605 4643 odit
634 4591 814 4657 lucean,
851 4603 895 4644 et
934 4609 1032 4645 non
1056 4594 1185 4645 venit
1212 4593 1279 4646 ad
1311 4593 1471 4648 lucem
1505 4594 1682 4662 (Joan.
1714 4596 1766 4648 5.
1807 4596 1938 4664 20);

354 4693 410 4737 et
436 4700 620 4738 rursus
651 4701 662 4736 :
699 4683 838 4736 Dixit
868 4684 1109 4753 insipiens
1135 4686 1184 4737 in
1209 4686 1360 4739 corde
1383 4703 1510 4739 suo:
1543 4686 1660 4738 Non
1688 4697 1758 4738 est
1801 4685 1938 4739 Deus

357 4777 526 4845 (Psal.
559 4776 647 4832 5‘2.
681 4777 755 4845 Ι).
811 4777 876 4830 Et
903 4777 1029 4845 quid
1062 4777 1223 4832 inde?
1253 4778 1490 4846 Corrupti
1517 4793 1632 4832 sunt
1661 4788 1705 4832 et
1743 4780 1936 4831 abomi-

355 4868 542 4921 nabiles
573 4869 696 4938 facti
736 4878 850 4920 sunt
879 4868 928 4921 in
956 4869 1136 4922 studiis
1164 4871 1266 4923 suis
1305 4867 1476 4938 (Psal.
1503 4871 1588 4922 17).
1617 4870 1698 4939 ‘2).
1735 4869 1799 4924 Et
1838 4873 1942 4925 itc-

357 4976 472 5013 rum
503 4977 516 5012 :
545 4958 720 5012 Radix
745 4973 971 5011 amnium
1001 4959 1258 5012 malorum
1285 4958 1584 5014 estttraritia
1610 5000 1622 5021 ,
1652 4976 1803 5026 quam
1825 4961 1939 5030 qui-

353 5053 471 5105 dam
523 5061 812 5118 appetentes
844 5061 1132 5102 erraverunt
1163 5066 1192 5100 α
1219 5049 1319 5116 [ide
1347 5051 1422 5119 (Ι.
1451 5050 1583 5103 Tim.
1609 5051 1662 5105 6.
1695 5052 1782 5119 10)
1815 5069 1827 5116 ;
1865 5061 1937 5117 et,

355 5144 452 5208 Qui
479 5142 642 5213 diligit
674 5159 769 5202 ine,
796 5142 1034 5193 mandata
1065 5158 1172 5193 mea
1197 5141 1408 5193 servabit
1435 5141 1452 5211 (
1467 5140 1626 5197 Joan.
1678 5143 1764 5196 ll.
1813 5145 1879 5197 15
1896 5155 1933 5211 ).

352 5239 587 5300 Qitorum
615 5235 852 5286 omnium
895 5243 1052 5301 caput
1081 5243 1164 5286 est
1192 5251 1203 5284 :
1239 5233 1427 5303 Diliges
1455 5232 1729 5287 Dominum
1778 5235 1937 5288 Deum

351 5337 516 5384 tuum.
549 5336 592 5378 et
643 5328 930 5396 proximum
966 5335 1106 5376 tuum
1135 5324 1264 5377 sicut
1318 5326 1550 5394 teipsunt.
1584 5324 1638 5378 Si
1669 5341 1794 5393 ergo
1821 5326 1938 5380 dili-

355 5434 478 5488 gere
504 5418 688 5481 llcmn,
715 5416 937 5486 diligere
970 5416 1269 5484 j'u'oximutn
1298 5427 1380 5469 est
1424 5416 1567 5486 (nam
1596 5418 1698 5471 ait:
1735 5418 1939 5472 Sirmi--

350 5511 426 5580 gis
453 5527 547 5574 nte,
581 5509 745 5572 l’ctre,
775 5526 921 5578 pasce
943 5526 1053 5562 ores
1077 5526 1211 5563 meas
1231 5509 1405 5582 [Joan.
1435 5511 1526 5565 ⁸21.
1554 5509 1690 5584 16]),
1717 5512 1937 5582 diligere

350 5614 528 5661 autem
553 5603 847 5669 proximum
882 5601 998 5652 facit
1027 5610 1080 5652 ut
1108 5601 1348 5654 mandata
1380 5603 1798 5672 custodias,jurc
1824 5604 1891 5656 ait
1921 5621 1932 5655 :

348 5695 440 5746 ltll.
463 5692 530 5747 In
555 5694 632 5748 liis
657 5702 756 5745 tota
783 5693 863 5745 lea:
890 5692 1067 5759 pendet
1091 5701 1137 5743 et
1158 5691 1435 5765 prop/tela).
1464 5692 1587 5748 Ideo
1615 5695 1752 5764 quod
1781 5705 1935 5750 antea

358 5786 502 5848 facit,
571 5785 617 5838 ἰίΙ
672 5795 724 5836 ct
771 5796 908 5836 nunc
940 5781 1082 5834 facit.
1117 5783 1320 5836 l‘lléniiu
1365 5783 1434 5837 ιιι
1480 5785 1830 5858 interrogatus
1872 5786 1936 5844 de

682 5883 955 5944 PATROL.
1009 5883 1121 5942 Gn.
1178 5883 1397 5945 Ll'lll.

2056 2476 2214 2528 tundo
2234 2472 2671 2537 resurrectionis,
2697 2473 2869 2541 ipsam
2896 2473 3346 2526 resurrectionem
3376 2471 3632 2538 asseruit,

2057 2567 2207 2640 plura
2231 2567 2432 2619 docens
2459 2580 2622 2634 quam
2647 2564 2823 2618 fuerat
2853 2565 3220 2634 interrogatus
3245 2583 3258 2618 :
3282 2574 3332 2618 ct
3359 2565 3444 2618 hic
3465 2565 3630 2621 etiam

2053 2673 2118 2723 de
2147 2667 2320 2738 primo
2351 2667 2728 2736 interrogatus,
2766 2665 3058 2720 secundum
3091 2665 3299 2726 recitat,
3340 2666 3508 2734 primo
3537 2682 3640 2719 non

2052 2758 2275 2812 multum
2323 2757 2542 2810 inferius
2593 2755 2906 2827 (secundum
2951 2756 3093 2809 enim
3138 2765 3242 2820 est,
3273 2766 3327 2811 et
3356 2756 3525 2825 primo
3572 2758 3644 2809 si-

2054 2850 2231 2918 mile),
2261 2849 2609 2903 subindicans
2636 2848 2787 2916 ipsis,
2818 2847 2959 2901 unde
2989 2849 3338 2917 interrogatio
3365 2849 3498 2901 facta
3528 2849 3592 2901 sit
3625 2889 3640 2913 ,

2054 2956 2251 3010 nempe
2293 2957 2356 2994 ex
2405 2940 2708 2994 inimicitia.
2767 2939 2968 2993 Caritas
3020 2941 3161 2993 cuitu
3222 2958 3325 2994 non
3374 2941 3643 2995 a'ntulatur

2057 3034 2133 3103 (Ι.
2167 3032 2284 3086 Cor.
2315 3033 2402 3086 15.
2437 3032 2514 3096 4).
2544 3032 2679 3084 llinc
2718 3045 2776 3083 se
2807 3031 3039 3084 ostendit
3065 3042 3118 3084 ct
3145 3031 3245 3097 legi
3277 3043 3331 3085 et
3365 3032 3640 3102 prophetis

2051 3123 2292 3192 obsequi.
2323 3122 2429 3178 Sed
2455 3136 2553 3176 cur
2580 3121 2858 3176 Matthaats
2888 3121 2982 3185 ait,
3015 3122 3184 3190 ipsutn
3217 3123 3452 3176 tentandi
3481 3139 3640 3177 causa

2053 3215 2431 3283 interrogasse,
2447 3212 2651 3266 Marcus
2667 3228 2790 3266 vero
2807 3221 2989 3265 contra
3008 3213 3029 3264 ?
3061 3210 3263 3273 l’idens,
3285 3213 3472 3281 inquit,
3490 3212 3641 3267 Jesus

2050 3308 2170 3377 quia
2196 3306 2448 3370 sapienter
2476 3303 2834 3373 respondisset,
2868 3303 2988 3355 dicit
3025 3302 3103 3355 illi
3127 3345 3140 3366 ,
3177 3302 3294 3356 Non
3326 3305 3470 3373 longe
3515 3320 3565 3356 es
3609 3323 3640 3356 η

2051 3417 2204 3470 regno
2224 3399 2315 3452 Dei
2330 3396 2520 3470 (Marc.
2542 3397 2625 3450 19..
2646 3394 2758 3468 54).
2779 3395 2961 3465 Neque
2983 3407 3156 3450 tamen
3187 3397 3523 3457 dissentiunt,
3545 3399 3636 3450 sed

2051 3495 2335 3550 admodum
2367 3508 2604 3546 consona
2632 3491 2835 3546 dicunt.
2856 3492 3213 3561 interrogavit
3241 3493 3383 3544 cuitu
3432 3501 3640 3545 tcutaus

2052 3602 2079 3638 a
2113 3586 2404 3655 principio;
2432 3600 2460 3636 a
2489 3584 2842 3653 responsione
2891 3593 3067 3636 autem
3095 3582 3289 3652 aliquid
3331 3593 3515 3636 nactus
3541 3584 3640 3636 ιιιί-

2052 3678 2235 3741 litatis,
2265 3675 2509 3730 laudatus
2528 3688 2630 3730 eSt.
2649 3675 2834 3744 Neque
2853 3676 2994 3729 enim
3029 3674 3180 3728 initio
3203 3673 3371 3742 ipsum
3388 3674 3637 3728 Christus

2053 3767 2286 3820 laudavit
2318 3783 2330 3817 :
2359 3765 2453 3820 sed
2493 3765 2708 3835 quando
2760 3766 2891 3819 dixit
2919 3780 3100 3818 amare
3130 3765 3434 3832 proximum
3469 3764 3641 3833 majus

2051 3874 2173 3911 esse
2196 3873 2354 3926 quam
2387 3856 2692 3909 holocausta
2726 3855 2938 3919 offerre,
2977 3865 3100 3907 tunc
3130 3854 3261 3906 dixit
3289 3872 3299 3905 :
3335 3853 3454 3907 Non
3493 3856 3640 3925 longe

2050 3968 2102 4004 es
2127 3968 2158 4002 a
2185 3967 2337 4019 rcgtto
2368 3947 2463 4001 Dei
2484 3965 2502 4000 :
2530 3947 2750 4001 humilia
2779 3947 2919 4000 enim
2953 3961 3007 3998 et
3036 3946 3237 4014 ahjccla
3281 3946 3585 4016 despiciens
3613 3990 3626 4011 ,

2051 4042 2365 4112 principium
2395 4041 2607 4094 virtutis
2652 4039 2882 4108 attingit.
2918 4039 3129 4094 Etenim
3187 4040 3274 4092 illa
3305 4040 3482 4093 omnia
3509 4055 3636 4108 pro-

2052 4145 2168 4205 pter
2196 4133 2296 4188 hoc
2323 4145 2497 4195 erant,
2523 4131 2740 4186 sabbata
2773 4145 2963 4199 nempe
2989 4139 3043 4184 et
3073 4130 3296 4198 reliqua.
3327 4130 3518 4185 Verum
3547 4148 3638 4183 ne-

2048 4242 2152 4297 que
2178 4225 2256 4280 sic
2283 4225 2357 4279 illi
2389 4224 2679 4293 perfectam
2707 4223 2915 4276 Iaudem
2947 4221 3132 4276 tribuit
3157 4261 3170 4283 ,
3200 4221 3293 4274 sed
3320 4222 3404 4275 cui
3435 4221 3633 4290 aliquid

2048 4321 2205 4375 desit.
2236 4318 2368 4374 Nam
2393 4333 2514 4371 cum
2540 4316 2756 4382 dicitur,
2789 4313 2910 4368 Non
2943 4317 3093 4385 longe
3117 4329 3188 4378 es,
3217 4313 3636 4367 declaraturali-

2046 4415 2173 4484 quid
2204 4415 2377 4468 adhuc
2431 4414 2703 4469 iutcrstitii
2753 4428 2892 4475 esse,
2928 4411 3150 4480 utquod
3204 4411 3384 4464 deficit
3410 4420 3632 4480 quaerat.

2047 4508 2200 4574 Quod
2224 4509 2266 4562 si
2302 4509 2446 4562 illum
2477 4507 2658 4561 laudet
2691 4506 2831 4574 quod
2859 4506 3072 4568 dixerit,
3111 4503 3251 4556 Unus
3280 4514 3350 4557 est
3383 4503 3549 4568 Deus,
3584 4516 3632 4557 et

2048 4611 2229 4669 prwter
2259 4617 2368 4653 cum
2412 4615 2510 4652 non
2559 4608 2633 4650 est
2681 4598 2810 4650 alius
2837 4597 2853 4665 (
2878 4594 3015 4648 Ibid.
3042 4611 3089 4648 υ.
3120 4594 3188 4648 52
3215 4597 3253 4662 ),
3273 4611 3342 4649 ne
3370 4594 3578 4648 mireris
3608 4611 3623 4656 ;

2045 4693 2139 4748 sed
2167 4693 2324 4747 etiam
2357 4692 2481 4746 inde
2510 4690 2677 4755 disce,
2711 4691 2981 4760 quomodo
3007 4687 3298 4744 secundum
3327 4688 3632 4756 opinionem
3665 4699 3670 4704 '

2045 4784 2408 4838 accedentium
2442 4781 2781 4852 respondeat.
2817 4782 2926 4835 Etsi
2961 4782 3104 4834 enim
3131 4779 3292 4833 millia
3326 4779 3391 4832 de
3415 4777 3632 4832 Christo

2042 4875 2226 4930 dicant
2249 4875 2419 4945 gloria
2451 4875 2592 4928 illius
2623 4873 2861 4943 indigna,
2901 4873 2949 4926 id
2980 4883 3154 4927 tamen
3183 4871 3364 4926 dicere
3388 4887 3492 4926 non
3530 4887 3628 4925 au-

2045 4964 2282 5029 debunt,
2335 4965 2506 5034 ipsqu
2551 4963 2772 5017 omnino
2823 4978 2926 5016 non
2981 4977 3101 5017 csse
3146 4961 3336 5016 Deum.
3364 4961 3474 5016 Cur
3501 4977 3631 5032 ergo

2045 5060 2218 5124 ipsum
2271 5057 2450 5111 laudat
2493 5056 2639 5126 quod
2671 5057 2814 5110 dicat
2845 5064 3040 5126 praeter
3091 5057 3302 5110 l’atrem
3353 5071 3456 5109 non
3511 5072 3632 5111 esse

2043 5152 2202 5204 alium
2232 5151 2396 5205 Deum
2421 5151 2443 5202 ?
2477 5150 2590 5203 Non
2619 5149 2758 5218 quod
2785 5151 3019 5217 seipsum
3063 5165 3167 5203 non
3200 5163 3320 5203 esse
3350 5150 3518 5204 Deum
3550 5150 3631 5201 l'a-

2045 5252 2216 5295 teatur
2242 5261 2252 5295 ε
2279 5243 2447 5306 absit;
2475 5241 2566 5296 sed
2596 5243 2716 5311 quia
2752 5241 2990 5295 nondum
3048 5251 3259 5312 tempus
3304 5251 3421 5296 erat
3461 5256 3615 5296 reve-

2045 5334 2186 5388 landi
2243 5334 2574 5390 divinitatem
2607 5347 2756 5386 suam
2780 5376 2793 5395 ,
2825 5334 2951 5386 sinit
2988 5348 3113 5388 eum
3146 5333 3198 5388 in
3229 5348 3327 5387 suo
3378 5332 3630 5404 dogmate

2043 5427 2349 5494 persistere,
2392 5434 2446 5477 et
2478 5423 2657 5478 laudat
2680 5440 2799 5476 cum
2843 5423 2981 5493 quod
3011 5437 3192 5480 vetera
3229 5425 3394 5494 probe
3422 5439 3620 5492 cogito:

2041 5527 2175 5579 scat,
2207 5526 2262 5571 ut
2294 5517 2441 5569 illum
2471 5515 2656 5570 reddat
2696 5516 2944 5569 idoneum
2975 5515 3040 5569 ad
3075 5532 3225 5570 nova:
3253 5514 3385 5583 legis
3429 5512 3628 5566 deciri-

2043 5621 2164 5659 nam
2194 5605 2584 5674 suscipiendam
2613 5646 2626 5668 ,
2656 5621 2752 5660 suo
2803 5616 3040 5674 tempore
3071 5603 3440 5659 inducendam.
3475 5603 3625 5656 Alio-

2041 5696 2168 5766 quin
2195 5713 2322 5751 vero
2351 5697 2481 5753 illud
2512 5737 2525 5760 ,
2561 5697 2707 5752 Unus
2738 5708 2808 5752 est
2859 5698 3028 5763 Dens,
3060 5707 3104 5749 et
3141 5705 3324 5766 prieter
3354 5713 3467 5750 cuin
3521 5713 3622 5749 non

2050 5796 2122 5845 est
2147 5789 2304 5854 alius,
2336 5797 2387 5842 ct
2413 5789 2462 5842 in
2501 5787 2673 5842 Veteri
2698 5831 2710 5855 ,
2743 5799 2791 5842 ct
2825 5789 3056 5858 uhiqtte,'-
3091 5802 3195 5842 uou
3225 5789 3290 5839 ad
3321 5787 3619 5858 negandum

3247 5888 3319 5947 13
