4128 6412
448 431 648 487 Filium
677 429 895 493 dicitur,
922 428 1016 484 sed
1040 430 1105 483 ad
1135 428 1503 484 exclusiouem
1525 425 1811 481 idolorum.
1859 422 2042 491 Itaque

447 539 569 577 eum
601 523 748 576 illum
776 521 847 575 ita
869 521 1177 589 loquentem
1207 518 1406 583 laudat,
1440 516 1543 572 hoc
1569 526 1716 571 certe
1745 528 1905 569 sensu
1932 513 2061 573 Ian.

449 617 561 670 dat.
586 614 793 671 Deinde
820 624 1099 683 postquam
1118 611 1417 683 reSpondit,
1446 610 1562 680 ipsc
1578 623 1789 679 quoque
1817 606 2047 660 interrae

453 718 581 778 gat:
614 707 704 762 42.
736 705 872 771 Quid
901 704 1038 758 vobis
1084 705 1278 757 videtur
1323 703 1388 757 de
1425 700 1669 758 Christo?
1723 699 1869 769 cujus
1908 697 2048 766 ﬁlius

451 798 567 851 est?
589 796 771 850 Dicunt
788 796 854 859 ei,
878 794 1061 848 David.
1086 794 1216 848 Vide
1234 802 1354 861 post
1377 805 1508 863 quot
1525 790 1781 846 miracula
1800 798 1848 843 et
1872 790 2045 857 signa,

454 901 578 962 post
603 901 732 962 quot
755 890 1228 959 interrogatimtes,
1257 896 1380 959 post
1405 897 1536 956 quot
1563 890 1879 953 argumenta
1907 896 2041 937 con-

451 985 651 1041 cordia:
682 1001 795 1040 sua:
813 1000 937 1039 cum
971 984 1148 1047 Patre,
1191 993 1302 1036 tum
1334 981 1533 1047 verbis,
1567 988 1679 1034 tum
1719 977 1871 1032 iactis
1896 976 2050 1031 exhi-

456 1079 567 1135 bita
588 1119 604 1145 ,
653 1088 710 1133 et
757 1087 1044 1150 postquam
1076 1074 1311 1129 laudavit
1336 1074 1500 1129 istum
1528 1073 1618 1142 qui
1646 1071 1855 1135 dixerat
1884 1083 2047 1125 unum

451 1184 577 1226 esse
602 1168 791 1233 Deum,
825 1177 955 1222 tunc
980 1167 1295 1235 iulerrogrt.
1318 1178 1385 1219 uc
1402 1163 1581 1217 dicere
1607 1170 1843 1230 possent,
1875 1160 2049 1229 ipsum

459 1261 720 1315 miracula
753 1259 969 1329 quidem
994 1257 1206 1322 fecisse,
1231 1257 1325 1311 sed
1357 1256 1460 1325 legi
1495 1255 1825 1310 contrarium
1854 1263 1909 1308 et
1940 1252 2052 1307 Deo

456 1355 735 1410 inimicum
759 1354 946 1409 fuisse.
979 1353 1103 1409 Ideo
1126 1361 1246 1420 post
1274 1354 1392 1407 haec
1418 1358 1561 1405 tanta
1597 1349 1913 1419 interrogat,
1941 1360 2054 1401 oc-

461 1448 605 1502 culte
629 1446 752 1502 illos
784 1445 1046 1501 inducens
1076 1454 1135 1499 ut
1185 1460 1246 1500 se
1275 1445 1665 1499 conliterentur
1687 1456 1809 1496 esse
1860 1440 2047 1493 Deum.

455 1538 528 1593 Et
568 1537 863 1610 discipulos
904 1538 1137 1608 primum
1174 1537 1304 1608 quid
1354 1536 1443 1591 alii
1484 1534 1554 1591 de
1592 1549 1673 1600 se,
1703 1532 1895 1588 deinde
1923 1531 2052 1602 quid

456 1629 560 1699 ipsi
586 1630 850 1695 dicereut,
880 1629 1229 1699 interrogavit
1254 1644 1270 1693 ;
1294 1626 1403 1682 bos
1425 1635 1605 1682 autem
1636 1640 1741 1679 non
1773 1625 1883 1688 sic;
1910 1622 2049 1677 alio-

457 1724 587 1793 quin
613 1723 875 1778 dixissent
902 1722 1049 1777 illum
1098 1721 1438 1778 seductorem
1466 1734 1587 1774 esse
1612 1725 1672 1773 et
1700 1717 2000 1787 improbum
2030 1756 2049 1782 ,

457 1816 580 1885 quia
610 1815 869 1871 audacter
897 1816 1083 1871 omnia
1106 1815 1376 1872 dicebant.
1412 1813 1648 1884 Ideoque
1667 1811 1906 1883 ipsorum
1923 1823 2051 1865 sen-

461 1906 682 1961 tentiam
716 1906 957 1978 inquirit.

527 1996 586 2053 2.
616 1995 842 2053 Christus
887 1997 1200 2053 divinitatem
1235 2014 1380 2053 suam
1429 1997 1628 2068 probat.
1654 1995 1879 2064 --Quia
1906 1993 2053 2051 enim

457 2086 526 2143 ad
554 2087 856 2158 passionem
889 2088 1000 2158 jam
1041 2088 1213 2143 iturus
1243 2096 1381 2155 erat,
1431 2088 1577 2142 illam
1637 2084 1794 2142 aﬂ'ert
1823 2085 2053 2158 prophe-

459 2181 587 2235 tiam
616 2222 631 2244 ,
683 2196 805 2250 qure
858 2181 1034 2251 ipsum
1064 2191 1253 2252 aperte
1292 2179 1575 2234 Dominqu
1619 2178 1910 2249 maledicam
1940 2190 2050 2232 non

447 2274 579 2329 sine
607 2288 768 2329 causa
797 2315 812 2338 ,
862 2289 1035 2346 neque
1064 2275 1332 2344 prtecipue
1356 2271 1423 2327 ad
1451 2271 1503 2326 id
1534 2286 1593 2327 se
1618 2272 1922 2334 conferens,
1953 2267 2051 2324 sed

461 2380 528 2418 ex
563 2379 723 2419 causa
756 2365 949 2420 rationi
980 2374 1365 2420 consentanea.
1402 2363 1535 2419 Cum
1563 2362 1708 2417 enim
1741 2361 1863 2415 illos
1908 2360 2056 2430 prim

461 2457 887 2527 interrogasset,
941 2457 1066 2528 quia
1117 2471 1244 2512 vera
1281 2455 1350 2512 de
1394 2469 1454 2513 se
1506 2470 1612 2509 non
1668 2454 2057 2523 responderant

467 2549 616 2614 (nam
657 2564 848 2619 purum
879 2547 1156 2603 hominem
1196 2548 1370 2617 ipsum
1399 2561 1520 2601 esse
1545 2542 1838 2615 dixerant),
1870 2543 2054 2598 falsam

462 2641 677 2696 illorum
701 2641 1013 2712 opinionem
1040 2648 1307 2705 evertens,
1339 2639 1419 2696 sic
1457 2637 1710 2692 Davidem
1744 2634 2056 2691 iuducitdi-

459 2733 737 2788 viuitatem
782 2748 933 2787 suam
967 2732 1367 2802 praedicantem.
1426 2729 1505 2785 Illi
1534 2743 1765 2799 namque
1790 2726 2057 2799 putabant

460 2826 635 2894 ipsum
662 2840 783 2880 esse
811 2841 999 2895 purum
1029 2824 1303 2879 hominem
1323 2863 1340 2889 ,
1370 2822 1600 2892 ideoque
1625 2823 1898 2888 dixerunt,
1943 2819 2057 2874 Da-

461 2916 550 2971 vid
577 2933 596 2972 :
619 2917 736 2986 ipse
761 2932 891 2972 vero
935 2916 1035 2971 hoc
1062 2914 1358 2971 cmendans
1383 2913 1602 2969 adducit
1627 2913 1964 2984 prophetam,
2001 2920 2058 2968 et

460 3007 746 3062 Dominum
775 3007 972 3077 ipsum,
1006 3016 1061 3062 et
1097 3021 1411 3077 germanum
1444 3005 1633 3068 lilium,
1666 3013 1722 3059 et
1750 3003 1896 3074 paris
1916 3019 2050 3058 cum

458 3096 619 3153 Patre
654 3096 877 3153 honoris
905 3114 1027 3153 esse
1050 3098 1458 3154 testiﬁcantem.
1505 3096 1690 3168 Neque
1724 3096 1813 3151 hic
1859 3096 2054 3152 subsu-

460 3189 561 3252 tit;
607 3190 701 3244 sed
733 3200 792 3244 ut
818 3190 940 3245 illos
975 3199 1226 3257 terreret,
1259 3189 1402 3259 quod
1453 3191 1696 3260 sequitur
1718 3188 1935 3259 adjecit,
1967 3188 2071 3257 di-_

458 3295 589 3335 (eus
621 3298 633 3334 :
667 3278 842 3335 Donec
885 3298 1071 3350 ponam
1126 3281 1358 3336 inimicos
1399 3291 1513 3336 tuos
1549 3280 1825 3336 scabellum
1870 3281 2056 3352 pedum

460 3382 699 3439 tuorum;
743 3383 797 3426 ut
825 3373 904 3428 sic
949 3372 1070 3429 illos
1096 3374 1160 3429 ad
1191 3388 1374 3427 veram
1414 3372 1780 3442 cognitionem
1830 3371 2056 3427 induce-

462 3475 567 3521 ret.
600 3464 677 3519 Ne
703 3480 831 3520 vero
853 3464 1099 3519 dicerent
1123 3505 1137 3528 ,
1169 3465 1342 3534 ipsum
1370 3464 1635 3518 adulando
1665 3463 1779 3518 haec
1821 3462 2052 3530 dixisse,

459 3568 514 3612 et
546 3559 683 3614 hanc
710 3558 1034 3613 sententiam
1067 3558 1355 3612 humanam
1400 3572 1555 3623 esse,
1587 3556 1709 3611 vide
1729 3555 1856 3626 quid
1884 3556 2048 3612 dicat.

460 3652 553 3705 43.
592 3650 859 3716 Quomodo
890 3666 1009 3720 ergo
1035 3647 1208 3702 David
1248 3649 1301 3702 in
1351 3649 1535 3718 spiritu
1565 3657 1710 3701 vocat
1734 3663 1847 3701 eum
1878 3645 2056 3699 Domi-

462 3757 609 3804 num.
637 3742 809 3796 dicens
833 3757 848 3796 :
874 3741 968 3796 44.
992 3740 1139 3795 Dixit
1165 3738 1422 3794 Dominus
1458 3737 1680 3793 Domino
1707 3755 1839 3800 meo.
1867 3738 2002 3793 Sede
2023 3756 2056 3791 α

458 3834 655 3889 dextris
680 3833 826 3895 uicis,
856 3831 1015 3886 donec
1044 3848 1234 3900 ponam
1273 3831 1504 3885 inimicos
1531 3841 1643 3885 tuos
1667 3828 1940 3885 scabellum
1966 3846 2056 3900 pe-

453 3929 584 3980 dum
614 3935 819 3980 tuorum
842 3924 1014 3995 (Paul.
1051 3925 1175 3980 109.
1208 3923 1263 3994 i)
1286 3925 1309 3977 ‘l
1336 3924 1426 3979 45.
1458 3923 1518 3978 Si
1542 3939 1665 3995 ergo
1696 3922 1864 3977 David
1909 3931 2055 3977 vocat

458 4032 575 4069 eum
602 4014 917 4080 Dominum,
948 4015 1200 4081 quomodo
1224 4014 1368 4081 ﬁlius
1415 4017 1529 4087 ejus
1579 4014 1698 4069 est?
1728 4014 1863 4070 Vide
1891 4030 2054 4083 quam

465 4106 746 4162 moderate
772 4109 1093 4162 sententiam
1119 4118 1172 4162 et
1217 4108 1525 4177 opinionem
1555 4107 1624 4163 de
1662 4122 1722 4163 se
1751 4106 2052 4163 habendam

463 4198 703 4256 inducat.
734 4199 917 4255 Primo
947 4199 1101 4263 dixit,
1135 4200 1274 4267 Quid
1301 4201 1440 4255 vobis
1467 4200 1666 4255 videtur
1687 4202 1714 4256 7
1746 4203 1894 4270 cujus
1910 4202 2049 4271 ﬁlius

464 4290 668 4346 estIut
714 4305 811 4362 per
857 4290 1331 4362 interrogationem
1381 4291 1449 4347 ad
1491 4293 1900 4363 responsionem
1929 4293 2049 4349 illos

464 4381 715 4438 adducat.
744 4381 948 4439 Deinde
974 4383 1097 4453 quia
1122 4382 1393 4449 dixerant,
1429 4381 1614 4448 David,
1646 4382 1762 4438 hate
1795 4384 2049 4455 loquitur,

459 4473 556 4530 sed
574 4491 757 4531 rursus
784 4475 1162 4547 interrogando
1189 4495 1203 4529 :
1222 4474 1489 4544 Quomodo
1506 4492 1623 4548 ergo
1642 4476 1810 4532 David
1826 4478 1877 4531 in
1893 4479 2052 4547 spiri-

460 4581 516 4621 tu
546 4578 689 4622 vocat
732 4586 845 4623 eum
871 4567 1196 4624 Dominum?
1226 4584 1291 4625 ne
1308 4570 1514 4625 scilicet
1545 4570 1634 4625 his
1681 4570 1860 4626 verbis
1878 4572 2049 4626 oﬂ’en-

457 4660 676 4714 dantur.
707 4660 830 4715 Ideo
851 4675 955 4715 non
971 4660 1126 4726 dixit,
1149 4661 1275 4731 quid
1304 4662 1460 4718 vobis
1477 4661 1687 4721 videtur
1699 4663 1769 4718 de
1786 4679 1901 4729 me;
1930 4664 2049 4732 sed,

458 4751 551 4805 De-
565 4750 784 4807 Christo.
805 4751 1007 4807 Idcirco
1027 4754 1251 4822 apostoli
1279 4754 1502 4809 remisse
1530 4754 1599 4809 de
1619 4755 1925 4825 patriarcha
1947 4757 2050 4811 Du-

458 4846 581 4900 vide
606 4846 961 4915 loquebantur
984 4847 1229 4927 dicentes
1252 4865 1267 4901 :
1300 4846 1473 4902 Liceat
1499 4848 1653 4903 libere
1674 4850 1841 4905 dicere
1862 4853 1925 4906 de
1946 4869 2051 4923 pa-

459 4937 682 4991 triarcha
702 4937 890 5006 David,
911 4940 1029 5011 quia
1046 4951 1273 4995 mortuus
1289 4952 1337 4995 et
1364 4942 1589 5012 sepultus
1605 4953 1677 4998 est
1698 4943 1834 5015 (Act.
1859 4943 1912 4998 2.
1931 4944 2046 5015 29).

458 5028 719 5084 Similiter
755 5040 810 5086 et
852 5032 986 5103 ipse.
1013 5035 1165 5104 quasi
1197 5035 1575 5105 interrogantis
1601 5046 1655 5091 et
1683 5037 2050 5094 ratiocinantis

462 5136 634 5184 more,
662 5121 854 5192 dogma
881 5125 1084 5181 inducit
1115 5124 1334 5184 dicens:
1362 5125 1626 5193 Quomodo
1653 5143 1771 5199 ergo
1809 5127 1977 5183 David
1996 5129 2051 5185 in

460 5216 647 5289 spiritu
688 5225 832 5270 vocat
878 5234 992 5270 eum
1040 5215 1341 5286 Dominum,
1382 5220 1555 5275 dicens
1582 5236 1603 5275 :
1628 5219 1773 5276 Dixit
1798 5220 2050 5277 Dominus

459 5309 685 5365 Domino
708 5325 839 5375 meo,
866 5307 1001 5364 Sede
1028 5326 1061 5364 α
1081 5313 1273 5367 dextris
1296 5313 1439 5377 meis,
1476 5312 1636 5368 donec
1664 5329 1850 5385 ponam
1877 5315 2052 5369 inimi-

460 5417 547 5457 cos
577 5409 691 5454 tuos
710 5397 984 5453 scabellum
1015 5400 1198 5471 pedum
1229 5411 1432 5457 tuorum
1452 5403 1480 5459 Ρ
1506 5413 1560 5459 et
1580 5420 1815 5472 rursum,
1844 5403 1907 5462 Si
1930 5421 2049 5478 ergo

465 5492 631 5545 David
661 5500 804 5555 vocat
832 5507 945 5544 eunt
972 5490 1273 5560 Dominum,
1310 5495 1562 5565 quomodo
1609 5497 1748 5564 ﬁlius
1792 5499 1903 5568 ejus
1926 5496 2048 5552 est?

457 5597 565 5635 non
595 5582 735 5653 quod
765 5595 920 5655 neget
950 5598 1071 5641 esse
1096 5584 1262 5640 ﬁlium
1292 5585 1533 5653 Davidis;
1557 5588 1694 5643 absit
1720 5605 1736 5655 ;
1769 5605 1874 5644 non
1905 5591 2049 5646 enim

466 5669 676 5728 Petrum
707 5673 806 5729 hac
831 5676 898 5732 de
924 5689 1085 5732 causa
1111 5676 1471 5748 iucrrpasset;
1498 5677 1594 5735 sed
1624 5679 1834 5735 illorum
1859 5697 2048 5740 emen-

463 5757 597 5816 dans
624 5764 950 5831 opinionem.
986 5765 1168 5836 Itaque
1190 5766 1410 5838 quando
1436 5767 1583 5841 dicit,
1616 5771 1882 5839 Quomodo
1904 5772 2045 5845 ﬁlius

1233 314 1288 369 ε.
1328 312 1606 369 JOANNIS
1641 302 2124 365 CIIRYSOSTOMI
2167 305 2487 367 ARCHIEP.
2529 308 3066 372 CONSTANTINOP.

3628 315 3739 377 6'61»

2153 422 2263 491 ejus
2289 432 2363 477 est
2379 424 2405 478 .9
2426 425 2528 481 hoc
2552 426 2654 482 sibi
2685 428 2798 483 vult
2831 447 2844 484 :
2873 429 2991 485 Non
3016 440 3076 486 ut
3094 440 3189 487 vos
3208 431 3406 488 dicitis.
3438 433 3516 490 Illi
3543 432 3741 506 quippe

2152 512 2438 579 dicebant,
2473 516 2643 586 ipsum
2671 534 2793 574 esse
2822 530 3025 575 tantum
3058 520 3275 577 Davidis
3297 524 3485 589 lilium,
3506 538 3614 580 non
3633 524 3741 580 Do-

2153 605 2379 659 minum.
2414 607 2541 663 Post
2568 609 2789 664 allatum
2827 613 3188 669 testimonium
3237 616 3462 672 remisse
3510 617 3693 688 adjicit
3724 632 3742 675 :

2155 696 2220 751 Si
2242 715 2361 769 ergo
2381 699 2554 755 David
2573 714 2716 757 vocat
2740 722 2853 760 eum
2868 705 3169 776 Dominum,
3192 714 3447 784 quomodo
3466 713 3608 781 ﬁlius
3628 729 3745 785 ejus

2155 790 2264 843 est?
2290 790 2540 848 Attamen
2586 795 2669 850 his
2698 797 2913 867 auditis,
2967 800 3098 856 nihil
3138 805 3566 875 responderunt:
3593 808 3746 862 nole-

2156 878 2286 934 bant
2333 882 2477 938 enim
2520 886 2791 956 quidpiam
2824 903 3252 949 consentaneum
3303 896 3565 954 ediscere.
3596 899 3743 968 Qua-

2157 981 2376 1042 propter
2406 975 2520 1045 ipse
2566 978 2841 1051 subjungit
2865 983 3069 1049 dicens,
3120 985 3402 1042 Dominum
3431 989 3547 1059 ejus
3597 1004 3742 1047 esse.

2157 1063 2270 1119 Imo
2300 1082 2476 1138 neque
2502 1068 2605 1125 hoc
2630 1071 2879 1131 absolute
2902 1076 3058 1142 dixit,
3095 1079 3189 1132 sed
3217 1080 3531 1149 prephetam
3559 1095 3744 1138 secum

2156 1173 2441 1217 assumens
2463 1204 2480 1229 ,
2509 1178 2575 1218 eo
2626 1164 2768 1234 quod
2810 1166 2908 1236 ipsi
2941 1168 3099 1223 ﬁdem
3132 1171 3330 1225 nullam
3378 1170 3637 1227 haberent
3687 1182 3747 1228 et

2156 1251 2296 1304 male
2320 1253 2458 1321 apud
2487 1254 2606 1309 illos
2629 1256 2858 1312 audiret.
2888 1258 3041 1324 Quod
3071 1262 3367 1329 praesertim
3397 1272 3697 1332 spectantes
3726 1301 3746 1329 ,

2157 1344 2369 1398 etiamsi
2410 1344 2536 1415 quid
2568 1347 2768 1403 humile
2797 1350 2880 1404 vel
2904 1351 3204 1406 demissum
3236 1352 3305 1408 de
3330 1368 3391 1408 se
3439 1354 3604 1417 dicat,
3635 1370 3747 1410 non

2158 1433 2356 1490 υσθυόί
2407 1446 2623 1506 Oportet
2660 1457 2673 1491 :
2722 1439 2838 1496 hare
2891 1444 3035 1497 enim
3080 1457 3242 1498 causa
3291 1453 3348 1501 et
3395 1446 3515 1500 alia:
3562 1446 3751 1501 multa

2159 1535 2334 1595 erant,
2364 1544 2461 1584 cur
2486 1529 2698 1586 illorum
2746 1535 2927 1603 captui
2953 1550 3236 1592 sermones
3262 1552 3393 1593 suos
3422 1546 3751 1608 attempera-

2163 1632 2270 1677 ret.
2306 1621 2431 1679 Ideo
2462 1640 2604 1681 nunc
2634 1641 2731 1696 per
2755 1628 3222 1698 interregationem
3260 1639 3314 1685 et
3337 1630 3750 1701 responsionem

2158 1713 2410 1785 dogmata
2440 1717 2600 1771 tradit
2621 1735 2635 1782 ;
2664 1719 2745 1773 sic
2768 1735 2896 1775 vero
2917 1720 3214 1777 subindicat
3233 1721 3545 1794 dignitatem
3566 1739 3747 1782 suam.

2159 1805 2280 1861 Non
2310 1808 2455 1863 enim
2487 1824 2583 1879 par
2626 1821 2744 1867 erat
2783 1813 2969 1869 audire
3001 1813 3308 1871 Judaaorum
3338 1816 3643 1884 Dominum,
3690 1829 3754 1876 et

2162 1896 2397 1975 Davidis.
2424 1899 2503 1955 Tu
2539 1917 2665 1957 vero
2690 1902 2821 1959 mihi
2849 1906 3304 1974 opportunitatem
3333 1909 3493 1964 etiam
3522 1923 3752 1979 perpen-

2159 1989 2247 2046 de.
2281 1992 2417 2047 Cum
2444 1994 2586 2049 enim
2614 1996 2767 2060 dicit,
2796 1995 2944 2053 Unus
2973 2009 3057 2054 est
3086 1996 3365 2067 Dominus,
3406 2009 3534 2057 tunc
3585 2010 3642 2057 et
3678 2002 3755 2059 de

2160 2084 2342 2154 seipso
2372 2086 2625 2157 loquitur,
2658 2090 2781 2160 quia
2806 2090 3063 2146 Dominus
3088 2102 3192 2157 est.
3225 2092 3385 2164 idque
3409 2109 3474 2149 ex
3505 2094 3749 2164 prophe~

2160 2178 2252 2241 tia,
2281 2193 2456 2248 neque
2473 2188 2677 2235 tantum
2698 2197 2766 2237 ex
2790 2183 3061 2253 operibus.
3088 2183 3441 2257 Ostenditque
3454 2186 3664 2243 Patrem
3687 2202 3757 2245 se

2160 2269 2231 2325 de
2262 2271 2365 2327 illis
2389 2272 2779 2330 vindicaturum
2808 2289 2950 2339 esse,
2981 2276 3203 2332 dicens:
3232 2275 3405 2332 Donec
3432 2295 3617 2349 ponam
3641 2279 3754 2333 iui-

2158 2362 2317 2416 micos
2365 2374 2478 2418 tuos
2521 2366 2795 2422 scubellum
2846 2368 3029 2438 pedum
3055 2379 3299 2437 tuorum;
3343 2371 3562 2426 multam
3617 2372 3751 2430 inde

2162 2467 2472 2511 moristrans
2520 2472 2643 2513 cum
2690 2458 2852 2515 Patre
2879 2460 3222 2517 concordiam
3249 2477 3543 2535 paremque
3569 2462 3750 2519 hono-

2160 2564 2313 2602 rem:
2345 2550 2535 2619 hisque
2576 2549 2756 2606 verbis
2796 2550 2961 2608 ﬁnem
3000 2552 3298 2611 disserendi
3328 2555 3476 2622 fecit,
3506 2556 3647 2626 quod
3682 2566 3747 2612 et

2162 2640 2392 2696 sublime
2419 2651 2473 2696 et
2501 2657 2753 2712 magnum
2780 2652 2897 2698 erat
2916 2684 2933 2710 ,
2980 2655 3301 2718 poteratque
3330 2647 3436 2702 illis
3476 2647 3755 2704 silentium

2162 2733 2459 2804 imponere.
2480 2733 2617 2790 Nam
2646 2745 2703 2791 et
2729 2736 2922 2792 exinde
2949 2747 3250 2805 tacuerunt,
3277 2754 3384 2794 non
3404 2750 3618 2809 sponte,
3652 2740 3758 2796 sed

2161 2825 2304 2897 quod
2333 2827 2469 2882 nihil
2500 2828 2785 2884 dicendqu
2814 2840 3125 2901 suppeteret
3152 2847 3170 2886 :
3196 2841 3255 2887 et
3280 2840 3388 2886 tam
3416 2848 3631 2904 gravent
3647 2848 3758 2887 ex-

2161 2934 2356 2990 cepere
2386 2920 2619 2991 plagam.
2649 2932 2706 2976 ut
2730 2937 2800 2977 ne
2829 2922 2966 2978 ultra
2983 2924 3176 2979 eadem
3203 2924 3420 2994 aggredi
3451 2924 3753 2991 auderent;

2161 3014 2237 3066 ait
2256 3012 2401 3067 enim
2432 3028 2451 3069 :
2480 3013 2570 3067 46.
2599 3011 2794 3068 Nullus
2818 3030 2972 3070 ausus
2997 3025 3072 3070 est
3121 3016 3185 3070 ab
3209 3016 3302 3070 illa
3326 3017 3411 3070 die
3448 3017 3614 3088 ipsum
3662 3032 3758 3070 m-

2164 3113 2441 3176 terrogare.
2504 3105 2637 3161 Illud
2669 3123 2800 3162 vero
2826 3107 2996 3162 turbis
3038 3124 3144 3163 non
3200 3124 3386 3179 parum
3436 3108 3567 3163 utile
3607 3118 3755 3166 erat.

2163 3197 2394 3274 Ideoque
2411 3198 2477 3252 ad
2503 3197 2895 3254 multitudinem
2918 3198 3175 3270 deinceps
3196 3214 3502 3255 sermonem
3524 3213 3760 3256 conver-

2165 3290 2248 3356 tit,
2276 3290 2471 3345 aniotis
2499 3290 2662 3360 lupis,
2693 3292 3042 3361 ipsorumque
3069 3291 3276 3347 insidiis
3297 3291 3529 3362 rejectis.

2245 3426 2391 3482 Vana
2415 3429 2581 3499 gloria
2606 3439 2653 3484 et
2678 3446 2743 3484 ea:
2785 3429 2932 3484 malis
2956 3439 3003 3484 et
3039 3446 3104 3485 ea:
3130 3429 3274 3483 bouis
3301 3429 3545 3499 queritur
3560 3445 3581 3494 ;
3612 3427 3759 3482 ultra

2168 3519 2323 3572 vitam
2353 3519 2668 3575 extenditur.
2699 3550 2771 3561 —
2796 3520 2875 3575 llli
2906 3520 3051 3576 enim
3082 3519 3214 3574 nihil
3244 3519 3370 3574 hinc
3417 3517 3547 3572 lucri
3579 3518 3761 3588 perci-

2165 3612 2382 3681 piebant
2401 3654 2416 3676 ,
2448 3627 2583 3673 vana
2606 3613 2773 3683 gloria
2800 3613 2964 3683 capti,
2997 3614 3050 3668 in
3079 3612 3331 3683 huncque
3357 3627 3575 3683 gravem
3607 3626 3762 3666 mor-

2163 3705 2289 3759 bum
2313 3704 2468 3774 lapsi.
2493 3703 2684 3761 Gravis
2707 3706 2849 3761 enim
2880 3715 2937 3762 et
2962 3705 3244 3776 multiceps
3272 3704 3491 3760 morbus
3511 3712 3592 3759 est
3619 3721 3633 3757 :
3658 3703 3763 3758 illo

2161 3797 2307 3851 enim
2333 3796 2475 3852 ducti
2521 3796 2610 3851 alii
2643 3795 3034 3868 principatum,
3079 3797 3168 3852 alii
3223 3796 3496 3868 pecunias,
3522 3796 3608 3849 alii
3647 3808 3759 3866 po-

2161 3890 2382 3944 tentiam
2427 3898 2627 3944 amant.
2662 3890 2987 3959 Progressus
3038 3898 3215 3944 autem
3270 3888 3491 3943 morbus
3533 3887 3653 3952 ille,
3681 3885 3761 3942 ad

2161 3982 2562 4054 eleemosynam
2583 3996 2755 4050 usque
2782 3981 2949 4047 venit,
2990 3979 3275 4051 jejunium,
3331 3979 3666 4048 precationes
3694 3987 3760 4032 et

2159 4074 2502 4141 doctrinam;
2550 4074 2822 4145 multaque
2866 4082 2992 4129 sunt
3040 4072 3197 4142 hujus
3244 4072 3369 4127 ferae
3414 4071 3606 4140 capita.
3640 4068 3758 4125 Sed

2159 4167 2302 4240 quod
2325 4168 2392 4224 de
2412 4167 2532 4223 aliis
2562 4182 2754 4223 vanam
2782 4167 3003 4239 gloriam
3040 4176 3373 4236 aucupentur
3394 4205 3411 4231 ,
3459 4163 3592 4219 nihil
3644 4163 3759 4217 mi-

2161 4278 2278 4317 rum
2303 4277 2319 4328 ;
2345 4260 2489 4333 quod
2510 4272 2687 4316 autem
2712 4260 2782 4316 de
2804 4258 3003 4330 jejunio
3028 4268 3083 4314 et
3105 4259 3173 4313 de
3198 4256 3463 4322 oratione,
3495 4256 3598 4311 hoc
3616 4268 3759 4311 sane

2159 4355 2478 4425 stupendum
2491 4363 2547 4409 et
2572 4353 2822 4425 lacrymis
2834 4353 3050 4422 dignum
3066 4362 3168 4407 est.
3192 4350 3298 4406 Sed
3317 4365 3382 4405 ne
3403 4349 3755 4404 criminemttt'

2161 4460 2367 4505 miitum
2391 4492 2407 4516 ,
2449 4463 2568 4519 age,
2600 4448 2820 4503 modum
2860 4446 2977 4515 ejus
3005 4442 3240 4514 fugiendi
3284 4442 3454 4498 morbi
3483 4441 3750 4496 dicamus.

2156 4541 2305 4611 Quos
2329 4556 2458 4614 ergo
2481 4541 2657 4613 primo
2684 4536 3093 4611 aggrediemur?
3116 4551 3184 4592 an
3212 4551 3306 4592 eos
3327 4534 3416 4608 qui
3432 4533 3502 4591 de
3520 4532 3753 4604 divitiis,

2161 4636 2246 4690 vel
2271 4635 2339 4691 de
2364 4634 2701 4691 vestimentis
2724 4631 3060 4705 gloriantur?
3089 4646 3159 4686 an
3186 4644 3283 4686 eos
3310 4628 3402 4701 qui
3428 4629 3497 4684 de
3546 4628 3758 4698 princi-

2160 4728 2332 4799 patu?
2360 4726 2448 4783 vel
2476 4742 2574 4782 eos
2593 4726 2683 4797 qui
2710 4726 2776 4781 de
2801 4724 3050 4781 doctrina
3074 4765 3090 4790 ,
3140 4723 3224 4777 vel
3251 4723 3344 4792 qui
3373 4721 3441 4775 de
3469 4734 3702 4790 corpore
3729 4760 3748 4785 ,

2161 4822 2243 4877 vel
2267 4822 2334 4877 de
2358 4821 2585 4888 artibus,
2610 4820 2695 4877 vel
2719 4819 2785 4875 de
2810 4818 3004 4885 forma,
3036 4819 3119 4872 vel
3147 4817 3217 4872 de
3241 4813 3612 4871 ornamentis?
3661 4815 3753 4868 vel

2157 4916 2247 4985 qui
2294 4915 2363 4971 de
2387 4912 2710 4970 crudelitate
2735 4956 2751 4980 ,
2782 4913 2865 4968 vel
2914 4913 3004 4983 qui
3054 4912 3122 4967 de
3177 4910 3527 4980 benignitate,
3554 4906 3640 4963 vel
3680 4907 3752 4962 de

2157 5006 2543 5078 eleemosyna?
2577 5004 2660 5060 vel
2703 5005 2792 5074 qui
2818 5003 2886 5059 de
2915 5001 3171 5071 nequitia,
3202 5001 3288 5055 vel
3308 4999 3398 5070 qui
3417 4998 3483 5053 de
3527 5009 3700 5052 morte
3724 4996 3753 5050 τ

2156 5099 2241 5152 vel
2289 5099 2380 5168 qui
2419 5099 2582 5152 etiam
2625 5104 2748 5167 post
2783 5106 3011 5149 mortem
3038 5108 3190 5146 vana:
3240 5092 3427 5162 gloria:
3456 5090 3586 5145 dant
3620 5104 3749 5156 ape-

2157 5191 2312 5246 ram?
2345 5180 2534 5245 Multas
2560 5189 2740 5254 enim,
2770 5195 2828 5241 ut
2852 5185 2986 5251 dixi,
3022 5185 3108 5240 hic
3136 5184 3358 5238 morbus
3380 5180 3750 5251 eomplieatio—

2158 5299 2256 5339 nes
2283 5283 2464 5346 habet,
2495 5283 2764 5352 etiamque
2808 5279 2946 5334 ultra
2995 5277 3158 5332 vitam
3194 5287 3429 5331 neSIram
3474 5270 3749 5343 progredi-

2161 5369 2269 5432 tur.
2309 5375 2441 5431 Nam
2473 5376 2632 5445 vulgo
2656 5373 2873 5439 dicitur,
2902 5370 2995 5425 Ille
3023 5369 3236 5441 quidam
3266 5377 3507 5422 mortuus
3531 5374 3614 5419 est
3647 5380 3663 5421 :
3693 5371 3749 5418 et

2159 5482 2218 5525 ut
2238 5469 2577 5525 admirationi
2601 5476 2762 5531 esset,
2799 5466 2914 5520 haec
2936 5475 2989 5520 et
3011 5464 3103 5518 illa
3152 5463 3265 5517 ﬁeri
3290 5460 3487 5532 juSsit:
3521 5459 3746 5527 ideoque

2160 5564 2247 5619 ille
2279 5577 2514 5633 pauper,
2546 5560 2640 5616 ille
2666 5559 2817 5616 dives
2848 5568 2953 5614 est.
2998 5556 3128 5612 Nam
3158 5554 3301 5624 quod
3342 5552 3593 5609 acerbum
3620 5559 3701 5605 est
3718 5590 3737 5618 ,

2158 5674 2222 5715 ex
2252 5657 2537 5714 contrariis
2564 5656 2678 5711 haec
2698 5653 2809 5710 fera
2835 5658 3065 5710 constat.

2230 5775 2285 5832 ὅ.
2309 5769 2498 5831 Contra
2533 5786 2620 5827 eos
2654 5769 2740 5841 qui
2768 5767 3135 5837 elemosynam
3170 5764 3295 5818 dant
3343 5761 3411 5819 ad
3454 5746 3751 5817 ostentatio~
