  <div class='ocr_page' id='page_1' title='image "/cluster/home/n/w/nwhite01/storage/ocr_20150623/58:no.7:pt.2/coo.31924054869585/208.png"; bbox 0 0 4128 6424; ppageno 0'>
   <div class='ocr_carea' id='block_1_1' title="bbox 288 393 400 451">
    <p class='ocr_par' dir='ltr' id='par_1_1' title="bbox 288 393 400 451">
     <span class='ocr_line' id='line_1_1' title="bbox 288 393 400 451; baseline 0 0"><span class='ocrx_word' id='word_1_1' title='bbox 288 393 400 451; x_wconf 71' lang='grc' dir='ltr'><strong>κε</strong></span> 
     </span>
    </p>
   </div>
   <div class='ocr_carea' id='block_1_2' title="bbox 296 494 1886 567">
    <p class='ocr_par' dir='ltr' id='par_1_2' title="bbox 296 494 1886 567">
     <span class='ocr_line' id='line_1_2' title="bbox 296 494 1886 567; baseline -0.006 -9"><span class='ocrx_word' id='word_1_2' title='bbox 296 521 428 559; x_wconf 74' lang='lat' dir='ltr'><strong>nem.</strong></span> <span class='ocrx_word' id='word_1_3' title='bbox 460 531 528 542; x_wconf 91' lang='lat'><strong>——</strong></span> <span class='ocrx_word' id='word_1_4' title='bbox 556 500 827 557; x_wconf 78' lang='lat' dir='ltr'><strong>Adversus</strong></span> <span class='ocrx_word' id='word_1_5' title='bbox 854 512 985 566; x_wconf 87' lang='lat' dir='ltr'><strong>quos</strong></span> <span class='ocrx_word' id='word_1_6' title='bbox 1039 511 1166 567; x_wconf 89' lang='lat' dir='ltr'><strong>ergo</strong></span> <span class='ocrx_word' id='word_1_7' title='bbox 1215 496 1388 565; x_wconf 87' lang='lat' dir='ltr'><strong>primo</strong></span> <span class='ocrx_word' id='word_1_8' title='bbox 1433 494 1693 550; x_wconf 74' lang='lat' dir='ltr'><strong>stabimus</strong></span> <span class='ocrx_word' id='word_1_9' title='bbox 1734 502 1789 549; x_wconf 84' lang='lat' dir='ltr'><strong>et</strong></span> <span class='ocrx_word' id='word_1_10' title='bbox 1830 508 1886 548; x_wconf 89' lang='lat' dir='ltr'><strong>a-</strong></span> 
     </span>
    </p>
   </div>
   <div class='ocr_carea' id='block_1_3' title="bbox 296 589 1888 661">
    <p class='ocr_par' dir='ltr' id='par_1_3' title="bbox 296 589 1888 661">
     <span class='ocr_line' id='line_1_3' title="bbox 296 589 1888 661; baseline -0.008 -8"><span class='ocrx_word' id='word_1_11' title='bbox 296 600 431 653; x_wconf 83' lang='lat' dir='ltr'><strong>ciem</strong></span> <span class='ocrx_word' id='word_1_12' title='bbox 464 595 831 652; x_wconf 88' lang='lat' dir='ltr'><strong>instruenms?</strong></span> <span class='ocrx_word' id='word_1_13' title='bbox 858 592 975 647; x_wconf 85' lang='lat' dir='ltr'><strong>Non</strong></span> <span class='ocrx_word' id='word_1_14' title='bbox 1011 590 1140 645; x_wconf 87' lang='lat' dir='ltr'><strong>satis</strong></span> <span class='ocrx_word' id='word_1_15' title='bbox 1191 591 1387 661; x_wconf 85' lang='lat' dir='ltr'><strong>quippe</strong></span> <span class='ocrx_word' id='word_1_16' title='bbox 1435 599 1519 644; x_wconf 88' lang='lat' dir='ltr'><strong>cst</strong></span> <span class='ocrx_word' id='word_1_17' title='bbox 1558 589 1728 643; x_wconf 92' lang='lat' dir='ltr'><strong>oratio</strong></span> <span class='ocrx_word' id='word_1_18' title='bbox 1783 601 1888 641; x_wconf 90' lang='lat' dir='ltr'><strong>una</strong></span> 
     </span>
    </p>
   </div>
   <div class='ocr_carea' id='block_1_4' title="bbox 301 678 1889 752">
    <p class='ocr_par' dir='ltr' id='par_1_4' title="bbox 301 678 1889 752">
     <span class='ocr_line' id='line_1_4' title="bbox 301 678 1889 752; baseline -0.007 -10"><span class='ocrx_word' id='word_1_19' title='bbox 301 687 559 742; x_wconf 83' lang='lat' dir='ltr'><strong>adversus</strong></span> <span class='ocrx_word' id='word_1_20' title='bbox 585 700 793 741; x_wconf 87' lang='lat' dir='ltr'><strong>omnes.</strong></span> <span class='ocrx_word' id='word_1_21' title='bbox 839 684 1082 738; x_wconf 79' lang='lat' dir='ltr'><strong>Voltisne</strong></span> <span class='ocrx_word' id='word_1_22' title='bbox 1120 697 1215 737; x_wconf 91' lang='lat' dir='ltr'><strong>eos</strong></span> <span class='ocrx_word' id='word_1_23' title='bbox 1264 680 1635 752; x_wconf 68' lang='lat' dir='ltr'><strong>aggrediamur</strong></span> <span class='ocrx_word' id='word_1_24' title='bbox 1677 679 1768 749; x_wconf 87' lang='lat' dir='ltr'><strong>qui</strong></span> <span class='ocrx_word' id='word_1_25' title='bbox 1822 678 1889 734; x_wconf 88' lang='lat' dir='ltr'><strong>de</strong></span> 
     </span>
    </p>
   </div>
   <div class='ocr_carea' id='block_1_5' title="bbox 299 773 1885 851">
    <p class='ocr_par' dir='ltr' id='par_1_5' title="bbox 299 773 1885 851">
     <span class='ocr_line' id='line_1_5' title="bbox 299 773 1885 851; baseline -0.008 -15"><span class='ocrx_word' id='word_1_26' title='bbox 299 781 639 851; x_wconf 84' lang='lat' dir='ltr'><strong>eleemosyna</strong></span> <span class='ocrx_word' id='word_1_27' title='bbox 653 775 995 848; x_wconf 83' lang='lat' dir='ltr'><strong>gloriantur?</strong></span> <span class='ocrx_word' id='word_1_28' title='bbox 1026 775 1149 828; x_wconf 81' lang='lat' dir='ltr'><strong>Mihi</strong></span> <span class='ocrx_word' id='word_1_29' title='bbox 1195 783 1340 827; x_wconf 89' lang='lat' dir='ltr'><strong>certe</strong></span> <span class='ocrx_word' id='word_1_30' title='bbox 1370 773 1421 827; x_wconf 92' lang='lat' dir='ltr'><strong>id</strong></span> <span class='ocrx_word' id='word_1_31' title='bbox 1463 780 1885 827; x_wconf 75' lang='lat' dir='ltr'><strong>consentaneum</strong></span> 
     </span>
    </p>
   </div>
   <div class='ocr_carea' id='block_1_6' title="bbox 301 863 1890 938">
    <p class='ocr_par' dir='ltr' id='par_1_6' title="bbox 301 863 1890 938">
     <span class='ocr_line' id='line_1_6' title="bbox 301 863 1890 938; baseline -0.006 -12"><span class='ocrx_word' id='word_1_32' title='bbox 301 873 551 928; x_wconf 84' lang='lat' dir='ltr'><strong>videtur:</strong></span> <span class='ocrx_word' id='word_1_33' title='bbox 586 887 705 925; x_wconf 90' lang='lat' dir='ltr'><strong>nam</strong></span> <span class='ocrx_word' id='word_1_34' title='bbox 742 886 856 924; x_wconf 90' lang='lat' dir='ltr'><strong>rem</strong></span> <span class='ocrx_word' id='word_1_35' title='bbox 885 869 1056 938; x_wconf 86' lang='lat' dir='ltr'><strong>ipsam</strong></span> <span class='ocrx_word' id='word_1_36' title='bbox 1097 867 1251 920; x_wconf 87' lang='lat' dir='ltr'><strong>valde</strong></span> <span class='ocrx_word' id='word_1_37' title='bbox 1273 866 1471 936; x_wconf 84' lang='lat' dir='ltr'><strong>diligo,</strong></span> <span class='ocrx_word' id='word_1_38' title='bbox 1513 872 1568 920; x_wconf 88' lang='lat' dir='ltr'><strong>et</strong></span> <span class='ocrx_word' id='word_1_39' title='bbox 1606 863 1890 919; x_wconf 83' lang='lat' dir='ltr'><strong>labefacta-</strong></span> 
     </span>
    </p>
   </div>
   <div class='ocr_carea' id='block_1_7' title="bbox 302 954 1890 1034">
    <p class='ocr_par' dir='ltr' id='par_1_7' title="bbox 302 954 1890 1034">
     <span class='ocr_line' id='line_1_7' title="bbox 302 954 1890 1034; baseline -0.008 -14"><span class='ocrx_word' id='word_1_40' title='bbox 302 976 409 1021; x_wconf 88' lang='lat' dir='ltr'><strong>tam</strong></span> <span class='ocrx_word' id='word_1_41' title='bbox 438 963 684 1034; x_wconf 82' lang='lat' dir='ltr'><strong>deploro,</strong></span> <span class='ocrx_word' id='word_1_42' title='bbox 742 970 797 1016; x_wconf 90' lang='lat' dir='ltr'><strong>et</strong></span> <span class='ocrx_word' id='word_1_43' title='bbox 821 961 971 1031; x_wconf 77' lang='lat' dir='ltr'><strong>quasi</strong></span> <span class='ocrx_word' id='word_1_44' title='bbox 1022 959 1185 1029; x_wconf 64' lang='lat' dir='ltr'><strong>regite</strong></span> <span class='ocrx_word' id='word_1_45' title='bbox 1232 958 1421 1028; x_wconf 69' lang='lat' dir='ltr'><strong>puella:</strong></span> <span class='ocrx_word' id='word_1_46' title='bbox 1465 956 1727 1011; x_wconf 80' lang='lat' dir='ltr'><strong>nutricem</strong></span> <span class='ocrx_word' id='word_1_47' title='bbox 1756 954 1890 1009; x_wconf 80' lang='lat' dir='ltr'><strong>insi-</strong></span> 
     </span>
    </p>
   </div>
   <div class='ocr_carea' id='block_1_8' title="bbox 302 1042 1891 1121">
    <p class='ocr_par' dir='ltr' id='par_1_8' title="bbox 302 1042 1891 1121">
     <span class='ocr_line' id='line_1_8' title="bbox 302 1042 1891 1121; baseline -0.008 -11"><span class='ocrx_word' id='word_1_48' title='bbox 302 1055 535 1110; x_wconf 86' lang='lat' dir='ltr'><strong>diantem</strong></span> <span class='ocrx_word' id='word_1_49' title='bbox 563 1068 756 1107; x_wconf 89' lang='lat' dir='ltr'><strong>vanam</strong></span> <span class='ocrx_word' id='word_1_50' title='bbox 783 1051 1007 1121; x_wconf 79' lang='lat' dir='ltr'><strong>gloriam</strong></span> <span class='ocrx_word' id='word_1_51' title='bbox 1043 1049 1217 1103; x_wconf 89' lang='lat' dir='ltr'><strong>habeo</strong></span> <span class='ocrx_word' id='word_1_52' title='bbox 1242 1064 1257 1113; x_wconf 93' lang='lat'><strong>;</strong></span> <span class='ocrx_word' id='word_1_53' title='bbox 1291 1048 1387 1101; x_wconf 86' lang='lat' dir='ltr'><strong>alit</strong></span> <span class='ocrx_word' id='word_1_54' title='bbox 1411 1048 1605 1117; x_wconf 79' lang='lat' dir='ltr'><strong>quippe</strong></span> <span class='ocrx_word' id='word_1_55' title='bbox 1627 1046 1792 1111; x_wconf 80' lang='lat' dir='ltr'><strong>illam,</strong></span> <span class='ocrx_word' id='word_1_56' title='bbox 1822 1042 1891 1098; x_wconf 88' lang='lat' dir='ltr'><strong>ad</strong></span> 
     </span>
    </p>
   </div>
   <div class='ocr_carea' id='block_1_9' title="bbox 305 1138 1887 1216">
    <p class='ocr_par' dir='ltr' id='par_1_9' title="bbox 305 1138 1887 1216">
     <span class='ocr_line' id='line_1_9' title="bbox 305 1138 1887 1216; baseline -0.006 -15"><span class='ocrx_word' id='word_1_57' title='bbox 305 1147 684 1216; x_wconf 84' lang='lat' dir='ltr'><strong>turpitudinem</strong></span> <span class='ocrx_word' id='word_1_58' title='bbox 729 1153 783 1199; x_wconf 91' lang='lat' dir='ltr'><strong>et</strong></span> <span class='ocrx_word' id='word_1_59' title='bbox 821 1143 1074 1198; x_wconf 88' lang='lat' dir='ltr'><strong>damnum</strong></span> <span class='ocrx_word' id='word_1_60' title='bbox 1105 1157 1199 1212; x_wconf 90' lang='lat' dir='ltr'><strong>per</strong></span> <span class='ocrx_word' id='word_1_61' title='bbox 1225 1141 1549 1210; x_wconf 87' lang='lat' dir='ltr'><strong>voluptatem</strong></span> <span class='ocrx_word' id='word_1_62' title='bbox 1603 1138 1841 1192; x_wconf 81' lang='lat' dir='ltr'><strong>alliciens</strong></span> <span class='ocrx_word' id='word_1_63' title='bbox 1871 1178 1887 1204; x_wconf 92' lang='lat'><strong>,</strong></span> 
     </span>
    </p>
   </div>
   <div class='ocr_carea' id='block_1_10' title="bbox 305 1232 1894 1314">
    <p class='ocr_par' dir='ltr' id='par_1_10' title="bbox 305 1232 1894 1314">
     <span class='ocr_line' id='line_1_10' title="bbox 305 1232 1894 1314; baseline -0.008 -15"><span class='ocrx_word' id='word_1_64' title='bbox 305 1254 360 1299; x_wconf 76' lang='lat' dir='ltr'><strong>et</strong></span> <span class='ocrx_word' id='word_1_65' title='bbox 404 1242 568 1314; x_wconf 89' lang='lat' dir='ltr'><strong>patris</strong></span> <span class='ocrx_word' id='word_1_66' title='bbox 593 1243 737 1312; x_wconf 84' lang='lat' dir='ltr'><strong>justa</strong></span> <span class='ocrx_word' id='word_1_67' title='bbox 782 1241 1062 1309; x_wconf 84' lang='lat' dir='ltr'><strong>despicere</strong></span> <span class='ocrx_word' id='word_1_68' title='bbox 1105 1238 1323 1301; x_wconf 84' lang='lat' dir='ltr'><strong>docens,</strong></span> <span class='ocrx_word' id='word_1_69' title='bbox 1359 1245 1416 1290; x_wconf 91' lang='lat' dir='ltr'><strong>ut</strong></span> <span class='ocrx_word' id='word_1_70' title='bbox 1444 1235 1686 1290; x_wconf 74' lang='lat' dir='ltr'><strong>scelestis</strong></span> <span class='ocrx_word' id='word_1_71' title='bbox 1716 1232 1894 1303; x_wconf 86' lang='lat' dir='ltr'><strong>perdi-</strong></span> 
     </span>
    </p>
   </div>
   <div class='ocr_carea' id='block_1_11' title="bbox 306 1325 1893 1407">
    <p class='ocr_par' dir='ltr' id='par_1_11' title="bbox 306 1325 1893 1407">
     <span class='ocr_line' id='line_1_11' title="bbox 306 1325 1893 1407; baseline -0.008 -16"><span class='ocrx_word' id='word_1_72' title='bbox 306 1337 479 1407; x_wconf 91' lang='lat' dir='ltr'><strong>tisqne</strong></span> <span class='ocrx_word' id='word_1_73' title='bbox 500 1350 644 1404; x_wconf 63' lang='lat' dir='ltr'><strong>saepe</strong></span> <span class='ocrx_word' id='word_1_74' title='bbox 675 1334 800 1388; x_wconf 87' lang='lat' dir='ltr'><strong>viris</strong></span> <span class='ocrx_word' id='word_1_75' title='bbox 839 1334 1083 1404; x_wconf 78' lang='lat' dir='ltr'><strong>placeat:</strong></span> <span class='ocrx_word' id='word_1_76' title='bbox 1135 1342 1354 1385; x_wconf 90' lang='lat' dir='ltr'><strong>ornatus</strong></span> <span class='ocrx_word' id='word_1_77' title='bbox 1394 1328 1651 1384; x_wconf 89' lang='lat' dir='ltr'><strong>adhibere</strong></span> <span class='ocrx_word' id='word_1_78' title='bbox 1673 1325 1893 1391; x_wconf 85' lang='lat' dir='ltr'><strong>suadet,</strong></span> 
     </span>
    </p>
   </div>
   <div class='ocr_carea' id='block_1_12' title="bbox 306 1420 1896 1501">
    <p class='ocr_par' dir='ltr' id='par_1_12' title="bbox 306 1420 1896 1501">
     <span class='ocr_line' id='line_1_12' title="bbox 306 1420 1896 1501; baseline -0.009 -15"><span class='ocrx_word' id='word_1_79' title='bbox 306 1440 487 1501; x_wconf 88' lang='lat' dir='ltr'><strong>turpes</strong></span> <span class='ocrx_word' id='word_1_80' title='bbox 515 1429 871 1497; x_wconf 81' lang='lat' dir='ltr'><strong>infamesque,</strong></span> <span class='ocrx_word' id='word_1_81' title='bbox 903 1426 1090 1496; x_wconf 83' lang='lat' dir='ltr'><strong>quales</strong></span> <span class='ocrx_word' id='word_1_82' title='bbox 1125 1425 1345 1489; x_wconf 79' lang='lat' dir='ltr'><strong>exteris,</strong></span> <span class='ocrx_word' id='word_1_83' title='bbox 1377 1436 1487 1476; x_wconf 89' lang='lat' dir='ltr'><strong>non</strong></span> <span class='ocrx_word' id='word_1_84' title='bbox 1517 1420 1652 1491; x_wconf 89' lang='lat' dir='ltr'><strong>patri</strong></span> <span class='ocrx_word' id='word_1_85' title='bbox 1684 1420 1896 1490; x_wconf 86' lang='lat' dir='ltr'><strong>placere</strong></span> 
     </span>
    </p>
   </div>
   <div class='ocr_carea' id='block_1_13' title="bbox 306 1513 1891 1594">
    <p class='ocr_par' dir='ltr' id='par_1_13' title="bbox 306 1513 1891 1594">
     <span class='ocr_line' id='line_1_13' title="bbox 306 1513 1891 1594; baseline -0.008 -17"><span class='ocrx_word' id='word_1_86' title='bbox 306 1523 528 1594; x_wconf 78' lang='lat' dir='ltr'><strong>possint.</strong></span> <span class='ocrx_word' id='word_1_87' title='bbox 558 1523 671 1591; x_wconf 88' lang='lat' dir='ltr'><strong>Age</strong></span> <span class='ocrx_word' id='word_1_88' title='bbox 692 1534 821 1591; x_wconf 88' lang='lat' dir='ltr'><strong>ergo</strong></span> <span class='ocrx_word' id='word_1_89' title='bbox 850 1518 949 1573; x_wconf 86' lang='lat' dir='ltr'><strong>hos</strong></span> <span class='ocrx_word' id='word_1_90' title='bbox 971 1516 1374 1589; x_wconf 78' lang='lat' dir='ltr'><strong>aggrediamur,</strong></span> <span class='ocrx_word' id='word_1_91' title='bbox 1407 1527 1462 1569; x_wconf 92' lang='lat' dir='ltr'><strong>et</strong></span> <span class='ocrx_word' id='word_1_92' title='bbox 1489 1516 1563 1568; x_wconf 89' lang='lat' dir='ltr'><strong>sit</strong></span> <span class='ocrx_word' id='word_1_93' title='bbox 1584 1513 1891 1581; x_wconf 81' lang='lat' dir='ltr'><strong>eleemosy-</strong></span> 
     </span>
    </p>
   </div>
   <div class='ocr_carea' id='block_1_14' title="bbox 308 1604 1896 1687">
    <p class='ocr_par' dir='ltr' id='par_1_14' title="bbox 308 1604 1896 1687">
     <span class='ocr_line' id='line_1_14' title="bbox 308 1604 1896 1687; baseline -0.01 -15"><span class='ocrx_word' id='word_1_94' title='bbox 308 1633 374 1673; x_wconf 83' lang='lat' dir='ltr'><strong>na</strong></span> <span class='ocrx_word' id='word_1_95' title='bbox 403 1618 546 1687; x_wconf 87' lang='lat' dir='ltr'><strong>large</strong></span> <span class='ocrx_word' id='word_1_96' title='bbox 568 1614 735 1670; x_wconf 75' lang='lat' dir='ltr'><strong>effusa</strong></span> <span class='ocrx_word' id='word_1_97' title='bbox 758 1612 826 1668; x_wconf 90' lang='lat' dir='ltr'><strong>ad</strong></span> <span class='ocrx_word' id='word_1_98' title='bbox 857 1612 1286 1667; x_wconf 84' lang='lat' dir='ltr'><strong>ostentationem.</strong></span> <span class='ocrx_word' id='word_1_99' title='bbox 1303 1608 1563 1675; x_wconf 77' lang='lat' dir='ltr'><strong>Sicigitur</strong></span> <span class='ocrx_word' id='word_1_100' title='bbox 1580 1604 1896 1661; x_wconf 78' lang='lat' dir='ltr'><strong>illamatha-</strong></span> 
     </span>
    </p>
   </div>
   <div class='ocr_carea' id='block_1_15' title="bbox 307 1696 1899 1781">
    <p class='ocr_par' dir='ltr' id='par_1_15' title="bbox 307 1696 1899 1781">
     <span class='ocr_line' id='line_1_15' title="bbox 307 1696 1899 1781; baseline -0.009 -15"><span class='ocrx_word' id='word_1_101' title='bbox 307 1712 447 1766; x_wconf 82' lang='lat' dir='ltr'><strong>lamo</strong></span> <span class='ocrx_word' id='word_1_102' title='bbox 463 1708 683 1781; x_wconf 80' lang='lat' dir='ltr'><strong>paterno</strong></span> <span class='ocrx_word' id='word_1_103' title='bbox 707 1707 903 1762; x_wconf 87' lang='lat' dir='ltr'><strong>educit.</strong></span> <span class='ocrx_word' id='word_1_104' title='bbox 932 1705 1092 1760; x_wconf 86' lang='lat' dir='ltr'><strong>Pater</strong></span> <span class='ocrx_word' id='word_1_105' title='bbox 1138 1711 1323 1758; x_wconf 88' lang='lat' dir='ltr'><strong>autem</strong></span> <span class='ocrx_word' id='word_1_106' title='bbox 1351 1701 1502 1771; x_wconf 87' lang='lat' dir='ltr'><strong>jubet</strong></span> <span class='ocrx_word' id='word_1_107' title='bbox 1520 1714 1590 1754; x_wconf 89' lang='lat' dir='ltr'><strong>ne</strong></span> <span class='ocrx_word' id='word_1_108' title='bbox 1616 1697 1682 1752; x_wconf 86' lang='lat' dir='ltr'><strong>ad</strong></span> <span class='ocrx_word' id='word_1_109' title='bbox 1712 1696 1899 1751; x_wconf 80' lang='lat' dir='ltr'><strong>dexte-</strong></span> 
     </span>
    </p>
   </div>
   <div class='ocr_carea' id='block_1_16' title="bbox 309 1788 1897 1872">
    <p class='ocr_par' dir='ltr' id='par_1_16' title="bbox 309 1788 1897 1872">
     <span class='ocr_line' id='line_1_16' title="bbox 309 1788 1897 1872; baseline -0.01 -16"><span class='ocrx_word' id='word_1_110' title='bbox 309 1818 422 1858; x_wconf 88' lang='lat' dir='ltr'><strong>ram</strong></span> <span class='ocrx_word' id='word_1_111' title='bbox 445 1800 661 1872; x_wconf 87' lang='lat' dir='ltr'><strong>quidem</strong></span> <span class='ocrx_word' id='word_1_112' title='bbox 686 1798 957 1868; x_wconf 81' lang='lat' dir='ltr'><strong>respicere</strong></span> <span class='ocrx_word' id='word_1_113' title='bbox 985 1813 1000 1851; x_wconf 90' lang='lat'><strong>:</strong></span> <span class='ocrx_word' id='word_1_114' title='bbox 1024 1796 1112 1850; x_wconf 92' lang='lat' dir='ltr'><strong>illa</strong></span> <span class='ocrx_word' id='word_1_115' title='bbox 1133 1809 1262 1850; x_wconf 89' lang='lat' dir='ltr'><strong>vero</strong></span> <span class='ocrx_word' id='word_1_116' title='bbox 1291 1794 1522 1862; x_wconf 83' lang='lat' dir='ltr'><strong>seipsam</strong></span> <span class='ocrx_word' id='word_1_117' title='bbox 1544 1790 1716 1846; x_wconf 82' lang='lat' dir='ltr'><strong>servis</strong></span> <span class='ocrx_word' id='word_1_118' title='bbox 1735 1788 1897 1843; x_wconf 80' lang='lat' dir='ltr'><strong>exhi-</strong></span> 
     </span>
    </p>
   </div>
   <div class='ocr_carea' id='block_1_17' title="bbox 310 1881 1899 1960">
    <p class='ocr_par' dir='ltr' id='par_1_17' title="bbox 310 1881 1899 1960">
     <span class='ocr_line' id='line_1_17' title="bbox 310 1881 1899 1960; baseline -0.009 -11"><span class='ocrx_word' id='word_1_119' title='bbox 310 1893 493 1949; x_wconf 90' lang='lat' dir='ltr'><strong>betae</strong></span> <span class='ocrx_word' id='word_1_120' title='bbox 521 1891 799 1960; x_wconf 81' lang='lat' dir='ltr'><strong>quibusvis</strong></span> <span class='ocrx_word' id='word_1_121' title='bbox 840 1889 1179 1953; x_wconf 89' lang='lat' dir='ltr'><strong>hominibus,</strong></span> <span class='ocrx_word' id='word_1_122' title='bbox 1228 1887 1320 1957; x_wconf 89' lang='lat' dir='ltr'><strong>qui</strong></span> <span class='ocrx_word' id='word_1_123' title='bbox 1360 1900 1429 1940; x_wconf 90' lang='lat' dir='ltr'><strong>ne</strong></span> <span class='ocrx_word' id='word_1_124' title='bbox 1455 1884 1635 1940; x_wconf 90' lang='lat' dir='ltr'><strong>norint</strong></span> <span class='ocrx_word' id='word_1_125' title='bbox 1683 1881 1899 1951; x_wconf 88' lang='lat' dir='ltr'><strong>quidem</strong></span> 
     </span>
    </p>
   </div>
   <div class='ocr_carea' id='block_1_18' title="bbox 309 1975 1900 2047">
    <p class='ocr_par' dir='ltr' id='par_1_18' title="bbox 309 1975 1900 2047">
     <span class='ocr_line' id='line_1_18' title="bbox 309 1975 1900 2047; baseline -0.009 -5"><span class='ocrx_word' id='word_1_126' title='bbox 309 1987 473 2042; x_wconf 86' lang='lat' dir='ltr'><strong>illam.</strong></span> <span class='ocrx_word' id='word_1_127' title='bbox 508 1984 699 2039; x_wconf 83' lang='lat' dir='ltr'><strong>Vidisti</strong></span> <span class='ocrx_word' id='word_1_128' title='bbox 746 1983 1084 2037; x_wconf 84' lang='lat' dir='ltr'><strong>meretricem</strong></span> <span class='ocrx_word' id='word_1_129' title='bbox 1110 1989 1164 2035; x_wconf 91' lang='lat' dir='ltr'><strong>et</strong></span> <span class='ocrx_word' id='word_1_130' title='bbox 1204 1979 1381 2034; x_wconf 89' lang='lat' dir='ltr'><strong>lenam</strong></span> <span class='ocrx_word' id='word_1_131' title='bbox 1430 1977 1497 2032; x_wconf 91' lang='lat' dir='ltr'><strong>ad</strong></span> <span class='ocrx_word' id='word_1_132' title='bbox 1534 1975 1900 2047; x_wconf 87' lang='lat' dir='ltr'><strong>improborum</strong></span> 
     </span>
    </p>
   </div>
   <div class='ocr_carea' id='block_1_19' title="bbox 311 2064 1902 2140">
    <p class='ocr_par' dir='ltr' id='par_1_19' title="bbox 311 2064 1902 2140">
     <span class='ocr_line' id='line_1_19' title="bbox 311 2064 1902 2140; baseline -0.008 -10"><span class='ocrx_word' id='word_1_133' title='bbox 311 2091 550 2130; x_wconf 85' lang='lat' dir='ltr'><strong>amorem</strong></span> <span class='ocrx_word' id='word_1_134' title='bbox 606 2088 729 2131; x_wconf 82' lang='lat' dir='ltr'><strong>sese</strong></span> <span class='ocrx_word' id='word_1_135' title='bbox 769 2073 1055 2129; x_wconf 88' lang='lat' dir='ltr'><strong>dedentem</strong></span> <span class='ocrx_word' id='word_1_136' title='bbox 1082 2111 1098 2134; x_wconf 88' lang='lat'><strong>,</strong></span> <span class='ocrx_word' id='word_1_137' title='bbox 1147 2077 1201 2125; x_wconf 89' lang='lat' dir='ltr'><strong>ut</strong></span> <span class='ocrx_word' id='word_1_138' title='bbox 1220 2084 1321 2139; x_wconf 86' lang='lat' dir='ltr'><strong>pro</strong></span> <span class='ocrx_word' id='word_1_139' title='bbox 1362 2068 1601 2140; x_wconf 89' lang='lat' dir='ltr'><strong>ipsorum</strong></span> <span class='ocrx_word' id='word_1_140' title='bbox 1653 2064 1902 2135; x_wconf 88' lang='lat' dir='ltr'><strong>cupidine</strong></span> 
     </span>
    </p>
   </div>
   <div class='ocr_carea' id='block_1_20' title="bbox 309 2156 1903 2233">
    <p class='ocr_par' dir='ltr' id='par_1_20' title="bbox 309 2156 1903 2233">
     <span class='ocr_line' id='line_1_20' title="bbox 309 2156 1903 2233; baseline -0.008 -11"><span class='ocrx_word' id='word_1_141' title='bbox 309 2181 432 2222; x_wconf 84' lang='lat' dir='ltr'><strong>sese</strong></span> <span class='ocrx_word' id='word_1_142' title='bbox 459 2165 731 2222; x_wconf 78' lang='lat' dir='ltr'><strong>exornet?</strong></span> <span class='ocrx_word' id='word_1_143' title='bbox 765 2163 862 2218; x_wconf 75' lang='lat' dir='ltr'><strong>Vis</strong></span> <span class='ocrx_word' id='word_1_144' title='bbox 881 2164 1065 2218; x_wconf 88' lang='lat' dir='ltr'><strong>videre</strong></span> <span class='ocrx_word' id='word_1_145' title='bbox 1085 2160 1355 2233; x_wconf 87' lang='lat' dir='ltr'><strong>quomodo</strong></span> <span class='ocrx_word' id='word_1_146' title='bbox 1410 2173 1516 2214; x_wconf 91' lang='lat' dir='ltr'><strong>non</strong></span> <span class='ocrx_word' id='word_1_147' title='bbox 1564 2156 1903 2212; x_wconf 88' lang='lat' dir='ltr'><strong>meretricem</strong></span> 
     </span>
    </p>
   </div>
   <div class='ocr_carea' id='block_1_21' title="bbox 311 2246 1904 2324">
    <p class='ocr_par' dir='ltr' id='par_1_21' title="bbox 311 2246 1904 2324">
     <span class='ocr_line' id='line_1_21' title="bbox 311 2246 1904 2324; baseline -0.008 -11"><span class='ocrx_word' id='word_1_148' title='bbox 311 2258 504 2324; x_wconf 89' lang='lat' dir='ltr'><strong>modo,</strong></span> <span class='ocrx_word' id='word_1_149' title='bbox 563 2256 657 2313; x_wconf 89' lang='lat' dir='ltr'><strong>sed</strong></span> <span class='ocrx_word' id='word_1_150' title='bbox 712 2257 966 2310; x_wconf 80' lang='lat' dir='ltr'><strong>furiosam</strong></span> <span class='ocrx_word' id='word_1_151' title='bbox 1012 2254 1156 2307; x_wconf 87' lang='lat' dir='ltr'><strong>illam</strong></span> <span class='ocrx_word' id='word_1_152' title='bbox 1210 2251 1442 2305; x_wconf 90' lang='lat' dir='ltr'><strong>animam</strong></span> <span class='ocrx_word' id='word_1_153' title='bbox 1483 2247 1723 2304; x_wconf 78' lang='lat' dir='ltr'><strong>reddat?</strong></span> <span class='ocrx_word' id='word_1_154' title='bbox 1772 2246 1904 2316; x_wconf 88' lang='lat' dir='ltr'><strong>Ejus</strong></span> 
     </span>
    </p>
   </div>
   <div class='ocr_carea' id='block_1_22' title="bbox 311 2342 1906 2409">
    <p class='ocr_par' dir='ltr' id='par_1_22' title="bbox 311 2342 1906 2409">
     <span class='ocr_line' id='line_1_22' title="bbox 311 2342 1906 2409; baseline -0.008 -4"><span class='ocrx_word' id='word_1_155' title='bbox 311 2358 547 2405; x_wconf 79' lang='lat' dir='ltr'><strong>mentem</strong></span> <span class='ocrx_word' id='word_1_156' title='bbox 572 2348 773 2403; x_wconf 89' lang='lat' dir='ltr'><strong>edisce.</strong></span> <span class='ocrx_word' id='word_1_157' title='bbox 804 2348 938 2401; x_wconf 84' lang='lat' dir='ltr'><strong>Cum</strong></span> <span class='ocrx_word' id='word_1_158' title='bbox 969 2345 1112 2401; x_wconf 88' lang='lat' dir='ltr'><strong>enim</strong></span> <span class='ocrx_word' id='word_1_159' title='bbox 1154 2344 1289 2399; x_wconf 65' lang='lat' dir='ltr'><strong>cado</strong></span> <span class='ocrx_word' id='word_1_160' title='bbox 1327 2342 1520 2398; x_wconf 88' lang='lat' dir='ltr'><strong>relicto</strong></span> <span class='ocrx_word' id='word_1_161' title='bbox 1565 2347 1748 2396; x_wconf 90' lang='lat' dir='ltr'><strong>currat</strong></span> <span class='ocrx_word' id='word_1_162' title='bbox 1784 2346 1906 2409; x_wconf 90' lang='lat' dir='ltr'><strong>post</strong></span> 
     </span>
    </p>
   </div>
   <div class='ocr_carea' id='block_1_23' title="bbox 315 2430 1905 2513">
    <p class='ocr_par' dir='ltr' id='par_1_23' title="bbox 315 2430 1905 2513">
     <span class='ocr_line' id='line_1_23' title="bbox 315 2430 1905 2513; baseline -0.008 -17"><span class='ocrx_word' id='word_1_163' title='bbox 315 2441 570 2513; x_wconf 75' lang='lat' dir='ltr'><strong>fugitivos</strong></span> <span class='ocrx_word' id='word_1_164' title='bbox 598 2449 653 2494; x_wconf 88' lang='lat' dir='ltr'><strong>et</strong></span> <span class='ocrx_word' id='word_1_165' title='bbox 680 2453 874 2494; x_wconf 86' lang='lat' dir='ltr'><strong>vernas</strong></span> <span class='ocrx_word' id='word_1_166' title='bbox 910 2452 1007 2507; x_wconf 90' lang='lat' dir='ltr'><strong>per</strong></span> <span class='ocrx_word' id='word_1_167' title='bbox 1027 2437 1176 2490; x_wconf 86' lang='lat' dir='ltr'><strong>vicos</strong></span> <span class='ocrx_word' id='word_1_168' title='bbox 1202 2443 1258 2489; x_wconf 91' lang='lat' dir='ltr'><strong>et</strong></span> <span class='ocrx_word' id='word_1_169' title='bbox 1296 2433 1630 2504; x_wconf 88' lang='lat' dir='ltr'><strong>angiportns,</strong></span> <span class='ocrx_word' id='word_1_170' title='bbox 1662 2430 1731 2485; x_wconf 92' lang='lat' dir='ltr'><strong>ad</strong></span> <span class='ocrx_word' id='word_1_171' title='bbox 1757 2430 1905 2485; x_wconf 87' lang='lat' dir='ltr'><strong>inse-</strong></span> 
     </span>
    </p>
   </div>
   <div class='ocr_carea' id='block_1_24' title="bbox 314 2524 1911 2604">
    <p class='ocr_par' dir='ltr' id='par_1_24' title="bbox 314 2524 1911 2604">
     <span class='ocr_line' id='line_1_24' title="bbox 314 2524 1911 2604; baseline -0.004 -18"><span class='ocrx_word' id='word_1_172' title='bbox 314 2533 560 2604; x_wconf 89' lang='lat' dir='ltr'><strong>quendos</strong></span> <span class='ocrx_word' id='word_1_173' title='bbox 599 2531 740 2597; x_wconf 87' lang='lat' dir='ltr'><strong>illos,</strong></span> <span class='ocrx_word' id='word_1_174' title='bbox 797 2531 885 2601; x_wconf 91' lang='lat' dir='ltr'><strong>qui</strong></span> <span class='ocrx_word' id='word_1_175' title='bbox 913 2530 1083 2600; x_wconf 85' lang='lat' dir='ltr'><strong>ipsam</strong></span> <span class='ocrx_word' id='word_1_176' title='bbox 1105 2528 1372 2593; x_wconf 89' lang='lat' dir='ltr'><strong>oderunt,</strong></span> <span class='ocrx_word' id='word_1_177' title='bbox 1427 2536 1611 2595; x_wconf 86' lang='lat' dir='ltr'><strong>turpes</strong></span> <span class='ocrx_word' id='word_1_178' title='bbox 1639 2540 1703 2579; x_wconf 89' lang='lat' dir='ltr'><strong>ac</strong></span> <span class='ocrx_word' id='word_1_179' title='bbox 1730 2524 1911 2579; x_wconf 88' lang='lat' dir='ltr'><strong>defor-</strong></span> 
     </span>
    </p>
   </div>
   <div class='ocr_carea' id='block_1_25' title="bbox 322 2615 1907 2691">
    <p class='ocr_par' dir='ltr' id='par_1_25' title="bbox 322 2615 1907 2691">
     <span class='ocr_line' id='line_1_25' title="bbox 322 2615 1907 2691; baseline -0.007 -12"><span class='ocrx_word' id='word_1_180' title='bbox 322 2638 439 2679; x_wconf 81' lang='lat' dir='ltr'><strong>mes</strong></span> <span class='ocrx_word' id='word_1_181' title='bbox 464 2622 734 2687; x_wconf 83' lang='lat' dir='ltr'><strong>homines,</strong></span> <span class='ocrx_word' id='word_1_182' title='bbox 761 2621 851 2691; x_wconf 86' lang='lat' dir='ltr'><strong>qui</strong></span> <span class='ocrx_word' id='word_1_183' title='bbox 874 2637 943 2675; x_wconf 89' lang='lat' dir='ltr'><strong>ne</strong></span> <span class='ocrx_word' id='word_1_184' title='bbox 967 2620 1152 2675; x_wconf 89' lang='lat' dir='ltr'><strong>videre</strong></span> <span class='ocrx_word' id='word_1_185' title='bbox 1191 2617 1405 2689; x_wconf 87' lang='lat' dir='ltr'><strong>quidem</strong></span> <span class='ocrx_word' id='word_1_186' title='bbox 1456 2617 1626 2687; x_wconf 83' lang='lat' dir='ltr'><strong>ipsam</strong></span> <span class='ocrx_word' id='word_1_187' title='bbox 1669 2615 1858 2670; x_wconf 84' lang='lat' dir='ltr'><strong>volunt</strong></span> <span class='ocrx_word' id='word_1_188' title='bbox 1889 2655 1907 2681; x_wconf 89' lang='lat'><strong>,</strong></span> 
     </span>
    </p>
   </div>
   <div class='ocr_carea' id='block_1_26' title="bbox 316 2705 1909 2785">
    <p class='ocr_par' dir='ltr' id='par_1_26' title="bbox 316 2705 1909 2785">
     <span class='ocr_line' id='line_1_26' title="bbox 316 2705 1909 2785; baseline -0.006 -17"><span class='ocrx_word' id='word_1_189' title='bbox 316 2715 407 2785; x_wconf 76' lang='lat' dir='ltr'><strong>qui</strong></span> <span class='ocrx_word' id='word_1_190' title='bbox 452 2713 702 2784; x_wconf 87' lang='lat' dir='ltr'><strong>quoniam</strong></span> <span class='ocrx_word' id='word_1_191' title='bbox 733 2714 814 2766; x_wconf 89' lang='lat' dir='ltr'><strong>sui</strong></span> <span class='ocrx_word' id='word_1_192' title='bbox 844 2725 1033 2766; x_wconf 89' lang='lat' dir='ltr'><strong>amore</strong></span> <span class='ocrx_word' id='word_1_193' title='bbox 1080 2721 1289 2778; x_wconf 87' lang='lat' dir='ltr'><strong>captam</strong></span> <span class='ocrx_word' id='word_1_194' title='bbox 1327 2706 1534 2775; x_wconf 81' lang='lat' dir='ltr'><strong>vident,</strong></span> <span class='ocrx_word' id='word_1_195' title='bbox 1563 2706 1793 2763; x_wconf 90' lang='lat' dir='ltr'><strong>oderunt</strong></span> <span class='ocrx_word' id='word_1_196' title='bbox 1839 2705 1909 2760; x_wconf 81' lang='lat' dir='ltr'><strong>il-</strong></span> 
     </span>
    </p>
   </div>
   <div class='ocr_carea' id='block_1_27' title="bbox 320 2796 1910 2875">
    <p class='ocr_par' dir='ltr' id='par_1_27' title="bbox 320 2796 1910 2875">
     <span class='ocr_line' id='line_1_27' title="bbox 320 2796 1910 2875; baseline -0.006 -15"><span class='ocrx_word' id='word_1_197' title='bbox 320 2806 423 2860; x_wconf 86' lang='lat' dir='ltr'><strong>lam</strong></span> <span class='ocrx_word' id='word_1_198' title='bbox 454 2822 469 2859; x_wconf 89' lang='lat'><strong>:</strong></span> <span class='ocrx_word' id='word_1_199' title='bbox 499 2804 629 2875; x_wconf 89' lang='lat' dir='ltr'><strong>quid</strong></span> <span class='ocrx_word' id='word_1_200' title='bbox 653 2818 904 2874; x_wconf 85' lang='lat' dir='ltr'><strong>umquam</strong></span> <span class='ocrx_word' id='word_1_201' title='bbox 934 2802 1185 2857; x_wconf 80' lang='lat' dir='ltr'><strong>furiosius</strong></span> <span class='ocrx_word' id='word_1_202' title='bbox 1211 2798 1405 2855; x_wconf 85' lang='lat' dir='ltr'><strong>fuerit?</strong></span> <span class='ocrx_word' id='word_1_203' title='bbox 1425 2798 1639 2853; x_wconf 86' lang='lat' dir='ltr'><strong>Nullum</strong></span> <span class='ocrx_word' id='word_1_204' title='bbox 1664 2798 1807 2853; x_wconf 93' lang='lat' dir='ltr'><strong>enim</strong></span> <span class='ocrx_word' id='word_1_205' title='bbox 1835 2796 1910 2850; x_wconf 87' lang='lat' dir='ltr'><strong>ita</strong></span> 
     </span>
    </p>
   </div>
   <div class='ocr_carea' id='block_1_28' title="bbox 312 2891 1912 2964">
    <p class='ocr_par' dir='ltr' id='par_1_28' title="bbox 312 2891 1912 2964">
     <span class='ocr_line' id='line_1_28' title="bbox 312 2891 1912 2964; baseline -0.005 -14"><span class='ocrx_word' id='word_1_206' title='bbox 312 2896 550 2952; x_wconf 72' lang='lat' dir='ltr'><strong>oderunt</strong></span> <span class='ocrx_word' id='word_1_207' title='bbox 574 2896 713 2952; x_wconf 83' lang='lat' dir='ltr'><strong>bene</strong></span> <span class='ocrx_word' id='word_1_208' title='bbox 743 2895 918 2961; x_wconf 89' lang='lat' dir='ltr'><strong>multi,</strong></span> <span class='ocrx_word' id='word_1_209' title='bbox 952 2904 1009 2949; x_wconf 94' lang='lat' dir='ltr'><strong>ut</strong></span> <span class='ocrx_word' id='word_1_210' title='bbox 1032 2908 1126 2949; x_wconf 88' lang='lat' dir='ltr'><strong>eos</strong></span> <span class='ocrx_word' id='word_1_211' title='bbox 1157 2891 1250 2964; x_wconf 91' lang='lat' dir='ltr'><strong>qui</strong></span> <span class='ocrx_word' id='word_1_212' title='bbox 1275 2905 1430 2946; x_wconf 87' lang='lat' dir='ltr'><strong>suam</strong></span> <span class='ocrx_word' id='word_1_213' title='bbox 1469 2904 1627 2959; x_wconf 90' lang='lat' dir='ltr'><strong>opem</strong></span> <span class='ocrx_word' id='word_1_214' title='bbox 1666 2897 1912 2959; x_wconf 65' lang='lat' dir='ltr'><strong>quaerunt</strong></span> 
     </span>
    </p>
   </div>
   <div class='ocr_carea' id='block_1_29' title="bbox 326 2982 1919 3059">
    <p class='ocr_par' dir='ltr' id='par_1_29' title="bbox 326 2982 1919 3059">
     <span class='ocr_line' id='line_1_29' title="bbox 326 2982 1919 3059; baseline -0.006 -15"><span class='ocrx_word' id='word_1_215' title='bbox 326 2990 395 3044; x_wconf 87' lang='lat' dir='ltr'><strong>ad</strong></span> <span class='ocrx_word' id='word_1_216' title='bbox 424 2989 647 3059; x_wconf 86' lang='lat' dir='ltr'><strong>gloriam</strong></span> <span class='ocrx_word' id='word_1_217' title='bbox 691 2987 1004 3059; x_wconf 87' lang='lat' dir='ltr'><strong>parandam.</strong></span> <span class='ocrx_word' id='word_1_218' title='bbox 1048 2986 1192 3041; x_wconf 82' lang='lat' dir='ltr'><strong>Mille</strong></span> <span class='ocrx_word' id='word_1_219' title='bbox 1244 2998 1474 3053; x_wconf 86' lang='lat' dir='ltr'><strong>namque</strong></span> <span class='ocrx_word' id='word_1_220' title='bbox 1509 2982 1919 3039; x_wconf 87' lang='lat' dir='ltr'><strong>criminationes</strong></span> 
     </span>
    </p>
   </div>
   <div class='ocr_carea' id='block_1_30' title="bbox 320 3073 1914 3151">
    <p class='ocr_par' dir='ltr' id='par_1_30' title="bbox 320 3073 1914 3151">
     <span class='ocr_line' id='line_1_30' title="bbox 320 3073 1914 3151; baseline -0.006 -14"><span class='ocrx_word' id='word_1_221' title='bbox 320 3081 585 3137; x_wconf 82' lang='lat' dir='ltr'><strong>adversus</strong></span> <span class='ocrx_word' id='word_1_222' title='bbox 613 3097 709 3137; x_wconf 90' lang='lat' dir='ltr'><strong>eos</strong></span> <span class='ocrx_word' id='word_1_223' title='bbox 727 3082 1037 3151; x_wconf 89' lang='lat' dir='ltr'><strong>confingunt</strong></span> <span class='ocrx_word' id='word_1_224' title='bbox 1062 3097 1076 3134; x_wconf 91' lang='lat'><strong>:</strong></span> <span class='ocrx_word' id='word_1_225' title='bbox 1109 3078 1448 3147; x_wconf 87' lang='lat' dir='ltr'><strong>idipsumque</strong></span> <span class='ocrx_word' id='word_1_226' title='bbox 1476 3074 1534 3129; x_wconf 82' lang='lat' dir='ltr'><strong>fit</strong></span> <span class='ocrx_word' id='word_1_227' title='bbox 1557 3115 1572 3139; x_wconf 95' lang='lat'><strong>,</strong></span> <span class='ocrx_word' id='word_1_228' title='bbox 1614 3088 1680 3128; x_wconf 89' lang='lat' dir='ltr'><strong>ac</strong></span> <span class='ocrx_word' id='word_1_229' title='bbox 1719 3074 1764 3127; x_wconf 89' lang='lat' dir='ltr'><strong>si</strong></span> <span class='ocrx_word' id='word_1_230' title='bbox 1794 3073 1914 3142; x_wconf 90' lang='lat' dir='ltr'><strong>quis</strong></span> 
     </span>
    </p>
   </div>
   <div class='ocr_carea' id='block_1_31' title="bbox 324 3165 1914 3244">
    <p class='ocr_par' dir='ltr' id='par_1_31' title="bbox 324 3165 1914 3244">
     <span class='ocr_line' id='line_1_31' title="bbox 324 3165 1914 3244; baseline -0.005 -16"><span class='ocrx_word' id='word_1_231' title='bbox 324 3172 584 3244; x_wconf 80' lang='lat' dir='ltr'><strong>virginem</strong></span> <span class='ocrx_word' id='word_1_232' title='bbox 613 3175 752 3244; x_wconf 88' lang='lat' dir='ltr'><strong>regis</strong></span> <span class='ocrx_word' id='word_1_233' title='bbox 782 3173 969 3238; x_wconf 86' lang='lat' dir='ltr'><strong>filiam,</strong></span> <span class='ocrx_word' id='word_1_234' title='bbox 999 3186 1064 3226; x_wconf 81' lang='lat' dir='ltr'><strong>ex</strong></span> <span class='ocrx_word' id='word_1_235' title='bbox 1087 3170 1235 3241; x_wconf 89' lang='lat' dir='ltr'><strong>regio</strong></span> <span class='ocrx_word' id='word_1_236' title='bbox 1265 3169 1402 3223; x_wconf 92' lang='lat' dir='ltr'><strong>solio</strong></span> <span class='ocrx_word' id='word_1_237' title='bbox 1434 3167 1727 3236; x_wconf 86' lang='lat' dir='ltr'><strong>dejectam,</strong></span> <span class='ocrx_word' id='word_1_238' title='bbox 1755 3165 1914 3235; x_wconf 80' lang='lat' dir='ltr'><strong>jube-</strong></span> 
     </span>
    </p>
   </div>
   <div class='ocr_carea' id='block_1_32' title="bbox 326 3261 1917 3337">
    <p class='ocr_par' dir='ltr' id='par_1_32' title="bbox 326 3261 1917 3337">
     <span class='ocr_line' id='line_1_32' title="bbox 326 3261 1917 3337; baseline -0.006 -15"><span class='ocrx_word' id='word_1_239' title='bbox 326 3275 409 3322; x_wconf 85' lang='lat' dir='ltr'><strong>ret</strong></span> <span class='ocrx_word' id='word_1_240' title='bbox 473 3266 866 3337; x_wconf 74' lang='lat' dir='ltr'><strong>gladiatoribus</strong></span> <span class='ocrx_word' id='word_1_241' title='bbox 927 3264 1100 3334; x_wconf 86' lang='lat' dir='ltr'><strong>ipsam</strong></span> <span class='ocrx_word' id='word_1_242' title='bbox 1161 3261 1543 3318; x_wconf 88' lang='lat' dir='ltr'><strong>aversantibus</strong></span> <span class='ocrx_word' id='word_1_243' title='bbox 1603 3274 1725 3314; x_wconf 90' lang='lat' dir='ltr'><strong>sese</strong></span> <span class='ocrx_word' id='word_1_244' title='bbox 1786 3271 1917 3327; x_wconf 87' lang='lat' dir='ltr'><strong>pro-</strong></span> 
     </span>
    </p>
   </div>
   <div class='ocr_carea' id='block_1_33' title="bbox 333 3350 1915 3427">
    <p class='ocr_par' dir='ltr' id='par_1_33' title="bbox 333 3350 1915 3427">
     <span class='ocr_line' id='line_1_33' title="bbox 333 3350 1915 3427; baseline -0.006 -13"><span class='ocrx_word' id='word_1_245' title='bbox 333 3360 578 3414; x_wconf 82' lang='lat' dir='ltr'><strong>stituere.</strong></span> <span class='ocrx_word' id='word_1_246' title='bbox 604 3358 666 3412; x_wconf 84' lang='lat' dir='ltr'><strong>Hi</strong></span> <span class='ocrx_word' id='word_1_247' title='bbox 693 3357 860 3423; x_wconf 90' lang='lat' dir='ltr'><strong>enim,</strong></span> <span class='ocrx_word' id='word_1_248' title='bbox 882 3364 1081 3427; x_wconf 90' lang='lat' dir='ltr'><strong>quanto</strong></span> <span class='ocrx_word' id='word_1_249' title='bbox 1095 3355 1266 3425; x_wconf 85' lang='lat' dir='ltr'><strong>magis</strong></span> <span class='ocrx_word' id='word_1_250' title='bbox 1286 3353 1432 3424; x_wconf 85' lang='lat' dir='ltr'><strong>ipsos</strong></span> <span class='ocrx_word' id='word_1_251' title='bbox 1453 3350 1773 3422; x_wconf 86' lang='lat' dir='ltr'><strong>insequeris,</strong></span> <span class='ocrx_word' id='word_1_252' title='bbox 1794 3358 1915 3405; x_wconf 85' lang='lat' dir='ltr'><strong>tan-</strong></span> 
     </span>
    </p>
   </div>
   <div class='ocr_carea' id='block_1_34' title="bbox 328 3444 1921 3522">
    <p class='ocr_par' dir='ltr' id='par_1_34' title="bbox 328 3444 1921 3522">
     <span class='ocr_line' id='line_1_34' title="bbox 328 3444 1921 3522; baseline -0.005 -16"><span class='ocrx_word' id='word_1_253' title='bbox 328 3459 386 3506; x_wconf 86' lang='lat' dir='ltr'><strong>to</strong></span> <span class='ocrx_word' id='word_1_254' title='bbox 412 3450 583 3522; x_wconf 84' lang='lat' dir='ltr'><strong>magis</strong></span> <span class='ocrx_word' id='word_1_255' title='bbox 609 3458 663 3505; x_wconf 87' lang='lat' dir='ltr'><strong>te</strong></span> <span class='ocrx_word' id='word_1_256' title='bbox 690 3458 1044 3505; x_wconf 79' lang='lat' dir='ltr'><strong>aversantur:</strong></span> <span class='ocrx_word' id='word_1_257' title='bbox 1103 3448 1246 3503; x_wconf 86' lang='lat' dir='ltr'><strong>Deus</strong></span> <span class='ocrx_word' id='word_1_258' title='bbox 1281 3456 1482 3511; x_wconf 90' lang='lat' dir='ltr'><strong>autem,</strong></span> <span class='ocrx_word' id='word_1_259' title='bbox 1505 3454 1704 3515; x_wconf 90' lang='lat' dir='ltr'><strong>quanto</strong></span> <span class='ocrx_word' id='word_1_260' title='bbox 1752 3444 1921 3515; x_wconf 86' lang='lat' dir='ltr'><strong>majo—</strong></span> 
     </span>
    </p>
   </div>
   <div class='ocr_carea' id='block_1_35' title="bbox 330 3538 1923 3613">
    <p class='ocr_par' dir='ltr' id='par_1_35' title="bbox 330 3538 1923 3613">
     <span class='ocr_line' id='line_1_35' title="bbox 330 3538 1923 3613; baseline -0.004 -15"><span class='ocrx_word' id='word_1_261' title='bbox 330 3558 443 3598; x_wconf 88' lang='lat' dir='ltr'><strong>rem</strong></span> <span class='ocrx_word' id='word_1_262' title='bbox 469 3542 539 3597; x_wconf 91' lang='lat' dir='ltr'><strong>ab</strong></span> <span class='ocrx_word' id='word_1_263' title='bbox 559 3543 675 3613; x_wconf 90' lang='lat' dir='ltr'><strong>ipso</strong></span> <span class='ocrx_word' id='word_1_264' title='bbox 702 3541 927 3613; x_wconf 88' lang='lat' dir='ltr'><strong>gloriam</strong></span> <span class='ocrx_word' id='word_1_265' title='bbox 949 3541 1147 3611; x_wconf 70' lang='lat' dir='ltr'><strong>quaeris</strong></span> <span class='ocrx_word' id='word_1_266' title='bbox 1173 3583 1189 3609; x_wconf 92' lang='lat'><strong>,</strong></span> <span class='ocrx_word' id='word_1_267' title='bbox 1233 3549 1381 3595; x_wconf 86' lang='lat' dir='ltr'><strong>tanto</strong></span> <span class='ocrx_word' id='word_1_268' title='bbox 1407 3539 1576 3610; x_wconf 87' lang='lat' dir='ltr'><strong>magis</strong></span> <span class='ocrx_word' id='word_1_269' title='bbox 1598 3548 1651 3594; x_wconf 89' lang='lat' dir='ltr'><strong>te</strong></span> <span class='ocrx_word' id='word_1_270' title='bbox 1677 3538 1841 3594; x_wconf 87' lang='lat' dir='ltr'><strong>trahit</strong></span> <span class='ocrx_word' id='word_1_271' title='bbox 1867 3546 1923 3593; x_wconf 85' lang='lat' dir='ltr'><strong>et</strong></span> 
     </span>
    </p>
   </div>
   <div class='ocr_carea' id='block_1_36' title="bbox 330 3630 1923 3704">
    <p class='ocr_par' dir='ltr' id='par_1_36' title="bbox 330 3630 1923 3704">
     <span class='ocr_line' id='line_1_36' title="bbox 330 3630 1923 3704; baseline -0.001 -15"><span class='ocrx_word' id='word_1_272' title='bbox 330 3634 532 3700; x_wconf 86' lang='lat' dir='ltr'><strong>laudat,</strong></span> <span class='ocrx_word' id='word_1_273' title='bbox 566 3648 919 3704; x_wconf 85' lang='lat' dir='ltr'><strong>magnamque</strong></span> <span class='ocrx_word' id='word_1_274' title='bbox 946 3632 1043 3687; x_wconf 86' lang='lat' dir='ltr'><strong>tibi</strong></span> <span class='ocrx_word' id='word_1_275' title='bbox 1089 3634 1395 3688; x_wconf 85' lang='lat' dir='ltr'><strong>mercedem</strong></span> <span class='ocrx_word' id='word_1_276' title='bbox 1420 3632 1623 3687; x_wconf 87' lang='lat' dir='ltr'><strong>tribuit.</strong></span> <span class='ocrx_word' id='word_1_277' title='bbox 1650 3630 1707 3687; x_wconf 89' lang='lat' dir='ltr'><strong>Si</strong></span> <span class='ocrx_word' id='word_1_278' title='bbox 1748 3631 1923 3701; x_wconf 84' lang='lat' dir='ltr'><strong>placet</strong></span> 
     </span>
    </p>
   </div>
   <div class='ocr_carea' id='block_1_37' title="bbox 330 3724 1925 3796">
    <p class='ocr_par' dir='ltr' id='par_1_37' title="bbox 330 3724 1925 3796">
     <span class='ocr_line' id='line_1_37' title="bbox 330 3724 1925 3796; baseline 0 -16"><span class='ocrx_word' id='word_1_279' title='bbox 330 3737 511 3783; x_wconf 83' lang='lat' dir='ltr'><strong>autem</strong></span> <span class='ocrx_word' id='word_1_280' title='bbox 538 3735 593 3782; x_wconf 91' lang='lat' dir='ltr'><strong>et</strong></span> <span class='ocrx_word' id='word_1_281' title='bbox 620 3726 836 3781; x_wconf 85' lang='lat' dir='ltr'><strong>aliunde</strong></span> <span class='ocrx_word' id='word_1_282' title='bbox 864 3734 1122 3796; x_wconf 88' lang='lat' dir='ltr'><strong>quantum</strong></span> <span class='ocrx_word' id='word_1_283' title='bbox 1162 3726 1231 3781; x_wconf 90' lang='lat' dir='ltr'><strong>sit</strong></span> <span class='ocrx_word' id='word_1_284' title='bbox 1274 3726 1527 3781; x_wconf 86' lang='lat' dir='ltr'><strong>damnum</strong></span> <span class='ocrx_word' id='word_1_285' title='bbox 1556 3724 1685 3779; x_wconf 89' lang='lat' dir='ltr'><strong>illud</strong></span> <span class='ocrx_word' id='word_1_286' title='bbox 1717 3724 1925 3780; x_wconf 85' lang='lat' dir='ltr'><strong>edisce—</strong></span> 
     </span>
    </p>
   </div>
   <div class='ocr_carea' id='block_1_38' title="bbox 322 3816 1923 3888">
    <p class='ocr_par' dir='ltr' id='par_1_38' title="bbox 322 3816 1923 3888">
     <span class='ocr_line' id='line_1_38' title="bbox 322 3816 1923 3888; baseline -0.002 -14"><span class='ocrx_word' id='word_1_287' title='bbox 322 3833 416 3885; x_wconf 69' lang='lat' dir='ltr'><strong>re,</strong></span> <span class='ocrx_word' id='word_1_288' title='bbox 435 3817 649 3888; x_wconf 80' lang='lat' dir='ltr'><strong>quando</strong></span> <span class='ocrx_word' id='word_1_289' title='bbox 690 3816 788 3873; x_wconf 88' lang='lat' dir='ltr'><strong>das</strong></span> <span class='ocrx_word' id='word_1_290' title='bbox 810 3817 876 3871; x_wconf 91' lang='lat' dir='ltr'><strong>ad</strong></span> <span class='ocrx_word' id='word_1_291' title='bbox 923 3818 1337 3872; x_wconf 87' lang='lat' dir='ltr'><strong>ostentationem</strong></span> <span class='ocrx_word' id='word_1_292' title='bbox 1361 3825 1417 3871; x_wconf 90' lang='lat' dir='ltr'><strong>et</strong></span> <span class='ocrx_word' id='word_1_293' title='bbox 1448 3816 1654 3872; x_wconf 87' lang='lat' dir='ltr'><strong>laudem</strong></span> <span class='ocrx_word' id='word_1_294' title='bbox 1682 3859 1698 3883; x_wconf 91' lang='lat'><strong>,</strong></span> <span class='ocrx_word' id='word_1_295' title='bbox 1746 3825 1923 3871; x_wconf 86' lang='lat' dir='ltr'><strong>tecum</strong></span> 
     </span>
    </p>
   </div>
   <div class='ocr_carea' id='block_1_39' title="bbox 335 3909 1926 3984">
    <p class='ocr_par' dir='ltr' id='par_1_39' title="bbox 335 3909 1926 3984">
     <span class='ocr_line' id='line_1_39' title="bbox 335 3909 1926 3984; baseline -0.003 -16"><span class='ocrx_word' id='word_1_296' title='bbox 335 3922 524 3982; x_wconf 87' lang='lat' dir='ltr'><strong>reputa</strong></span> <span class='ocrx_word' id='word_1_297' title='bbox 556 3920 788 3984; x_wconf 88' lang='lat' dir='ltr'><strong>quantus</strong></span> <span class='ocrx_word' id='word_1_298' title='bbox 817 3911 910 3967; x_wconf 92' lang='lat' dir='ltr'><strong>tibi</strong></span> <span class='ocrx_word' id='word_1_299' title='bbox 936 3909 1092 3966; x_wconf 90' lang='lat' dir='ltr'><strong>dolor</strong></span> <span class='ocrx_word' id='word_1_300' title='bbox 1116 3911 1338 3966; x_wconf 83' lang='lat' dir='ltr'><strong>accedat</strong></span> <span class='ocrx_word' id='word_1_301' title='bbox 1365 3926 1381 3976; x_wconf 93' lang='lat'><strong>;</strong></span> <span class='ocrx_word' id='word_1_302' title='bbox 1409 3920 1464 3966; x_wconf 91' lang='lat' dir='ltr'><strong>et</strong></span> <span class='ocrx_word' id='word_1_303' title='bbox 1491 3926 1649 3981; x_wconf 85' lang='lat' dir='ltr'><strong>quam</strong></span> <span class='ocrx_word' id='word_1_304' title='bbox 1679 3909 1926 3965; x_wconf 88' lang='lat' dir='ltr'><strong>assiduus</strong></span> 
     </span>
    </p>
   </div>
   <div class='ocr_carea' id='block_1_40' title="bbox 266 4002 1927 4075">
    <p class='ocr_par' dir='ltr' id='par_1_40' title="bbox 266 4002 1927 4075">
     <span class='ocr_line' id='line_1_40' title="bbox 266 4002 1927 4075; baseline -0.001 -16"><span class='ocrx_word' id='word_1_305' title='bbox 266 4012 278 4023; x_wconf 84' lang='lat'><strong><em>‘</em></strong></span> <span class='ocrx_word' id='word_1_306' title='bbox 337 4019 560 4072; x_wconf 62' lang='lat' dir='ltr'><strong>meror,</strong></span> <span class='ocrx_word' id='word_1_307' title='bbox 587 4003 809 4060; x_wconf 81' lang='lat' dir='ltr'><strong>Christo</strong></span> <span class='ocrx_word' id='word_1_308' title='bbox 835 4002 928 4059; x_wconf 89' lang='lat' dir='ltr'><strong>tibi</strong></span> <span class='ocrx_word' id='word_1_309' title='bbox 955 4004 1250 4075; x_wconf 89' lang='lat' dir='ltr'><strong>inspirante</strong></span> <span class='ocrx_word' id='word_1_310' title='bbox 1278 4020 1342 4059; x_wconf 90' lang='lat' dir='ltr'><strong>ac</strong></span> <span class='ocrx_word' id='word_1_311' title='bbox 1363 4004 1594 4069; x_wconf 87' lang='lat' dir='ltr'><strong>dicente,</strong></span> <span class='ocrx_word' id='word_1_312' title='bbox 1642 4003 1927 4060; x_wconf 85' lang='lat' dir='ltr'><strong>Perdidisti</strong></span> 
     </span>
    </p>
   </div>
   <div class='ocr_carea' id='block_1_41' title="bbox 338 4094 1927 4168">
    <p class='ocr_par' dir='ltr' id='par_1_41' title="bbox 338 4094 1927 4168">
     <span class='ocr_line' id='line_1_41' title="bbox 338 4094 1927 4168; baseline 0.001 -19"><span class='ocrx_word' id='word_1_313' title='bbox 338 4111 555 4151; x_wconf 87' lang='lat' dir='ltr'><strong>omnem</strong></span> <span class='ocrx_word' id='word_1_314' title='bbox 586 4094 886 4151; x_wconf 89' lang='lat' dir='ltr'><strong>mercedem</strong></span> <span class='ocrx_word' id='word_1_315' title='bbox 917 4105 1060 4150; x_wconf 89' lang='lat' dir='ltr'><strong>tuam</strong></span> <span class='ocrx_word' id='word_1_316' title='bbox 1085 4095 1105 4168; x_wconf 90' lang='lat'>(</span> <span class='ocrx_word' id='word_1_317' title='bbox 1133 4096 1323 4150; x_wconf 80' lang='lat' dir='ltr'><strong>Matth.</strong></span> <span class='ocrx_word' id='word_1_318' title='bbox 1348 4096 1402 4152; x_wconf 89' lang='lat'><strong>6.</strong></span> <span class='ocrx_word' id='word_1_319' title='bbox 1429 4095 1520 4166; x_wconf 73' lang='grc'><strong>2).</strong></span> <span class='ocrx_word' id='word_1_320' title='bbox 1552 4095 1762 4166; x_wconf 84' lang='lat' dir='ltr'><strong>Ubique</strong></span> <span class='ocrx_word' id='word_1_321' title='bbox 1792 4111 1927 4150; x_wconf 87' lang='lat' dir='ltr'><strong>vana</strong></span> 
     </span>
    </p>
   </div>
   <div class='ocr_carea' id='block_1_42' title="bbox 338 4187 1929 4257">
    <p class='ocr_par' dir='ltr' id='par_1_42' title="bbox 338 4187 1929 4257">
     <span class='ocr_line' id='line_1_42' title="bbox 338 4187 1929 4257; baseline -0.001 -15"><span class='ocrx_word' id='word_1_322' title='bbox 338 4187 508 4257; x_wconf 81' lang='lat' dir='ltr'><strong>gloria</strong></span> <span class='ocrx_word' id='word_1_323' title='bbox 534 4188 699 4254; x_wconf 87' lang='lat' dir='ltr'><strong>mala,</strong></span> <span class='ocrx_word' id='word_1_324' title='bbox 731 4188 969 4242; x_wconf 82' lang='lat' dir='ltr'><strong>maxime</strong></span> <span class='ocrx_word' id='word_1_325' title='bbox 996 4202 1128 4243; x_wconf 90' lang='lat' dir='ltr'><strong>vero</strong></span> <span class='ocrx_word' id='word_1_326' title='bbox 1150 4187 1364 4257; x_wconf 89' lang='lat' dir='ltr'><strong>quando</strong></span> <span class='ocrx_word' id='word_1_327' title='bbox 1389 4187 1754 4244; x_wconf 89' lang='lat' dir='ltr'><strong>misericordia</strong></span> <span class='ocrx_word' id='word_1_328' title='bbox 1776 4187 1929 4244; x_wconf 64' lang='lat' dir='ltr'><strong>exhi.</strong></span> 
     </span>
    </p>
   </div>
   <div class='ocr_carea' id='block_1_43' title="bbox 342 4280 1932 4354">
    <p class='ocr_par' dir='ltr' id='par_1_43' title="bbox 342 4280 1932 4354">
     <span class='ocr_line' id='line_1_43' title="bbox 342 4280 1932 4354; baseline -0.001 -16"><span class='ocrx_word' id='word_1_329' title='bbox 342 4282 519 4349; x_wconf 81' lang='lat' dir='ltr'><strong>betur,</strong></span> <span class='ocrx_word' id='word_1_330' title='bbox 552 4283 602 4338; x_wconf 90' lang='lat' dir='ltr'><strong>id</strong></span> <span class='ocrx_word' id='word_1_331' title='bbox 630 4282 774 4354; x_wconf 90' lang='lat' dir='ltr'><strong>quod</strong></span> <span class='ocrx_word' id='word_1_332' title='bbox 800 4291 1041 4339; x_wconf 79' lang='lat' dir='ltr'><strong>extrema</strong></span> <span class='ocrx_word' id='word_1_333' title='bbox 1058 4280 1348 4337; x_wconf 87' lang='lat' dir='ltr'><strong>crudelitas</strong></span> <span class='ocrx_word' id='word_1_334' title='bbox 1369 4282 1700 4351; x_wconf 89' lang='lat' dir='ltr'><strong>est,quando</strong></span> <span class='ocrx_word' id='word_1_335' title='bbox 1723 4282 1792 4338; x_wconf 91' lang='lat' dir='ltr'><strong>de</strong></span> <span class='ocrx_word' id='word_1_336' title='bbox 1808 4282 1932 4337; x_wconf 89' lang='lat' dir='ltr'><strong>alio-</strong></span> 
     </span>
    </p>
   </div>
   <div class='ocr_carea' id='block_1_44' title="bbox 348 4373 1932 4444">
    <p class='ocr_par' dir='ltr' id='par_1_44' title="bbox 348 4373 1932 4444">
     <span class='ocr_line' id='line_1_44' title="bbox 348 4373 1932 4444; baseline -0.001 -15"><span class='ocrx_word' id='word_1_337' title='bbox 348 4389 465 4429; x_wconf 87' lang='lat' dir='ltr'><strong>rum</strong></span> <span class='ocrx_word' id='word_1_338' title='bbox 511 4374 816 4429; x_wconf 86' lang='lat' dir='ltr'><strong>calamitate</strong></span> <span class='ocrx_word' id='word_1_339' title='bbox 857 4388 978 4429; x_wconf 90' lang='lat' dir='ltr'><strong>sese</strong></span> <span class='ocrx_word' id='word_1_340' title='bbox 1016 4373 1257 4441; x_wconf 79' lang='lat' dir='ltr'><strong>extollit,</strong></span> <span class='ocrx_word' id='word_1_341' title='bbox 1315 4380 1370 4429; x_wconf 91' lang='lat' dir='ltr'><strong>et</strong></span> <span class='ocrx_word' id='word_1_342' title='bbox 1413 4375 1563 4444; x_wconf 89' lang='lat' dir='ltr'><strong>quasi</strong></span> <span class='ocrx_word' id='word_1_343' title='bbox 1613 4373 1932 4443; x_wconf 87' lang='lat' dir='ltr'><strong>pauperibus</strong></span> 
     </span>
    </p>
   </div>
   <div class='ocr_carea' id='block_1_45' title="bbox 341 4465 1930 4535">
    <p class='ocr_par' dir='ltr' id='par_1_45' title="bbox 341 4465 1930 4535">
     <span class='ocr_line' id='line_1_45' title="bbox 341 4465 1930 4535; baseline 0 -15"><span class='ocrx_word' id='word_1_344' title='bbox 341 4466 654 4535; x_wconf 79' lang='lat' dir='ltr'><strong>exprobrat.</strong></span> <span class='ocrx_word' id='word_1_345' title='bbox 676 4465 809 4520; x_wconf 88' lang='lat' dir='ltr'><strong>Nam</strong></span> <span class='ocrx_word' id='word_1_346' title='bbox 837 4466 882 4521; x_wconf 90' lang='lat' dir='ltr'><strong>si</strong></span> <span class='ocrx_word' id='word_1_347' title='bbox 901 4480 994 4521; x_wconf 91' lang='lat' dir='ltr'><strong>sua</strong></span> <span class='ocrx_word' id='word_1_348' title='bbox 1016 4466 1220 4521; x_wconf 87' lang='lat' dir='ltr'><strong>referre</strong></span> <span class='ocrx_word' id='word_1_349' title='bbox 1240 4466 1521 4530; x_wconf 87' lang='lat' dir='ltr'><strong>beneficia,</strong></span> <span class='ocrx_word' id='word_1_350' title='bbox 1551 4465 1605 4521; x_wconf 90' lang='lat' dir='ltr'><strong>id</strong></span> <span class='ocrx_word' id='word_1_351' title='bbox 1642 4465 1930 4521; x_wconf 87' lang='lat' dir='ltr'><strong>conviciari</strong></span> 
     </span>
    </p>
   </div>
   <div class='ocr_carea' id='block_1_46' title="bbox 342 4558 1934 4629">
    <p class='ocr_par' dir='ltr' id='par_1_46' title="bbox 342 4558 1934 4629">
     <span class='ocr_line' id='line_1_46' title="bbox 342 4558 1934 4629; baseline 0 -15"><span class='ocrx_word' id='word_1_352' title='bbox 342 4567 456 4615; x_wconf 83' lang='lat' dir='ltr'><strong>est:</strong></span> <span class='ocrx_word' id='word_1_353' title='bbox 485 4558 551 4614; x_wconf 90' lang='lat' dir='ltr'><strong>ad</strong></span> <span class='ocrx_word' id='word_1_354' title='bbox 577 4559 711 4615; x_wconf 87' lang='lat' dir='ltr'><strong>alios</strong></span> <span class='ocrx_word' id='word_1_355' title='bbox 732 4560 929 4615; x_wconf 85' lang='lat' dir='ltr'><strong>multos</strong></span> <span class='ocrx_word' id='word_1_356' title='bbox 955 4558 1045 4614; x_wconf 89' lang='lat' dir='ltr'><strong>illa</strong></span> <span class='ocrx_word' id='word_1_357' title='bbox 1077 4558 1384 4626; x_wconf 86' lang='lat' dir='ltr'><strong>traducere,</strong></span> <span class='ocrx_word' id='word_1_358' title='bbox 1412 4558 1537 4629; x_wconf 88' lang='lat' dir='ltr'><strong>quid</strong></span> <span class='ocrx_word' id='word_1_359' title='bbox 1561 4572 1681 4614; x_wconf 90' lang='lat' dir='ltr'><strong>esse</strong></span> <span class='ocrx_word' id='word_1_360' title='bbox 1694 4559 1934 4614; x_wconf 77' lang='lat' dir='ltr'><strong>dixeris?</strong></span> 
     </span>
    </p>
   </div>
   <div class='ocr_carea' id='block_1_47' title="bbox 343 4639 1936 4724">
    <p class='ocr_par' dir='ltr' id='par_1_47' title="bbox 343 4639 1936 4724">
     <span class='ocr_line' id='line_1_47' title="bbox 343 4639 1936 4724; baseline 0.003 -19"><span class='ocrx_word' id='word_1_361' title='bbox 343 4639 625 4720; x_wconf 79' lang='lat' dir='ltr'><strong>Quomodo</strong></span> <span class='ocrx_word' id='word_1_362' title='bbox 656 4664 782 4724; x_wconf 82' lang='lat' dir='ltr'><strong>ergo</strong></span> <span class='ocrx_word' id='word_1_363' title='bbox 819 4653 922 4709; x_wconf 90' lang='lat' dir='ltr'><strong>hoc</strong></span> <span class='ocrx_word' id='word_1_364' title='bbox 970 4654 1170 4708; x_wconf 86' lang='lat' dir='ltr'><strong>malum</strong></span> <span class='ocrx_word' id='word_1_365' title='bbox 1218 4653 1523 4723; x_wconf 78' lang='lat' dir='ltr'><strong>fugiemus?</strong></span> <span class='ocrx_word' id='word_1_366' title='bbox 1574 4653 1629 4709; x_wconf 91' lang='lat' dir='ltr'><strong>Si</strong></span> <span class='ocrx_word' id='word_1_367' title='bbox 1667 4653 1936 4709; x_wconf 85' lang='lat' dir='ltr'><strong>discamus</strong></span> 
     </span>
    </p>
   </div>
   <div class='ocr_carea' id='block_1_48' title="bbox 341 4745 1935 4818">
    <p class='ocr_par' dir='ltr' id='par_1_48' title="bbox 341 4745 1935 4818">
     <span class='ocr_line' id='line_1_48' title="bbox 341 4745 1935 4818; baseline 0.001 -19"><span class='ocrx_word' id='word_1_368' title='bbox 341 4746 612 4817; x_wconf 77' lang='lat' dir='ltr'><strong>quomodo</strong></span> <span class='ocrx_word' id='word_1_369' title='bbox 636 4746 883 4800; x_wconf 86' lang='lat' dir='ltr'><strong>misereri</strong></span> <span class='ocrx_word' id='word_1_370' title='bbox 910 4754 1201 4815; x_wconf 89' lang='lat' dir='ltr'><strong>oporteat;</strong></span> <span class='ocrx_word' id='word_1_371' title='bbox 1252 4746 1299 4800; x_wconf 92' lang='lat' dir='ltr'><strong>si</strong></span> <span class='ocrx_word' id='word_1_372' title='bbox 1345 4745 1749 4802; x_wconf 85' lang='lat' dir='ltr'><strong>consideremus</strong></span> <span class='ocrx_word' id='word_1_373' title='bbox 1795 4762 1935 4818; x_wconf 87' lang='lat' dir='ltr'><strong>quo-</strong></span> 
     </span>
    </p>
   </div>
   <div class='ocr_carea' id='block_1_49' title="bbox 342 4837 1938 4909">
    <p class='ocr_par' dir='ltr' id='par_1_49' title="bbox 342 4837 1938 4909">
     <span class='ocr_line' id='line_1_49' title="bbox 342 4837 1938 4909; baseline -0.001 -15"><span class='ocrx_word' id='word_1_374' title='bbox 342 4852 592 4894; x_wconf 86' lang='lat' dir='ltr'><strong>rumnam</strong></span> <span class='ocrx_word' id='word_1_375' title='bbox 618 4837 844 4908; x_wconf 88' lang='lat' dir='ltr'><strong>gloriam</strong></span> <span class='ocrx_word' id='word_1_376' title='bbox 888 4838 1199 4907; x_wconf 68' lang='lat' dir='ltr'><strong>quaerimus.</strong></span> <span class='ocrx_word' id='word_1_377' title='bbox 1230 4837 1325 4893; x_wconf 89' lang='lat' dir='ltr'><strong>Dic</strong></span> <span class='ocrx_word' id='word_1_378' title='bbox 1350 4838 1504 4905; x_wconf 89' lang='lat' dir='ltr'><strong>mihi,</strong></span> <span class='ocrx_word' id='word_1_379' title='bbox 1553 4839 1674 4909; x_wconf 88' lang='lat' dir='ltr'><strong>quis</strong></span> <span class='ocrx_word' id='word_1_380' title='bbox 1699 4839 1938 4894; x_wconf 88' lang='lat' dir='ltr'><strong>eleemo-</strong></span> 
     </span>
    </p>
   </div>
   <div class='ocr_carea' id='block_1_50' title="bbox 340 4929 1936 5004">
    <p class='ocr_par' dir='ltr' id='par_1_50' title="bbox 340 4929 1936 5004">
     <span class='ocr_line' id='line_1_50' title="bbox 340 4929 1936 5004; baseline 0.001 -17"><span class='ocrx_word' id='word_1_381' title='bbox 340 4945 494 5003; x_wconf 67' lang='lat' dir='ltr'><strong>synat</strong></span> <span class='ocrx_word' id='word_1_382' title='bbox 524 4929 715 4985; x_wconf 79' lang='lat' dir='ltr'><strong>artifex</strong></span> <span class='ocrx_word' id='word_1_383' title='bbox 740 4931 865 4987; x_wconf 77' lang='lat' dir='ltr'><strong>est?</strong></span> <span class='ocrx_word' id='word_1_384' title='bbox 890 4930 989 4999; x_wconf 86' lang='lat' dir='ltr'><strong>Qui</strong></span> <span class='ocrx_word' id='word_1_385' title='bbox 1014 4946 1128 4986; x_wconf 87' lang='lat' dir='ltr'><strong>rem</strong></span> <span class='ocrx_word' id='word_1_386' title='bbox 1158 4930 1302 4987; x_wconf 90' lang='lat' dir='ltr'><strong>illam</strong></span> <span class='ocrx_word' id='word_1_387' title='bbox 1329 4931 1531 4999; x_wconf 88' lang='lat' dir='ltr'><strong>docuit,</strong></span> <span class='ocrx_word' id='word_1_388' title='bbox 1563 4947 1759 5004; x_wconf 90' lang='lat' dir='ltr'><strong>nempe</strong></span> <span class='ocrx_word' id='word_1_389' title='bbox 1774 4934 1936 5001; x_wconf 87' lang='lat' dir='ltr'><strong>Deus,</strong></span> 
     </span>
    </p>
   </div>
   <div class='ocr_carea' id='block_1_51' title="bbox 344 5022 1934 5092">
    <p class='ocr_par' dir='ltr' id='par_1_51' title="bbox 344 5022 1934 5092">
     <span class='ocr_line' id='line_1_51' title="bbox 344 5022 1934 5092; baseline 0.006 -19"><span class='ocrx_word' id='word_1_390' title='bbox 344 5022 471 5092; x_wconf 89' lang='lat' dir='ltr'><strong>quid</strong></span> <span class='ocrx_word' id='word_1_391' title='bbox 517 5023 645 5078; x_wconf 88' lang='lat' dir='ltr'><strong>illud</strong></span> <span class='ocrx_word' id='word_1_392' title='bbox 678 5024 910 5078; x_wconf 85' lang='lat' dir='ltr'><strong>maxime</strong></span> <span class='ocrx_word' id='word_1_393' title='bbox 969 5025 1150 5091; x_wconf 90' lang='lat' dir='ltr'><strong>novit,</strong></span> <span class='ocrx_word' id='word_1_394' title='bbox 1181 5033 1237 5079; x_wconf 92' lang='lat' dir='ltr'><strong>et</strong></span> <span class='ocrx_word' id='word_1_395' title='bbox 1284 5025 1338 5080; x_wconf 92' lang='lat' dir='ltr'><strong>in</strong></span> <span class='ocrx_word' id='word_1_396' title='bbox 1388 5025 1652 5080; x_wconf 88' lang='lat' dir='ltr'><strong>infinitum</strong></span> <span class='ocrx_word' id='word_1_397' title='bbox 1698 5035 1934 5083; x_wconf 80' lang='lat' dir='ltr'><strong>exercet.</strong></span> 
     </span>
    </p>
   </div>
   <div class='ocr_carea' id='block_1_52' title="bbox 345 5111 1943 5188">
    <p class='ocr_par' dir='ltr' id='par_1_52' title="bbox 345 5111 1943 5188">
     <span class='ocr_line' id='line_1_52' title="bbox 345 5111 1943 5188; baseline 0.004 -21"><span class='ocrx_word' id='word_1_398' title='bbox 345 5111 485 5181; x_wconf 87' lang='lat' dir='ltr'><strong>Quid</strong></span> <span class='ocrx_word' id='word_1_399' title='bbox 513 5115 678 5185; x_wconf 80' lang='lat' dir='ltr'><strong>ergo?</strong></span> <span class='ocrx_word' id='word_1_400' title='bbox 706 5115 751 5169; x_wconf 91' lang='lat' dir='ltr'><strong>si</strong></span> <span class='ocrx_word' id='word_1_401' title='bbox 785 5115 1086 5185; x_wconf 72' lang='lat' dir='ltr'><strong>palmstram</strong></span> <span class='ocrx_word' id='word_1_402' title='bbox 1119 5116 1389 5184; x_wconf 88' lang='lat' dir='ltr'><strong>diseeres,</strong></span> <span class='ocrx_word' id='word_1_403' title='bbox 1427 5117 1495 5172; x_wconf 90' lang='lat' dir='ltr'><strong>ad</strong></span> <span class='ocrx_word' id='word_1_404' title='bbox 1547 5133 1680 5188; x_wconf 88' lang='lat' dir='ltr'><strong>quos</strong></span> <span class='ocrx_word' id='word_1_405' title='bbox 1708 5120 1943 5188; x_wconf 87' lang='lat' dir='ltr'><strong>respice-</strong></span> 
     </span>
    </p>
   </div>
   <div class='ocr_carea' id='block_1_53' title="bbox 346 5206 1945 5284">
    <p class='ocr_par' dir='ltr' id='par_1_53' title="bbox 346 5206 1945 5284">
     <span class='ocr_line' id='line_1_53' title="bbox 346 5206 1945 5284; baseline 0.006 -25"><span class='ocrx_word' id='word_1_406' title='bbox 346 5219 453 5269; x_wconf 87' lang='lat' dir='ltr'><strong>res,</strong></span> <span class='ocrx_word' id='word_1_407' title='bbox 479 5222 548 5261; x_wconf 90' lang='lat' dir='ltr'><strong>an</strong></span> <span class='ocrx_word' id='word_1_408' title='bbox 577 5206 644 5262; x_wconf 89' lang='lat' dir='ltr'><strong>ad</strong></span> <span class='ocrx_word' id='word_1_409' title='bbox 672 5222 792 5262; x_wconf 91' lang='lat' dir='ltr'><strong>eum</strong></span> <span class='ocrx_word' id='word_1_410' title='bbox 819 5209 909 5279; x_wconf 91' lang='lat' dir='ltr'><strong>qui</strong></span> <span class='ocrx_word' id='word_1_411' title='bbox 933 5208 1081 5264; x_wconf 90' lang='lat' dir='ltr'><strong>olera</strong></span> <span class='ocrx_word' id='word_1_412' title='bbox 1103 5210 1309 5278; x_wconf 83' lang='lat' dir='ltr'><strong>vendit,</strong></span> <span class='ocrx_word' id='word_1_413' title='bbox 1328 5220 1381 5266; x_wconf 91' lang='lat' dir='ltr'><strong>et</strong></span> <span class='ocrx_word' id='word_1_414' title='bbox 1408 5211 1601 5280; x_wconf 83' lang='lat' dir='ltr'><strong>pisces,</strong></span> <span class='ocrx_word' id='word_1_415' title='bbox 1631 5226 1698 5267; x_wconf 89' lang='lat' dir='ltr'><strong>an</strong></span> <span class='ocrx_word' id='word_1_416' title='bbox 1726 5214 1792 5268; x_wconf 92' lang='lat' dir='ltr'><strong>ad</strong></span> <span class='ocrx_word' id='word_1_417' title='bbox 1830 5229 1945 5284; x_wconf 64' lang='lat' dir='ltr'><strong>[ue-</strong></span> 
     </span>
    </p>
   </div>
   <div class='ocr_carea' id='block_1_54' title="bbox 350 5295 1928 5377">
    <p class='ocr_par' dir='ltr' id='par_1_54' title="bbox 350 5295 1928 5377">
     <span class='ocr_line' id='line_1_54' title="bbox 350 5295 1928 5377; baseline 0.006 -25"><span class='ocrx_word' id='word_1_418' title='bbox 350 5295 617 5354; x_wconf 86' lang='lat' dir='ltr'><strong>dotribam</strong></span> <span class='ocrx_word' id='word_1_419' title='bbox 644 5300 670 5353; x_wconf 70' lang='lat'><strong>7</strong></span> <span class='ocrx_word' id='word_1_420' title='bbox 693 5297 850 5355; x_wconf 87' lang='lat' dir='ltr'><strong>Certe</strong></span> <span class='ocrx_word' id='word_1_421' title='bbox 893 5302 967 5356; x_wconf 91' lang='lat' dir='ltr'><strong>illi</strong></span> <span class='ocrx_word' id='word_1_422' title='bbox 996 5303 1145 5356; x_wconf 89' lang='lat' dir='ltr'><strong>multi</strong></span> <span class='ocrx_word' id='word_1_423' title='bbox 1173 5313 1317 5369; x_wconf 89' lang='lat' dir='ltr'><strong>sunt,</strong></span> <span class='ocrx_word' id='word_1_424' title='bbox 1359 5303 1446 5359; x_wconf 88' lang='lat' dir='ltr'><strong>hic</strong></span> <span class='ocrx_word' id='word_1_425' title='bbox 1487 5320 1622 5361; x_wconf 89' lang='lat' dir='ltr'><strong>unus</strong></span> <span class='ocrx_word' id='word_1_426' title='bbox 1648 5314 1751 5364; x_wconf 89' lang='lat' dir='ltr'><strong>est.</strong></span> <span class='ocrx_word' id='word_1_427' title='bbox 1791 5308 1928 5377; x_wconf 87' lang='lat' dir='ltr'><strong>Quid</strong></span> 
     </span>
    </p>
   </div>
   <div class='ocr_carea' id='block_1_55' title="bbox 348 5391 1944 5463">
    <p class='ocr_par' dir='ltr' id='par_1_55' title="bbox 348 5391 1944 5463">
     <span class='ocr_line' id='line_1_55' title="bbox 348 5391 1944 5463; baseline 0.009 -19"><span class='ocrx_word' id='word_1_428' title='bbox 348 5392 576 5461; x_wconf 86' lang='lat' dir='ltr'><strong>ergo,si</strong></span> <span class='ocrx_word' id='word_1_429' title='bbox 602 5391 694 5446; x_wconf 91' lang='lat' dir='ltr'><strong>illo</strong></span> <span class='ocrx_word' id='word_1_430' title='bbox 721 5402 772 5447; x_wconf 90' lang='lat' dir='ltr'><strong>te</strong></span> <span class='ocrx_word' id='word_1_431' title='bbox 800 5393 1100 5450; x_wconf 88' lang='lat' dir='ltr'><strong>admirante</strong></span> <span class='ocrx_word' id='word_1_432' title='bbox 1144 5396 1233 5449; x_wconf 91' lang='lat' dir='ltr'><strong>alii</strong></span> <span class='ocrx_word' id='word_1_433' title='bbox 1279 5396 1600 5463; x_wconf 90' lang='lat' dir='ltr'><strong>irriderent,</strong></span> <span class='ocrx_word' id='word_1_434' title='bbox 1658 5413 1836 5456; x_wconf 88' lang='lat' dir='ltr'><strong>annon</strong></span> <span class='ocrx_word' id='word_1_435' title='bbox 1888 5411 1944 5457; x_wconf 91' lang='lat' dir='ltr'><strong>tu</strong></span> 
     </span>
    </p>
   </div>
   <div class='ocr_carea' id='block_1_56' title="bbox 348 5482 1946 5559">
    <p class='ocr_par' dir='ltr' id='par_1_56' title="bbox 348 5482 1946 5559">
     <span class='ocr_line' id='line_1_56' title="bbox 348 5482 1946 5559; baseline 0.009 -25"><span class='ocrx_word' id='word_1_436' title='bbox 348 5495 471 5535; x_wconf 90' lang='lat' dir='ltr'><strong>cum</strong></span> <span class='ocrx_word' id='word_1_437' title='bbox 498 5482 591 5541; x_wconf 88' lang='lat' dir='ltr'><strong>illo</strong></span> <span class='ocrx_word' id='word_1_438' title='bbox 618 5482 765 5553; x_wconf 88' lang='lat' dir='ltr'><strong>ipsos</strong></span> <span class='ocrx_word' id='word_1_439' title='bbox 795 5484 1095 5539; x_wconf 78' lang='lat' dir='ltr'><strong>irrideres?</strong></span> <span class='ocrx_word' id='word_1_440' title='bbox 1139 5485 1275 5552; x_wconf 88' lang='lat' dir='ltr'><strong>Quid</strong></span> <span class='ocrx_word' id='word_1_441' title='bbox 1305 5486 1352 5544; x_wconf 87' lang='lat' dir='ltr'><strong>si</strong></span> <span class='ocrx_word' id='word_1_442' title='bbox 1392 5490 1686 5559; x_wconf 84' lang='lat' dir='ltr'><strong>pugilatum</strong></span> <span class='ocrx_word' id='word_1_443' title='bbox 1737 5491 1946 5548; x_wconf 83' lang='lat' dir='ltr'><strong>edisce-</strong></span> 
     </span>
    </p>
   </div>
   <div class='ocr_carea' id='block_1_57' title="bbox 350 5574 1949 5653">
    <p class='ocr_par' dir='ltr' id='par_1_57' title="bbox 350 5574 1949 5653">
     <span class='ocr_line' id='line_1_57' title="bbox 350 5574 1949 5653; baseline 0.006 -23"><span class='ocrx_word' id='word_1_444' title='bbox 350 5587 438 5630; x_wconf 88' lang='lat' dir='ltr'><strong>res</strong></span> <span class='ocrx_word' id='word_1_445' title='bbox 454 5574 480 5628; x_wconf 73' lang='lat'><strong>7</strong></span> <span class='ocrx_word' id='word_1_446' title='bbox 503 5590 684 5632; x_wconf 90' lang='lat' dir='ltr'><strong>annon</strong></span> <span class='ocrx_word' id='word_1_447' title='bbox 707 5577 957 5633; x_wconf 85' lang='lat' dir='ltr'><strong>similiter</strong></span> <span class='ocrx_word' id='word_1_448' title='bbox 981 5578 1049 5633; x_wconf 87' lang='lat' dir='ltr'><strong>ad</strong></span> <span class='ocrx_word' id='word_1_449' title='bbox 1076 5594 1197 5633; x_wconf 88' lang='lat' dir='ltr'><strong>eum</strong></span> <span class='ocrx_word' id='word_1_450' title='bbox 1226 5581 1545 5651; x_wconf 88' lang='lat' dir='ltr'><strong>respiceres,</strong></span> <span class='ocrx_word' id='word_1_451' title='bbox 1575 5584 1666 5653; x_wconf 91' lang='lat' dir='ltr'><strong>qui</strong></span> <span class='ocrx_word' id='word_1_452' title='bbox 1695 5598 1758 5639; x_wconf 86' lang='lat' dir='ltr'><strong>ea</strong></span> <span class='ocrx_word' id='word_1_453' title='bbox 1780 5584 1833 5639; x_wconf 93' lang='lat' dir='ltr'><strong>in</strong></span> <span class='ocrx_word' id='word_1_454' title='bbox 1860 5599 1949 5640; x_wconf 86' lang='lat' dir='ltr'><strong>ar-</strong></span> 
     </span>
    </p>
   </div>
   <div class='ocr_carea' id='block_1_58' title="bbox 351 5667 1947 5744">
    <p class='ocr_par' dir='ltr' id='par_1_58' title="bbox 351 5667 1947 5744">
     <span class='ocr_line' id='line_1_58' title="bbox 351 5667 1947 5744; baseline 0.008 -24"><span class='ocrx_word' id='word_1_455' title='bbox 351 5673 408 5721; x_wconf 89' lang='lat' dir='ltr'><strong>te</strong></span> <span class='ocrx_word' id='word_1_456' title='bbox 431 5667 624 5724; x_wconf 88' lang='lat' dir='ltr'><strong>doctor</strong></span> <span class='ocrx_word' id='word_1_457' title='bbox 639 5669 767 5727; x_wconf 70' lang='lat' dir='ltr'><strong>est?</strong></span> <span class='ocrx_word' id='word_1_458' title='bbox 809 5669 866 5727; x_wconf 92' lang='lat' dir='ltr'><strong>Si</strong></span> <span class='ocrx_word' id='word_1_459' title='bbox 896 5671 1082 5726; x_wconf 88' lang='lat' dir='ltr'><strong>orandi</strong></span> <span class='ocrx_word' id='word_1_460' title='bbox 1129 5671 1362 5728; x_wconf 86' lang='lat' dir='ltr'><strong>studium</strong></span> <span class='ocrx_word' id='word_1_461' title='bbox 1391 5675 1714 5744; x_wconf 86' lang='lat' dir='ltr'><strong>susciperes,</strong></span> <span class='ocrx_word' id='word_1_462' title='bbox 1766 5690 1947 5733; x_wconf 89' lang='lat' dir='ltr'><strong>annon</strong></span> 
     </span>
    </p>
   </div>
   <div class='ocr_carea' id='block_1_59' title="bbox 354 5761 1939 5838">
    <p class='ocr_par' dir='ltr' id='par_1_59' title="bbox 354 5761 1939 5838">
     <span class='ocr_line' id='line_1_59' title="bbox 354 5761 1939 5838; baseline 0.007 -20"><span class='ocrx_word' id='word_1_463' title='bbox 354 5761 591 5818; x_wconf 85' lang='lat' dir='ltr'><strong>rhetoris</strong></span> <span class='ocrx_word' id='word_1_464' title='bbox 615 5762 800 5821; x_wconf 88' lang='lat' dir='ltr'><strong>laudes</strong></span> <span class='ocrx_word' id='word_1_465' title='bbox 827 5766 1105 5838; x_wconf 76' lang='lat' dir='ltr'><strong>cxciperes</strong></span> <span class='ocrx_word' id='word_1_466' title='bbox 1129 5809 1147 5837; x_wconf 90' lang='lat'><strong>,</strong></span> <span class='ocrx_word' id='word_1_467' title='bbox 1190 5768 1417 5824; x_wconf 88' lang='lat' dir='ltr'><strong>aliorum</strong></span> <span class='ocrx_word' id='word_1_468' title='bbox 1443 5784 1572 5826; x_wconf 87' lang='lat' dir='ltr'><strong>vero</strong></span> <span class='ocrx_word' id='word_1_469' title='bbox 1624 5778 1939 5829; x_wconf 79' lang='lat' dir='ltr'><strong>contemne-</strong></span> 
     </span>
    </p>
   </div>
   <div class='ocr_carea' id='block_1_60' title="bbox 1270 381 2635 447">
    <p class='ocr_par' dir='ltr' id='par_1_60' title="bbox 1270 381 2635 447">
     <span class='ocr_line' id='line_1_60' title="bbox 1270 381 2635 447; baseline 0.004 -5"><span class='ocrx_word' id='word_1_470' title='bbox 1270 384 1337 442; x_wconf 80' lang='grc' dir='ltr'><strong>ΙΝ</strong></span> <span class='ocrx_word' id='word_1_471' title='bbox 1372 381 1785 441; x_wconf 66' lang='grc' dir='ltr'><strong>ΜᾹΤΤΗιΕυΜ</strong></span> <span class='ocrx_word' id='word_1_472' title='bbox 1823 381 2052 440; x_wconf 55' lang='grc'><strong>1103111».</strong></span> <span class='ocrx_word' id='word_1_473' title='bbox 2095 384 2277 441; x_wconf 75' lang='lat' dir='ltr'><strong>LXXI.</strong></span> <span class='ocrx_word' id='word_1_474' title='bbox 2310 385 2384 442; x_wconf 89' lang='lat' dir='ltr'><strong>al.</strong></span> <span class='ocrx_word' id='word_1_475' title='bbox 2425 387 2635 447; x_wconf 71' lang='lat' dir='ltr'><strong>LXXII.</strong></span> 
     </span>
    </p>
   </div>
   <div class='ocr_carea' id='block_1_61' title="bbox 3486 393 3591 450">
    <p class='ocr_par' dir='ltr' id='par_1_61' title="bbox 3486 393 3591 450">
     <span class='ocr_line' id='line_1_61' title="bbox 3486 393 3591 450; baseline 0 0"><span class='ocrx_word' id='word_1_476' title='bbox 3486 393 3591 450; x_wconf 68' lang='lat'><strong>606</strong></span> 
     </span>
    </p>
   </div>
   <div class='ocr_carea' id='block_1_62' title="bbox 1995 494 3597 571">
    <p class='ocr_par' dir='ltr' id='par_1_62' title="bbox 1995 494 3597 571">
     <span class='ocr_line' id='line_1_62' title="bbox 1995 494 3597 571; baseline 0.009 -21"><span class='ocrx_word' id='word_1_477' title='bbox 1995 494 2420 563; x_wconf 89' lang='lat' dir='ltr'><strong>res?Quomodo</strong></span> <span class='ocrx_word' id='word_1_478' title='bbox 2447 515 2575 571; x_wconf 90' lang='lat' dir='ltr'><strong>ergo</strong></span> <span class='ocrx_word' id='word_1_479' title='bbox 2600 501 2889 558; x_wconf 87' lang='lat' dir='ltr'><strong>absurdum</strong></span> <span class='ocrx_word' id='word_1_480' title='bbox 2936 518 3040 561; x_wconf 91' lang='lat' dir='ltr'><strong>non</strong></span> <span class='ocrx_word' id='word_1_481' title='bbox 3087 503 3247 561; x_wconf 89' lang='lat' dir='ltr'><strong>fuerit</strong></span> <span class='ocrx_word' id='word_1_482' title='bbox 3275 547 3291 571; x_wconf 87' lang='lat'><strong>,</strong></span> <span class='ocrx_word' id='word_1_483' title='bbox 3353 506 3406 561; x_wconf 88' lang='lat' dir='ltr'><strong>in</strong></span> <span class='ocrx_word' id='word_1_484' title='bbox 3463 508 3597 564; x_wconf 75' lang='lat' dir='ltr'><strong>aliis</strong></span> 
     </span>
    </p>
   </div>
   <div class='ocr_carea' id='block_1_63' title="bbox 2006 586 3585 667">
    <p class='ocr_par' dir='ltr' id='par_1_63' title="bbox 2006 586 3585 667">
     <span class='ocr_line' id='line_1_63' title="bbox 2006 586 3585 667; baseline 0.011 -30"><span class='ocrx_word' id='word_1_485' title='bbox 2006 586 2213 643; x_wconf 91' lang='lat' dir='ltr'><strong>artibus</strong></span> <span class='ocrx_word' id='word_1_486' title='bbox 2237 588 2304 644; x_wconf 90' lang='lat' dir='ltr'><strong>ad</strong></span> <span class='ocrx_word' id='word_1_487' title='bbox 2335 589 2611 649; x_wconf 85' lang='lat' dir='ltr'><strong>doctorem</strong></span> <span class='ocrx_word' id='word_1_488' title='bbox 2642 601 2847 650; x_wconf 87' lang='lat' dir='ltr'><strong>tantum</strong></span> <span class='ocrx_word' id='word_1_489' title='bbox 2869 597 3162 667; x_wconf 76' lang='lat' dir='ltr'><strong>reSpicere,</strong></span> <span class='ocrx_word' id='word_1_490' title='bbox 3186 596 3275 652; x_wconf 86' lang='lat' dir='ltr'><strong>hic</strong></span> <span class='ocrx_word' id='word_1_491' title='bbox 3294 613 3425 654; x_wconf 89' lang='lat' dir='ltr'><strong>vero</strong></span> <span class='ocrx_word' id='word_1_492' title='bbox 3449 614 3585 654; x_wconf 85' lang='lat' dir='ltr'><strong>con-</strong></span> 
     </span>
    </p>
   </div>
   <div class='ocr_carea' id='block_1_64' title="bbox 1994 678 3580 761">
    <p class='ocr_par' dir='ltr' id='par_1_64' title="bbox 1994 678 3580 761">
     <span class='ocr_line' id='line_1_64' title="bbox 1994 678 3580 761; baseline 0.011 -31"><span class='ocrx_word' id='word_1_493' title='bbox 1994 678 2222 734; x_wconf 89' lang='lat' dir='ltr'><strong>trarium</strong></span> <span class='ocrx_word' id='word_1_494' title='bbox 2267 680 2471 748; x_wconf 81' lang='lat' dir='ltr'><strong>facere,</strong></span> <span class='ocrx_word' id='word_1_495' title='bbox 2498 685 2711 740; x_wconf 77' lang='lat' dir='ltr'><strong>etiamsi</strong></span> <span class='ocrx_word' id='word_1_496' title='bbox 2745 702 2851 742; x_wconf 91' lang='lat' dir='ltr'><strong>non</strong></span> <span class='ocrx_word' id='word_1_497' title='bbox 2883 703 2977 758; x_wconf 86' lang='lat' dir='ltr'><strong>par</strong></span> <span class='ocrx_word' id='word_1_498' title='bbox 3003 690 3259 761; x_wconf 89' lang='lat' dir='ltr'><strong>utrinque</strong></span> <span class='ocrx_word' id='word_1_499' title='bbox 3312 691 3386 746; x_wconf 87' lang='lat' dir='ltr'><strong>sit</strong></span> <span class='ocrx_word' id='word_1_500' title='bbox 3429 691 3580 748; x_wconf 53' lang='lat' dir='ltr'><strong>dam.</strong></span> 
     </span>
    </p>
   </div>
   <div class='ocr_carea' id='block_1_65' title="bbox 1993 772 3584 854">
    <p class='ocr_par' dir='ltr' id='par_1_65' title="bbox 1993 772 3584 854">
     <span class='ocr_line' id='line_1_65' title="bbox 1993 772 3584 854; baseline 0.013 -32"><span class='ocrx_word' id='word_1_501' title='bbox 1993 772 2160 825; x_wconf 81' lang='lat' dir='ltr'><strong>nunt?</strong></span> <span class='ocrx_word' id='word_1_502' title='bbox 2192 772 2448 840; x_wconf 88' lang='lat' dir='ltr'><strong>lbienim,</strong></span> <span class='ocrx_word' id='word_1_503' title='bbox 2468 778 2511 833; x_wconf 88' lang='lat' dir='ltr'><strong>si</strong></span> <span class='ocrx_word' id='word_1_504' title='bbox 2542 779 2609 833; x_wconf 93' lang='lat' dir='ltr'><strong>ad</strong></span> <span class='ocrx_word' id='word_1_505' title='bbox 2638 779 2777 850; x_wconf 86' lang='lat' dir='ltr'><strong>vulgi</strong></span> <span class='ocrx_word' id='word_1_506' title='bbox 2807 781 3079 851; x_wconf 87' lang='lat' dir='ltr'><strong>placitum,</strong></span> <span class='ocrx_word' id='word_1_507' title='bbox 3111 800 3216 839; x_wconf 90' lang='lat' dir='ltr'><strong>non</strong></span> <span class='ocrx_word' id='word_1_508' title='bbox 3237 784 3307 840; x_wconf 86' lang='lat' dir='ltr'><strong>ad</strong></span> <span class='ocrx_word' id='word_1_509' title='bbox 3326 785 3584 854; x_wconf 86' lang='lat' dir='ltr'><strong>doctoris,</strong></span> 
     </span>
    </p>
   </div>
   <div class='ocr_carea' id='block_1_66' title="bbox 1995 865 3585 943">
    <p class='ocr_par' dir='ltr' id='par_1_66' title="bbox 1995 865 3585 943">
     <span class='ocr_line' id='line_1_66' title="bbox 1995 865 3585 943; baseline 0.009 -25"><span class='ocrx_word' id='word_1_510' title='bbox 1995 876 2220 932; x_wconf 81' lang='lat' dir='ltr'><strong>pugnes,</strong></span> <span class='ocrx_word' id='word_1_511' title='bbox 2250 865 2304 920; x_wconf 89' lang='lat' dir='ltr'><strong>in</strong></span> <span class='ocrx_word' id='word_1_512' title='bbox 2333 882 2507 939; x_wconf 88' lang='lat' dir='ltr'><strong>pugna</strong></span> <span class='ocrx_word' id='word_1_513' title='bbox 2554 878 2726 933; x_wconf 87' lang='lat' dir='ltr'><strong>totum</strong></span> <span class='ocrx_word' id='word_1_514' title='bbox 2770 872 3153 931; x_wconf 88' lang='lat' dir='ltr'><strong>detrimentum</strong></span> <span class='ocrx_word' id='word_1_515' title='bbox 3190 887 3304 943; x_wconf 88' lang='lat' dir='ltr'><strong>est;</strong></span> <span class='ocrx_word' id='word_1_516' title='bbox 3340 877 3427 932; x_wconf 90' lang='lat' dir='ltr'><strong>hic</strong></span> <span class='ocrx_word' id='word_1_517' title='bbox 3456 893 3585 932; x_wconf 84' lang='lat' dir='ltr'><strong>vero</strong></span> 
     </span>
    </p>
   </div>
   <div class='ocr_carea' id='block_1_67' title="bbox 2003 955 3579 1017">
    <p class='ocr_par' dir='ltr' id='par_1_67' title="bbox 2003 955 3579 1017">
     <span class='ocr_line' id='line_1_67' title="bbox 2003 955 3579 1017; baseline 0.005 -8"><span class='ocrx_word' id='word_1_518' title='bbox 2003 970 2059 1009; x_wconf 84' lang='lat' dir='ltr'><strong>In</strong></span> <span class='ocrx_word' id='word_1_519' title='bbox 2094 955 2202 1010; x_wconf 92' lang='lat' dir='ltr'><strong>vita</strong></span> <span class='ocrx_word' id='word_1_520' title='bbox 2228 964 2449 1011; x_wconf 72' lang='lat' dir='ltr'><strong>aeterna.</strong></span> <span class='ocrx_word' id='word_1_521' title='bbox 2484 956 2801 1014; x_wconf 88' lang='lat' dir='ltr'><strong>Secundum</strong></span> <span class='ocrx_word' id='word_1_522' title='bbox 2827 960 3259 1015; x_wconf 88' lang='lat' dir='ltr'><strong>misericordiam</strong></span> <span class='ocrx_word' id='word_1_523' title='bbox 3294 961 3492 1016; x_wconf 86' lang='lat' dir='ltr'><strong>similis</strong></span> <span class='ocrx_word' id='word_1_524' title='bbox 3511 975 3579 1017; x_wconf 82' lang='lat' dir='ltr'><strong>ett</strong></span> 
     </span>
    </p>
   </div>
   <div class='ocr_carea' id='block_1_68' title="bbox 2006 1046 3583 1118">
    <p class='ocr_par' dir='ltr' id='par_1_68' title="bbox 2006 1046 3583 1118">
     <span class='ocr_line' id='line_1_68' title="bbox 2006 1046 3583 1118; baseline 0.006 -15"><span class='ocrx_word' id='word_1_525' title='bbox 2006 1046 2116 1103; x_wconf 87' lang='lat' dir='ltr'><strong>Deo</strong></span> <span class='ocrx_word' id='word_1_526' title='bbox 2139 1066 2152 1102; x_wconf 92' lang='lat'><strong>:</strong></span> <span class='ocrx_word' id='word_1_527' title='bbox 2175 1059 2291 1105; x_wconf 89' lang='lat' dir='ltr'><strong>esto</strong></span> <span class='ocrx_word' id='word_1_528' title='bbox 2322 1049 2488 1118; x_wconf 81' lang='lat' dir='ltr'><strong>igitur</strong></span> <span class='ocrx_word' id='word_1_529' title='bbox 2513 1050 2588 1104; x_wconf 90' lang='lat' dir='ltr'><strong>illi</strong></span> <span class='ocrx_word' id='word_1_530' title='bbox 2617 1052 2838 1117; x_wconf 91' lang='lat' dir='ltr'><strong>similis,</strong></span> <span class='ocrx_word' id='word_1_531' title='bbox 2876 1054 3295 1109; x_wconf 89' lang='lat' dir='ltr'><strong>ostentationem</strong></span> <span class='ocrx_word' id='word_1_532' title='bbox 3326 1055 3583 1113; x_wconf 84' lang='lat' dir='ltr'><strong>vitando.</strong></span> 
     </span>
    </p>
   </div>
   <div class='ocr_carea' id='block_1_69' title="bbox 1999 1137 3585 1209">
    <p class='ocr_par' dir='ltr' id='par_1_69' title="bbox 1999 1137 3585 1209">
     <span class='ocr_line' id='line_1_69' title="bbox 1999 1137 3585 1209; baseline 0.002 -18"><span class='ocrx_word' id='word_1_533' title='bbox 1999 1137 2221 1193; x_wconf 86' lang='lat' dir='ltr'><strong>Dicebat</strong></span> <span class='ocrx_word' id='word_1_534' title='bbox 2241 1140 2386 1196; x_wconf 90' lang='lat' dir='ltr'><strong>enim</strong></span> <span class='ocrx_word' id='word_1_535' title='bbox 2415 1142 2507 1197; x_wconf 94' lang='lat' dir='ltr'><strong>ille</strong></span> <span class='ocrx_word' id='word_1_536' title='bbox 2531 1157 2653 1198; x_wconf 91' lang='lat' dir='ltr'><strong>cum</strong></span> <span class='ocrx_word' id='word_1_537' title='bbox 2684 1153 2943 1209; x_wconf 86' lang='lat' dir='ltr'><strong>curaret,</strong></span> <span class='ocrx_word' id='word_1_538' title='bbox 2976 1143 3176 1198; x_wconf 87' lang='lat' dir='ltr'><strong>nemini</strong></span> <span class='ocrx_word' id='word_1_539' title='bbox 3221 1152 3281 1197; x_wconf 90' lang='lat' dir='ltr'><strong>ut</strong></span> <span class='ocrx_word' id='word_1_540' title='bbox 3320 1141 3585 1198; x_wconf 89' lang='lat' dir='ltr'><strong>dicerent.</strong></span> 
     </span>
    </p>
   </div>
   <div class='ocr_carea' id='block_1_70' title="bbox 1997 1229 3588 1303">
    <p class='ocr_par' dir='ltr' id='par_1_70' title="bbox 1997 1229 3588 1303">
     <span class='ocr_line' id='line_1_70' title="bbox 1997 1229 3588 1303; baseline 0.003 -20"><span class='ocrx_word' id='word_1_541' title='bbox 1997 1229 2102 1284; x_wconf 91' lang='lat' dir='ltr'><strong>Sed</strong></span> <span class='ocrx_word' id='word_1_542' title='bbox 2136 1232 2217 1284; x_wconf 88' lang='lat' dir='ltr'><strong>vis</strong></span> <span class='ocrx_word' id='word_1_543' title='bbox 2245 1232 2556 1288; x_wconf 88' lang='lat' dir='ltr'><strong>misericors</strong></span> <span class='ocrx_word' id='word_1_544' title='bbox 2578 1233 2719 1303; x_wconf 88' lang='lat' dir='ltr'><strong>apud</strong></span> <span class='ocrx_word' id='word_1_545' title='bbox 2744 1234 2989 1290; x_wconf 89' lang='lat' dir='ltr'><strong>homines</strong></span> <span class='ocrx_word' id='word_1_546' title='bbox 3005 1234 3227 1290; x_wconf 88' lang='lat' dir='ltr'><strong>vocari?</strong></span> <span class='ocrx_word' id='word_1_547' title='bbox 3272 1234 3408 1303; x_wconf 91' lang='lat' dir='ltr'><strong>Quid</strong></span> <span class='ocrx_word' id='word_1_548' title='bbox 3462 1232 3588 1288; x_wconf 86' lang='lat' dir='ltr'><strong>inde</strong></span> 
     </span>
    </p>
   </div>
   <div class='ocr_carea' id='block_1_71' title="bbox 1947 1320 3593 1395">
    <p class='ocr_par' dir='ltr' id='par_1_71' title="bbox 1947 1320 3593 1395">
     <span class='ocr_line' id='line_1_71' title="bbox 1947 1320 3593 1395; baseline 0.002 -19"><span class='ocrx_word' id='word_1_549' title='bbox 1947 1354 1961 1367; x_wconf 69' lang='grc' dir='ltr'><strong>ο</strong></span> <span class='ocrx_word' id='word_1_550' title='bbox 1998 1320 2178 1376; x_wconf 80' lang='lat' dir='ltr'><strong>lucri?</strong></span> <span class='ocrx_word' id='word_1_551' title='bbox 2232 1322 2376 1377; x_wconf 83' lang='lat' dir='ltr'><strong>Nihil</strong></span> <span class='ocrx_word' id='word_1_552' title='bbox 2430 1325 2642 1395; x_wconf 87' lang='lat' dir='ltr'><strong>utique,</strong></span> <span class='ocrx_word' id='word_1_553' title='bbox 2685 1325 2781 1381; x_wconf 89' lang='lat' dir='ltr'><strong>sed</strong></span> <span class='ocrx_word' id='word_1_554' title='bbox 2821 1326 3076 1381; x_wconf 88' lang='lat' dir='ltr'><strong>damnum</strong></span> <span class='ocrx_word' id='word_1_555' title='bbox 3145 1325 3433 1381; x_wconf 86' lang='lat' dir='ltr'><strong>infinitum.</strong></span> <span class='ocrx_word' id='word_1_556' title='bbox 3484 1325 3593 1395; x_wconf 86' lang='lat' dir='ltr'><strong>Ipsi</strong></span> 
     </span>
    </p>
   </div>
   <div class='ocr_carea' id='block_1_72' title="bbox 1999 1418 3592 1488">
    <p class='ocr_par' dir='ltr' id='par_1_72' title="bbox 1999 1418 3592 1488">
     <span class='ocr_line' id='line_1_72' title="bbox 1999 1418 3592 1488; baseline 0.001 -17"><span class='ocrx_word' id='word_1_557' title='bbox 1999 1422 2164 1481; x_wconf 84' lang='lat' dir='ltr'><strong>enim,</strong></span> <span class='ocrx_word' id='word_1_558' title='bbox 2193 1433 2331 1488; x_wconf 89' lang='lat' dir='ltr'><strong>quos</strong></span> <span class='ocrx_word' id='word_1_559' title='bbox 2354 1418 2420 1473; x_wconf 86' lang='lat' dir='ltr'><strong>ad</strong></span> <span class='ocrx_word' id='word_1_560' title='bbox 2448 1421 2812 1475; x_wconf 75' lang='lat' dir='ltr'><strong>tesnmonium</strong></span> <span class='ocrx_word' id='word_1_561' title='bbox 2839 1435 3020 1485; x_wconf 89' lang='lat' dir='ltr'><strong>vocas,</strong></span> <span class='ocrx_word' id='word_1_562' title='bbox 3043 1419 3187 1475; x_wconf 88' lang='lat' dir='ltr'><strong>fures</strong></span> <span class='ocrx_word' id='word_1_563' title='bbox 3215 1430 3342 1474; x_wconf 90' lang='lat' dir='ltr'><strong>sunt</strong></span> <span class='ocrx_word' id='word_1_564' title='bbox 3373 1419 3592 1474; x_wconf 88' lang='lat' dir='ltr'><strong>thesau-</strong></span> 
     </span>
    </p>
   </div>
   <div class='ocr_carea' id='block_1_73' title="bbox 2000 1512 3596 1583">
    <p class='ocr_par' dir='ltr' id='par_1_73' title="bbox 2000 1512 3596 1583">
     <span class='ocr_line' id='line_1_73' title="bbox 2000 1512 3596 1583; baseline 0.001 -16"><span class='ocrx_word' id='word_1_565' title='bbox 2000 1526 2181 1567; x_wconf 85' lang='lat' dir='ltr'><strong>rorum</strong></span> <span class='ocrx_word' id='word_1_566' title='bbox 2209 1512 2261 1566; x_wconf 89' lang='lat' dir='ltr'><strong>in</strong></span> <span class='ocrx_word' id='word_1_567' title='bbox 2288 1513 2437 1567; x_wconf 72' lang='lat' dir='ltr'><strong>caelis</strong></span> <span class='ocrx_word' id='word_1_568' title='bbox 2482 1514 2876 1583; x_wconf 85' lang='lat' dir='ltr'><strong>repositorum;</strong></span> <span class='ocrx_word' id='word_1_569' title='bbox 2920 1515 3028 1568; x_wconf 91' lang='lat' dir='ltr'><strong>imo</strong></span> <span class='ocrx_word' id='word_1_570' title='bbox 3060 1530 3165 1568; x_wconf 89' lang='lat' dir='ltr'><strong>non</strong></span> <span class='ocrx_word' id='word_1_571' title='bbox 3192 1513 3308 1581; x_wconf 90' lang='lat' dir='ltr'><strong>illi,</strong></span> <span class='ocrx_word' id='word_1_572' title='bbox 3350 1513 3446 1568; x_wconf 89' lang='lat' dir='ltr'><strong>sed</strong></span> <span class='ocrx_word' id='word_1_573' title='bbox 3495 1527 3596 1568; x_wconf 80' lang='lat' dir='ltr'><strong>nos</strong></span> 
     </span>
    </p>
   </div>
   <div class='ocr_carea' id='block_1_74' title="bbox 2003 1602 3594 1676">
    <p class='ocr_par' dir='ltr' id='par_1_74' title="bbox 2003 1602 3594 1676">
     <span class='ocr_line' id='line_1_74' title="bbox 2003 1602 3594 1676; baseline 0.001 -20"><span class='ocrx_word' id='word_1_574' title='bbox 2003 1603 2103 1672; x_wconf 87' lang='lat' dir='ltr'><strong>ipsi</strong></span> <span class='ocrx_word' id='word_1_575' title='bbox 2130 1604 2221 1673; x_wconf 91' lang='lat' dir='ltr'><strong>qui</strong></span> <span class='ocrx_word' id='word_1_576' title='bbox 2253 1612 2435 1660; x_wconf 86' lang='lat' dir='ltr'><strong>nostra</strong></span> <span class='ocrx_word' id='word_1_577' title='bbox 2467 1605 2621 1659; x_wconf 89' lang='lat' dir='ltr'><strong>nobis</strong></span> <span class='ocrx_word' id='word_1_578' title='bbox 2652 1602 2915 1670; x_wconf 71' lang='lat' dir='ltr'><strong>furantur,</strong></span> <span class='ocrx_word' id='word_1_579' title='bbox 2940 1614 2995 1661; x_wconf 93' lang='lat' dir='ltr'><strong>et</strong></span> <span class='ocrx_word' id='word_1_580' title='bbox 3017 1605 3207 1676; x_wconf 67' lang='lat' dir='ltr'><strong>quaain</strong></span> <span class='ocrx_word' id='word_1_581' title='bbox 3238 1606 3401 1660; x_wconf 55' lang='lat'><strong>03:10“</strong></span> <span class='ocrx_word' id='word_1_582' title='bbox 3420 1604 3594 1674; x_wconf 86' lang='lat' dir='ltr'><strong>posita</strong></span> 
     </span>
    </p>
   </div>
   <div class='ocr_carea' id='block_1_75' title="bbox 2002 1696 3599 1768">
    <p class='ocr_par' dir='ltr' id='par_1_75' title="bbox 2002 1696 3599 1768">
     <span class='ocr_line' id='line_1_75' title="bbox 2002 1696 3599 1768; baseline 0.001 -18"><span class='ocrx_word' id='word_1_583' title='bbox 2002 1705 2128 1751; x_wconf 90' lang='lat' dir='ltr'><strong>sunt</strong></span> <span class='ocrx_word' id='word_1_584' title='bbox 2159 1696 2502 1768; x_wconf 90' lang='lat' dir='ltr'><strong>dissipamus.</strong></span> <span class='ocrx_word' id='word_1_585' title='bbox 2550 1697 2596 1754; x_wconf 91' lang='grc' dir='ltr'>Ο</span> <span class='ocrx_word' id='word_1_586' title='bbox 2649 1714 2841 1754; x_wconf 83' lang='lat' dir='ltr'><strong>novatn</strong></span> <span class='ocrx_word' id='word_1_587' title='bbox 2891 1699 3283 1754; x_wconf 88' lang='lat' dir='ltr'><strong>calamitatem!</strong></span> <span class='ocrx_word' id='word_1_588' title='bbox 3316 1714 3351 1754; x_wconf 88' lang='grc' dir='ltr'>ο</span> <span class='ocrx_word' id='word_1_589' title='bbox 3379 1707 3599 1768; x_wconf 86' lang='lat' dir='ltr'><strong>stupen-</strong></span> 
     </span>
    </p>
   </div>
   <div class='ocr_carea' id='block_1_76' title="bbox 2003 1788 3609 1859">
    <p class='ocr_par' dir='ltr' id='par_1_76' title="bbox 2003 1788 3609 1859">
     <span class='ocr_line' id='line_1_76' title="bbox 2003 1788 3609 1859; baseline 0.002 -15"><span class='ocrx_word' id='word_1_590' title='bbox 2003 1788 2131 1844; x_wconf 92' lang='lat' dir='ltr'><strong>dum</strong></span> <span class='ocrx_word' id='word_1_591' title='bbox 2157 1791 2439 1845; x_wconf 88' lang='lat' dir='ltr'><strong>morbuml</strong></span> <span class='ocrx_word' id='word_1_592' title='bbox 2472 1791 2572 1848; x_wconf 89' lang='lat' dir='ltr'><strong>Ubi</strong></span> <span class='ocrx_word' id='word_1_593' title='bbox 2606 1793 2748 1847; x_wconf 90' lang='lat' dir='ltr'><strong>tinea</strong></span> <span class='ocrx_word' id='word_1_594' title='bbox 2777 1806 2885 1847; x_wconf 90' lang='lat' dir='ltr'><strong>non</strong></span> <span class='ocrx_word' id='word_1_595' title='bbox 2933 1791 3226 1847; x_wconf 84' lang='lat' dir='ltr'><strong>demolitur</strong></span> <span class='ocrx_word' id='word_1_596' title='bbox 3250 1834 3266 1859; x_wconf 90' lang='lat'><strong>,</strong></span> <span class='ocrx_word' id='word_1_597' title='bbox 3314 1791 3401 1847; x_wconf 92' lang='lat' dir='ltr'><strong>ubi</strong></span> <span class='ocrx_word' id='word_1_598' title='bbox 3454 1791 3609 1847; x_wconf 85' lang='lat' dir='ltr'><strong>fures</strong></span> 
     </span>
    </p>
   </div>
   <div class='ocr_carea' id='block_1_77' title="bbox 2013 1880 3598 1954">
    <p class='ocr_par' dir='ltr' id='par_1_77' title="bbox 2013 1880 3598 1954">
     <span class='ocr_line' id='line_1_77' title="bbox 2013 1880 3598 1954; baseline 0.001 -19"><span class='ocrx_word' id='word_1_599' title='bbox 2013 1896 2119 1935; x_wconf 89' lang='lat' dir='ltr'><strong>non</strong></span> <span class='ocrx_word' id='word_1_600' title='bbox 2175 1880 2476 1947; x_wconf 72' lang='lat' dir='ltr'><strong>effodiunt,</strong></span> <span class='ocrx_word' id='word_1_601' title='bbox 2522 1897 2657 1938; x_wconf 88' lang='lat' dir='ltr'><strong>vana</strong></span> <span class='ocrx_word' id='word_1_602' title='bbox 2688 1883 2856 1953; x_wconf 85' lang='lat' dir='ltr'><strong>gloria</strong></span> <span class='ocrx_word' id='word_1_603' title='bbox 2911 1884 3156 1954; x_wconf 84' lang='lat' dir='ltr'><strong>dissipat.</strong></span> <span class='ocrx_word' id='word_1_604' title='bbox 3198 1883 3324 1938; x_wconf 67' lang='lat' dir='ltr'><strong>Haec</strong></span> <span class='ocrx_word' id='word_1_605' title='bbox 3347 1884 3598 1938; x_wconf 87' lang='lat' dir='ltr'><strong>csttinca</strong></span> 
     </span>
    </p>
   </div>
   <div class='ocr_carea' id='block_1_78' title="bbox 2006 1973 3599 2046">
    <p class='ocr_par' dir='ltr' id='par_1_78' title="bbox 2006 1973 3599 2046">
     <span class='ocr_line' id='line_1_78' title="bbox 2006 1973 3599 2046; baseline 0.001 -19"><span class='ocrx_word' id='word_1_606' title='bbox 2006 1973 2240 2028; x_wconf 72' lang='lat' dir='ltr'><strong>exelestis</strong></span> <span class='ocrx_word' id='word_1_607' title='bbox 2266 1974 2536 2042; x_wconf 87' lang='lat' dir='ltr'><strong>thesauri,</strong></span> <span class='ocrx_word' id='word_1_608' title='bbox 2559 1974 2647 2031; x_wconf 80' lang='lat' dir='ltr'><strong>hic</strong></span> <span class='ocrx_word' id='word_1_609' title='bbox 2678 1974 2766 2030; x_wconf 87' lang='lat' dir='ltr'><strong>fur</strong></span> <span class='ocrx_word' id='word_1_610' title='bbox 2790 1976 3079 2046; x_wconf 65' lang='lat' dir='ltr'><strong>opulentia:</strong></span> <span class='ocrx_word' id='word_1_611' title='bbox 3106 1975 3360 2040; x_wconf 72' lang='lat' dir='ltr'><strong>caelestis,</strong></span> <span class='ocrx_word' id='word_1_612' title='bbox 3392 1976 3481 2044; x_wconf 87' lang='lat' dir='ltr'><strong>qui</strong></span> <span class='ocrx_word' id='word_1_613' title='bbox 3516 1975 3599 2030; x_wconf 57' lang='lat' dir='ltr'><strong>div</strong></span> 
     </span>
    </p>
   </div>
   <div class='ocr_carea' id='block_1_79' title="bbox 2007 2067 3604 2139">
    <p class='ocr_par' dir='ltr' id='par_1_79' title="bbox 2007 2067 3604 2139">
     <span class='ocr_line' id='line_1_79' title="bbox 2007 2067 3604 2139; baseline 0.001 -18"><span class='ocrx_word' id='word_1_614' title='bbox 2007 2067 2166 2122; x_wconf 88' lang='lat' dir='ltr'><strong>vitias</strong></span> <span class='ocrx_word' id='word_1_615' title='bbox 2196 2067 2318 2123; x_wconf 89' lang='lat' dir='ltr'><strong>illas</strong></span> <span class='ocrx_word' id='word_1_616' title='bbox 2351 2075 2465 2124; x_wconf 90' lang='lat' dir='ltr'><strong>tuto</strong></span> <span class='ocrx_word' id='word_1_617' title='bbox 2485 2070 2775 2125; x_wconf 88' lang='lat' dir='ltr'><strong>collocatas</strong></span> <span class='ocrx_word' id='word_1_618' title='bbox 2814 2069 3029 2139; x_wconf 91' lang='lat' dir='ltr'><strong>abripit.</strong></span> <span class='ocrx_word' id='word_1_619' title='bbox 3088 2069 3201 2125; x_wconf 83' lang='lat' dir='ltr'><strong>Hoc</strong></span> <span class='ocrx_word' id='word_1_620' title='bbox 3252 2069 3432 2124; x_wconf 90' lang='lat' dir='ltr'><strong>omnia</strong></span> <span class='ocrx_word' id='word_1_621' title='bbox 3482 2084 3604 2139; x_wconf 84' lang='lat' dir='ltr'><strong>pes-</strong></span> 
     </span>
    </p>
   </div>
   <div class='ocr_carea' id='block_1_80' title="bbox 2007 2158 3605 2232">
    <p class='ocr_par' dir='ltr' id='par_1_80' title="bbox 2007 2158 3605 2232">
     <span class='ocr_line' id='line_1_80' title="bbox 2007 2158 3605 2232; baseline 0.001 -19"><span class='ocrx_word' id='word_1_622' title='bbox 2007 2158 2220 2214; x_wconf 86' lang='lat' dir='ltr'><strong>sumdat</strong></span> <span class='ocrx_word' id='word_1_623' title='bbox 2268 2169 2323 2215; x_wconf 92' lang='lat' dir='ltr'><strong>et</strong></span> <span class='ocrx_word' id='word_1_624' title='bbox 2380 2160 2575 2232; x_wconf 89' lang='lat' dir='ltr'><strong>perdit.</strong></span> <span class='ocrx_word' id='word_1_625' title='bbox 2626 2161 2761 2231; x_wconf 89' lang='lat' dir='ltr'><strong>Quia</strong></span> <span class='ocrx_word' id='word_1_626' title='bbox 2829 2162 2970 2217; x_wconf 92' lang='lat' dir='ltr'><strong>enim</strong></span> <span class='ocrx_word' id='word_1_627' title='bbox 3020 2160 3155 2217; x_wconf 88' lang='lat' dir='ltr'><strong>vidit</strong></span> <span class='ocrx_word' id='word_1_628' title='bbox 3216 2161 3499 2226; x_wconf 89' lang='lat' dir='ltr'><strong>diabolus,</strong></span> <span class='ocrx_word' id='word_1_629' title='bbox 3549 2172 3605 2217; x_wconf 87' lang='lat' dir='ltr'><strong>et</strong></span> 
     </span>
    </p>
   </div>
   <div class='ocr_carea' id='block_1_81' title="bbox 2009 2248 3614 2320">
    <p class='ocr_par' dir='ltr' id='par_1_81' title="bbox 2009 2248 3614 2320">
     <span class='ocr_line' id='line_1_81' title="bbox 2009 2248 3614 2320; baseline 0.001 -18"><span class='ocrx_word' id='word_1_630' title='bbox 2009 2248 2214 2306; x_wconf 88' lang='lat' dir='ltr'><strong>furibus</strong></span> <span class='ocrx_word' id='word_1_631' title='bbox 2257 2261 2312 2307; x_wconf 92' lang='lat' dir='ltr'><strong>et</strong></span> <span class='ocrx_word' id='word_1_632' title='bbox 2357 2252 2532 2308; x_wconf 90' lang='lat' dir='ltr'><strong>vermi</strong></span> <span class='ocrx_word' id='word_1_633' title='bbox 2575 2253 2798 2320; x_wconf 86' lang='lat' dir='ltr'><strong>aliisque</strong></span> <span class='ocrx_word' id='word_1_634' title='bbox 2847 2251 3053 2307; x_wconf 89' lang='lat' dir='ltr'><strong>insidiis</strong></span> <span class='ocrx_word' id='word_1_635' title='bbox 3102 2253 3432 2307; x_wconf 85' lang='lat' dir='ltr'><strong>inaccessum</strong></span> <span class='ocrx_word' id='word_1_636' title='bbox 3483 2264 3614 2305; x_wconf 85' lang='lat' dir='ltr'><strong>esse</strong></span> 
     </span>
    </p>
   </div>
   <div class='ocr_carea' id='block_1_82' title="bbox 2010 2341 3602 2415">
    <p class='ocr_par' dir='ltr' id='par_1_82' title="bbox 2010 2341 3602 2415">
     <span class='ocr_line' id='line_1_82' title="bbox 2010 2341 3602 2415; baseline -0.001 -19"><span class='ocrx_word' id='word_1_637' title='bbox 2010 2342 2184 2397; x_wconf 92' lang='lat' dir='ltr'><strong>locum</strong></span> <span class='ocrx_word' id='word_1_638' title='bbox 2214 2342 2381 2410; x_wconf 91' lang='lat' dir='ltr'><strong>illum,</strong></span> <span class='ocrx_word' id='word_1_639' title='bbox 2404 2358 2498 2413; x_wconf 89' lang='lat' dir='ltr'><strong>per</strong></span> <span class='ocrx_word' id='word_1_640' title='bbox 2517 2359 2706 2398; x_wconf 86' lang='lat' dir='ltr'><strong>vanam</strong></span> <span class='ocrx_word' id='word_1_641' title='bbox 2733 2343 2959 2415; x_wconf 88' lang='lat' dir='ltr'><strong>gloriam</strong></span> <span class='ocrx_word' id='word_1_642' title='bbox 2979 2343 3192 2398; x_wconf 89' lang='lat' dir='ltr'><strong>divitias</strong></span> <span class='ocrx_word' id='word_1_643' title='bbox 3213 2343 3331 2398; x_wconf 91' lang='lat' dir='ltr'><strong>illas</strong></span> <span class='ocrx_word' id='word_1_644' title='bbox 3352 2341 3602 2411; x_wconf 88' lang='lat' dir='ltr'><strong>subripit.</strong></span> 
     </span>
    </p>
   </div>
   <div class='ocr_carea' id='block_1_83' title="bbox 2082 2433 3609 2508">
    <p class='ocr_par' dir='ltr' id='par_1_83' title="bbox 2082 2433 3609 2508">
     <span class='ocr_line' id='line_1_83' title="bbox 2082 2433 3609 2508; baseline -0.001 -18"><span class='ocrx_word' id='word_1_645' title='bbox 2082 2435 2137 2490; x_wconf 75' lang='grc'><strong>4.</strong></span> <span class='ocrx_word' id='word_1_646' title='bbox 2202 2434 2645 2502; x_wconf 77' lang='lat' dir='ltr'><strong>Quemadmodum</strong></span> <span class='ocrx_word' id='word_1_647' title='bbox 2671 2436 2811 2492; x_wconf 84' lang='lat' dir='ltr'><strong>Deus</strong></span> <span class='ocrx_word' id='word_1_648' title='bbox 2832 2437 2924 2491; x_wconf 86' lang='lat' dir='ltr'><strong>sub</strong></span> <span class='ocrx_word' id='word_1_649' title='bbox 2939 2436 3166 2508; x_wconf 80' lang='lat' dir='ltr'><strong>mysterii</strong></span> <span class='ocrx_word' id='word_1_650' title='bbox 3187 2437 3295 2489; x_wconf 76' lang='lat' dir='ltr'><strong>velo</strong></span> <span class='ocrx_word' id='word_1_651' title='bbox 3318 2452 3466 2490; x_wconf 75' lang='lat' dir='ltr'><strong>suam</strong></span> <span class='ocrx_word' id='word_1_652' title='bbox 3509 2433 3609 2489; x_wconf 81' lang='lat' dir='ltr'><strong>mi-</strong></span> 
     </span>
    </p>
   </div>
   <div class='ocr_carea' id='block_1_84' title="bbox 2010 2525 3606 2598">
    <p class='ocr_par' dir='ltr' id='par_1_84' title="bbox 2010 2525 3606 2598">
     <span class='ocr_line' id='line_1_84' title="bbox 2010 2525 3606 2598; baseline -0.001 -19"><span class='ocrx_word' id='word_1_653' title='bbox 2010 2526 2338 2579; x_wconf 82' lang='lat' dir='ltr'><strong>sericordiam</strong></span> <span class='ocrx_word' id='word_1_654' title='bbox 2377 2525 2594 2597; x_wconf 81' lang='lat' dir='ltr'><strong>largitur</strong></span> <span class='ocrx_word' id='word_1_655' title='bbox 2626 2536 2676 2581; x_wconf 89' lang='lat' dir='ltr'><strong>et</strong></span> <span class='ocrx_word' id='word_1_656' title='bbox 2706 2526 2956 2598; x_wconf 71' lang='lat' dir='ltr'><strong>signiﬁcat</strong></span> <span class='ocrx_word' id='word_1_657' title='bbox 2978 2568 2993 2595; x_wconf 84' lang='lat'><strong>,</strong></span> <span class='ocrx_word' id='word_1_658' title='bbox 3017 2527 3090 2581; x_wconf 76' lang='lat' dir='ltr'><strong>sic</strong></span> <span class='ocrx_word' id='word_1_659' title='bbox 3119 2543 3212 2581; x_wconf 81' lang='lat' dir='ltr'><strong>nos</strong></span> <span class='ocrx_word' id='word_1_660' title='bbox 3240 2526 3606 2597; x_wconf 73' lang='lat' dir='ltr'><strong>elemosynam</strong></span> 
     </span>
    </p>
   </div>
   <div class='ocr_carea' id='block_1_85' title="bbox 2012 2616 3613 2689">
    <p class='ocr_par' dir='ltr' id='par_1_85' title="bbox 2012 2616 3613 2689">
     <span class='ocr_line' id='line_1_85' title="bbox 2012 2616 3613 2689; baseline 0 -19"><span class='ocrx_word' id='word_1_661' title='bbox 2012 2626 2239 2671; x_wconf 76' lang='lat' dir='ltr'><strong>nostram</strong></span> <span class='ocrx_word' id='word_1_662' title='bbox 2252 2618 2504 2673; x_wconf 76' lang='lat' dir='ltr'><strong>occultare</strong></span> <span class='ocrx_word' id='word_1_663' title='bbox 2526 2618 2782 2673; x_wconf 80' lang='lat' dir='ltr'><strong>debemus.</strong></span> <span class='ocrx_word' id='word_1_664' title='bbox 2809 2648 2882 2659; x_wconf 89' lang='lat'>—</span> <span class='ocrx_word' id='word_1_665' title='bbox 2906 2617 3012 2674; x_wconf 87' lang='lat' dir='ltr'><strong>Sed</strong></span> <span class='ocrx_word' id='word_1_666' title='bbox 3042 2617 3228 2689; x_wconf 68' lang='lat' dir='ltr'><strong>gloria:</strong></span> <span class='ocrx_word' id='word_1_667' title='bbox 3252 2616 3477 2687; x_wconf 88' lang='lat' dir='ltr'><strong>cupidus</strong></span> <span class='ocrx_word' id='word_1_668' title='bbox 3501 2630 3561 2671; x_wconf 90' lang='lat' dir='ltr'><strong>cs</strong></span> <span class='ocrx_word' id='word_1_669' title='bbox 3585 2617 3613 2670; x_wconf 69' lang='lat' dir='ltr'><strong>‘t</strong></span> 
     </span>
    </p>
   </div>
   <div class='ocr_carea' id='block_1_86' title="bbox 2016 2709 3609 2780">
    <p class='ocr_par' dir='ltr' id='par_1_86' title="bbox 2016 2709 3609 2780">
     <span class='ocr_line' id='line_1_86' title="bbox 2016 2709 3609 2780; baseline 0.001 -17"><span class='ocrx_word' id='word_1_670' title='bbox 2016 2711 2208 2765; x_wconf 81' lang='lat' dir='ltr'><strong>Annon</strong></span> <span class='ocrx_word' id='word_1_671' title='bbox 2250 2711 2343 2766; x_wconf 90' lang='lat' dir='ltr'><strong>tibi</strong></span> <span class='ocrx_word' id='word_1_672' title='bbox 2370 2713 2502 2767; x_wconf 87' lang='lat' dir='ltr'><strong>satis</strong></span> <span class='ocrx_word' id='word_1_673' title='bbox 2532 2721 2616 2766; x_wconf 84' lang='lat' dir='ltr'><strong>est</strong></span> <span class='ocrx_word' id='word_1_674' title='bbox 2654 2712 2743 2765; x_wconf 90' lang='lat' dir='ltr'><strong>illa</strong></span> <span class='ocrx_word' id='word_1_675' title='bbox 2772 2726 2930 2780; x_wconf 87' lang='lat' dir='ltr'><strong>quam</strong></span> <span class='ocrx_word' id='word_1_676' title='bbox 2959 2711 3029 2766; x_wconf 91' lang='lat' dir='ltr'><strong>ab</strong></span> <span class='ocrx_word' id='word_1_677' title='bbox 3055 2710 3352 2780; x_wconf 89' lang='lat' dir='ltr'><strong>accipiente</strong></span> <span class='ocrx_word' id='word_1_678' title='bbox 3398 2709 3564 2764; x_wconf 88' lang='lat' dir='ltr'><strong>habes</strong></span> <span class='ocrx_word' id='word_1_679' title='bbox 3593 2749 3609 2773; x_wconf 93' lang='lat'><strong>,</strong></span> 
     </span>
    </p>
   </div>
   <div class='ocr_carea' id='block_1_87' title="bbox 2014 2800 3615 2872">
    <p class='ocr_par' dir='ltr' id='par_1_87' title="bbox 2014 2800 3615 2872">
     <span class='ocr_line' id='line_1_87' title="bbox 2014 2800 3615 2872; baseline 0 -18"><span class='ocrx_word' id='word_1_680' title='bbox 2014 2815 2045 2854; x_wconf 91' lang='lat' dir='ltr'><strong>a</strong></span> <span class='ocrx_word' id='word_1_681' title='bbox 2074 2800 2457 2870; x_wconf 85' lang='lat' dir='ltr'><strong>benignissimo</strong></span> <span class='ocrx_word' id='word_1_682' title='bbox 2476 2802 2608 2868; x_wconf 91' lang='lat' dir='ltr'><strong>Deo,</strong></span> <span class='ocrx_word' id='word_1_683' title='bbox 2635 2803 2733 2857; x_wconf 89' lang='lat' dir='ltr'><strong>sed</strong></span> <span class='ocrx_word' id='word_1_684' title='bbox 2757 2802 2917 2857; x_wconf 90' lang='lat' dir='ltr'><strong>etiam</strong></span> <span class='ocrx_word' id='word_1_685' title='bbox 2945 2802 3170 2871; x_wconf 86' lang='lat' dir='ltr'><strong>gloriam</strong></span> <span class='ocrx_word' id='word_1_686' title='bbox 3199 2801 3338 2872; x_wconf 90' lang='lat' dir='ltr'><strong>apud</strong></span> <span class='ocrx_word' id='word_1_687' title='bbox 3368 2800 3615 2855; x_wconf 87' lang='lat' dir='ltr'><strong>homines</strong></span> 
     </span>
    </p>
   </div>
   <div class='ocr_carea' id='block_1_88' title="bbox 2015 2893 3605 2964">
    <p class='ocr_par' dir='ltr' id='par_1_88' title="bbox 2015 2893 3605 2964">
     <span class='ocr_line' id='line_1_88' title="bbox 2015 2893 3605 2964; baseline -0.001 -17"><span class='ocrx_word' id='word_1_688' title='bbox 2015 2893 2255 2963; x_wconf 68' lang='lat' dir='ltr'><strong>quau-is?</strong></span> <span class='ocrx_word' id='word_1_689' title='bbox 2311 2893 2445 2950; x_wconf 82' lang='lat' dir='ltr'><strong>Vide</strong></span> <span class='ocrx_word' id='word_1_690' title='bbox 2470 2910 2541 2949; x_wconf 86' lang='lat' dir='ltr'><strong>ne</strong></span> <span class='ocrx_word' id='word_1_691' title='bbox 2583 2896 2913 2950; x_wconf 89' lang='lat' dir='ltr'><strong>contrarium</strong></span> <span class='ocrx_word' id='word_1_692' title='bbox 2963 2894 3214 2964; x_wconf 86' lang='lat' dir='ltr'><strong>patiaris;</strong></span> <span class='ocrx_word' id='word_1_693' title='bbox 3268 2908 3337 2948; x_wconf 91' lang='lat' dir='ltr'><strong>ne</strong></span> <span class='ocrx_word' id='word_1_694' title='bbox 3380 2893 3501 2964; x_wconf 88' lang='lat' dir='ltr'><strong>quis</strong></span> <span class='ocrx_word' id='word_1_695' title='bbox 3551 2901 3605 2946; x_wconf 90' lang='lat' dir='ltr'><strong>te</strong></span> 
     </span>
    </p>
   </div>
   <div class='ocr_carea' id='block_1_89' title="bbox 2018 2984 3618 3055">
    <p class='ocr_par' dir='ltr' id='par_1_89' title="bbox 2018 2984 3618 3055">
     <span class='ocr_line' id='line_1_89' title="bbox 2018 2984 3618 3055; baseline 0 -16"><span class='ocrx_word' id='word_1_696' title='bbox 2018 2985 2241 3040; x_wconf 88' lang='lat' dir='ltr'><strong>damnet</strong></span> <span class='ocrx_word' id='word_1_697' title='bbox 2268 2988 2420 3055; x_wconf 87' lang='lat' dir='ltr'><strong>quasi</strong></span> <span class='ocrx_word' id='word_1_698' title='bbox 2457 3001 2564 3041; x_wconf 89' lang='lat' dir='ltr'><strong>non</strong></span> <span class='ocrx_word' id='word_1_699' title='bbox 2593 2989 2938 3042; x_wconf 85' lang='lat' dir='ltr'><strong>miserantem</strong></span> <span class='ocrx_word' id='word_1_700' title='bbox 2967 3028 2982 3053; x_wconf 92' lang='lat'><strong>,</strong></span> <span class='ocrx_word' id='word_1_701' title='bbox 3014 2986 3110 3042; x_wconf 88' lang='lat' dir='ltr'><strong>sed</strong></span> <span class='ocrx_word' id='word_1_702' title='bbox 3141 2986 3301 3041; x_wconf 83' lang='lat' dir='ltr'><strong>fastui</strong></span> <span class='ocrx_word' id='word_1_703' title='bbox 3350 2995 3406 3041; x_wconf 91' lang='lat' dir='ltr'><strong>et</strong></span> <span class='ocrx_word' id='word_1_704' title='bbox 3448 2984 3618 3039; x_wconf 88' lang='lat' dir='ltr'><strong>ambi-</strong></span> 
     </span>
    </p>
   </div>
   <div class='ocr_carea' id='block_1_90' title="bbox 2017 3077 3614 3151">
    <p class='ocr_par' dir='ltr' id='par_1_90' title="bbox 2017 3077 3614 3151">
     <span class='ocr_line' id='line_1_90' title="bbox 2017 3077 3614 3151; baseline 0.001 -17"><span class='ocrx_word' id='word_1_705' title='bbox 2017 3079 2149 3134; x_wconf 89' lang='lat' dir='ltr'><strong>tioni</strong></span> <span class='ocrx_word' id='word_1_706' title='bbox 2177 3077 2437 3145; x_wconf 89' lang='lat' dir='ltr'><strong>deditum,</strong></span> <span class='ocrx_word' id='word_1_707' title='bbox 2465 3089 2626 3151; x_wconf 86' lang='lat' dir='ltr'><strong>atque</strong></span> <span class='ocrx_word' id='word_1_708' title='bbox 2644 3081 2846 3135; x_wconf 88' lang='lat' dir='ltr'><strong>alienas</strong></span> <span class='ocrx_word' id='word_1_709' title='bbox 2869 3080 3196 3135; x_wconf 88' lang='lat' dir='ltr'><strong>calamitates</strong></span> <span class='ocrx_word' id='word_1_710' title='bbox 3228 3079 3614 3135; x_wconf 88' lang='lat' dir='ltr'><strong>tradocentem.</strong></span> 
     </span>
    </p>
   </div>
   <div class='ocr_carea' id='block_1_91' title="bbox 2019 3171 3613 3244">
    <p class='ocr_par' dir='ltr' id='par_1_91' title="bbox 2019 3171 3613 3244">
     <span class='ocr_line' id='line_1_91' title="bbox 2019 3171 3613 3244; baseline -0.001 -17"><span class='ocrx_word' id='word_1_711' title='bbox 2019 3172 2153 3228; x_wconf 86' lang='lat' dir='ltr'><strong>Nam</strong></span> <span class='ocrx_word' id='word_1_712' title='bbox 2185 3173 2500 3244; x_wconf 88' lang='lat' dir='ltr'><strong>mysterium</strong></span> <span class='ocrx_word' id='word_1_713' title='bbox 2530 3182 2613 3228; x_wconf 90' lang='lat' dir='ltr'><strong>est</strong></span> <span class='ocrx_word' id='word_1_714' title='bbox 2640 3175 3006 3244; x_wconf 81' lang='lat' dir='ltr'><strong>eleemosyna.</strong></span> <span class='ocrx_word' id='word_1_715' title='bbox 3029 3171 3231 3226; x_wconf 78' lang='lat' dir='ltr'><strong>Claude</strong></span> <span class='ocrx_word' id='word_1_716' title='bbox 3252 3185 3382 3242; x_wconf 87' lang='lat' dir='ltr'><strong>ergo</strong></span> <span class='ocrx_word' id='word_1_717' title='bbox 3398 3174 3613 3239; x_wconf 85' lang='lat' dir='ltr'><strong>januas,</strong></span> 
     </span>
    </p>
   </div>
   <div class='ocr_carea' id='block_1_92' title="bbox 2020 3261 3618 3335">
    <p class='ocr_par' dir='ltr' id='par_1_92' title="bbox 2020 3261 3618 3335">
     <span class='ocr_line' id='line_1_92' title="bbox 2020 3261 3618 3335; baseline -0.003 -16"><span class='ocrx_word' id='word_1_718' title='bbox 2020 3278 2091 3319; x_wconf 89' lang='lat' dir='ltr'><strong>ne</strong></span> <span class='ocrx_word' id='word_1_719' title='bbox 2136 3263 2258 3334; x_wconf 88' lang='lat' dir='ltr'><strong>quis</strong></span> <span class='ocrx_word' id='word_1_720' title='bbox 2302 3264 2391 3318; x_wconf 88' lang='lat' dir='ltr'><strong>illa</strong></span> <span class='ocrx_word' id='word_1_721' title='bbox 2430 3264 2613 3319; x_wconf 86' lang='lat' dir='ltr'><strong>videat</strong></span> <span class='ocrx_word' id='word_1_722' title='bbox 2662 3279 2784 3335; x_wconf 74' lang='lat' dir='ltr'><strong>qua:</strong></span> <span class='ocrx_word' id='word_1_723' title='bbox 2836 3272 3109 3318; x_wconf 90' lang='lat' dir='ltr'><strong>ostentare</strong></span> <span class='ocrx_word' id='word_1_724' title='bbox 3157 3262 3310 3318; x_wconf 87' lang='lat' dir='ltr'><strong>nefas</strong></span> <span class='ocrx_word' id='word_1_725' title='bbox 3350 3271 3453 3316; x_wconf 92' lang='lat' dir='ltr'><strong>est.</strong></span> <span class='ocrx_word' id='word_1_726' title='bbox 3502 3261 3618 3316; x_wconf 81' lang='lat' dir='ltr'><strong>Hoc</strong></span> 
     </span>
    </p>
   </div>
   <div class='ocr_carea' id='block_1_93' title="bbox 2021 3354 3616 3429">
    <p class='ocr_par' dir='ltr' id='par_1_93' title="bbox 2021 3354 3616 3429">
     <span class='ocr_line' id='line_1_93' title="bbox 2021 3354 3616 3429; baseline -0.002 -18"><span class='ocrx_word' id='word_1_727' title='bbox 2021 3356 2221 3429; x_wconf 88' lang='lat' dir='ltr'><strong>quippe</strong></span> <span class='ocrx_word' id='word_1_728' title='bbox 2250 3366 2373 3413; x_wconf 83' lang='lat' dir='ltr'><strong>sunt</strong></span> <span class='ocrx_word' id='word_1_729' title='bbox 2403 3358 2634 3414; x_wconf 78' lang='lat' dir='ltr'><strong>maxime</strong></span> <span class='ocrx_word' id='word_1_730' title='bbox 2655 3357 2908 3429; x_wconf 81' lang='lat' dir='ltr'><strong>mysteria</strong></span> <span class='ocrx_word' id='word_1_731' title='bbox 2949 3365 3131 3412; x_wconf 72' lang='lat' dir='ltr'><strong>nostra</strong></span> <span class='ocrx_word' id='word_1_732' title='bbox 3156 3398 3172 3425; x_wconf 91' lang='lat'><strong>,</strong></span> <span class='ocrx_word' id='word_1_733' title='bbox 3205 3354 3571 3411; x_wconf 88' lang='lat' dir='ltr'><strong>misericordia</strong></span> <span class='ocrx_word' id='word_1_734' title='bbox 3597 3395 3616 3422; x_wconf 93' lang='lat'><strong>,</strong></span> 
     </span>
    </p>
   </div>
   <div class='ocr_carea' id='block_1_94' title="bbox 2023 3448 3618 3521">
    <p class='ocr_par' dir='ltr' id='par_1_94' title="bbox 2023 3448 3618 3521">
     <span class='ocr_line' id='line_1_94' title="bbox 2023 3448 3618 3521; baseline -0.003 -14"><span class='ocrx_word' id='word_1_735' title='bbox 2023 3459 2081 3507; x_wconf 91' lang='lat' dir='ltr'><strong>et</strong></span> <span class='ocrx_word' id='word_1_736' title='bbox 2127 3451 2431 3521; x_wconf 88' lang='lat' dir='ltr'><strong>benignitas</strong></span> <span class='ocrx_word' id='word_1_737' title='bbox 2488 3452 2625 3507; x_wconf 91' lang='lat' dir='ltr'><strong>Dei:</strong></span> <span class='ocrx_word' id='word_1_738' title='bbox 2676 3466 2800 3507; x_wconf 89' lang='lat' dir='ltr'><strong>nam</strong></span> <span class='ocrx_word' id='word_1_739' title='bbox 2846 3449 3141 3506; x_wconf 90' lang='lat' dir='ltr'><strong>secundum</strong></span> <span class='ocrx_word' id='word_1_740' title='bbox 3191 3448 3618 3505; x_wconf 87' lang='lat' dir='ltr'><strong>misericordiam</strong></span> 
     </span>
    </p>
   </div>
   <div class='ocr_carea' id='block_1_95' title="bbox 2026 3541 3613 3618">
    <p class='ocr_par' dir='ltr' id='par_1_95' title="bbox 2026 3541 3613 3618">
     <span class='ocr_line' id='line_1_95' title="bbox 2026 3541 3613 3618; baseline -0.004 -17"><span class='ocrx_word' id='word_1_741' title='bbox 2026 3561 2178 3603; x_wconf 90' lang='lat' dir='ltr'><strong>suam</strong></span> <span class='ocrx_word' id='word_1_742' title='bbox 2217 3562 2465 3618; x_wconf 87' lang='lat' dir='ltr'><strong>magnam</strong></span> <span class='ocrx_word' id='word_1_743' title='bbox 2494 3562 2595 3602; x_wconf 91' lang='lat' dir='ltr'><strong>nos</strong></span> <span class='ocrx_word' id='word_1_744' title='bbox 2615 3546 3029 3617; x_wconf 89' lang='lat' dir='ltr'><strong>inobsequentes</strong></span> <span class='ocrx_word' id='word_1_745' title='bbox 3069 3545 3357 3599; x_wconf 88' lang='lat' dir='ltr'><strong>miseratus</strong></span> <span class='ocrx_word' id='word_1_746' title='bbox 3398 3550 3500 3597; x_wconf 90' lang='lat' dir='ltr'><strong>est.</strong></span> <span class='ocrx_word' id='word_1_747' title='bbox 3544 3541 3613 3596; x_wconf 84' lang='lat' dir='ltr'><strong>Et</strong></span> 
     </span>
    </p>
   </div>
   <div class='ocr_carea' id='block_1_96' title="bbox 2026 3634 3621 3709">
    <p class='ocr_par' dir='ltr' id='par_1_96' title="bbox 2026 3634 3621 3709">
     <span class='ocr_line' id='line_1_96' title="bbox 2026 3634 3621 3709; baseline -0.004 -16"><span class='ocrx_word' id='word_1_748' title='bbox 2026 3639 2198 3709; x_wconf 89' lang='lat' dir='ltr'><strong>prima</strong></span> <span class='ocrx_word' id='word_1_749' title='bbox 2229 3638 2488 3709; x_wconf 87' lang='lat' dir='ltr'><strong>precatio,</strong></span> <span class='ocrx_word' id='word_1_750' title='bbox 2511 3653 2672 3708; x_wconf 89' lang='lat' dir='ltr'><strong>quam</strong></span> <span class='ocrx_word' id='word_1_751' title='bbox 2718 3654 2815 3707; x_wconf 91' lang='lat' dir='ltr'><strong>pro</strong></span> <span class='ocrx_word' id='word_1_752' title='bbox 2834 3636 3212 3707; x_wconf 88' lang='lat' dir='ltr'><strong>energumenis</strong></span> <span class='ocrx_word' id='word_1_753' title='bbox 3261 3634 3580 3691; x_wconf 88' lang='lat' dir='ltr'><strong>adhibemus</strong></span> <span class='ocrx_word' id='word_1_754' title='bbox 3600 3675 3621 3703; x_wconf 82' lang='lat'><strong>,</strong></span> 
     </span>
    </p>
   </div>
   <div class='ocr_carea' id='block_1_97' title="bbox 2029 3725 3623 3799">
    <p class='ocr_par' dir='ltr' id='par_1_97' title="bbox 2029 3725 3623 3799">
     <span class='ocr_line' id='line_1_97' title="bbox 2029 3725 3623 3799; baseline -0.001 -16"><span class='ocrx_word' id='word_1_755' title='bbox 2029 3730 2414 3784; x_wconf 64' lang='lat' dir='ltr'><strong>misericordia:</strong></span> <span class='ocrx_word' id='word_1_756' title='bbox 2454 3731 2969 3785; x_wconf 89' lang='lat' dir='ltr'><strong>commemoratione</strong></span> <span class='ocrx_word' id='word_1_757' title='bbox 3017 3730 3176 3799; x_wconf 88' lang='lat' dir='ltr'><strong>plena</strong></span> <span class='ocrx_word' id='word_1_758' title='bbox 3216 3736 3338 3793; x_wconf 90' lang='lat' dir='ltr'><strong>est;</strong></span> <span class='ocrx_word' id='word_1_759' title='bbox 3388 3725 3623 3782; x_wconf 83' lang='lat' dir='ltr'><strong>secunda</strong></span> 
     </span>
    </p>
   </div>
   <div class='ocr_carea' id='block_1_98' title="bbox 2029 3823 3620 3894">
    <p class='ocr_par' dir='ltr' id='par_1_98' title="bbox 2029 3823 3620 3894">
     <span class='ocr_line' id='line_1_98' title="bbox 2029 3823 3620 3894; baseline 0 -17"><span class='ocrx_word' id='word_1_760' title='bbox 2029 3838 2262 3894; x_wconf 90' lang='lat' dir='ltr'><strong>quoque,</strong></span> <span class='ocrx_word' id='word_1_761' title='bbox 2289 3838 2387 3893; x_wconf 90' lang='lat' dir='ltr'><strong>pro</strong></span> <span class='ocrx_word' id='word_1_762' title='bbox 2409 3824 2473 3877; x_wconf 90' lang='lat' dir='ltr'><strong>iis</strong></span> <span class='ocrx_word' id='word_1_763' title='bbox 2494 3824 2583 3894; x_wconf 88' lang='lat' dir='ltr'><strong>qui</strong></span> <span class='ocrx_word' id='word_1_764' title='bbox 2612 3824 2665 3878; x_wconf 92' lang='lat' dir='ltr'><strong>in</strong></span> <span class='ocrx_word' id='word_1_765' title='bbox 2690 3824 3001 3892; x_wconf 75' lang='lat' dir='ltr'><strong>pmnitentia</strong></span> <span class='ocrx_word' id='word_1_766' title='bbox 3023 3831 3170 3890; x_wconf 89' lang='lat' dir='ltr'><strong>sunt,</strong></span> <span class='ocrx_word' id='word_1_767' title='bbox 3201 3823 3423 3877; x_wconf 91' lang='lat' dir='ltr'><strong>multam</strong></span> <span class='ocrx_word' id='word_1_768' title='bbox 3454 3823 3620 3877; x_wconf 84' lang='lat' dir='ltr'><strong>mise-</strong></span> 
     </span>
    </p>
   </div>
   <div class='ocr_carea' id='block_1_99' title="bbox 2029 3913 3623 3986">
    <p class='ocr_par' dir='ltr' id='par_1_99' title="bbox 2029 3913 3623 3986">
     <span class='ocr_line' id='line_1_99' title="bbox 2029 3913 3623 3986; baseline -0.001 -16"><span class='ocrx_word' id='word_1_769' title='bbox 2029 3916 2316 3971; x_wconf 88' lang='lat' dir='ltr'><strong>ricordiam</strong></span> <span class='ocrx_word' id='word_1_770' title='bbox 2363 3917 2625 3986; x_wconf 90' lang='lat' dir='ltr'><strong>postulat:</strong></span> <span class='ocrx_word' id='word_1_771' title='bbox 2676 3917 2832 3971; x_wconf 87' lang='lat' dir='ltr'><strong>tertia</strong></span> <span class='ocrx_word' id='word_1_772' title='bbox 2875 3915 3122 3983; x_wconf 89' lang='lat' dir='ltr'><strong>demum,</strong></span> <span class='ocrx_word' id='word_1_773' title='bbox 3153 3930 3253 3986; x_wconf 91' lang='lat' dir='ltr'><strong>pro</strong></span> <span class='ocrx_word' id='word_1_774' title='bbox 3282 3913 3436 3969; x_wconf 90' lang='lat' dir='ltr'><strong>nobis</strong></span> <span class='ocrx_word' id='word_1_775' title='bbox 3472 3915 3623 3984; x_wconf 88' lang='lat' dir='ltr'><strong>ipsis,</strong></span> 
     </span>
    </p>
   </div>
   <div class='ocr_carea' id='block_1_100' title="bbox 2030 4006 3627 4078">
    <p class='ocr_par' dir='ltr' id='par_1_100' title="bbox 2030 4006 3627 4078">
     <span class='ocr_line' id='line_1_100' title="bbox 2030 4006 3627 4078; baseline -0.001 -15"><span class='ocrx_word' id='word_1_776' title='bbox 2030 4008 2211 4078; x_wconf 83' lang='lat' dir='ltr'><strong>pepuli</strong></span> <span class='ocrx_word' id='word_1_777' title='bbox 2238 4007 2466 4063; x_wconf 87' lang='lat' dir='ltr'><strong>infantes</strong></span> <span class='ocrx_word' id='word_1_778' title='bbox 2492 4008 2811 4064; x_wconf 90' lang='lat' dir='ltr'><strong>innocentes</strong></span> <span class='ocrx_word' id='word_1_779' title='bbox 2839 4008 3079 4077; x_wconf 90' lang='lat' dir='ltr'><strong>inducit,</strong></span> <span class='ocrx_word' id='word_1_780' title='bbox 3114 4008 3284 4064; x_wconf 90' lang='lat' dir='ltr'><strong>Deum</strong></span> <span class='ocrx_word' id='word_1_781' title='bbox 3311 4006 3380 4062; x_wconf 89' lang='lat' dir='ltr'><strong>ad</strong></span> <span class='ocrx_word' id='word_1_782' title='bbox 3410 4009 3627 4063; x_wconf 84' lang='lat' dir='ltr'><strong>miseri-</strong></span> 
     </span>
    </p>
   </div>
   <div class='ocr_carea' id='block_1_101' title="bbox 2031 4099 3628 4170">
    <p class='ocr_par' dir='ltr' id='par_1_101' title="bbox 2031 4099 3628 4170">
     <span class='ocr_line' id='line_1_101' title="bbox 2031 4099 3628 4170; baseline -0.001 -16"><span class='ocrx_word' id='word_1_783' title='bbox 2031 4099 2272 4154; x_wconf 88' lang='lat' dir='ltr'><strong>cordiam</strong></span> <span class='ocrx_word' id='word_1_784' title='bbox 2303 4107 2677 4170; x_wconf 83' lang='lat' dir='ltr'><strong>provocantes.</strong></span> <span class='ocrx_word' id='word_1_785' title='bbox 2708 4099 2843 4170; x_wconf 88' lang='lat' dir='ltr'><strong>Quia</strong></span> <span class='ocrx_word' id='word_1_786' title='bbox 2865 4101 3009 4155; x_wconf 88' lang='lat' dir='ltr'><strong>enim</strong></span> <span class='ocrx_word' id='word_1_787' title='bbox 3055 4114 3157 4155; x_wconf 90' lang='lat' dir='ltr'><strong>nos</strong></span> <span class='ocrx_word' id='word_1_788' title='bbox 3198 4109 3421 4170; x_wconf 87' lang='lat' dir='ltr'><strong>peccata</strong></span> <span class='ocrx_word' id='word_1_789' title='bbox 3440 4106 3628 4153; x_wconf 88' lang='lat' dir='ltr'><strong>nostra</strong></span> 
     </span>
    </p>
   </div>
   <div class='ocr_carea' id='block_1_102' title="bbox 2033 4192 3628 4263">
    <p class='ocr_par' dir='ltr' id='par_1_102' title="bbox 2033 4192 3628 4263">
     <span class='ocr_line' id='line_1_102' title="bbox 2033 4192 3628 4263; baseline -0.003 -15"><span class='ocrx_word' id='word_1_790' title='bbox 2033 4192 2372 4260; x_wconf 82' lang='lat' dir='ltr'><strong>damnamus,</strong></span> <span class='ocrx_word' id='word_1_791' title='bbox 2401 4207 2501 4263; x_wconf 89' lang='lat' dir='ltr'><strong>pro</strong></span> <span class='ocrx_word' id='word_1_792' title='bbox 2548 4192 2613 4247; x_wconf 90' lang='lat' dir='ltr'><strong>iis</strong></span> <span class='ocrx_word' id='word_1_793' title='bbox 2636 4192 2726 4263; x_wconf 89' lang='lat' dir='ltr'><strong>qui</strong></span> <span class='ocrx_word' id='word_1_794' title='bbox 2758 4193 2982 4247; x_wconf 87' lang='lat' dir='ltr'><strong>multum</strong></span> <span class='ocrx_word' id='word_1_795' title='bbox 3013 4199 3329 4262; x_wconf 87' lang='lat' dir='ltr'><strong>peccarunt,</strong></span> <span class='ocrx_word' id='word_1_796' title='bbox 3368 4199 3424 4245; x_wconf 90' lang='lat' dir='ltr'><strong>et</strong></span> <span class='ocrx_word' id='word_1_797' title='bbox 3467 4205 3628 4246; x_wconf 87' lang='lat' dir='ltr'><strong>accu-</strong></span> 
     </span>
    </p>
   </div>
   <div class='ocr_carea' id='block_1_103' title="bbox 2037 4282 3629 4355">
    <p class='ocr_par' dir='ltr' id='par_1_103' title="bbox 2037 4282 3629 4355">
     <span class='ocr_line' id='line_1_103' title="bbox 2037 4282 3629 4355; baseline -0.004 -14"><span class='ocrx_word' id='word_1_798' title='bbox 2037 4285 2145 4341; x_wconf 86' lang='lat' dir='ltr'><strong>sari</strong></span> <span class='ocrx_word' id='word_1_799' title='bbox 2170 4284 2404 4350; x_wconf 86' lang='lat' dir='ltr'><strong>debent,</strong></span> <span class='ocrx_word' id='word_1_800' title='bbox 2451 4298 2553 4340; x_wconf 83' lang='lat' dir='ltr'><strong>nos</strong></span> <span class='ocrx_word' id='word_1_801' title='bbox 2595 4299 2917 4354; x_wconf 90' lang='lat' dir='ltr'><strong>precamur:</strong></span> <span class='ocrx_word' id='word_1_802' title='bbox 2950 4299 3047 4355; x_wconf 92' lang='lat' dir='ltr'><strong>pro</strong></span> <span class='ocrx_word' id='word_1_803' title='bbox 3076 4284 3235 4339; x_wconf 89' lang='lat' dir='ltr'><strong>nobis</strong></span> <span class='ocrx_word' id='word_1_804' title='bbox 3278 4297 3408 4337; x_wconf 83' lang='lat' dir='ltr'><strong>vero</strong></span> <span class='ocrx_word' id='word_1_805' title='bbox 3453 4282 3629 4353; x_wconf 88' lang='lat' dir='ltr'><strong>pueri,</strong></span> 
     </span>
    </p>
   </div>
   <div class='ocr_carea' id='block_1_104' title="bbox 2039 4374 3628 4447">
    <p class='ocr_par' dir='ltr' id='par_1_104' title="bbox 2039 4374 3628 4447">
     <span class='ocr_line' id='line_1_104' title="bbox 2039 4374 3628 4447; baseline -0.004 -15"><span class='ocrx_word' id='word_1_806' title='bbox 2039 4390 2269 4447; x_wconf 86' lang='lat' dir='ltr'><strong>quorum</strong></span> <span class='ocrx_word' id='word_1_807' title='bbox 2294 4376 2653 4447; x_wconf 87' lang='lat' dir='ltr'><strong>simplicitatis</strong></span> <span class='ocrx_word' id='word_1_808' title='bbox 2680 4376 2979 4431; x_wconf 86' lang='lat' dir='ltr'><strong>imitatores</strong></span> <span class='ocrx_word' id='word_1_809' title='bbox 3003 4390 3226 4446; x_wconf 87' lang='lat' dir='ltr'><strong>regnum</strong></span> <span class='ocrx_word' id='word_1_810' title='bbox 3254 4374 3507 4430; x_wconf 61' lang='lat' dir='ltr'><strong>caelorum</strong></span> <span class='ocrx_word' id='word_1_811' title='bbox 3529 4388 3628 4428; x_wconf 73' lang='lat' dir='ltr'><strong>ex.</strong></span> 
     </span>
    </p>
   </div>
   <div class='ocr_carea' id='block_1_105' title="bbox 2037 4466 3632 4543">
    <p class='ocr_par' dir='ltr' id='par_1_105' title="bbox 2037 4466 3632 4543">
     <span class='ocr_line' id='line_1_105' title="bbox 2037 4466 3632 4543; baseline -0.003 -16"><span class='ocrx_word' id='word_1_812' title='bbox 2037 4479 2270 4541; x_wconf 85' lang='lat' dir='ltr'><strong>spectat.</strong></span> <span class='ocrx_word' id='word_1_813' title='bbox 2300 4471 2417 4543; x_wconf 85' lang='lat' dir='ltr'><strong>Ipsa</strong></span> <span class='ocrx_word' id='word_1_814' title='bbox 2446 4470 2588 4525; x_wconf 88' lang='lat' dir='ltr'><strong>enim</strong></span> <span class='ocrx_word' id='word_1_815' title='bbox 2621 4471 2873 4540; x_wconf 87' lang='lat' dir='ltr'><strong>precandi</strong></span> <span class='ocrx_word' id='word_1_816' title='bbox 2915 4470 3083 4525; x_wconf 85' lang='lat' dir='ltr'><strong>forma</strong></span> <span class='ocrx_word' id='word_1_817' title='bbox 3115 4468 3169 4524; x_wconf 89' lang='lat' dir='ltr'><strong>id</strong></span> <span class='ocrx_word' id='word_1_818' title='bbox 3196 4466 3463 4524; x_wconf 88' lang='lat' dir='ltr'><strong>ostendit:</strong></span> <span class='ocrx_word' id='word_1_819' title='bbox 3506 4482 3632 4523; x_wconf 89' lang='lat' dir='ltr'><strong>nam</strong></span> 
     </span>
    </p>
   </div>
   <div class='ocr_carea' id='block_1_106' title="bbox 2038 4560 3629 4634">
    <p class='ocr_par' dir='ltr' id='par_1_106' title="bbox 2038 4560 3629 4634">
     <span class='ocr_line' id='line_1_106' title="bbox 2038 4560 3629 4634; baseline -0.004 -15"><span class='ocrx_word' id='word_1_820' title='bbox 2038 4564 2129 4634; x_wconf 85' lang='lat' dir='ltr'><strong>qui</strong></span> <span class='ocrx_word' id='word_1_821' title='bbox 2141 4563 2315 4618; x_wconf 86' lang='lat' dir='ltr'><strong>instar</strong></span> <span class='ocrx_word' id='word_1_822' title='bbox 2331 4577 2624 4634; x_wconf 90' lang='lat' dir='ltr'><strong>puerorum</strong></span> <span class='ocrx_word' id='word_1_823' title='bbox 2644 4563 2873 4618; x_wconf 89' lang='lat' dir='ltr'><strong>humiles</strong></span> <span class='ocrx_word' id='word_1_824' title='bbox 2902 4570 3027 4617; x_wconf 92' lang='lat' dir='ltr'><strong>sunt</strong></span> <span class='ocrx_word' id='word_1_825' title='bbox 3046 4570 3098 4617; x_wconf 90' lang='lat' dir='ltr'><strong>et</strong></span> <span class='ocrx_word' id='word_1_826' title='bbox 3125 4560 3343 4628; x_wconf 89' lang='lat' dir='ltr'><strong>sinceri,</strong></span> <span class='ocrx_word' id='word_1_827' title='bbox 3370 4560 3425 4615; x_wconf 91' lang='lat' dir='ltr'><strong>hi</strong></span> <span class='ocrx_word' id='word_1_828' title='bbox 3453 4560 3629 4614; x_wconf 84' lang='lat' dir='ltr'><strong>maxi-</strong></span> 
     </span>
    </p>
   </div>
   <div class='ocr_carea' id='block_1_107' title="bbox 2040 4652 3634 4728">
    <p class='ocr_par' dir='ltr' id='par_1_107' title="bbox 2040 4652 3634 4728">
     <span class='ocr_line' id='line_1_107' title="bbox 2040 4652 3634 4728; baseline -0.004 -16"><span class='ocrx_word' id='word_1_829' title='bbox 2040 4673 2128 4714; x_wconf 89' lang='lat' dir='ltr'><strong>me</strong></span> <span class='ocrx_word' id='word_1_830' title='bbox 2156 4665 2379 4728; x_wconf 89' lang='lat' dir='ltr'><strong>possunt</strong></span> <span class='ocrx_word' id='word_1_831' title='bbox 2404 4671 2504 4726; x_wconf 89' lang='lat' dir='ltr'><strong>pro</strong></span> <span class='ocrx_word' id='word_1_832' title='bbox 2527 4656 2635 4711; x_wconf 86' lang='lat' dir='ltr'><strong>reis</strong></span> <span class='ocrx_word' id='word_1_833' title='bbox 2658 4655 2888 4727; x_wconf 89' lang='lat' dir='ltr'><strong>precari.</strong></span> <span class='ocrx_word' id='word_1_834' title='bbox 2916 4655 3087 4725; x_wconf 89' lang='lat' dir='ltr'><strong>Ipsum</strong></span> <span class='ocrx_word' id='word_1_835' title='bbox 3110 4652 3421 4725; x_wconf 85' lang='lat' dir='ltr'><strong>mysterium</strong></span> <span class='ocrx_word' id='word_1_836' title='bbox 3460 4667 3634 4722; x_wconf 84' lang='lat' dir='ltr'><strong>quan-</strong></span> 
     </span>
    </p>
   </div>
   <div class='ocr_carea' id='block_1_108' title="bbox 2040 4746 3630 4819">
    <p class='ocr_par' dir='ltr' id='par_1_108' title="bbox 2040 4746 3630 4819">
     <span class='ocr_line' id='line_1_108' title="bbox 2040 4746 3630 4819; baseline -0.005 -12"><span class='ocrx_word' id='word_1_837' title='bbox 2040 4750 2511 4807; x_wconf 66' lang='lat' dir='ltr'><strong>taemisericordiae</strong></span> <span class='ocrx_word' id='word_1_838' title='bbox 2540 4789 2555 4816; x_wconf 95' lang='lat'><strong>,</strong></span> <span class='ocrx_word' id='word_1_839' title='bbox 2607 4755 2823 4819; x_wconf 75' lang='lat' dir='ltr'><strong>quantm</strong></span> <span class='ocrx_word' id='word_1_840' title='bbox 2878 4747 3222 4817; x_wconf 86' lang='lat' dir='ltr'><strong>benignitatis</strong></span> <span class='ocrx_word' id='word_1_841' title='bbox 3267 4747 3338 4802; x_wconf 90' lang='lat' dir='ltr'><strong>sit</strong></span> <span class='ocrx_word' id='word_1_842' title='bbox 3374 4746 3630 4816; x_wconf 91' lang='lat' dir='ltr'><strong>plenum,</strong></span> 
     </span>
    </p>
   </div>
   <div class='ocr_carea' id='block_1_109' title="bbox 2049 4839 3635 4914">
    <p class='ocr_par' dir='ltr' id='par_1_109' title="bbox 2049 4839 3635 4914">
     <span class='ocr_line' id='line_1_109' title="bbox 2049 4839 3635 4914; baseline -0.007 -12"><span class='ocrx_word' id='word_1_843' title='bbox 2049 4847 2228 4902; x_wconf 90' lang='lat' dir='ltr'><strong>sciunt</strong></span> <span class='ocrx_word' id='word_1_844' title='bbox 2249 4845 2460 4900; x_wconf 89' lang='lat' dir='ltr'><strong>initiati.</strong></span> <span class='ocrx_word' id='word_1_845' title='bbox 2489 4844 2559 4899; x_wconf 86' lang='lat' dir='ltr'><strong>Et</strong></span> <span class='ocrx_word' id='word_1_846' title='bbox 2578 4852 2633 4899; x_wconf 90' lang='lat' dir='ltr'><strong>tu</strong></span> <span class='ocrx_word' id='word_1_847' title='bbox 2656 4844 2836 4914; x_wconf 90' lang='lat' dir='ltr'><strong>igitur,</strong></span> <span class='ocrx_word' id='word_1_848' title='bbox 2867 4856 2987 4897; x_wconf 92' lang='lat' dir='ltr'><strong>cum</strong></span> <span class='ocrx_word' id='word_1_849' title='bbox 3010 4840 3214 4895; x_wconf 88' lang='lat' dir='ltr'><strong>homini</strong></span> <span class='ocrx_word' id='word_1_850' title='bbox 3248 4839 3378 4895; x_wconf 88' lang='lat' dir='ltr'><strong>facis</strong></span> <span class='ocrx_word' id='word_1_851' title='bbox 3397 4839 3635 4894; x_wconf 89' lang='lat' dir='ltr'><strong>eleemo-</strong></span> 
     </span>
    </p>
   </div>
   <div class='ocr_carea' id='block_1_110' title="bbox 2045 4929 3639 5011">
    <p class='ocr_par' dir='ltr' id='par_1_110' title="bbox 2045 4929 3639 5011">
     <span class='ocr_line' id='line_1_110' title="bbox 2045 4929 3639 5011; baseline -0.006 -18"><span class='ocrx_word' id='word_1_852' title='bbox 2045 4953 2234 5011; x_wconf 84' lang='lat' dir='ltr'><strong>syuam</strong></span> <span class='ocrx_word' id='word_1_853' title='bbox 2253 4979 2269 5003; x_wconf 93' lang='lat'><strong>,</strong></span> <span class='ocrx_word' id='word_1_854' title='bbox 2295 4936 2485 4993; x_wconf 90' lang='lat' dir='ltr'><strong>claude</strong></span> <span class='ocrx_word' id='word_1_855' title='bbox 2505 4936 2721 5005; x_wconf 88' lang='lat' dir='ltr'><strong>januam</strong></span> <span class='ocrx_word' id='word_1_856' title='bbox 2751 4942 2895 4988; x_wconf 86' lang='lat' dir='ltr'><strong>tuam</strong></span> <span class='ocrx_word' id='word_1_857' title='bbox 2928 4949 2942 4988; x_wconf 93' lang='lat'><strong>:</strong></span> <span class='ocrx_word' id='word_1_858' title='bbox 2976 4932 3090 5003; x_wconf 87' lang='lat' dir='ltr'><strong>ipse</strong></span> <span class='ocrx_word' id='word_1_859' title='bbox 3115 4932 3208 5002; x_wconf 81' lang='lat' dir='ltr'><strong>qui</strong></span> <span class='ocrx_word' id='word_1_860' title='bbox 3234 4930 3427 5000; x_wconf 91' lang='lat' dir='ltr'><strong>accipit</strong></span> <span class='ocrx_word' id='word_1_861' title='bbox 3445 4970 3460 4996; x_wconf 92' lang='lat'><strong>,</strong></span> <span class='ocrx_word' id='word_1_862' title='bbox 3487 4929 3639 4985; x_wconf 80' lang='lat' dir='ltr'><strong>solus</strong></span> 
     </span>
    </p>
   </div>
   <div class='ocr_carea' id='block_1_111' title="bbox 2044 5022 3637 5098">
    <p class='ocr_par' dir='ltr' id='par_1_111' title="bbox 2044 5022 3637 5098">
     <span class='ocr_line' id='line_1_111' title="bbox 2044 5022 3637 5098; baseline -0.003 -16"><span class='ocrx_word' id='word_1_863' title='bbox 2044 5029 2244 5098; x_wconf 87' lang='lat' dir='ltr'><strong>videat;</strong></span> <span class='ocrx_word' id='word_1_864' title='bbox 2266 5030 2375 5085; x_wconf 89' lang='lat' dir='ltr'><strong>imo</strong></span> <span class='ocrx_word' id='word_1_865' title='bbox 2402 5029 2448 5086; x_wconf 93' lang='lat' dir='ltr'><strong>si</strong></span> <span class='ocrx_word' id='word_1_866' title='bbox 2480 5027 2596 5084; x_wconf 87' lang='lat' dir='ltr'><strong>fieri</strong></span> <span class='ocrx_word' id='word_1_867' title='bbox 2628 5028 2816 5098; x_wconf 90' lang='lat' dir='ltr'><strong>possit,</strong></span> <span class='ocrx_word' id='word_1_868' title='bbox 2843 5026 3041 5095; x_wconf 88' lang='lat' dir='ltr'><strong>neipse</strong></span> <span class='ocrx_word' id='word_1_869' title='bbox 3067 5025 3303 5096; x_wconf 69' lang='lat' dir='ltr'><strong>quidem.</strong></span> <span class='ocrx_word' id='word_1_870' title='bbox 3334 5023 3390 5081; x_wconf 91' lang='lat' dir='ltr'><strong>Si</strong></span> <span class='ocrx_word' id='word_1_871' title='bbox 3415 5022 3637 5095; x_wconf 81' lang='lat' dir='ltr'><strong>januam</strong></span> 
     </span>
    </p>
   </div>
   <div class='ocr_carea' id='block_1_112' title="bbox 2046 5118 3636 5193">
    <p class='ocr_par' dir='ltr' id='par_1_112' title="bbox 2046 5118 3636 5193">
     <span class='ocr_line' id='line_1_112' title="bbox 2046 5118 3636 5193; baseline -0.005 -15"><span class='ocrx_word' id='word_1_872' title='bbox 2046 5122 2276 5193; x_wconf 87' lang='lat' dir='ltr'><strong>aperias,</strong></span> <span class='ocrx_word' id='word_1_873' title='bbox 2303 5122 2613 5193; x_wconf 84' lang='lat' dir='ltr'><strong>mysterium</strong></span> <span class='ocrx_word' id='word_1_874' title='bbox 2639 5130 2783 5175; x_wconf 90' lang='lat' dir='ltr'><strong>tuum</strong></span> <span class='ocrx_word' id='word_1_875' title='bbox 2808 5127 3064 5175; x_wconf 88' lang='lat' dir='ltr'><strong>ostentas.</strong></span> <span class='ocrx_word' id='word_1_876' title='bbox 3087 5119 3270 5189; x_wconf 86' lang='lat' dir='ltr'><strong>Cogita</strong></span> <span class='ocrx_word' id='word_1_877' title='bbox 3297 5133 3418 5173; x_wconf 90' lang='lat' dir='ltr'><strong>eum</strong></span> <span class='ocrx_word' id='word_1_878' title='bbox 3438 5118 3636 5189; x_wconf 90' lang='lat' dir='ltr'><strong>ipsum,</strong></span> 
     </span>
    </p>
   </div>
   <div class='ocr_carea' id='block_1_113' title="bbox 2048 5208 3643 5287">
    <p class='ocr_par' dir='ltr' id='par_1_113' title="bbox 2048 5208 3643 5287">
     <span class='ocr_line' id='line_1_113' title="bbox 2048 5208 3643 5287; baseline -0.004 -19"><span class='ocrx_word' id='word_1_879' title='bbox 2048 5230 2077 5268; x_wconf 92' lang='lat' dir='ltr'><strong>a</strong></span> <span class='ocrx_word' id='word_1_880' title='bbox 2108 5230 2215 5287; x_wconf 90' lang='lat' dir='ltr'><strong>quo</strong></span> <span class='ocrx_word' id='word_1_881' title='bbox 2241 5214 2462 5285; x_wconf 87' lang='lat' dir='ltr'><strong>gloriam</strong></span> <span class='ocrx_word' id='word_1_882' title='bbox 2485 5213 2693 5282; x_wconf 82' lang='lat' dir='ltr'><strong>expetis</strong></span> <span class='ocrx_word' id='word_1_883' title='bbox 2714 5254 2730 5279; x_wconf 91' lang='lat'><strong>,</strong></span> <span class='ocrx_word' id='word_1_884' title='bbox 2764 5220 2816 5266; x_wconf 90' lang='lat' dir='ltr'><strong>te</strong></span> <span class='ocrx_word' id='word_1_885' title='bbox 2842 5211 3219 5265; x_wconf 83' lang='lat' dir='ltr'><strong>damnatorum</strong></span> <span class='ocrx_word' id='word_1_886' title='bbox 3245 5224 3386 5266; x_wconf 87' lang='lat' dir='ltr'><strong>esse.</strong></span> <span class='ocrx_word' id='word_1_887' title='bbox 3419 5209 3475 5265; x_wconf 89' lang='lat' dir='ltr'><strong>Si</strong></span> <span class='ocrx_word' id='word_1_888' title='bbox 3507 5208 3643 5263; x_wconf 84' lang='lat' dir='ltr'><strong>ami-</strong></span> 
     </span>
    </p>
   </div>
   <div class='ocr_carea' id='block_1_114' title="bbox 2049 5301 3639 5379">
    <p class='ocr_par' dir='ltr' id='par_1_114' title="bbox 2049 5301 3639 5379">
     <span class='ocr_line' id='line_1_114' title="bbox 2049 5301 3639 5379; baseline -0.006 -14"><span class='ocrx_word' id='word_1_889' title='bbox 2049 5325 2145 5365; x_wconf 90' lang='lat' dir='ltr'><strong>cus</strong></span> <span class='ocrx_word' id='word_1_890' title='bbox 2170 5311 2261 5373; x_wconf 88' lang='lat' dir='ltr'><strong>sit,</strong></span> <span class='ocrx_word' id='word_1_891' title='bbox 2308 5318 2364 5364; x_wconf 91' lang='lat' dir='ltr'><strong>te</strong></span> <span class='ocrx_word' id='word_1_892' title='bbox 2392 5307 2532 5379; x_wconf 91' lang='lat' dir='ltr'><strong>apud</strong></span> <span class='ocrx_word' id='word_1_893' title='bbox 2562 5322 2622 5362; x_wconf 92' lang='lat' dir='ltr'><strong>se</strong></span> <span class='ocrx_word' id='word_1_894' title='bbox 2646 5303 3049 5369; x_wconf 86' lang='lat' dir='ltr'><strong>criminabitur;</strong></span> <span class='ocrx_word' id='word_1_895' title='bbox 3084 5304 3128 5359; x_wconf 90' lang='lat' dir='ltr'><strong>si</strong></span> <span class='ocrx_word' id='word_1_896' title='bbox 3178 5304 3446 5369; x_wconf 89' lang='lat' dir='ltr'><strong>inimicus,</strong></span> <span class='ocrx_word' id='word_1_897' title='bbox 3497 5301 3639 5372; x_wconf 90' lang='lat' dir='ltr'><strong>apud</strong></span> 
     </span>
    </p>
   </div>
   <div class='ocr_carea' id='block_1_115' title="bbox 2052 5395 3639 5475">
    <p class='ocr_par' dir='ltr' id='par_1_115' title="bbox 2052 5395 3639 5475">
     <span class='ocr_line' id='line_1_115' title="bbox 2052 5395 3639 5475; baseline -0.007 -17"><span class='ocrx_word' id='word_1_898' title='bbox 2052 5404 2189 5459; x_wconf 91' lang='lat' dir='ltr'><strong>alios</strong></span> <span class='ocrx_word' id='word_1_899' title='bbox 2218 5410 2271 5458; x_wconf 92' lang='lat' dir='ltr'><strong>te</strong></span> <span class='ocrx_word' id='word_1_900' title='bbox 2300 5401 2575 5467; x_wconf 86' lang='lat' dir='ltr'><strong>traducet,</strong></span> <span class='ocrx_word' id='word_1_901' title='bbox 2620 5410 2675 5455; x_wconf 91' lang='lat' dir='ltr'><strong>et</strong></span> <span class='ocrx_word' id='word_1_902' title='bbox 2695 5399 2966 5455; x_wconf 88' lang='lat' dir='ltr'><strong>contraria</strong></span> <span class='ocrx_word' id='word_1_903' title='bbox 3005 5395 3098 5452; x_wconf 87' lang='lat' dir='ltr'><strong>tibi</strong></span> <span class='ocrx_word' id='word_1_904' title='bbox 3146 5400 3436 5461; x_wconf 87' lang='lat' dir='ltr'><strong>evenient,</strong></span> <span class='ocrx_word' id='word_1_905' title='bbox 3480 5409 3639 5475; x_wconf 84' lang='lat' dir='ltr'><strong>quam</strong></span> 
     </span>
    </p>
   </div>
   <div class='ocr_carea' id='block_1_116' title="bbox 2050 5487 3642 5562">
    <p class='ocr_par' dir='ltr' id='par_1_116' title="bbox 2050 5487 3642 5562">
     <span class='ocr_line' id='line_1_116' title="bbox 2050 5487 3642 5562; baseline -0.006 -13"><span class='ocrx_word' id='word_1_906' title='bbox 2050 5492 2416 5550; x_wconf 85' lang='lat' dir='ltr'><strong>desiderabas.</strong></span> <span class='ocrx_word' id='word_1_907' title='bbox 2446 5492 2525 5547; x_wconf 86' lang='lat' dir='ltr'><strong>Tu</strong></span> <span class='ocrx_word' id='word_1_908' title='bbox 2554 5492 2697 5547; x_wconf 88' lang='lat' dir='ltr'><strong>enim</strong></span> <span class='ocrx_word' id='word_1_909' title='bbox 2734 5489 3014 5562; x_wconf 85' lang='lat' dir='ltr'><strong>cupiebas,</strong></span> <span class='ocrx_word' id='word_1_910' title='bbox 3062 5498 3123 5543; x_wconf 90' lang='lat' dir='ltr'><strong>ut</strong></span> <span class='ocrx_word' id='word_1_911' title='bbox 3181 5488 3295 5557; x_wconf 90' lang='lat' dir='ltr'><strong>ipse</strong></span> <span class='ocrx_word' id='word_1_912' title='bbox 3339 5487 3544 5542; x_wconf 88' lang='lat' dir='ltr'><strong>diceret</strong></span> <span class='ocrx_word' id='word_1_913' title='bbox 3590 5495 3642 5540; x_wconf 90' lang='lat' dir='ltr'><strong>te</strong></span> 
     </span>
    </p>
   </div>
   <div class='ocr_carea' id='block_1_117' title="bbox 2052 5579 3643 5653">
    <p class='ocr_par' dir='ltr' id='par_1_117' title="bbox 2052 5579 3643 5653">
     <span class='ocr_line' id='line_1_117' title="bbox 2052 5579 3643 5653; baseline -0.008 -10"><span class='ocrx_word' id='word_1_914' title='bbox 2052 5586 2497 5653; x_wconf 88' lang='lat' dir='ltr'><strong>misericordem;</strong></span> <span class='ocrx_word' id='word_1_915' title='bbox 2544 5586 2633 5641; x_wconf 92' lang='lat' dir='ltr'><strong>ille</strong></span> <span class='ocrx_word' id='word_1_916' title='bbox 2659 5599 2794 5642; x_wconf 88' lang='lat' dir='ltr'><strong>vero</strong></span> <span class='ocrx_word' id='word_1_917' title='bbox 2825 5599 2930 5640; x_wconf 91' lang='lat' dir='ltr'><strong>non</strong></span> <span class='ocrx_word' id='word_1_918' title='bbox 2958 5583 3063 5638; x_wconf 87' lang='lat' dir='ltr'><strong>hoc</strong></span> <span class='ocrx_word' id='word_1_919' title='bbox 3082 5582 3257 5646; x_wconf 87' lang='lat' dir='ltr'><strong>dicet,</strong></span> <span class='ocrx_word' id='word_1_920' title='bbox 3288 5579 3383 5634; x_wconf 86' lang='lat' dir='ltr'><strong>sed</strong></span> <span class='ocrx_word' id='word_1_921' title='bbox 3414 5588 3467 5633; x_wconf 85' lang='lat' dir='ltr'><strong>te</strong></span> <span class='ocrx_word' id='word_1_922' title='bbox 3490 5591 3643 5632; x_wconf 63' lang='lat' dir='ltr'><strong>vanas</strong></span> 
     </span>
    </p>
   </div>
   <div class='ocr_carea' id='block_1_118' title="bbox 2052 5669 3645 5750">
    <p class='ocr_par' dir='ltr' id='par_1_118' title="bbox 2052 5669 3645 5750">
     <span class='ocr_line' id='line_1_118' title="bbox 2052 5669 3645 5750; baseline -0.007 -17"><span class='ocrx_word' id='word_1_923' title='bbox 2052 5678 2238 5750; x_wconf 82' lang='lat' dir='ltr'><strong>gloriae</strong></span> <span class='ocrx_word' id='word_1_924' title='bbox 2258 5678 2513 5745; x_wconf 86' lang='lat' dir='ltr'><strong>cupidum</strong></span> <span class='ocrx_word' id='word_1_925' title='bbox 2538 5718 2555 5744; x_wconf 90' lang='lat'><strong>,</strong></span> <span class='ocrx_word' id='word_1_926' title='bbox 2587 5691 2771 5732; x_wconf 87' lang='lat' dir='ltr'><strong>auram</strong></span> <span class='ocrx_word' id='word_1_927' title='bbox 2802 5675 3078 5731; x_wconf 87' lang='lat' dir='ltr'><strong>hominum</strong></span> <span class='ocrx_word' id='word_1_928' title='bbox 3105 5678 3410 5743; x_wconf 85' lang='lat' dir='ltr'><strong>captantem</strong></span> <span class='ocrx_word' id='word_1_929' title='bbox 3454 5669 3645 5738; x_wconf 65' lang='lat' dir='ltr'><strong>appeh</strong></span> 
     </span>
    </p>
   </div>
   <div class='ocr_carea' id='block_1_119' title="bbox 2058 5761 3630 5841">
    <p class='ocr_par' dir='ltr' id='par_1_119' title="bbox 2058 5761 3630 5841">
     <span class='ocr_line' id='line_1_119' title="bbox 2058 5761 3630 5841; baseline -0.004 -15"><span class='ocrx_word' id='word_1_930' title='bbox 2058 5770 2208 5839; x_wconf 90' lang='lat' dir='ltr'><strong>labit,</strong></span> <span class='ocrx_word' id='word_1_931' title='bbox 2235 5768 2445 5841; x_wconf 86' lang='lat' dir='ltr'><strong>aliaque</strong></span> <span class='ocrx_word' id='word_1_932' title='bbox 2469 5769 2714 5840; x_wconf 83' lang='lat' dir='ltr'><strong>graviora</strong></span> <span class='ocrx_word' id='word_1_933' title='bbox 2743 5766 2975 5838; x_wconf 75' lang='lat' dir='ltr'><strong>adiiciet.</strong></span> <span class='ocrx_word' id='word_1_934' title='bbox 3006 5765 3100 5822; x_wconf 87' lang='lat' dir='ltr'><strong>Sin</strong></span> <span class='ocrx_word' id='word_1_935' title='bbox 3125 5762 3475 5819; x_wconf 84' lang='lat' dir='ltr'><strong>occultavcris</strong></span> <span class='ocrx_word' id='word_1_936' title='bbox 3501 5803 3516 5831; x_wconf 92' lang='lat'><strong>,</strong></span> <span class='ocrx_word' id='word_1_937' title='bbox 3545 5761 3630 5819; x_wconf 76' lang='lat' dir='ltr'><strong>his</strong></span> 
     </span>
    </p>
   </div>
  </div>
