4128 6402
529 377 633 436 ιη

531 495 759 550 omnino
780 493 1049 550 contraria
1073 491 1236 557 dicet,
1289 490 1579 563 benignum
1606 488 2121 560 misericordiamque

530 585 840 655 appellabit.
871 584 1056 655 Neque
1078 585 1222 641 enim
1253 584 1395 640 Deus
1424 585 1540 640 haec
1560 582 1816 639 occultari
1848 581 2127 653 permittit.

532 678 591 733 Si
634 687 691 733 tu
718 678 1092 744 occultaveris,
1126 678 1216 734 ille
1246 676 1585 733 manifestum
1616 675 1839 732 reddet:
1874 674 1997 730 hinc
2012 690 2128 729 ma-

528 770 617 841 jor
644 769 933 826 admiratio
955 778 1012 825 et
1028 770 1300 840 copiosius
1329 770 1538 825 lucrum
1588 767 1816 824 accedit.
1852 767 2035 837 Itaque
2060 764 2127 820 ad

529 862 758 933 gloriam
785 861 1077 934 parandam
1099 861 1266 917 ofﬁcit
1303 860 1626 925 ostentatio;
1657 859 1724 915 ad
1758 859 1808 914 id
1837 858 1978 929 quod
2008 857 2130 911 dili-

531 962 722 1024 genter
742 954 1053 1025 quatrimus,
1087 953 1242 1009 obest
1263 953 1351 1009 illa
1379 954 1492 1024 ipsa
1514 952 1805 1023 inquisitio.
1831 950 1944 1006 Non
1968 950 2129 1006 modo

530 1046 673 1105 enim
703 1046 1086 1101 misericordia:
1107 1047 1318 1102 laudem
1345 1062 1448 1102 non
1468 1046 1792 1117 acquirimus
1823 1085 1840 1111 ,
1871 1045 1965 1101 sed
1993 1059 2127 1100 con-

1348 372 1388 431 S
1439 372 1717 431 JOANNIS
1752 368 2223 428 CHRYSOSTDMI
2260 369 2577 429 ARCIIIEP.
2617 370 3151 435 CONSTANTLVOP.

3721 370 3829 437 683

2244 488 2460 543 trarium
2490 492 2865 562 assequimur:
2895 494 2960 548 ad
2986 493 3102 548 bzee
3121 507 3249 550 vero
3274 491 3497 551 multum
3519 492 3644 553 hinc
3669 495 3828 551 dam-

2232 580 2288 635 ni
2334 581 2488 636 nabis
2516 583 2710 637 oritur.
2766 583 2969 640 Horum
3005 586 3184 656 itaque
3230 586 3471 641 omnium
3520 601 3681 642 causa
3712 587 3830 641 ina-

2231 688 2355 727 nem
2376 674 2601 744 gloriam
2633 690 2948 746 respnamus
2970 720 2985 745 ,
3016 678 3295 748 solamque
3322 677 3417 732 Dei
3448 679 3671 748 gloriam
3700 678 3827 733 dili-

2232 783 2438 837 gamus.
2469 767 2558 824 Sic
2599 770 2743 825 enim
2799 780 2852 826 et
2902 771 3126 841 gloriam
3166 770 3254 826 hic
3299 785 3714 841 consequemur,
3772 780 3831 826 et

2233 860 2452 916 teternis
2479 859 2718 916 fruemur
2744 861 2921 928 bonis,
2944 865 3115 934 gratia
3164 872 3221 920 et
3250 864 3579 934 benignitate
3610 865 3828 920 Domini

2231 954 2400 1009 nostri
2422 952 2551 1009 Jesu
2582 954 2808 1022 Christi,
2836 958 2923 1011 cui
2954 956 3122 1027 gloria
3153 964 3209 1012 et
3239 957 3522 1029 imperium
3543 958 3595 1012 in
3626 958 3828 1013 saecula

2233 1047 2571 1101 seculorum.
2600 1048 2794 1103 Amen.

1571 1230 1920 1293 IIOMILIA
1964 1229 2222 1291 LXXII.
2270 1228 2358 1291 al.
2404 1228 2689 1290 LXXIII.

529 1379 659 1436 Car.
712 1380 783 1436 9.3
850 1396 904 1436 γ.
959 1382 1013 1437 1.
1064 1379 1205 1435 Tum:
1244 1378 1397 1435 Iesus
1446 1381 1684 1449 loquutus
1742 1389 1812 1435 est
1862 1378 2019 1434 turbis
2081 1388 2130 1432 et

604 1469 875 1541 discipulis
916 1472 1022 1525 suis
1040 1513 1057 1536 ,
1084 1471 1141 1526 2.
1171 1470 1344 1525 dicens
1362 1487 1381 1525 :
1411 1470 1580 1535 Super
1609 1470 1903 1525 cathedram
1935 1468 1989 1523 Μ
1996 1469 2131 1540 oysis

605 1563 843 1619 sederunt
863 1563 1047 1617 scriba:
1059 1573 1107 1617 et
1131 1561 1404 1617 Pltariswi.
1428 1564 1484 1620 5.
1511 1561 1695 1617 Omnia
1720 1579 1860 1634 ergo,
1884 1578 2133 1633 qua'cum-

602 1672 701 1728 que
726 1656 949 1711 dixerint
977 1655 1139 1721 vobis,
1169 1656 1324 1726 facite
1344 1670 1364 1710 .°
1389 1655 1666 1709 secundum
1711 1671 1867 1726 Opera
1890 1670 2004 1710 vero
2041 1670 2131 1708 eo-

603 1764 716 1802 rum
742 1765 844 1803 non
868 1749 1073 1821 facite‘.

607 1839 662 1895 1.
694 1838 859 1902 Tunc,
890 1839 1271 1912 quandonam?
1322 1837 1547 1909 Quando
1575 1836 1693 1894 lucc
1714 1837 1887 1902 dixit;
1914 1836 2131 1910 quando

534 1928 663 2000 ipsis
681 1929 956 1985 silentium
984 1930 1254 2001 imposuit;
1281 1930 1496 2001 quando
1524 1929 1603 1985 sic
1622 1929 1906 2000 repressit,
1936 1938 1995 1984 ut
2015 1943 2123 1983 non

532 2021 795 2077 auderent
816 2023 951 2077 ultra
982 2023 1155 2093 ipsum
1188 2031 1429 2087 tentare;
1458 2022 1675 2093 quando
1702 2022 1939 2077 ostendit
1980 2021 2127 2092 ipsos

531 2112 807 2170 incurabili
831 2113 1023 2169 morbo
1042 2112 1306 2169 laborare.
1336 2113 1533 2169 Verum
1554 2114 1807 2184 quoniam
1831 2112 2042 2168 Domini
2068 2120 2124 2168 et

543 2205 749 2260 Domini
771 2205 1098 2261 mentionem
1130 2204 1291 2272 fecit,
1327 2220 1519 2261 rursus
1557 2205 1623 2259 ad
1654 2204 1826 2276 legem
1879 2204 2128 2259 recurrit.

529 2296 695 2368 Atqui
721 2296 833 2361 lex,
860 2296 1100 2368 inquies,
1135 2295 1265 2351 nihil
1295 2294 1601 2367 hnjusmodi
1629 2295 1801 2363 dixit;
1856 2295 1953 2351 sed
1975 2336 1991 2362 ,
2023 2294 2132 2348 Do—

533 2391 700 2445 minus
721 2389 861 2444 Deus
881 2401 1019 2457 tuus,
1047 2389 1298 2445 Dominus
1319 2407 1451 2444 unus
1484 2399 1556 2445 est
1581 2388 1777 2461 (Dent.
1809 2387 1865 2444 6.
1889 2389 1925 2445 4
1951 2389 1993 2460 ).
2023 2387 2129 2443 νυ-

539 2498 657 2538 rum
681 2481 766 2538 lex
795 2481 850 2537 in
870 2482 1148 2554 Scriptura
1173 2491 1340 2539 totum
1369 2482 1538 2538 Vetus
1558 2481 1959 2539 Testamentum
1984 2480 2125 2538 dici-

535 2582 643 2627 tur.
675 2572 804 2629 llaec
843 2588 1009 2645 porro
1029 2573 1158 2630 dicit
1189 2615 1207 2640 ,
1232 2574 1519 2630 ostendens
1549 2589 1648 2644 per
1667 2574 1847 2630 omnia
1878 2587 2125 2643 magnam

529 2681 684 2721 suam
709 2681 831 2722 cum
862 2666 1023 2724 Patre
1055 2668 1423 2724 concordiam.
1471 2667 1602 2723 Nam
1629 2668 1673 2723 si
1708 2671 2011 2724 contrarius
2039 2683 2127 2723 es-

530 2757 996 2822 set,eontrarium
1048 2759 1192 2815 circa
1246 2759 1416 2830 legem
1464 2759 1704 2823 diceret;
1759 2774 1904 2815 nunc
1943 2768 2126 2816 autem

532 2858 733 2905 tantum
759 2849 914 2920 jubet
953 2865 1079 2922 erga
1126 2851 1299 2922 ipsam
1332 2851 1575 2908 exhiberi
1628 2851 2023 2918 reverentiam,
2070 2859 2129 2907 nt

532 2941 634 2996 etsi
659 2941 898 3014 corrupti
920 2942 1172 2999 doctores
1196 2953 1373 3009 erant,
1405 2943 1554 2999 illam
1586 2952 1769 2999 tamen
1787 2943 1974 3014 jubeat
2000 2957 2119 2999 ser-

530 3035 666 3090 vari.
693 3034 791 3092 llic
814 3049 946 3093 vero
968 3037 1131 3093 etiam
1155 3036 1224 3093 de
1251 3037 1375 3092 vitae
1396 3037 1640 3093 instituto
1664 3037 1813 3108 agit,
1841 3036 1965 3107 quia
1993 3033 2125 3092 illud

530 3127 767 3184 maxime
794 3143 955 3185 causa
985 3128 1384 3186 incredulitatis
1438 3129 1569 3202 ipsis
1608 3139 1745 3194 erat,
1787 3129 1893 3184 vita
1928 3142 2124 3200 nempe

527 3231 803 3296 corrupta,
833 3234 888 3281 et
913 3224 1099 3296 gloria:
1125 3239 1300 3280 amor.
1333 3224 1621 3281 Auditores
1650 3225 1810 3295 igitur
1838 3232 1896 3278 ut
1925 3238 2121 3278 emen-

529 3314 645 3381 det,
676 3316 806 3373 illnd
850 3317 1084 3373 maxime
1119 3315 1276 3388 jubet
1317 3315 1462 3387 quod
1500 3317 1731 3386 primum
1780 3315 1849 3371 ad
1895 3315 2124 3371 salutem

527 3405 903 3471 conducebat,
931 3422 1125 3478 nempe
1168 3407 1419 3464 doctores
1465 3423 1573 3463 non
1621 3415 1997 3474 contemnere,
2025 3422 2128 3463 nec

530 3509 720 3556 contra
745 3500 1056 3556 sacerdotes
1077 3503 1374 3573 insurgere.
1402 3500 1586 3572 Neque
1614 3500 1776 3556 modo
1807 3500 1984 3572 jubet,
2026 3501 2124 3556 sed

530 3594 697 3650 etiam
726 3594 842 3664 ipse
868 3604 1068 3669 servat.
1096 3595 1229 3651 Nam
1256 3607 1543 3666 corruptos
1583 3595 1702 3650 illos
1727 3610 1760 3651 e
1803 3593 1972 3666 gradu
2017 3610 2124 3650 non

529 3683 752 3756 dejicit;
780 3701 884 3758 qua
910 3687 1120 3744 ratione
1146 3687 1251 3744 illis
1275 3689 1490 3759 gravius
1524 3686 1784 3758 judicium
1802 3685 2125 3748 attrahebat.

533 3778 779 3850 disipulis
798 3795 929 3836 vero
949 3782 1148 3837 nullam
1198 3781 1538 3853 relinquebat
1563 3780 1944 3838 inobedientize
1970 3794 2129 3835 occa-

531 3875 768 3928 sionem.
795 3871 875 3928 Ne
912 3874 1033 3944 quis
1087 3888 1250 3945 porro
1279 3873 1518 3941 diceret,
1543 3873 1679 3944 Quia
1711 3872 1987 3945 improbus
2024 3871 2126 3926 do-

531 3972 653 4020 ctor
675 3974 780 4034 est,
812 3965 933 4022 ideo
963 3968 1179 4038 segnior
1193 3968 1339 4024 evasi
1370 3986 1384 4025 :
1418 3968 1559 4025 hunc
1586 3984 1799 4040 quoque
1844 3968 2126 4024 obtentum

531 4054 730 4112 aufert.
800 4056 892 4113 Sic
941 4074 1073 4130 ergo
1121 4059 1338 4116 illorum
1398 4059 1755 4132 principatum
1826 4059 2126 4125 constituit,

531 4148 742 4205 etiamsi
770 4150 1002 4221 improbi
1033 4162 1237 4219 essent,
1265 4153 1336 4209 ita
1364 4163 1422 4208 ttt
1451 4163 1572 4222 post
1592 4162 1792 4208 tantam
1820 4153 1950 4222 ipsis
1976 4151 2130 4207 obla-

534 4252 644 4298 tam
673 4244 1106 4301 criminationem
1135 4246 1380 4303 diceret:
1422 4245 1630 4310 Omnia,
1673 4261 2000 4317 quaecumque
2042 4243 2127 4298 di-

533 4337 705 4392 xerint
729 4338 886 4405 vobis,
920 4338 1074 4411 facile
1096 4355 1116 4393 :
1147 4354 1324 4410 neque
1349 4339 1493 4396 enim
1521 4354 1615 4396 sua
1643 4337 1853 4404 dicunt,
1883 4338 1979 4395 sed
2005 4352 2127 4407 quae

540 4427 635 4485 Dei
655 4436 804 4497 sunt,
832 4445 954 4502 qua:
973 4444 1073 4500 per
1101 4429 1321 4503 Moysen
1348 4430 1436 4486 ille
1460 4430 1735 4502 prteecpit.
1767 4429 2127 4488 Animadver-

537 4528 593 4574 te
637 4527 896 4590 qnantum
938 4518 1106 4590 Moysi
1150 4519 1358 4576 deferat
1390 4519 1688 4585 honorem,
1745 4535 1931 4595 rursus
1974 4535 2128 4576 suam

536 4626 663 4667 cum
691 4611 858 4668 veteri
886 4610 1007 4683 lege
1057 4611 1401 4668 concordiam
1430 4611 1744 4679 ostendens,
1791 4611 2131 4683 quandoqui-

539 4701 663 4758 dem
688 4700 817 4758 hinc
846 4702 968 4758 illos
997 4702 1339 4759 venerabiles
1375 4702 1569 4758 reddit.
1613 4702 1787 4773 Super
1836 4702 2130 4758 cathedram

542 4794 716 4867 Moysi
734 4796 991 4861 sederunt,
1012 4795 1200 4866 inquit.
1225 4794 1357 4862 Quia
1398 4810 1504 4850 non
1529 4802 1739 4864 poterat
1788 4793 1908 4849 illos
1928 4809 1993 4848 ex
2020 4794 2128 4848 vita

539 4886 921 4943 commendare
942 4928 958 4955 ,
980 4902 1010 4941 a
1041 4887 1234 4958 quibus
1259 4886 1454 4943 licebat
1476 4886 1527 4941 id
1550 4885 1695 4951 facit,
1719 4900 1750 4939 a
1775 4885 1906 4942 sede
1933 4900 2130 4955 nempe

542 4990 598 5033 ct
618 4992 647 5031 a
674 4979 1021 5035 successione
1037 4981 1079 5033 '.
1116 4979 1303 5034 Omnia
1323 4990 1499 5035 autem
1526 4994 1647 5035 cum
1670 4978 1844 5045 audis,
1869 4994 1938 5035 ne
1961 4988 2124 5034 totam

546 5069 718 5140 legem
745 5085 864 5126 esse
894 5081 1081 5143 putes:
1108 5071 1195 5139 de
1218 5072 1354 5127 cibis
1384 5088 1577 5142 nempe
1597 5111 1614 5137 ,
1652 5071 1724 5128 de
1751 5072 2029 5128 sacriﬁciis
2077 5078 2134 5125 et

544 5158 830 5216 similibus.
856 5161 1138 5228 Quomodo
1157 5165 1300 5221 enim
1323 5163 1440 5220 haec
1460 5163 1700 5219 dicturus
1720 5173 1858 5233 erat,
1885 5165 1977 5234 qui
2007 5175 2133 5219 ante

544 5253 870 5310 sustulerat?
889 5253 995 5311 Sed
1021 5254 1209 5311 Omnia
1226 5255 1377 5323 dicit,
1404 5272 1525 5329 quae
1553 5272 1732 5313 mores
1756 5257 2131 5321 emendarem,

542 5358 601 5406 et
622 5349 956 5421 corrigerent
980 5389 998 5416 ,
1045 5364 1272 5421 quaeque
1292 5367 1414 5407 cum
1463 5367 1618 5407 novae
1667 5350 1799 5422 legis
1851 5352 2135 5423 prteceptis

549 5451 930 5514 congruerent,
956 5457 1134 5514 neque
1162 5445 1299 5499 ultra
1328 5444 1571 5501 sinerent
1595 5446 1842 5516 subjngo
1873 5445 2006 5515 legis
2048 5459 2137 5501 es-

554 5547 636 5592 se.
662 5535 775 5593 Cur
798 5551 929 5609 ergo
957 5551 1110 5593 nona
1140 5536 1259 5608 lege
1283 5538 1470 5609 gratia:
1514 5539 1564 5595 id
1612 5538 1910 5603 constituit,
1962 5537 2056 5594 sed
2105 5553 2138 5592 a

614 5689 632 5722 ί
655 5686 843 5740 Titulus
862 5688 990 5752 apud
1002 5650 1179 5757 alorci.
1202 5688 1386 5757 desinit
1405 5688 1500 5757 hoc
1519 5690 1688 5743 mcdo:
1710 5688 1975 5757 secundum
1992 5704 2142 5757 opera

550 5758 664 5798 two
683 5761 851 5799 conon
871 5750 967 5801 non
989 5750 1134 5812 facite
1156 5764 1176 5803 :
1201 5752 1366 5806 dicunt
1387 5751 1533 5807 enim.
1548 5760 1709 5804 etnon
1731 5754 1929 5813 faciam.

617 5833 637 5865 ³
659 5831 855 5890 Qtudsm
880 5841 934 5885 et
957 5834 1120 5886 Morel.
1146 5836 1346 5902 habent,
1367 5835 1609 5899 doctrina,
1635 5850 1739 5901 pro,
1764 5836 2075 5891 successime.

2242 1372 2357 1441 lege
2396 1371 2637 1443 Moysis?
2661 1371 2795 1440 Quia
2816 1382 2939 1428 ante
2968 1388 3181 1430 crucem
3201 1383 3412 1445 tempus
3434 1390 3540 1430 non
3568 1386 3681 1431 erat
3709 1377 3828 1433 haec

2235 1465 2386 1520 clare
2416 1465 2693 1534 loquendi.
2723 1466 2802 1521 Ad
2834 1468 2949 1522 haec
2975 1482 3105 1522 vero
3150 1468 3280 1524 mihi
3334 1469 3554 1541 quidem
3609 1472 3828 1529 videtur

2234 1556 2377 1612 aliud
2408 1556 2681 1629 quidpiam
2721 1558 2809 1613 hic
2841 1560 2991 1628 prius
3016 1559 3322 1629 providere.
3371 1562 3504 1630 Quia
3543 1564 3686 1617 enim
3732 1578 3825 1618 ae-

2210 1658 2518 1705 :cusatttrus
2541 1650 2660 1705 illos
2685 1661 2822 1718 erat,
2851 1667 2919 1707 ne
2947 1652 3015 1705 ab
3046 1653 3249 1707 insanis
3266 1654 3582 1724 quibusdam
3611 1665 3814 1725 putare-

2235 1749 2324 1795 tur
2361 1755 2548 1796 eorum
2598 1741 2950 1812 principatum
2998 1742 3226 1810 ambire,
3254 1754 3348 1798 aut
3371 1760 3437 1799 ex
3469 1745 3738 1801 inimicitia
3770 1745 3825 1800 id

2236 1832 2432 1897 facere,
2462 1833 2598 1889 hanc
2622 1835 2796 1904 primo
2835 1835 2975 1890 tollit
2998 1835 3382 1906 suspicionem,
3413 1848 3467 1893 et
3513 1838 3581 1893 ab
3624 1838 3724 1893 hac
3752 1839 3822 1894 li-

2236 1924 2335 1980 ber
2357 1940 2613 1983 accusare
2641 1927 2847 1998 incipit.
2877 1928 2988 1983 Cur
3012 1938 3190 1985 autem
3219 1932 3394 2001 arguit
3422 1931 3564 1994 illos,
3603 1932 3827 2003 longos-

2233 2031 2338 2086 qne
2357 2032 2419 2072 ea
2446 2017 2514 2074 de
2534 2034 2601 2074 re
2614 2034 2893 2077 sermones
2919 2022 3090 2077 texit?
3137 2022 3202 2078 Ut
3228 2033 3415 2080 caveat
3443 2024 3727 2080 multitudo
3756 2040 3828 2080 ne

2234 2108 2289 2162 in
2318 2108 2443 2164 talia
2472 2110 2690 2166 incidat.
2737 2111 2853 2167 Non
2877 2114 3022 2168 enim
3049 2114 3227 2169 simile
3255 2124 3339 2170 est
3364 2115 3685 2173 interdicere
3707 2157 3724 2181 ,
3771 2126 3828 2172 et

2234 2209 2520 2270 peccantes
2545 2202 2863 2259 ostendere:
2887 2205 3029 2260 sicut
3057 2219 3164 2260 non
3188 2205 3365 2262 simile
3390 2216 3475 2262 est
3499 2207 3635 2263 bona
3661 2222 3827 2277 Opera

2233 2291 2471 2358 laudare,
2501 2300 2558 2347 et
2581 2292 2697 2349 haec
2721 2304 3010 2365 operantes
3034 2295 3342 2352 inmedium
3364 2297 3652 2355 adducam.
3683 2298 3829 2355 Ideo-

2231 2398 2338 2452 que
2382 2383 2497 2439 haee
2519 2382 2704 2441 dicere
2733 2397 3076 2459 praeoccupat
3101 2406 3115 2442 :
3149 2387 3445 2445 Secundum
3472 2402 3643 2446 autem
3670 2407 3830 2462 opera

2231 2491 2409 2530 eorum
2436 2477 2594 2533 nolite
2631 2479 2820 2548 facere.
2867 2479 2946 2536 Ne
2974 2492 3263 2552 putarent,
3309 2498 3467 2553 quem
3509 2485 3693 2540 audire
3729 2499 3829 2542 eos

2231 2568 2537 2636 oportebat,
2571 2572 2732 2626 etiam
2760 2572 2955 2627 imitari
2988 2584 3260 2645 oportere.
3291 2574 3392 2631 hac
3421 2577 3588 2632 utitur
3625 2592 3816 2632 emen-

2230 2656 2472 2727 datione,
2497 2669 2553 2717 et
2582 2663 2723 2729 quod
2752 2664 2858 2719 illis
2886 2664 3166 2721 videbatur
3192 2666 3382 2721 honori
3404 2681 3526 2723 esse
3544 2707 3561 2733 ,
3593 2667 3645 2721 in
3665 2681 3826 2723 accusa

2230 2750 2496 2807 sationem
2544 2756 2724 2810 vertit.
2770 2754 2909 2824 Quid
2941 2758 3086 2813 enim
3124 2757 3347 2815 doctore
3399 2761 3492 2816 illo
3537 2760 3823 2817 miserabi—

2233 2842 2340 2901 lius
2363 2885 2380 2910 ,
2422 2846 2513 2917 qui
2547 2845 2840 2919 discipulos
2864 2851 2935 2905 ita
2965 2851 3140 2906 solum
3181 2867 3397 2909 servare
3423 2853 3610 2923 possit,
3642 2852 3686 2908 si
3715 2868 3825 2909 non

2229 2938 2509 2995 attendant
2534 2940 2702 3011 ipsius
2730 2943 3017 3013 operibus?
3046 2944 3120 3000 Ita
3144 2956 3203 3001 ut
3228 2946 3323 3017 qui
3350 2946 3561 3002 videtur
3586 2946 3694 3002 illis
3720 2946 3825 3001 bon

2228 3048 2333 3088 nor
2353 3032 2536 3090 haberi
2555 3076 2571 3101 ,
2600 3037 2833 3094 maxime
2855 3039 2926 3093 sit
2949 3040 3220 3095 accusatio
3237 3078 3257 3108 ,
3297 3039 3512 3111 quando
3533 3038 3694 3096 talem
3736 3039 3827 3095 vi~

2230 3132 2338 3179 tam
2363 3125 2586 3192 ducunt,
2623 3142 2728 3198 qua
2760 3128 3056 3187 imitatores
3085 3130 3168 3186 sui
3192 3139 3624 3201 corrumpantur.
3673 3130 3829 3188 Ideo-

2228 3232 2336 3288 que
2364 3218 2433 3275 ad
2478 3219 2804 3277 incusandos
2845 3222 2965 3278 illos
2992 3239 3053 3281 se
3075 3226 3362 3282 convertit.
3396 3224 3580 3297 Neque
3618 3241 3681 3282 ea
3728 3239 3825 3283 so.

2232 3312 2341 3368 lum
2363 3312 2433 3369 de
2457 3327 2617 3369 causa
2638 3354 2655 3381 ,
2689 3314 2783 3370 sed
2811 3324 2870 3370 ttt
2905 3316 3175 3380 ostendat,
3218 3317 3642 3375 incredulitatem
3672 3319 3825 3388 prio-

2231 3422 2346 3462 rem
2369 3422 2580 3473 eorum,
2611 3415 2668 3463 et
2689 3407 3039 3479 cruciﬁgendi
3071 3408 3278 3465 facinus
3305 3409 3447 3481 quod
3474 3417 3658 3480 postea
3697 3424 3825 3465 sus-

2229 3509 2509 3569 ceperunt,
2536 3513 2644 3554 non
2671 3499 2931 3569 cruciﬁxi,
2963 3503 3048 3556 cui
3079 3516 3187 3556 non
3217 3501 3582 3569 crediderunt,
3609 3502 3826 3572 culpant

2234 3603 2378 3657 esse,
2407 3588 2502 3646 sed
2543 3590 2913 3662 improborum
2966 3593 3405 3663 ingratorumque
3428 3592 3662 3649 illorum.
3692 3594 3826 3649 Pcr-

2233 3683 2408 3754 pende
2435 3692 2614 3738 autem
2646 3683 2789 3740 unde
2826 3685 3067 3757 incipiat,
3094 3694 3151 3740 et
3177 3684 3319 3740 unde
3340 3685 3569 3741 crimina
3606 3693 3821 3756 augeat.

2232 3776 2454 3843 Dicunt,
2486 3777 2678 3848 inquit,
2706 3786 2754 3832 et
2773 3793 2872 3833 non
2895 3780 3107 3849 faciunt.
3131 3779 3361 3849 Singuli,
3379 3779 3572 3850 inquit,
3602 3780 3829 3849 perinde

2230 3868 2482 3938 culpandi
2525 3877 2685 3934 sunt,
2715 3869 2806 3940 qui
2849 3870 3024 3941 legem
3055 3870 3560 3938 transgrediuntur;
3590 3869 3829 3927 maxime

2232 3973 2415 4018 autem
2460 3961 2507 4017 is
2558 3961 2648 4033 qui
2686 3961 2916 4018 docendi
2963 3963 3338 4019 auctoritatem
3383 3962 3572 4018 habet:
3625 3961 3826 4034 duplici

2230 4053 2430 4124 quippe
2469 4060 2525 4109 et
2560 4051 2756 4123 triplici
2802 4052 3132 4109 damnationi
3180 4055 3447 4110 obnoxius
3493 4062 3595 4110 est.
3638 4053 3827 4110 Primo

2232 4145 2472 4215 quidem,
2515 4144 2656 4215 quod
2698 4144 3157 4216 transgrediatur;
3197 4146 3467 4209 secundo,
3511 4144 3656 4216 quod
3699 4160 3826 4201 cum

2230 4237 2365 4293 alios
2403 4236 2694 4294 emendare
2734 4236 2982 4301 deberet,
3030 4237 3226 4294 deinde
3279 4237 3418 4310 quod
3439 4237 3742 4293 claudicans
3767 4238 3823 4293 id

2233 4328 2412 4392 faciat,
2442 4327 2513 4384 ob
2542 4329 2711 4400 ipsam
2740 4328 3052 4399 dignitatem
3080 4329 3269 4399 majori
3305 4342 3458 4398 pmna
3485 4327 3680 4399 dignus
3697 4337 3824 4392 est;

2236 4422 2438 4488 tertio,
2464 4420 2612 4492 quod
2639 4421 2865 4489 majoris
2894 4421 3215 4491 corruptelae
3252 4433 3411 4476 causa
3453 4420 3553 4486 sit,
3599 4419 3723 4490 quia
3768 4420 3827 4474 in

2231 4512 2473 4570 doctoris
2490 4513 2684 4569 ordine
2707 4512 2823 4568 lucc
2841 4522 3139 4584 perpetret.
3169 4512 3252 4568 Ad
3280 4517 3394 4569 haec
3437 4512 3579 4568 aliud
3608 4528 3828 4583 quoque

2232 4604 2362 4673 ipsis
2385 4603 2589 4659 crimen
2619 4602 2831 4674 objicit,
2858 4604 3004 4674 quod
3046 4619 3172 4674 erga
3200 4604 3336 4661 alios
3359 4604 3470 4659 sint
3495 4603 3677 4660 acerbi
3703 4621 3719 4658 :
3762 4604 3824 4659 4.

2232 4696 2461 4767 Alligant
2484 4695 2618 4751 enim
2643 4710 2801 4749 onera
2829 4696 3003 4766 gravia
3019 4704 3066 4748 et
3085 4695 3451 4767 importabilia,
3481 4705 3530 4750 et
3555 4696 3828 4767 imponunt

2231 4790 2283 4844 in
2303 4792 2539 4843 humeros
2558 4788 2855 4854 hominum;
2884 4789 3046 4860 digito
3071 4798 3239 4842 autem
3277 4804 3372 4843 suo
3407 4789 3586 4845 nolunt
3610 4805 3672 4843 ea
3709 4806 3830 4844 mo-

2232 4895 2366 4936 rere.
2400 4880 2673 4950 Duplicem
2705 4879 2796 4935 hic
2819 4880 3109 4950 nequitiam
3142 4891 3440 4946 memorat,
3476 4881 3620 4951 quod
3641 4897 3669 4934 a
3697 4884 3833 4937 sub-

2233 4973 2362 5029 ditis
2411 4972 2536 5029 sine
2567 4971 2675 5027 ulla
2696 4972 2851 5028 venia
2883 4971 3126 5029 sedulam
3172 4973 3452 5043 requirant
3474 4973 3597 5029 vita
3620 4974 3825 5044 purita-

2218 5066 2702 5135 'tem,multamque
2727 5064 2827 5118 sibi
2868 5063 3133 5119 licentiam
3164 5065 3503 5134 permittant;
3531 5067 3671 5136 quod
3695 5079 3829 5120 con-

2236 5161 2459 5216 trarium
2494 5167 2578 5214 est
2607 5158 2735 5213 boni
2768 5157 3027 5227 principis
3057 5157 3235 5213 ofﬁcio
3254 5198 3269 5223 ,
3309 5158 3451 5229 quod
3481 5160 3637 5214 estin
3665 5157 3831 5215 rebus

2236 5267 2298 5308 se
2342 5249 2710 5320 spectantibus
2741 5248 2977 5319 judicent
3017 5262 3139 5304 esse
3172 5264 3418 5305 severum
3448 5265 3513 5305 ac
3557 5251 3677 5307 sine
3723 5250 3832 5307 ulla

2237 5342 2393 5397 venia
2421 5357 2435 5407 ;
2478 5340 2528 5395 in
2560 5338 2893 5395 subditorum
2923 5352 3053 5394 vero
3083 5341 3317 5409 peccatis
3344 5340 3525 5395 mitem
3554 5350 3608 5396 et
3637 5342 3702 5394 ad
3736 5356 3835 5397 ve-

2238 5437 2381 5491 niam
2401 5433 2631 5491 dandam
2656 5447 2878 5503 pronum
2911 5450 2926 5487 :
2958 5431 3158 5488 bivero
3189 5434 3515 5488 contrarium
3540 5432 3833 5490 faciebant.

2301 5554 2358 5608 2.
2374 5552 2534 5608 Tales
2550 5558 2678 5607 sunt
2694 5549 2730 5606 ii
2749 5564 2940 5606 omnes
2961 5548 3056 5620 qui
3070 5550 3248 5607 verbis
3263 5551 3738 5623 philosophantur,
3750 5569 3833 5610 se-

2244 5647 2357 5703 veri
2380 5660 2575 5716 nempe
2589 5654 2645 5701 et
2662 5639 3144 5707 immisericordes,
3162 5652 3351 5715 utpote
3373 5645 3559 5716 operis
3592 5646 3828 5702 dilﬁculz

2249 5750 2412 5797 tatem
2442 5753 2552 5793 non
2592 5737 2817 5807 experti.
2857 5733 2971 5790 Nec
3003 5735 3215 5790 modica
3248 5746 3333 5793 est
3355 5736 3445 5792 illa
3483 5737 3806 5808 improbitas

2252 5846 2428 5906 neque
2447 5847 2636 5904 parum
2658 5839 2818 5902 auget
2835 5827 3292 5884 criminationem.
3308 5827 3388 5885 Tu
3403 5845 3530 5887 vero
3547 5829 3675 5885 mihi
3695 5844 3835 5886 con-
