4128 6440
419 406 525 461 669

416 523 624 576 siderea
644 519 802 574 velim
819 557 834 581 ,
862 516 1135 589 quomodo
1157 518 1365 573 crimen
1402 526 1614 586 augeat.
1640 516 1823 587 Neque
1845 522 1990 572 enim

412 615 571 678 dixit,
591 613 705 668 Non
725 620 972 684 possunt,
988 610 1104 675 sed,
1123 610 1325 664 Nolunt
1341 626 1359 663 :
1373 626 1549 681 neque
1571 611 1726 675 dixit,
1749 611 1991 674 Portare,

384 690 387 691 ν
412 709 530 771 sed,
560 706 737 776 Digito
754 720 974 768 movere,
1000 704 1175 767 idest,
1196 719 1295 757 nec
1318 717 1481 772 prope
1505 703 1789 767 accedere,
1815 716 1995 771 neque

420 807 657 861 tangere.
700 795 804 851 Sed
849 795 1062 849 ubinam
1104 795 1323 848 Studiosi
1359 803 1411 847 et
1437 794 1719 860 diligentes
1747 790 1912 844 sunt?
1938 790 1992 843 ln

417 889 698 959 prohibitis
724 904 737 952 ;
768 904 887 940 nam
913 888 988 942 ait
1015 905 1028 938 :
1061 887 1113 941 5.
1149 886 1335 939 Omnia
1362 885 1494 938 enim
1509 901 1661 952 opera
1676 900 1767 937 sua
1780 882 1993 954 faciunt,

415 990 473 1033 ut
518 979 780 1032 videantur
820 979 883 1031 ab
922 976 1219 1030 hominibus.
1247 976 1419 1030 Inanis
1446 975 1630 1045 gloriae
1654 973 1997 1044 cupiditatem

415 1085 600 1123 eorum
652 1067 733 1120 bis
764 1066 1020 1132 traducit,
1047 1082 1151 1137 qua
1180 1067 1466 1136 perierunt.
1498 1065 1677 1119 Priora
1706 1063 1848 1117 enim
1871 1078 1995 1117 eru-

414 1159 646 1213 delitatis
684 1169 734 1212 et
778 1158 994 1212 desidia:
1040 1169 1226 1219 erant,
1275 1156 1388 1211 inec
1416 1166 1590 1211 autem
1619 1155 1788 1208 inanis
1816 1153 1997 1220 gloria:

416 1249 740 1318 cupiditatis.
788 1249 899 1302 Hoc
942 1248 1063 1302 illos
1108 1264 1137 1301 a
1182 1249 1289 1302 Deo
1315 1248 1579 1302 removit:
1609 1246 1709 1301 hoc
1739 1245 1914 1299 eil'ecit
1941 1252 1998 1297 ut

416 1341 470 1395 iu
515 1340 618 1394 alio
659 1338 865 1393 theatro
907 1346 1306 1402 concertarent,
1346 1348 1399 1393 et
1445 1338 1698 1407 perirent.
1729 1335 1860 1391 Nam
1888 1335 1997 1389 suis

417 1432 807 1501 spectatoribus
845 1432 1066 1501 quisque
1094 1432 1306 1502 placere
1327 1430 1507 1487 studet
1534 1447 1628 1499 per
1647 1429 1997 1484 certaminum

418 1524 724 1593 qualitatem
754 1541 768 1576 :
801 1524 888 1593 qui
915 1534 1039 1580 ante
1060 1525 1202 1578 viros
1231 1535 1476 1579 strenuos
1506 1531 1705 1594 pugnat
1736 1521 1853 1576 talia
1881 1528 1996 1575 Stu-

419 1615 511 1668 det
537 1615 824 1669 certamina
848 1616 1082 1682 referre;
1113 1617 1199 1687 qui
1227 1632 1355 1671 vero
1383 1626 1506 1671 ante
1529 1616 1743 1671 timidos
1766 1624 1821 1670 et
1848 1616 1996 1685 igna-

400 1719 515 1761 .vos
535 1744 549 1769 ,
602 1705 715 1772 ipse
761 1720 970 1776 quoque
1001 1706 1219 1776 ignavus
1249 1706 1494 1762 efﬁcitur.
1528 1706 1685 1762 Verbi
1714 1706 1878 1777 gratia
1904 1745 1919 1769 ,
1951 1705 1996 1758 si

419 1795 540 1863 quis
569 1804 919 1865 spectatorem
948 1795 1143 1850 habeat
1165 1796 1331 1850 risum
1361 1808 1625 1850 amantem
1645 1839 1659 1864 ,
1689 1796 1852 1850 risum
1884 1796 1998 1863 ipse

373 1887 383 1897 ‘
422 1895 635 1949 movet,
685 1893 737 1940 ut
785 1895 1136 1954 Spectatorem
1178 1887 1445 1953 delectet;
1478 1889 1616 1942 alius
1645 1886 1731 1957 qui
1767 1886 1995 1956 philoso-

420 1974 582 2044 phum
630 1987 684 2030 et
728 1977 1021 2031 studiosum
1049 1977 1209 2033 habet
1232 1987 1585 2047 spectatorem
1606 2020 1622 2045 ,
1657 1979 1775 2032 talis
1800 1987 1855 2033 et
1885 1978 1998 2047 ipse

421 2065 556 2119 eftici
596 2076 778 2130 curat,
810 2067 928 2136 quia
959 2069 1081 2122 talis
1110 2077 1192 2123 est
1217 2069 1482 2123 laudantis
1503 2071 1731 2123 animus.
1757 2068 1855 2122 llic
1882 2084 1999 2121 rur-

418 2172 535 2210 sum
584 2157 701 2210 vide
744 2158 1011 2227 quomodo
1052 2159 1253 2213 crimen
1298 2158 1603 2227 ampliﬁcet.
1647 2159 1829 2229 Neque
1854 2158 1995 2212 enim

418 2245 519 2300 alia
564 2247 640 2301 sic
660 2290 674 2311 ,
707 2247 808 2302 alia
831 2264 957 2301 vero
982 2264 1087 2302 non
1116 2251 1192 2304 sic
1220 2249 1451 2316 faciunt;
1484 2250 1575 2305 sed
1605 2251 1781 2305 omnia
1808 2250 1998 2305 simili-

421 2347 519 2391 ter.
571 2338 768 2393 Deinde
816 2349 1096 2410 postquam
1144 2358 1291 2397 vanae
1338 2343 1524 2413 gloria:
1570 2344 1994 2398 criminationem

419 2427 547 2496 ipsis
592 2427 896 2496 obtulerat,
942 2439 1202 2484 monstrat
1243 2447 1337 2486 eos
1362 2447 1467 2486 non
1497 2434 1561 2487 de
1593 2438 1795 2503 magnis
1821 2442 1876 2488 et
1904 2447 1995 2487 ne-

420 2519 665 2572 cessariis
710 2520 924 2589 gloriari
970 2519 1123 2592 (nihil
1169 2525 1311 2577 enim
1359 2524 1464 2578 tale
1506 2524 1810 2587 habebant;
1844 2532 1996 2578 erant

386 2611 611 2679 quippe
656 2611 807 2665 bonis
847 2613 1093 2682 Operibus
1136 2629 1356 2683 prorsus
1397 2615 1612 2684 vacui),
1652 2615 1746 2670 sed
1797 2615 1865 2669 de
1903 2614 1997 2668 fri-

420 2702 555 2771 gidis
590 2710 645 2757 et
690 2702 759 2757 de
804 2704 1036 2759 minimis
1077 2706 1237 2760 rebus
1287 2707 1342 2771 ί,
1387 2721 1505 2778 qua:
1551 2716 1704 2760 erant
1745 2706 1994 2776 nequitia:

418 2797 626 2850 illorum
658 2796 870 2851 indicia.
903 2796 1131 2851 Dilatant
1161 2800 1294 2852 enim
1320 2800 1631 2869 pug/arteria
1654 2817 1766 2865 sua,
1793 2800 1992 2870 inquit;

417 2896 463 2939 et
484 2888 807 2956 magniﬁcam
825 2886 1046 2955 ﬁmbrias
1066 2890 1463 2942 vestimentorum
1484 2906 1711 2944 suorum.
1994 2892 1999 2895 ’

485 2975 814 3047 Pltylaeteria
855 2979 976 3047 quid
1021 2990 1200 3033 essent.
1230 3011 1301 3022 ---
1338 2982 1514 3052 Ecqua
1541 2992 1663 3036 sunt
1694 2984 1778 3037 illa
1806 2982 1994 3054 phyla-

411 3068 577 3121 cteria
599 3107 615 3134 ,
658 3084 775 3136 qua:
804 3069 1071 3123 ﬁmbriae?
1096 3070 1227 3137 Quia
1259 3086 1403 3141 stupe
1428 3073 1875 3128 obliviscebantnr
1907 3075 1997 3128 bc-

414 3157 722 3212 neﬁciorum
757 3159 867 3223 Dei,
893 3160 1051 3230 jussit
1079 3164 1130 3214 in
1161 3163 1394 3217 minima:
1421 3164 1574 3217 molis
1593 3165 1738 3219 libris
1765 3166 1992 3219 describi

412 3253 665 3306 miracula
709 3253 909 3321 ipsius,
959 3264 1013 3309 et
1054 3256 1280 3325 appendi
1310 3256 1551 3311 manibus
1581 3273 1786 3312 eorum.
1820 3259 1994 3326 Quare

378 3356 389 3363 '
410 3342 544 3397 dixit
585 3364 598 3398 :
651 3343 760 3397 Nec
810 3347 1188 3400 removebnntur
1228 3348 1290 3400 ab
1315 3350 1472 3401 oculis
1501 3350 1597 3401 tuis
1627 3349 1802 3421 (Deut.
1833 3353 1884 3405 h'.
1913 3348 1991 3422 8).

410 3437 542 3505 Quae
588 3439 942 3509 phylactcria,
987 3441 1137 3510 quasi
1182 3441 1328 3496 dicas
1370 3444 1766 3497 conservatoria
1792 3486 1806 3510 ,
1836 3458 1993 3497 voca-

411 3530 632 3596 bantur,
667 3538 723 3583 ut
759 3532 938 3584 multte
979 3546 1120 3585 nunc
1160 3533 1412 3586 mulieres
1450 3534 1724 3603 evangelia
1759 3551 1825 3589 ex
1854 3535 1993 3589 collo

412 3620 694 3691 pendentia
741 3622 936 3676 habent
962 3639 976 3689 ;
1004 3632 1059 3677 et
1086 3632 1144 3677 ut
1169 3624 1383 3679 aliunde
1415 3626 1465 3679 in
1494 3628 1806 3681 memoriam
1834 3626 1993 3681 redu-

411 3723 637 3777 cantur,
681 3711 734 3766 id
781 3713 923 3782 quod
966 3713 1116 3768 multi
1142 3730 1285 3784 stepe
1327 3715 1564 3784 faciunt,
1613 3716 1892 3772 oblivionis
1916 3718 1994 3772 vi-

412 3802 587 3857 tanda:
607 3818 765 3856 causa
793 3804 901 3858 lino
925 3813 1015 3858 aut
1043 3804 1130 3858 ﬁlo
1151 3805 1372 3875 digitum
1400 3808 1623 3876 ligantcs
1642 3847 1658 3872 ,
1687 3808 1787 3863 hoc
1811 3809 1914 3863 illis
1938 3818 1995 3864 ut

414 3897 593 3965 pueris
632 3896 770 3951 Deus
806 3896 984 3952 facere
1011 3900 1280 3968 praecepit,
1305 3898 1699 3970 hyaeinthinam
1728 3901 1910 3955 vittam
1940 3903 1991 3956 in

413 4002 509 4040 ora
538 3989 701 4042 vesﬁs
721 3988 861 4042 circa
892 3989 1057 4058 pedes
1086 4004 1303 4045 assuere
1330 3990 1520 4059 (Nam.
1549 3992 1638 4046 l5.
1663 3992 1754 4061 '58)
1781 4033 1796 4057 ,
1825 4004 1881 4046 ut
1909 3994 1993 4047 his

412 4081 648 4134 animum
674 4081 990 4135 adhibentes
1022 4092 1406 4151 prmceptorum
1429 4085 1839 4139 recordareutur
1862 4101 1875 4149 ;
1901 4099 1992 4140 vo-

412 4171 773 4242 cabanturque
817 4172 1060 4227 ﬁmbriae.
1101 4174 1157 4228 ln
1203 4174 1285 4230 his
1312 4189 1439 4246 ergo
1466 4177 1689 4231 studiosi
1713 4186 1861 4231 erant
1884 4217 1899 4243 ,
1931 4177 1992 4231 li-

412 4262 597 4331 gacula
637 4262 896 4317 librorum
937 4265 1324 4330 extendentes,
1371 4274 1425 4322 et
1466 4267 1703 4323 ﬁmbrias
1744 4269 1874 4323 latas
1917 4268 1992 4324 fa-

411 4354 615 4407 cientes
638 4370 652 4419 ;
680 4354 820 4424 quod
850 4356 1021 4412 inanis
1051 4358 1232 4427 gloria:
1257 4371 1555 4415 extremum
1575 4370 1708 4415 erat.
1733 4360 1842 4415 Cur
1865 4376 1993 4431 ergo

413 4445 503 4498 illa
532 4444 812 4501 ambitiose
832 4446 1120 4501 extendis?
1143 4463 1209 4503 an
1236 4449 1288 4504 id
1316 4451 1435 4505 boni
1457 4454 1634 4520 aperis
1656 4453 1772 4507 loco
1794 4453 1994 4509 habes?

413 4552 541 4590 num
569 4538 694 4605 quid
721 4539 811 4593 tibi
842 4549 1095 4608 prosunt,
1126 4543 1228 4596 nisi
1271 4542 1395 4596 hinc
1420 4544 1544 4612 quid
1590 4545 1852 4601 lucreris?
1876 4547 1990 4601 Non

411 4628 555 4681 enim
598 4629 790 4695 quierit
820 4630 957 4684 Deus
984 4640 1041 4685 ut
1067 4632 1155 4686 illa
1178 4635 1434 4689 extendas
1465 4644 1517 4689 et
1545 4637 1837 4705 amplitices
1857 4679 1872 4703 ,
1898 4638 1992 4693 sed

412 4728 470 4774 ut
496 4720 692 4774 eximia
714 4735 873 4789 opera
888 4723 1008 4791 ejus
1023 4726 1274 4779 memoria
1301 4734 1499 4782 teneas.
1523 4727 1673 4793 Quod
1702 4729 1744 4783 si
1766 4728 1833 4784 de
1848 4730 1992 4786 elee-

413 4827 635 4885 mosyna
664 4822 718 4868 et
738 4812 961 4883 jejunio,
992 4831 1111 4886 qua:
1135 4816 1396 4873 laboriosa
1418 4830 1541 4873 sunt
1570 4831 1622 4875 et
1648 4822 1781 4876 bona
1806 4838 1987 4890 opera,

413 4917 517 4956 non
549 4903 670 4957 licet
689 4904 903 4973 gloriari
935 4927 950 4961 :
980 4920 1076 4961 cur
1095 4914 1148 4961 tu
1166 4908 1252 4963 illa
1279 4920 1547 4978 ostentas,
1570 4929 1603 4964 o
1629 4913 1845 4982 Judrce,
1875 4932 1994 4985 qua:

387 4992 674 5048 -desidiam
699 5005 843 5049 tuam
867 4998 1099 5053 maxime
1123 5001 1386 5069 arguunt?
1410 5003 1486 5056 Illi
1510 5019 1636 5058 vero
1665 5021 1768 5060 non
1792 5007 1855 5059 ad
1882 5006 1993 5062 hrcc

411 5086 586 5138 solum
606 5124 623 5151 ,
645 5086 739 5140 sed
770 5095 824 5140 et
851 5088 917 5141 ad
939 5089 1041 5143 alia
1067 5092 1267 5146 minora
1295 5094 1537 5149 morbum
1566 5112 1719 5151 suum
1748 5101 1995 5155 extende-

411 5176 561 5230 bant.
587 5175 643 5232 ϐ.
671 5178 856 5233 Amant
889 5183 1040 5245 enim,
1080 5184 1246 5254 inquit
1264 5227 1279 5252 ,
1309 5188 1497 5255 primos
1524 5192 1781 5247 accubitus
1809 5195 1861 5247 in
1890 5211 1991 5248 ca:-

410 5269 521 5330 nis,
563 5278 612 5322 et
654 5271 842 5337 primos
883 5289 1141 5329 consessus
1179 5277 1230 5330 in
1253 5282 1554 5350 synagogis,
1581 5284 1630 5338 7.
1661 5294 1707 5338 et
1731 5287 1995 5341 salutatio-

346 5386 367 5411 -.
410 5374 499 5413 nes
535 5359 593 5413 in
634 5364 779 5432 foro,
822 5371 868 5416 et
893 5367 1061 5419 uocari
1088 5367 1151 5420 ab
1180 5370 1489 5440 hominibus,
1529 5375 1705 5431 Rabbi.
1743 5378 1864 5432 llmc
1892 5382 1993 5435 etsi

411 5455 902 5531 parva‘videantur
946 5474 1096 5525 esse,
1141 5463 1417 5531 grandium
1466 5477 1639 5522 tamen
1687 5482 1805 5525 sunt
1836 5488 1992 5527 causa

413 5524 697 5598 iuniorum.
744 5546 869 5603 llaec
909 5559 960 5604 et
1003 5552 1242 5607 civitates
1286 5564 1339 5610 et
1372 5557 1636 5614 Ecelesias
1665 5573 1991 5619 everterunt.

413 5629 596 5704 Neque
645 5652 677 5691 a
723 5637 974 5712 lacrymis
1015 5644 1284 5702 abstinere
1329 5664 1583 5721 possum,
1631 5667 1752 5710 cum
1795 5657 1995 5726 primos

479 5785 498 5820 ι
525 5788 645 5845 Alii.
662 5792 724 5846 de
742 5794 883 5849 rebus
904 5796 1114 5852 minimis
1137 5807 1181 5854 et
1202 5801 1381 5856 nullius
1402 5805 1570 5867 pretii.

1359 400 1426 454 IN
1460 401 1875 459 MATTIL‘EUM
1913 400 2143 458 HOMIL.
2184 400 2394 459 LXXII.
2437 403 2506 457 ai.
2547 404 2780 461 LXXIII.

3587 410 3689 485 aro

2102 531 2389 573 consessus
2434 518 2593 572 audio
2639 529 2692 573 et
2736 521 3116 589 salutationes,
3165 530 3221 580 et
3268 524 3444 596 cogito
3492 541 3687 598 quanta

2102 605 2227 660 hinc
2278 609 2415 661 mala
2464 609 2557 664 Dei
2607 608 2858 664 Ecclesiis
2907 613 3218 681 pariantur;
3250 631 3370 686 quae
3392 616 3503 687 jam
3537 619 3689 674 vobis

2100 698 2365 750 recenseri
2414 713 2548 767 opus
2594 715 2696 753 non
2749 709 2830 754 est
2863 719 2875 753 :
2908 703 3147 759 seniores
3179 707 3373 776 quippe
3401 708 3449 762 id
3476 724 3502 761 a
3534 710 3689 764 nobis

2101 784 2336 841 ediscere
2380 803 2484 842 non
2536 787 2751 844 debent.
2800 790 2878 845 Tu
2926 808 3053 847 vero
3101 798 3404 865 perpende,
3432 812 3690 870 quantum

2100 888 2245 933 esset
2290 879 2461 933 inanis
2512 880 2696 949 gloria:
2740 882 3007 951 studium,
3052 887 3142 940 ubi
3177 888 3500 955 jubebantur
3541 892 3686 946 illam

2100 964 2323 1037 fugere;
2372 970 2426 1023 in
2474 972 2760 1041 synagogis
2789 989 3010 1045 nempe,
3042 977 3129 1030 ubi
3156 980 3289 1033 alios
3317 980 3563 1036 edoctum
3594 999 3688 1039 ve-

2101 1058 2341 1114 niebant.
2374 1058 2430 1114 In
2459 1062 2631 1116 ccenis
2655 1062 2797 1116 enim
2830 1064 2958 1118 illud
2985 1066 3189 1122 admitti
3220 1072 3385 1140 magis
3411 1073 3686 1128 ferendum

2102 1148 2312 1202 videtur
2356 1166 2371 1203 :
2418 1166 2741 1221 quamquam
2790 1163 2845 1207 et
2883 1155 2989 1209 illic
3028 1157 3297 1213 doctorem
3325 1163 3531 1217 caeteris
3555 1180 3690 1234 pra:-

2100 1247 2244 1295 stare
2290 1255 2383 1309 par
2425 1253 2573 1310 erat,
2606 1260 2711 1299 non
2741 1247 2792 1300 in
2820 1249 3059 1304 ecclesiis
3087 1259 3286 1306 tantum
3310 1295 3327 1319 ,
3360 1255 3452 1309 sed
3483 1262 3540 1311 et
3567 1258 3687 1311 ubi-

2101 1346 2225 1400 que.
2248 1333 2708 1398 Quemadmodum
2740 1339 2881 1392 enim
2912 1339 3106 1409 homo,
3137 1358 3471 1416 quocumque
3496 1348 3546 1401 in
3570 1348 3689 1405 loco

2101 1432 2388 1491 appareat,
2418 1424 2629 1479 caeteris
2658 1428 3016 1485 animantibus
3045 1443 3295 1501 praestare
3318 1436 3684 1508 dignoscitur:

2101 1514 2180 1568 sic
2223 1514 2497 1571 doctorem
2525 1526 2577 1572 et
2606 1519 2910 1589 loquentem
2939 1530 2993 1577 et
3019 1532 3280 1581 tacentem
3298 1568 3313 1592 ,
3342 1539 3395 1583 et
3424 1530 3690 1599 pranden-

2104 1613 2208 1659 tem
2252 1615 2307 1659 et
2334 1607 2543 1676 quidvis
2578 1608 2893 1679 facientem,
2923 1615 3129 1670 ueteris
3159 1627 3415 1686 praestare
3444 1637 3537 1688 par
3564 1632 3647 1678 est
3668 1665 3686 1690 ,

2102 1693 2155 1748 in
2202 1695 2448 1763 incessu,
2501 1700 2551 1753 in
2604 1714 2855 1772 aSpectu,
2896 1706 2947 1758 iu
2989 1706 3207 1776 habitu,
3252 1717 3307 1764 et
3337 1711 3387 1766 in
3418 1715 3688 1771 omnibus.

2104 1785 2181 1839 llli
2222 1802 2350 1841 vero
2388 1790 2621 1860 undique
2669 1794 2877 1848 ridiculi
2908 1806 3094 1864 erant,
3125 1810 3178 1854 et
3205 1801 3439 1871 undique
3468 1811 3647 1874 turpes
3667 1848 3684 1870 ,

2103 1877 2220 1946 quia
2252 1879 2339 1932 illa
2371 1883 2616 1951 persequi
2657 1885 2982 1952 studebant,
3011 1905 3129 1958 qua:
3155 1890 3339 1961 fugere
3384 1896 3684 1964 Oportebat.

2101 1968 2319 2034 Amant,
2368 1972 2568 2041 inquit;
2617 1975 2660 2029 si
2709 1991 2890 2033 amare
2933 1981 3134 2035 crimen
3170 1992 3287 2047 est,
3321 1983 3495 2041 facere
3521 2002 3689 2057 quan-

2105 2068 2212 2112 tum
2259 2062 2397 2115 erit?
2446 2064 2531 2118 illa
2573 2067 2788 2132 venari,
2820 2079 2873 2122 et
2899 2072 3111 2141 assequi
3156 2075 3400 2143 studere,
3430 2087 3687 2147 quantum

2102 2151 2205 2203 crit
2235 2153 2429 2207 malmn
2457 2156 2480 2204 Ὺ

2174 2241 2226 2294 3.
2259 2239 2314 2294 lu
2340 2244 2551 2300 caeteris
2577 2245 2794 2316 quidem
2818 2262 3072 2307 accusare
3099 2255 3227 2308 satis
3258 2254 3474 2326 habuit,
3502 2270 3689 2330 utpote

2101 2345 2221 2401 quae
2267 2348 2427 2403 parva
2474 2346 2653 2392 essent
2698 2349 2752 2394 et
2796 2342 2954 2409 vilia,
2999 2359 3098 2400 nec
3145 2346 3403 2405 deberent
3439 2351 3685 2423 discipuli

2101 2424 2241 2477 circa
2292 2425 2378 2481 illa
2426 2429 2619 2500 corrigi
2677 2446 2692 2488 :
2741 2433 2881 2501 quod
2930 2444 3106 2491 autem
3155 2442 3394 2496 omnium
3422 2445 3685 2500 malorum

2101 2527 2261 2567 causa
2306 2526 2455 2583 erat,
2505 2523 2833 2590 principatus
2876 2541 3147 2591 amorem,
3177 2538 3232 2584 et
3258 2531 3517 2587 doctrinm
3541 2536 3687 2591 sedis

2088 2602 2433 2662 .invasionem
2454 2648 2470 2674 ,
2522 2612 2654 2667 illud
2675 2657 2689 2680 ,
2742 2617 2992 2687 inquam,
3023 2618 3074 2672 in
3105 2622 3339 2675 medium
3371 2624 3641 2682 adducens
3667 2670 3685 2696 ,

2100 2698 2386 2769 diligenter
2425 2706 2694 2776 corrigere
2740 2710 2949 2776 studet,
2990 2711 3039 2765 in
3072 2712 3157 2767 bis
3182 2714 3527 2773 vehementer
3554 2720 3686 2775 insi-

2101 2797 2269 2844 stens.
2299 2792 2435 2858 Quid
2465 2796 2606 2850 enim
2633 2799 2751 2851 ait?
2775 2801 2827 2854 8.
2872 2800 2972 2855 Vos
2999 2818 3116 2857 vero
3134 2804 3289 2859 nolite
3313 2808 3481 2861 vocari
3500 2808 3685 2866 Rabbi.

2103 2880 2237 2935 llinc
2274 2897 2433 2938 causa
2473 2886 2810 2959 subjungitur
2837 2909 2850 2943 :
2883 2892 3028 2948 Unus
3066 2905 3141 2949 est
3168 2899 3301 2952 enim
3331 2900 3578 2973 Magister
3597 2919 3685 2958 oe-

2100 2979 2242 3037 ster;
2286 2989 2460 3029 omnes
2484 2989 2649 3031 autem
2676 2995 2762 3034 vos
2805 2982 2990 3049 fratres
3031 2986 3189 3052 estis;
3219 3003 3316 3043 nec
3347 2990 3482 3046 alter
3511 2993 3682 3049 altero

2102 3065 2436 3129 jtrmstatitior
2472 3077 2589 3134 est,
2615 3085 2734 3124 cum
2765 3075 2893 3128 nihil
2925 3091 2994 3131 ex
3021 3080 3199 3146 seipse
3226 3080 3437 3140 habeat.
3467 3084 3590 3142 ldeo
3614 3086 3686 3144 ait

2099 3150 2290 3206 Paulus
2338 3171 2352 3207 :
2407 3156 2531 3222 Quis
2584 3158 2776 3215 Paulus
2828 3180 2847 3217 :
2887 3171 2999 3235 quis
3032 3168 3261 3234 Apollo?
3299 3175 3410 3242 quis
3448 3175 3687 3247 Cap/tas?

2100 3258 2263 3296 nonne
2291 3246 2507 3301 ministri
2533 3250 2610 3314 (l.
2644 3250 2761 3323 Cor.
2797 3255 2849 3307 5.
2879 3258 2932 3309 4.
2965 3259 3065 3327 5)?
3092 3260 3207 3314 Non
3226 3262 3376 3330 dicit,
3404 3246 3680 3325 Doctores.

2099 3333 2166 3388 Et
2212 3336 2402 3392 iterum
2451 3356 2464 3392 :
2512 3341 2564 3395 9.
2615 3343 2698 3397 Ne
2742 3350 2924 3403 vocetis
2956 3349 3160 3405 Patrem
3190 3368 3209 3407 :
3236 3369 3339 3409 non
3369 3369 3424 3411 ut
3451 3375 3555 3413 non
3582 3377 3682 3415 vo-

2099 3438 2251 3497 cent,
2301 3432 2394 3485 sed
2437 3442 2495 3487 ut
2531 3437 2702 3491 sciant
2741 3454 2896 3509 quem
2945 3445 3156 3511 proprie
3182 3446 3390 3503 Patrem
3417 3453 3686 3521 appellare

2100 3534 2195 3587 par
2240 3520 2328 3575 sit.
2374 3523 2832 3590 Quemadmodum
2867 3534 3011 3587 enim
3039 3534 3226 3591 doctor
3257 3555 3362 3594 non
3390 3553 3469 3596 est
3492 3520 3685 3614 princi-

2099 3623 2234 3678 puus
2262 3611 2450 3667 doctor
2481 3632 2495 3668 :
2526 3617 2605 3671 sic
2632 3634 2803 3689 neque
2830 3631 3000 3690 pater.
3032 3623 3125 3680 Ille
3151 3628 3292 3682 enim
3323 3639 3377 3685 et
3403 3611 3680 3690 doctorum

2097 3709 2152 3755 et
2187 3712 2394 3771 patrum
2441 3709 2678 3762 omnium
2703 3724 2863 3766 causa
2889 3723 2994 3768 est.
3025 3714 3218 3772 lterum
3249 3720 3520 3796 subjungit
3548 3743 3562 3779 :
3595 3728 3680 3782 10.

2100 3792 2213 3849 Nec
2239 3799 2480 3851 vocemini
2507 3803 2739 3871 magistri
2768 3820 2937 3861 :uuus
2962 3819 3036 3861 est
3059 3811 3192 3864 enim
3219 3812 3463 3883 Magister
3491 3829 3681 3882 vester;

2101 3883 2351 3940 Christus.
2394 3888 2501 3942 Nec
2526 3891 2687 3957 dicit,
2722 3893 2854 3962 Ego.
2882 3895 3030 3951 Sicut
3055 3900 3198 3953 enim
3230 3902 3280 3955 in
3312 3906 3679 3973 superioribus

2097 3974 2175 4028 sic
2203 3975 2433 4044 loquitur
2451 4019 2466 4043 ,
2502 3980 2639 4045 Quid
2664 3983 2800 4036 vobis
2821 3985 3015 4039 videtur
3038 3989 3102 4041 de
3122 3988 3323 4045 Christo
3348 3995 3557 4066 (Matth.
3588 3999 3679 4055 22.

2097 4065 2236 4136 42)ἳ
2262 4083 2434 4138 neque
2459 4071 2621 4139 dicit,
2657 4073 2730 4128 De
2756 4068 2839 4129 tite
2866 4094 2878 4130 :
2902 4076 2981 4132 sic
3004 4088 3060 4134 et
3082 4079 3181 4136 hoc
3208 4083 3348 4141 loco.
3378 4086 3479 4141 Sed
3509 4088 3684 4145 liben-

2101 4164 2180 4210 tcr
2213 4156 2298 4212 hic
2329 4158 2713 4231 interrogarem
2735 4206 2750 4233 ,
2780 4167 2906 4236 quid
2933 4168 3200 4239 dixerint,
3228 4176 3317 4244 qui
3344 4192 3488 4247 Step0
3513 4180 3637 4235 illud
3663 4221 3682 4249 ,

2104 4247 2248 4303 Unus
2274 4258 2328 4303 et
2359 4249 2502 4305 Unus
2520 4294 2535 4320 ,
2563 4253 2704 4309 Patri
2733 4257 3045 4315 adscribunt
3071 4264 3192 4327 soli,
3222 4266 3288 4319 ad
3318 4247 3683 4339 contemptum

2102 4341 2391 4411 Uuigeniti.
2443 4346 2631 4400 Annon
2668 4350 2824 4404 Pater
2850 4362 2933 4407 est
2960 4355 3257 4425 magister?
3283 4359 3483 4414 Omnes
3513 4362 3685 4416 faten-

2101 4443 2219 4499 tur,
2270 4450 2534 4508 nemoque
2581 4444 2874 4511 uegaverit.
2925 4446 3086 4516 Atqui
3138 4465 3314 4516 unus,
3360 4454 3562 4523 inquit,
3604 4467 3687 4511 est

2098 4534 2394 4594 praeceptor
2430 4537 2634 4595 vester,
2686 4530 2952 4588 Christus.
2999 4539 3069 4590 At
3110 4540 3248 4593 sicut
3283 4541 3522 4599 Christus
3550 4561 3689 4602 unus

2100 4630 2398 4688 prmceptor
2438 4620 2612 4675 dictus
2644 4640 2747 4678 non
2777 4627 3012 4682 excludit
3041 4630 3253 4687 Patrem
3286 4651 3299 4689 :
3329 4634 3407 4690 sic
3434 4639 3688 4707 magister

2098 4706 2272 4763 dictus
2318 4711 2475 4768 Pater
2518 4728 2626 4768 non
2653 4717 2886 4774 excludit
2912 4737 2941 4774 a
2968 4723 3281 4791 magistratu
3302 4706 3686 4786 Filiunnlllnd

2098 4802 2273 4870 enim,
2306 4802 2450 4859 Unus
2488 4814 2541 4860 et
2579 4805 2753 4874 Unus,
2787 4810 2853 4864 ad
2874 4811 3227 4868 diﬂ'erentiam
3257 4817 3530 4874 hominum
3559 4822 3689 4877 dici-

2098 4899 2188 4946 tur
2211 4935 2227 4959 ,
2279 4894 2710 4967 reliquarumque
2744 4911 3126 4959 creaturarum.
3158 4905 3288 4960 Cum
3318 4923 3447 4976 ergo
3469 4927 3686 4980 gravent

2099 4985 2249 5040 illum
2277 4989 2520 5044 morbum
2546 4990 2836 5060 depulisset
2863 5006 2918 5049 et
2946 5008 3206 5065 curasset,
3234 5000 3393 5057 docet
3416 5008 3689 5074 quomodo

2100 5076 2190 5133 ille
2222 5080 2502 5150 ellugiatur
2544 5097 2638 5155 per
2663 5085 3039 5142 humilitatem.
3071 5091 3427 5157 Quamobrem
3458 5097 3641 5166 adjicit
3668 5117 3688 5154 :

2100 5167 2188 5220 Η.
2225 5168 2324 5232 Qui
2350 5180 2424 5223 est
2454 5177 2617 5242 major
2645 5185 2888 5239 vestrum,
2919 5180 2985 5232 sit
3006 5181 3238 5236 minister
3263 5196 3439 5240 vester.
3466 5188 3550 5242 1‘2.
3590 5191 3690 5257 Qui

2099 5259 2231 5312 enim
2266 5277 2319 5314 se
2351 5263 2640 5317 exaltaverit
2664 5308 2678 5330 ,
2724 5267 3113 5337 humiliabitur;
3139 5284 3186 5328 et
3209 5277 3295 5343 qui
3317 5279 3691 5334 selmmiliave-

2098 5352 2201 5416 rit,
2250 5354 2573 5408 exaltabitur.
2624 5358 2763 5412 Nihil
2808 5362 2950 5417 enim
3002 5365 3261 5422 modestia
3308 5373 3685 5439 praestantius;

2100 5441 2323 5515 ideoque
2366 5448 2502 5501 hanc
2544 5450 2796 5506 virtutem
2842 5453 3148 5525 frequenter
3195 5459 3297 5513 illis
3328 5463 3687 5518 commendat.

2100 5534 2164 5589 Et
2186 5538 2398 5606 quando
2419 5543 2669 5607 parvulos
2688 5544 2738 5598 in
2761 5546 2991 5601 medium
3015 5549 3251 5616 adduxit,
3266 5562 3319 5606 et
3341 5569 3481 5607 nunc
3497 5557 3681 5619 etiam,

2097 5642 2161 5680 ac
2190 5643 2307 5682 cum
2337 5629 2386 5682 in
2416 5643 2597 5688 monte
2626 5634 2976 5693 beatitudiues
3013 5639 3261 5709 eﬂ‘erret,
3296 5641 3423 5697 hinc
3448 5643 3679 5714 incepit:

2101 5716 2190 5772 hic
2217 5734 2343 5773 vero
2371 5722 2675 5790 superbiam
2710 5727 2964 5784 radicitus
2992 5730 3204 5794 evellit,
3236 5747 3358 5787 curn
3385 5733 3516 5789 dicit
3543 5754 3556 5789 :
3584 5738 3687 5802 Qui

2105 5810 2341 5865 Itumiliat
2388 5814 2633 5883 scipsum,
2669 5819 2973 5875 exaltubitur
2999 5821 3149 5891 (Luc.
3185 5824 3269 5879 Η.
3304 5825 3412 5890 ll).
3444 5826 3685 5883 Vidistin’
