4128 6406
509 413 609 474 67!

508 536 782 611 quomodo
826 535 892 592 ad
931 530 1256 592 contrarium
1286 547 1353 587 ex
1374 528 1640 586 diametro
1665 523 1961 581 auditorem
1994 520 2097 576 im-

513 629 720 701 pellat?
764 629 945 698 Neque
981 640 1123 682 enim
1150 623 1323 679 solum
1355 620 1575 691 impedit
1597 618 1857 691 primatus
1882 626 2100 678 amare,

510 722 605 776 sed
632 730 686 777 et
709 731 945 776 extrema
971 714 1120 787 sequi
1141 714 1316 784 jubet.
1345 713 1434 769 Sic
1453 712 1593 766 enim
1610 716 1787 780 optata
1803 719 2101 774 conseque-

510 816 621 878 ris,
652 813 837 883 inquit.
882 808 1005 865 Ideo
1034 815 1247 878 oportet
1273 821 1392 861 cum
1413 847 1429 873 ,
1459 805 1547 876 qui
1575 803 1868 875 primarum
1895 799 2100 855 scdium

508 904 856 973 cupiditatem
911 899 1109 972 pellit,
1166 908 1467 954 extremum
1518 897 1762 953 ordinem
1820 902 2098 964 appetere.

508 995 641 1052 Nam
673 992 775 1062 Qui
796 1009 850 1048 se
875 991 1215 1046 humiliaverit
1235 1031 1250 1054 ,
1277 988 1602 1043 excitabitur.
1634 988 1699 1041 Et
1724 985 1811 1040 ubi
1841 985 1976 1040 hanc
2004 985 2104 1040 hu—

510 1086 793 1143 militatem
837 1082 1214 1154 reperiamus?
1244 1080 1488 1137 Vultisne
1533 1096 1742 1135 rursum
1790 1081 1843 1136 in
1890 1081 2101 1137 virtutis

507 1180 776 1234 civitatem
823 1193 1049 1245 eamus,
1100 1185 1405 1231 sanctorum
1460 1174 1798 1229 tabernacula
1825 1216 1841 1243 ,
1889 1185 2099 1245 montes

506 1271 649 1335 dico,
680 1279 841 1341 atque
865 1268 1069 1325 saltus?
1095 1269 1167 1324 lbi
1194 1285 1422 1340 namque
1449 1268 1732 1325 sublimem
1759 1271 1904 1326 illam
1926 1272 2102 1328 humi-

509 1362 714 1417 litatem
760 1362 1106 1431 reperiemus.
1160 1361 1418 1417 Homines
1459 1362 1693 1433 quippe,
1726 1365 1814 1434 qui
1841 1363 1923 1419 vel
1951 1380 1982 1419 a
2010 1364 2096 1420 di-

505 1458 744 1527 gnitate,
773 1456 859 1512 vel
903 1472 932 1511 a
961 1456 1164 1511 divitiis
1192 1458 1462 1528 conspicui
1495 1467 1649 1513 erant
1669 1500 1685 1524 ,
1716 1459 1948 1529 undique
1975 1475 2097 1518 sese

485 1537 843 1620 deprimunt,
886 1564 916 1602 a
945 1558 1127 1615 veste,
1154 1564 1186 1604 a
1214 1549 1403 1615 domo,
1432 1564 1464 1605 a
1490 1550 1816 1617 ministerio,
1847 1561 2006 1622 atque
2029 1567 2096 1608 ex

507 1641 593 1697 his
634 1644 883 1698 Omnibus
921 1643 1069 1714 quasi
1099 1643 1265 1698 literis
1296 1642 1646 1698 humilitatem
1670 1643 2094 1713 descripserunt.

488 1730 637 1802 Quae
659 1749 787 1790 vero
823 1733 890 1788 ad
918 1734 1220 1804 superbiam
1247 1736 1530 1790 incendunt
1552 1775 1570 1801 ,
1602 1735 1827 1790 vestium
1856 1735 2098 1806 magniﬁ-

504 1830 717 1892 centia,
764 1828 987 1885 :edilicia
1029 1828 1303 1898 splendida
1335 1868 1352 1894 ,
1398 1829 1718 1884 famulorum
1768 1827 2050 1883 multitudo
2075 1868 2093 1896 ,

509 1936 631 1989 qua:
661 1920 742 1974 vel
770 1919 965 1975 invitos
1005 1934 1150 1990 saepe
1182 1921 1235 1976 in
1264 1920 1569 1991 superbiam
1600 1920 1926 1991 conjiciunt;
1957 1920 2092 1987 hinc,

503 2013 757 2084 inquam,
811 2006 988 2068 omnia
1032 2012 1179 2068 illinc
1222 2012 1428 2068 sublata
1468 2021 1611 2069 sunt.
1658 2011 1734 2067 llli
1785 2013 1885 2083 ipsi
1916 2013 2092 2084 ignem

502 2104 841 2169 accendunt,
889 2105 1028 2175 ligna
1055 2113 1241 2161 secant
1264 2144 1281 2171 ,
1306 2114 1576 2175 coquunt,
1610 2104 1906 2175 hospitibus
1931 2106 2094 2161 mini-

502 2207 695 2255 strant.
733 2197 1012 2254 Neminem
1055 2197 1163 2254 illic
1190 2198 1636 2254 contumeliosum
1668 2199 1855 2254 audire
1879 2199 2093 2256 contin-

499 2289 609 2361 git,
643 2305 815 2359 neque
833 2290 1174 2347 contumeliis
1199 2290 1448 2346 allectum
1474 2290 1657 2345 videre
1678 2330 1693 2357 ,
1719 2291 1986 2346 nemiuem
2006 2291 2092 2347 cui

501 2384 880 2454 praecipiatur,
920 2385 1191 2441 nemiuem
1238 2384 1639 2455 praecipientem
1699 2400 1714 2438 :
1763 2385 1859 2441 sed
1903 2400 2093 2441 omnes

501 2477 729 2532 ministri
778 2486 936 2545 sunt,
975 2477 1172 2546 singuli
1220 2476 1489 2547 hospitum
1537 2478 1701 2548 pedes
1733 2478 1992 2545 abluunt,
2037 2487 2095 2533 et

499 2585 692 2641 magna
735 2569 834 2625 hac
861 2570 913 2624 in
940 2586 999 2625 re
1036 2579 1120 2625 est
1141 2572 1470 2626 concertatio
1507 2572 1546 2623 '.
1577 2570 1631 2625 Id
1658 2586 1820 2641 porro
1849 2569 2089 2637 faciunt,

502 2677 608 2716 non
655 2662 987 2732 iuquireutcs
1030 2662 1151 2732 quis
1192 2663 1297 2727 sit,
1342 2678 1410 2718 an
1442 2677 1630 2719 servus
1653 2705 1670 2730 ,
1700 2677 1769 2718 an
1793 2663 1967 2730 liber;
1997 2663 2093 2720 sed

488 2768 625 2827 erga
651 2767 842 2809 omnes
869 2755 968 2809 hoc
1007 2754 1362 2810 ministerimn
1389 2756 1631 2826 implent.
1660 2755 1847 2811 Nullus
1875 2756 1945 2812 ibi
1977 2771 2093 2811 ma-

497 2859 637 2914 gnus
655 2883 672 2910 ,
711 2852 806 2899 aut
848 2859 1063 2915 parvus.
1105 2846 1241 2912 Quid
1270 2846 1428 2918 igitur
1453 2848 1561 2901 tau
1587 2847 1875 2903 confusio?
1898 2849 2088 2913 Absit;

497 2935 595 2990 sed
633 2934 869 3007 optimus
911 2936 1065 2990 ordo.
1095 2936 1315 2993 Etiamsi
1338 2937 1480 2993 enim
1507 2938 1627 3008 quis
1654 2954 1848 3009 parvos
1871 2940 1973 3004 sit,
1999 2941 2089 3011 qui

498 3044 725 3101 magnus
749 3039 834 3086 est
861 3028 926 3084 ad
956 3029 1007 3085 id
1036 3046 1141 3085 non
1170 3032 1421 3101 respicit,
1453 3032 1547 3087 sed
1575 3047 1635 3087 se
1660 3033 1754 3087 illo
1782 3028 2090 3088 inferiorem

498 3133 684 3194 putat,
734 3130 790 3179 et
829 3122 951 3179 ideo
988 3125 1160 3194 major
1182 3125 1435 3181 efficitur.
1465 3124 1580 3182 Una
1608 3141 1791 3183 mensa
1818 3129 2088 3196 omnibus,

496 3216 871 3285 servieutibus,
899 3217 1229 3285 sedentibus,
1252 3219 1441 3276 eadem
1459 3221 1733 3289 alimenta,
1754 3223 2086 3293 indumenta,

496 3307 702 3364 eaedem
741 3307 919 3376 domi,
955 3317 1012 3364 et
1036 3325 1205 3380 genus
1225 3310 1436 3367 vivendi
1464 3313 1626 3368 idem.
1657 3314 1878 3383 Magnus
1906 3316 1977 3371 ibi
2006 3325 2091 3372 est

495 3401 586 3471 qui
616 3402 805 3456 viliora
830 3416 997 3471 opera
1023 3402 1238 3473 abripit.
1262 3403 1380 3459 Non
1409 3413 1496 3460 est
1521 3405 1593 3460 ibi
1624 3404 1796 3462 Meum
1808 3416 1865 3463 et
1879 3406 2086 3475 Tuum;

496 3492 594 3547 sed
633 3494 735 3549 hoc
777 3494 999 3550 verbum
1042 3495 1169 3552 inde
1203 3496 1411 3553 exsulat
1441 3536 1457 3564 ,
1484 3499 1628 3570 quod
1651 3499 1799 3555 mille
1824 3498 2086 3561 bellorum

493 3606 659 3649 causa
676 3600 785 3651 est.

568 3686 621 3741 4.
653 3685 854 3756 Ecquid
882 3686 1115 3753 miraris,
1143 3687 1188 3743 si
1222 3703 1392 3760 genus
1418 3689 1655 3758 vivendi,
1687 3705 1893 3756 mensa,
1921 3692 2089 3749 vestis

497 3792 603 3834 una
633 3780 703 3835 sit
741 3779 992 3836 omnibus
1015 3821 1032 3847 ,
1081 3782 1509 3852 quandoquidem
1553 3793 1609 3839 et
1646 3785 1822 3839 anima
1853 3800 1955 3839 una
2004 3795 2087 3841 est

497 3872 752 3928 onmihus
781 3872 880 3946 (α),
913 3888 1020 3928 non
1050 3874 1343 3930 secundum
1368 3875 1721 3932 substantiam
1748 3877 1906 3934 modo
1933 3879 2088 3951 (haec

495 3964 640 4020 enim
666 3978 767 4019 una
796 3964 849 4020 in
872 3965 1121 4022 omnibus
1147 3966 1277 4036 est),
1308 3966 1401 4022 sed
1430 3969 1726 4024 secundum
1750 3971 2030 4027 caritatem
2059 3971 2085 4026 ἲ

494 4056 776 4122 Quomodo
820 4057 978 4128 igitur
1006 4057 1118 4129 ipsa
1148 4069 1330 4115 contra
1373 4061 1607 4131 seipsam
1643 4063 1916 4134 superbiat
1964 4080 2086 4120 um-

487 4152 697 4222 quam?
720 4151 837 4207 Non
869 4162 954 4208 est
979 4152 1051 4208 ibi
1084 4163 1366 4223 paupertas
1386 4196 1401 4219 ,
1451 4171 1556 4212 non
1587 4157 1804 4224 divitiaz,
1835 4175 1941 4213 non
1970 4161 2085 4231 glo-

494 4246 574 4300 ria
598 4283 614 4310 ,
647 4258 751 4301 nou
794 4244 1031 4299 infamia.
1061 4245 1340 4314 Quomodo
1371 4247 1495 4301 illnc
1533 4260 1806 4318 receptum
1856 4251 2086 4307 habeant

493 4337 743 4406 superbia
769 4345 827 4393 et
859 4337 1204 4408 arrogantia?
1231 4336 1367 4394 Sunt
1393 4340 1538 4394 enim
1561 4348 1618 4396 et
1642 4341 1849 4396 minimi
1888 4352 1945 4398 et
1971 4361 2087 4400 ma-

490 4428 583 4499 gni
611 4428 902 4483 secundum
933 4430 1194 4484 rationem
1220 4431 1466 4498 virtutis;
1494 4432 1588 4488 sed
1613 4475 1631 4501 ,
1659 4443 1718 4488 ut
1741 4434 1850 4491 dixi
1877 4476 1893 4502 ,
1922 4452 2083 4493 nemo

493 4519 596 4575 hoc
620 4519 785 4575 videt.
824 4519 925 4588 Qui
955 4536 1154 4590 parvus
1193 4532 1276 4579 est
1305 4538 1409 4578 non
1440 4525 1654 4596 angitur
1696 4530 1848 4598 quasi
1887 4529 2081 4600 despe-

488 4622 646 4668 ctus:
690 4627 849 4667 nemo
887 4614 1085 4685 quippe
1123 4625 1209 4671 est
1250 4616 1339 4686 qui
1383 4616 1672 4688 despiciat;
1710 4622 1918 4676 etiamsi
1954 4639 2083 4680 vero

489 4713 634 4761 esset
657 4705 747 4775 qui
770 4704 1111 4776 despiceret,
1145 4708 1196 4761 in
1224 4706 1328 4764 hoc
1370 4710 1603 4765 maxime
1629 4711 1951 4769 erudiuntur
1973 4755 1989 4779 ,
2024 4724 2081 4771 ut

488 4796 783 4863 contemni,
805 4798 1030 4869 despici,
1051 4799 1303 4870 vilipendi
1326 4814 1655 4872 assuescant,
1674 4805 1872 4873 verbis,
1897 4807 2080 4874 rebus,

488 4905 610 4946 cum
639 4891 898 4948 mendicis
927 4901 983 4949 et
1009 4893 1208 4950 inutilis
1238 4906 1519 4951 versentur
1539 4930 1556 4963 ,
1586 4905 1643 4952 et
1680 4898 1733 4952 in
1761 4912 1949 4955 mensa
1996 4902 2082 4968 ip.»

488 4996 672 5037 sorum
702 4983 900 5039 multos
945 4983 1248 5055 hujusmodi
1286 4987 1539 5043 convivas
1585 4987 1805 5057 videas;
1851 4989 2080 5062 ideoque

488 5076 626 5132 ca‘lo
647 5086 772 5132 sunt
796 5078 963 5149 digni.
994 5080 1145 5135 Alius
1168 5081 1394 5137 vulnera
1430 5090 1585 5137 curat
1607 5083 1734 5154 τεθνί
1755 5126 1770 5149 ,
1802 5085 1938 5139 alius
1965 5100 2076 5141 cae-

486 5185 612 5226 cum
641 5169 808 5236 ducit,
837 5171 975 5225 alius
996 5174 1239 5228 muti'uzn
1263 5186 1456 5246 gestat.
1483 5177 1597 5232 Non
1636 5179 1707 5233 ibi
1735 5179 2073 5237 adulatorum

484 5273 711 5330 emtum,
740 5278 847 5320 non
873 5267 1228 5335 parasitorum
1256 5270 1436 5324 videas
1461 5288 1473 5323 :
1501 5271 1607 5325 imo
1629 5288 1729 5329 nec
1753 5274 1931 5329 sciunt
1951 5274 2075 5344 quid

486 5361 559 5415 sit
599 5359 854 5416 adulatio.
889 5358 1163 5416 Undenam
1192 5378 1320 5433 ergo
1347 5364 1627 5434 superbire
1657 5368 1912 5436 possent?
1939 5368 2071 5423 Nam

487 5453 653 5509 multa
681 5451 821 5525 apud
851 5452 972 5510 illos
1000 5453 1275 5525 aequalitas
1302 5462 1386 5510 cst
1418 5473 1430 5509 :
1461 5456 1582 5514 ideo
1615 5459 1781 5513 multa
1807 5458 1873 5515 ad
1906 5463 2076 5514 virtu-

552 5651 569 5717 !
597 5648 679 5717 tris
690 5651 869 5717 adjecit
891 5653 1077 5713 Morel.,
1103 5660 1236 5706 tmte
1257 5662 1327 5707 est
1349 5654 1544 5709 illorum
1565 5655 1828 5711 humilitas.

549 5713 774 5785 (auiae,
791 5717 1191 5785 quandoquidem
1206 5725 1252 5769 α
1275 5718 1437 5770 anima
1456 5733 1555 5770 una
1574 5726 1645 5785 est
1666 5722 1904 5785 omnibus,
1929 5739 1957 5774 a
1979 5724 2075 5779 Co-

485 5774 597 5844 dice
618 5774 728 5831 θυι,
753 5774 856 5844 et}:
876 5774 1045 5829 savili'o
1069 5786 1286 5844 mutuata
1302 5788 1443 5841 sunt;
1468 5783 1594 5844 apud
1616 5782 1783 5836 Morel.
1797 5774 2080 5840 etComme-

488 5835 576 5886 τω.
599 5847 775 5884 omissa
796 5836 990 5889 fuerant
1011 5845 1209 5906 propter
1226 5835 1662 5897 homoeoteleuton.

1237 409 1294 466 S.
1334 403 1611 464 JOANNIS
1637 397 2115 460 CHRYSOSTOMI
2151 399 2485 461 ARCHIEP.‘
2506 405 3048 469 CONSTANTINOP.

3694 413 3797 473 673

2213 524 2324 574 tem
2349 519 2594 579 facilitas.
2625 523 2836 583 Etenim
2866 527 2931 583 iis
2958 526 3200 584 rndiores
3224 530 3393 602 magis
3420 531 3795 604 instituuntur,

2208 628 2365 684 quam
2392 618 2437 671 sl
2465 627 2785 689 cogerentur
2811 620 2942 689 ipsis
2986 621 3187 691 primas
3224 623 3539 680 concedere.
3590 624 3793 693 Quem-

2206 706 2493 765 admodum
2522 711 2665 766 enim
2693 711 2949 769 audacem
2980 755 3004 780 ,.
3027 714 3118 785 qui
3155 728 3438 784 percussus
3459 717 3639 786 cedit,
3666 735 3795 774 eru-

2206 799 2324 856 dire
2363 802 2503 858 solet
2537 819 2553 858 :
2599 804 2678 859 sic
2717 813 2773 861 et
2826 804 3165 860 ambitiosum
3208 806 3253 861 is
3292 809 3380 878 qui
3424 810 3645 879 gloriam
3683 814 3797 868 nun

2205 895 2395 965 qurrrit
2423 936 2440 962 ,
2483 896 2576 952 sed
2604 897 2853 968 despicit.
2898 899 2953 954 ld
2978 899 3127 968 quod
3160 899 3234 954 illi
3269 899 3673 971 diligentissime
3711 904 3793 959 fa-

2205 987 2354 1041 eiunt
2379 1004 2393 1041 :
2425 995 2480 1043 et
2508 998 2763 1060 quantum
2791 1004 2890 1043 nos
2912 1006 3207 1061 pugnamus
3231 1033 3244 1056 ,
3274 1002 3334 1048 ut
3372 994 3571 1063 primas
3598 1011 3793 1053 conse-

2205 1095 2455 1152 quamur,
2489 1091 2691 1138 tantum
2724 1083 2797 1138 illi
2824 1083 3122 1152 decertant,
3150 1094 3209 1140 ut
3234 1103 3339 1142 non
3369 1102 3797 1159 consequantur,

2206 1171 2298 1227 sed
2323 1172 2675 1243 dejieiantur;
2704 1174 3026 1247 studentque
3047 1185 3107 1232 ut
3132 1176 3355 1233 honoris
3380 1177 3605 1234 multum
3642 1180 3794 1236 defe-

2204 1273 2346 1329 rant,
2378 1279 2484 1318 non
2516 1273 2573 1319 ut
2595 1266 2914 1336 recipiant‘.

2278 1355 2563 1412 Monac/ias
2591 1359 2699 1428 ipse
2742 1360 2940 1414 vivendi
2965 1359 3145 1415 modus
3168 1360 3239 1414 ad
3263 1360 3601 1417 humilitatem
3645 1364 3793 1418 incli-

2203 1457 2315 1504 nat.
2357 1447 2610 1521 Exempla
2636 1451 2938 1508 humilitatis
2964 1468 2997 1506 a
3019 1452 3206 1507 sanctis
3244 1453 3431 1507 tradita
3447 1494 3463 1521 ,
3493 1455 3670 1526 quibus
3689 1472 3792 1511 non

2204 1537 2540 1593 humilitatem
2567 1542 2841 1612 perniciem
2870 1541 3441 1613 aﬂ'erent.—Alioquin
3471 1554 3649 1600 autem
3678 1548 3791 1616 ipsa

2204 1645 2367 1701 opera
2398 1631 2714 1689 modestiam
2747 1635 3003 1692 exhibere
3026 1636 3244 1704 docent,
3275 1651 3375 1692 nec
3401 1638 3588 1694 sinunt
3622 1647 3793 1695 tume—

2200 1737 2281 1777 re.
2328 1723 2460 1792 Quis
2483 1725 2625 1780 enim
2650 1767 2668 1794 ,
2712 1742 2895 1798 quaeso
2917 1768 2931 1793 ,
2966 1736 3160 1783 terram
3191 1728 3401 1784 fodiens
3428 1771 3445 1798 ,
3486 1730 3713 1801 irrigans
3736 1740 3791 1787 et

2203 1814 2469 1884 plantans,
2493 1817 2759 1887 sportulas
2785 1828 3027 1888 nectens,
3055 1834 3376 1891 saccumque
3397 1836 3685 1889 consuetis,
3707 1822 3790 1877 vel

2200 1909 2303 1964 alia
2333 1910 2576 1982 qutcdam
2607 1919 2864 1979 tractans,
2894 1914 3059 1968 altum
3084 1929 3336 1983 umquam
3358 1915 3569 1985 sapiat?
3592 1917 3712 1986 quis
3735 1919 3791 1971 in

2199 2012 2514 2072 paupertate
2541 2004 2749 2067 vivens.
2779 2016 2829 2061 et
2853 2020 2976 2061 cum
3007 2004 3147 2062 fame
3165 2021 3406 2077 pugnans
3427 2046 3443 2074 ,
3473 2009 3577 2065 hoc
3602 2010 3798 2066 morbo

2199 2092 2500 2149 laborabit?
2523 2094 2693 2150 Nemo
2718 2106 2884 2152 certe.
2919 2096 3042 2152 Ideo
3068 2097 3236 2152 facilis
3262 2097 3366 2154 illis
3389 2107 3472 2153 est
3497 2098 3791 2155 humilitas.

2199 2184 2278 2240 Ac
2304 2187 2752 2256 quemadmodum
2779 2188 2868 2244 hic
2892 2189 3149 2245 modestia
3182 2190 3418 2247 difficilis
3444 2200 3529 2247 est
3552 2192 3625 2248 ob
3645 2193 3789 2248 mul-

2200 2276 2480 2334 titudinem
2528 2279 2892 2349 plaudentium
2923 2290 2978 2336 et
3005 2279 3351 2337 mirantium:
3380 2284 3461 2339 sic
3489 2283 3561 2338 ibi
3598 2283 3793 2340 admo-
3832 2356 3833 2359 η

2206 2369 2334 2425 dum
2380 2370 2550 2427 facilis
2589 2382 2691 2427 est.
2742 2372 3033 2427 Monachus
3085 2375 3228 2430 enim
3275 2373 3545 2431 solitudini
3588 2383 3797 2430 tantum

2200 2462 2450 2531 attendit,
2473 2478 2601 2520 aves
2623 2464 2768 2520 videt
2794 2466 3057 2535 volantes,
3079 2468 3407 2538 arboresque
3432 2478 3593 2523 vento
3621 2469 3789 2539 agita-

2200 2564 2302 2624 tas,
2333 2557 2625 2627 spirantem
2656 2559 2972 2632 zephyrum,
3005 2570 3274 2618 torrentes
3299 2577 3397 2633 per
3421 2563 3585 2618 valles
3608 2562 3787 2619 defer-

2198 2647 2265 2702 ri.
2298 2647 2452 2704 Unde
2476 2663 2606 2720 ergo
2630 2650 2920 2706 extollatur
2958 2651 3049 2721 qui
3076 2652 3128 2707 in
3157 2652 3465 2723 bnjusmodi
3501 2654 3796 2712 solitudine

2198 2741 2372 2796 vivat?
2395 2741 2513 2798 Non
2544 2753 2720 2799 tamen
2747 2742 2869 2799 ideo
2888 2745 3288 2800 excusationem
3315 2760 3418 2801 nos
3447 2745 3791 2813 habebimus.

2196 2836 2322 2904 quia
2376 2834 2429 2890 in
2478 2836 2656 2893 media
2699 2836 3041 2893 multitudine
3079 2847 3390 2903 versantes,
3435 2837 3601 2892 altum
3642 2838 3788 2908 sapi-

2196 2942 2337 2981 mus.
2384 2927 2599 2983 Etenim
2653 2929 2924 2984 Abraham
2990 2930 3132 2985 inter
3182 2929 3512 2986 Chananzeos
3568 2943 3789 2986 versans

2196 3020 2446 3076 dicebat:
2479 3020 2594 3093 Ego
2623 3038 2735 3076 sum
2763 3032 2917 3087 terra,
2951 3031 2998 3077 et
3025 3023 3153 3078 cinis
3173 3021 3327 3087 (Gen.
3359 3024 3447 3078 i8.
3470 3022 3589 3093 26);
3609 3032 3659 3080 et
3686 3023 3787 3079 Da-

2197 3112 2283 3167 vid
2311 3113 2361 3167 in
2389 3114 2569 3169 medio
2599 3117 2839 3170 exercitu
2865 3132 2879 3168 :
2915 3114 3026 3187 Ego
3051 3126 3220 3171 autem
3242 3132 3355 3171 sum
3384 3117 3586 3181 vermis,
3616 3127 3790 3172 etnon

2195 3203 2346 3259 Itonia
2376 3203 2550 3274 (Psat.
2599 3206 2693 3260 2i.
2740 3205 2840 3279 6):
2874 3215 2930 3262 et
2958 3204 3246 3276 Apostolus
3294 3206 3346 3261 in
3394 3205 3571 3262 modo
3616 3205 3786 3263 orbe:

2196 3295 2321 3353 Non
2348 3315 2462 3353 sum
2485 3300 2667 3371 dignus
2694 3299 2866 3355 vocari
2891 3299 3150 3371 apostolus
3174 3299 3253 3371 (1.
3283 3297 3403 3357 Cor.
3440 3300 3527 3356 l5.
3554 3300 3631 3371 9).
3655 3300 3784 3369 Qua:

2194 3390 2356 3461 igitur
2384 3391 2540 3447 nobis
2564 3394 2668 3447 erit
2707 3394 3008 3448 consolatio
3029 3432 3045 3455 ,
3074 3407 3193 3462 quae
3221 3392 3466 3451 defensio
3483 3434 3498 3458 .
3543 3408 3664 3449 cum
3707 3402 3786 3450 tot

2195 3483 2485 3553 propositis
2502 3485 2765 3554 exemplis
2784 3501 2890 3540 non
2913 3485 3157 3541 modeste
3182 3488 3443 3557 agamus?
3469 3486 3621 3544 Sicut
3640 3487 3786 3542 enim

2195 3574 2273 3629 illi
2301 3575 2447 3630 mille
2475 3584 2600 3631 sunt
2620 3577 2837 3632 coronis
2868 3577 3050 3648 digni,
3082 3577 3171 3648 qui
3201 3579 3357 3648 primi
3404 3579 3616 3635 virtutis
3643 3580 3782 3635 viam

2193 3665 2432 3721 inierunt
2457 3684 2471 3721 :
2499 3667 2578 3722 sic
2604 3683 2703 3722 nos
2729 3669 2876 3725 mille
2910 3670 3183 3741 suppliciis
3219 3670 3298 3727 rei
3320 3686 3541 3739 sumus,
3568 3672 3659 3742 qui
3703 3681 3787 3730 tot

2193 3760 2437 3828 exempla
2486 3762 2758 3831 proposita
2799 3770 2855 3825 et
2893 3762 3159 3833 descripta
3189 3761 3483 3829 habentes,
3530 3773 3651 3835 post
3691 3763 3783 3820 illa

2193 3866 2300 3905 non
2322 3850 2565 3906 modeste
2592 3853 2830 3922 sapimus
2853 3892 2870 3921 ,
2897 3868 3071 3924 neque
3101 3854 3223 3910 illos
3242 3854 3524 3933 defunctos
3547 3894 3564 3922 ,
3606 3870 3787 3926 neque

2193 3941 2291 3998 hos
2321 3959 2462 4000 nunc
2494 3945 2738 4001 viventes
2758 3986 2776 4012 ,
2816 3955 2873 4002 et
2895 3962 2961 4002 ex
2980 3947 3149 4016 gestis
3172 3946 3512 4002 admirationi
3543 3946 3779 4014 habitos,

2192 4035 2385 4092 imitari
2416 4038 2808 4094 contendimus.
2835 4038 2972 4107 Quid
2997 4040 3141 4097 enim
3162 4040 3343 4096 dicere
3373 4040 3566 4111 possis,
3599 4040 3643 4095 si
3671 4056 3782 4098 non

2191 4130 2509 4201 resipiscas?
2534 4132 2741 4187 Literas
2771 4149 2878 4187 non
2908 4134 3069 4200 nosti,
3100 4148 3198 4188 nec
3223 4132 3529 4202 Scripturas
3566 4135 3736 4202 legisti
3759 4175 3779 4200 ,

2191 4231 2251 4276 ut
2294 4232 2535 4279 veterum
2580 4224 2805 4279 virtutes
2845 4224 3155 4280 edisceres?
3182 4225 3342 4296 Atqui
3383 4224 3498 4279 haec
3549 4226 3780 4281 maxima

2189 4317 2344 4386 culpa
2374 4326 2460 4371 tua
2491 4326 2592 4381 est,
2627 4317 2769 4388 quod
2796 4317 3024 4373 ecclesia
3053 4318 3146 4374 tibi
3177 4333 3393 4389 semper
3412 4326 3617 4388 pateat,
3644 4330 3700 4373 ut
3725 4320 3781 4375 in

2189 4408 2338 4478 puris
2383 4409 2488 4464 illis
2534 4408 2750 4465 fluentis
2797 4408 3031 4464 haurias.
3081 4410 3343 4466 Caeterum
3391 4411 3437 4465 si
3488 4411 3611 4467 illos
3650 4412 3782 4469 olim

2189 4508 2404 4555 satietas
2452 4516 2547 4569 per
2588 4501 2878 4571 Scriptura:
2907 4501 3189 4557 lectionem
3235 4517 3340 4557 non
3390 4502 3647 4569 noveris,
3681 4502 3780 4558 hos

2189 4606 2319 4648 sane
2346 4592 2589 4649 viventes
2611 4593 2807 4648 vidisse
2832 4593 3083 4664 Oportuit.
3120 4593 3226 4650 Sed
3263 4595 3441 4649 nullus
3481 4594 3682 4665 estqui
3726 4604 3781 4651 te

2187 4684 2386 4741 ducat?
2413 4686 2493 4740 Ad
2517 4701 2604 4741 me
2629 4686 2846 4751 accede,
2877 4701 2979 4757 ego
3005 4687 3097 4741 tibi
3129 4687 3440 4742 monstrabo
3470 4696 3779 4744 sanctorum

2187 4775 2501 4831 diversoria.
2556 4775 2728 4843 Veni,
2761 4787 2813 4832 et
2856 4777 2925 4832 ab
2948 4778 3066 4833 aliis
3108 4794 3231 4849 quae
3279 4778 3492 4835 utilitati
3530 4780 3628 4837 tibi
3673 4782 3781 4837 sint

2187 4868 2330 4923 audi.
2383 4870 2444 4924 lli
2474 4870 2708 4925 lucernae
2748 4880 2873 4925 sunt
2904 4885 2999 4940 per
3025 4878 3193 4925 totum
3238 4872 3422 4927 orbem
3471 4871 3775 4944 fulgentes:

2191 4977 2287 5032 pro
2343 4966 2512 5017 muris
2554 4971 2679 5016 sunt
2718 4962 2954 5018 urbibus.
3001 4963 3126 5018 Ideo
3168 4964 3511 5020 solitudinem
3550 4980 3780 5037 occupa-

2191 5062 2346 5119 runt,
2377 5063 2436 5108 ut
2463 5064 2513 5110 te
2541 5054 2770 5109 (luceant
2816 5056 3070 5109 tumultus
3098 5055 3332 5110 civitatis
3359 5055 3655 5128 despicere.
3696 5057 3773 5111 llli

2192 5147 2334 5200 enim
2364 5157 2546 5217 utpote
2578 5148 2829 5203 fortiores
2855 5189 2871 5212 ,
2901 5156 3125 5218 possunt
3165 5149 3217 5203 in
3243 5149 3419 5204 media
3461 5158 3773 5219 tempestate

2189 5241 2572 5310 tranquillitate
2598 5241 2696 5294 frui
2723 5257 2736 5295 :
2768 5240 2861 5295 tibi
2889 5255 3019 5295 vero
3041 5281 3058 5306 ,
3088 5241 3179 5310 qui
3207 5240 3443 5313 undique
3464 5240 3772 5312 exagitaris,

2185 5333 2366 5404 quiete
2390 5350 2527 5403 Opus
2554 5343 2658 5399 est,
2687 5345 2743 5388 ut
2768 5334 3041 5402 paululum
3070 5349 3099 5387 a
3127 5334 3493 5406 frequentibus
3522 5334 3775 5396 procellis

2185 5425 2454 5496 respirare
2499 5426 2694 5495 possis.
2740 5426 2863 5481 Illos
2910 5426 3088 5496 itaque
3131 5425 3438 5497 frequenter
3477 5425 3673 5493 adeas,
3720 5432 3778 5481 ut

2185 5532 2372 5573 eorum
2421 5516 2669 5588 precibus
2702 5529 2759 5576 et
2788 5518 3004 5573 monitis
3040 5517 3275 5573 maculas
3313 5517 3497 5585 cluas,
3541 5527 3596 5573 et
3626 5516 3774 5584 hanc

2185 5612 2346 5669 vitam
2372 5614 2578 5682 optime
2602 5612 2809 5667 emetiri
2851 5612 3059 5683 possis,
3102 5620 3159 5666 ut
3184 5610 3359 5667 futura
3408 5609 3550 5666 bona
3579 5623 3768 5666 consc-

2185 5795 2507 5910 M;wori3dam,
2530 5795 2813 5861 audentque
2851 5792 3034 5859 primas
3074 5800 3261 5857 tenere,
3288 5790 3651 5857 Itwniiiationis,
3676 5804 3772 5844 non
