4128 6442
476 337 581 396 675

475 456 699 526 quaris,
759 457 926 529 gratia
973 463 1030 511 et
1076 453 1405 526 benignitate
1462 451 1674 507 Domini
1718 451 1888 506 nostri
1939 448 2067 503 Iesu

476 547 697 614 Christi,
748 565 845 620 per
881 564 1038 640 quem
1079 556 1134 604 et
1178 562 1301 603 cum
1341 562 1449 617 quo
1489 546 1633 600 Patri
1658 544 1824 615 gloria
1849 584 1865 610 ,
1890 541 2065 611 impe—

1428 334 1498 392 IN
1533 332 1937 393 IIA'I‘THA'JUM
1976 330 2208 388 IIOMIL.
2249 332 2482 391 LXXI".
2523 336 2574 392 al
2611 336 2846 393 LXXIV.

3661 348 3774 405 67‘

2177 449 2339 513 rium,
2370 451 2543 507 honor
2564 494 2580 517 ,
2608 469 2712 508 una
2737 469 2859 510 cum
2886 463 3076 512 sancto
3114 456 3337 529 Spiritu,
3368 476 3510 518 nunc
3535 471 3590 517 et
3617 478 3768 519 sem-

2176 555 2295 609 per,
2326 550 2381 595 et
2404 542 2463 597 in
2496 544 2690 599 saecula
2717 546 3059 602 saeculorum.
3089 551 3285 605 Amen.

483 662 588 682 ’.-
1551 728 1901 792 HOMILIA
1942 719 2236 785 LXXIII.
2282 721 2370 782 al.
2416 723 2703 786 LXXIV.

473 880 606 937 Cn.
643 879 736 935 25.
763 895 817 933 ν.
846 878 932 935 ﬂ.
969 876 1063 932 Va:
1103 877 1273 942 vobis,
1304 876 1481 930 scribat
1522 883 1568 930 et
1608 872 1860 927 Pharisaei
1903 870 2065 942 [typo-

544 976 686 1030 crittz
712 1016 728 1040 ,
775 975 897 1045 quia
951 974 1200 1027 devoratis
1247 971 1423 1025 domos
1482 970 1789 1034 viduarum,
1838 967 2067 1019 oratione

545 1066 696 1136 longa
727 1075 928 1120 orantes
967 1064 1040 1137 (a)
1075 1080 1093 1117 :
1125 1072 1392 1135 prapterea
1411 1062 1673 1133 judicium
1703 1058 1922 1129 amplius
1969 1072 2061 1109 ac-

544 1157 764 1227 cipietis.

548 1248 601 1301 1.
633 1248 768 1303 Hinc
814 1246 926 1316 jam
959 1256 1177 1317 propter
1205 1245 1491 1316 ingluviem
1518 1245 1571 1299 in
1604 1245 1723 1300 illos
1751 1243 2060 1299 invehitur:

474 1339 721 1410 quodque
746 1340 959 1409 gravius
987 1348 1089 1406 est,
1105 1338 1226 1408 quia
1248 1354 1351 1392 nun
1380 1352 1443 1391 ex
1474 1336 1698 1391 divitum
1718 1376 1734 1403 ,
1760 1335 1854 1391 sed
1885 1350 1948 1390 ex
1980 1335 2061 1389 vi-

473 1432 699 1486 duarum
747 1431 1042 1486 substantia
1092 1440 1310 1484 ventres
1367 1428 1702 1498 implebant,
1746 1428 2063 1495 illarumque

471 1533 837 1594 paupertatem
868 1523 1196 1587 atterebant,
1241 1521 1327 1575 cui
1378 1520 1662 1575 subvenire
1717 1519 2061 1587 Oportunisset.

471 1614 586 1671 Non
630 1617 772 1670 enim
817 1614 1130 1684 simpliciter
1171 1613 1430 1674 edebant,
1476 1610 1570 1666 sed
1613 1621 1669 1664 et
1707 1609 2057 1664 devorabant.

470 1706 675 1763 Deinde
700 1722 829 1761 vero
859 1705 1062 1760 fraudis
1088 1705 1275 1759 modus
1302 1704 1516 1773 gravior
1542 1700 1858 1770 exprimitur
1884 1719 1897 1753 :
1930 1698 2062 1751 Ora-

472 1802 606 1854 tione
631 1799 782 1869 longa
806 1808 1024 1852 orantes.
1050 1797 1301 1867 Quisquis
1327 1794 1465 1850 male
1491 1805 1765 1863 Operatur,
1799 1791 2061 1860 supplicio

469 1891 663 1963 dignus
690 1900 808 1945 est:
838 1891 1079 1960 quisquis
1121 1900 1302 1943 autem
1330 1887 1541 1958 pietatis
1570 1888 1791 1942 obtentu
1820 1886 1871 1940 id
1912 1884 2057 1949 facit,

471 1991 527 2039 et
558 1981 729 2036 fallaci
761 1981 940 2052 specie
982 1981 1146 2035 utitur
1175 1978 1240 2033 ad
1269 1978 1559 2048 nequitiam
1588 2019 1601 2041 ,
1632 1977 1789 2047 longe
1828 1977 2058 2046 graviori

471 2083 553 2129 est
582 2074 843 2143 supplicio
885 2072 1168 2127 obnoxius.
1214 2071 1280 2126 Et
1307 2086 1404 2125 cur
1442 2086 1546 2124 non
1575 2068 1743 2139 gradu
1771 2068 1967 2138 deiecit
1992 2068 2057 2122 il-

469 2164 592 2220 los?
638 2165 771 2234 Quia
819 2164 869 2218 id
916 2164 1153 2218 nondum
1185 2172 1394 2232 tempus
1426 2162 1785 2232 permittebat.
1820 2162 1944 2216 Ideo
1974 2161 2057 2216 in-

470 2258 626 2313 terim
667 2258 786 2313 illos
834 2257 1128 2327 relinquit:
1161 2255 1254 2310 sed
1287 2255 1462 2311 verbis
1516 2256 1627 2310 suis
1678 2264 1830 2310 curat
1886 2264 1942 2309 ut
1990 2269 2059 2309 ne

467 2351 702 2423 pupulas
714 2350 1027 2420 decipiatur,
1048 2365 1114 2404 ne
1140 2350 1279 2415 illos,
1299 2359 1480 2418 utpote
1507 2350 1559 2403 in
1587 2349 1844 2419 dignitate
1861 2349 2060 2404 consti-

468 2452 650 2516 tutos,
697 2442 891 2497 imitari
938 2441 1235 2496 studerent.
1282 2439 1413 2508 Quia
1447 2440 1592 2496 enim
1620 2440 1869 2505 dixerat,
1906 2440 2058 2507 Qua:-

466 2553 677 2607 cumque
718 2534 858 2589 vobis
900 2533 1120 2588 dixerint
1166 2533 1355 2603 facite,
1403 2532 1637 2587 ostendit
1682 2546 1926 2602 quaenam
1972 2532 2059 2587 illa

469 2629 616 2684 sint:
650 2642 712 2681 ea
755 2626 963 2680 scilicet
990 2640 1109 2695 qua:
1136 2624 1236 2693 ipsi
1277 2639 1381 2679 non
1416 2632 1611 2691 praeter
1632 2623 1722 2693 jus
1754 2623 1937 2693 fasque
1981 2622 2058 2678 fe-

464 2719 638 2774 cerint
657 2759 673 2784 ,
707 2733 773 2772 ne
802 2717 977 2771 minus
1005 2731 1134 2770 sana
1164 2725 1341 2769 mente
1372 2715 1576 2784 praaditi
1606 2726 1853 2785 putarent
1878 2717 2055 2769 omnia

467 2825 587 2880 quae
617 2809 690 2864 illi
730 2810 964 2862 facerent
1013 2807 1269 2876 permitti.
1317 2808 1405 2862 l5.
1459 2805 1549 2861 νω
1576 2807 1749 2873 vobis,
1797 2807 1973 2861 scriba:
2013 2816 2058 2861 et

467 2896 760 2969 Pharisaei,
814 2901 933 2969 quia
976 2900 1213 2954 clauditis
1250 2916 1457 2970 regnum
1500 2910 1618 2954 ante
1662 2901 1906 2956 homines.
1959 2900 2059 2956 Vos

464 2996 599 3049 enim
629 3011 728 3049 non
756 2992 960 3047 intratis
985 3034 998 3057 ,
1034 3009 1124 3046 nec
1152 2993 1396 3047 intrantes
1426 2994 1714 3063 permittitis
1745 2994 1956 3047 intrare.
1999 2993 2056 3049 Si

464 3090 607 3143 enim
638 3086 842 3142 nemini
887 3085 1146 3156 prodesse
1173 3086 1378 3140 crimen
1418 3094 1501 3141 est.
1523 3127 1539 3152 ,
1585 3101 1781 3140 nocere
1806 3095 1860 3140 et
1890 3087 2058 3155 impe-

463 3179 580 3233 dire
605 3194 762 3247 quam
790 3176 1002 3233 veniam
1031 3176 1332 3230 mereatur?
1358 3176 1494 3243 Quid
1522 3186 1605 3231 est
1645 3176 1771 3231 illud
1790 3218 1808 3244 ,
1839 3175 2052 3231 Intran-

465 3268 579 3323 tes?
611 3269 663 3323 Id
692 3278 794 3332 est,
824 3267 1067 3323 idoneos.
1093 3266 1223 3321 Nam
1250 3266 1461 3335 quando
1486 3266 1604 3320 aliis
1631 3277 1895 3337 praecepta
1923 3266 2059 3322 dare

461 3360 767 3432 oportebat,
797 3375 959 3415 onera
1000 3360 1353 3414 intolerabilia
1398 3359 1779 3430 imponebant;
1810 3376 1931 3415 cum
1959 3376 2056 3415 au-

465 3464 572 3508 tem
603 3454 747 3522 ipsos
769 3451 894 3522 quid
927 3462 1182 3522 praastare
1211 3467 1306 3520 par
1339 3460 1485 3514 erat,
1521 3463 1646 3507 tunc
1675 3469 1707 3509 e
1736 3453 2008 3509 contrario
2033 3494 2053 3521 ,

464 3560 571 3600 non
598 3544 759 3600 modo
788 3545 921 3600 nihil
964 3545 1268 3610 faciebant,
1300 3545 1393 3599 sed
1424 3545 1567 3616 quod
1608 3547 1768 3618 longe
1816 3547 2052 3603 deterius

463 3646 565 3702 est,
596 3638 731 3692 alios
754 3638 914 3692 etiam
936 3636 1371 3706 corrumpebant.
1403 3637 1467 3691 Hi
1488 3626 1614 3694 sunt
1637 3639 1726 3709 qui
1759 3650 1938 3707 pestes
1959 3656 2053 3709 ap-

464 3728 732 3799 pellantur
754 3768 769 3793 ,
798 3729 888 3798 qui
933 3727 984 3781 in
1018 3743 1152 3796 opus
1192 3727 1293 3781 sibi
1320 3736 1559 3782 statuunt
1601 3729 1830 3784 aliorum
1873 3731 2052 3799 perni-

461 3825 600 3877 ciem
620 3864 636 3888 ,
664 3823 805 3893 veris
831 3822 1143 3877 doctoribus
1168 3836 1234 3876 ex
1263 3821 1527 3877 diametro
1557 3822 1810 3891 Oppositi.
1842 3822 1972 3876 Nam
2003 3823 2049 3877 si

462 3911 697 3967 doctoris
721 3922 802 3967 est
834 3920 1145 3978 pereuntem
1174 3926 1390 3966 serrare
1410 3951 1428 3977 ,
1475 3911 1702 3981 perdere
1745 3927 1867 3966 eum
1894 3953 1910 3977 ,
1958 3912 2049 3981 qui

461 4002 756 4056 servandus
783 4011 897 4056 erat
919 4043 934 4068 ,
975 4000 1210 4071 pestiferi
1264 4001 1495 4054 hominis
1523 4012 1624 4055 est.
1652 4002 1812 4056 Aliud
1852 4000 2048 4056 deinde

460 4094 663 4148 crimen
713 4093 991 4161 sequitur:
1026 4093 1111 4147 15.
1161 4092 1396 4147 Circuitis
1447 4109 1586 4147 mare
1613 4103 1662 4147 et
1706 4094 1905 4147 aridam
1932 4136 1945 4159 ,
1994 4104 2047 4147 ut

460 4187 767 4257 proselytum
795 4201 953 4238 unum
982 4185 1214 4256 faciatis;
1260 4193 1308 4238 et
1348 4201 1465 4238 cum
1503 4185 1827 4251 inveneritis,
1878 4186 2046 4253 facilis

458 4278 605 4332 illum
649 4279 811 4347 ﬁlium
856 4278 1097 4349 geltennte
1126 4278 1281 4348 duplo
1311 4279 1471 4348 magis
1499 4295 1649 4349 quam
1680 4294 1797 4344 vos,
1831 4278 1881 4333 id
1919 4290 2000 4334 est
2026 4320 2042 4345 ,

458 4368 590 4423 Cum
616 4369 700 4423 vix
727 4385 850 4423 eum
891 4380 945 4424 et
991 4378 1110 4439 post
1135 4370 1330 4425 multos
1375 4372 1585 4424 labores
1615 4372 1865 4442 ceperitis
1887 4413 1901 4435 ,
1938 4390 2045 4427 non

458 4461 675 4531 parcitis
703 4470 879 4516 tamen
922 4462 1032 4527 illi;
1077 4470 1407 4518 cumtamen
1448 4477 1510 4515 ea
1548 4478 1667 4532 quae
1694 4464 1777 4516 vix
1821 4478 2041 4531 compa-

460 4567 582 4607 rare
622 4553 893 4621 potuimus
918 4593 931 4616 ,
966 4552 1153 4619 majori
1184 4553 1360 4606 studio
1401 4566 1711 4607 servemus:
1744 4570 1841 4609 vos
1867 4565 2045 4608 autem

458 4659 527 4698 ne
576 4644 626 4698 id
670 4644 881 4720 quidem
929 4645 1314 4700 moderatiores
1351 4644 1545 4699 reddit.
1600 4644 1697 4699 Hic
1740 4661 1900 4714 porro
1937 4645 2046 4721 duo

456 4738 562 4792 illis
592 4739 815 4793 crimina
857 4738 1046 4803 olfert;
1082 4738 1288 4807 primo,
1325 4737 1466 4808 quod
1503 4738 1568 4791 ad
1595 4741 1817 4794 salutem
1847 4738 2044 4801 multo-

457 4845 576 4885 rum
604 4831 816 4885 iuutiles
844 4833 984 4895 sint,
1019 4847 1140 4886 eum
1182 4830 1350 4884 multo
1379 4830 1575 4885 sudore
1611 4847 1747 4901 opus
1778 4831 2005 4887 habeant
2026 4875 2041 4899 ,

457 4933 516 4975 ut
559 4938 720 4977 unum
752 4923 1056 4989 attrahant;
1100 4922 1336 4978 secundo
1356 4965 1371 4988 ,
1402 4923 1542 4994 quod
1571 4926 1898 4996 negligentes
1937 4927 2046 4980 sint

456 5013 522 5069 ad
549 5015 841 5069 custodiam
874 5015 990 5085 ejus
1014 5031 1169 5085 quem
1200 5016 1377 5085 adepti
1409 5024 1566 5082 sunt;
1597 5018 1705 5070 imo
1742 5035 1847 5072 non
1880 5018 2040 5074 modo

457 5107 779 5177 negligentes
803 5148 817 5171 ,
848 5106 942 5160 sed
972 5108 1130 5160 etiam
1157 5107 1486 5177 proditores,
1516 5124 1637 5163 cum
1680 5124 1773 5165 eos
1802 5127 1864 5165 ex
1895 5111 2032 5168 male

455 5195 664 5252 vivendi
694 5198 939 5267 exemplo
983 5198 1280 5252 deteriores
1307 5199 1522 5253 faciant.
1572 5199 1703 5254 Cum
1734 5202 1875 5255 enim
1911 5203 2042 5258 tales

455 5289 705 5345 doctores
725 5290 1014 5359 discipulus
1044 5289 1251 5353 viderit,
1287 5291 1437 5360 pejor
1464 5291 1700 5346 redditur
1725 5311 1737 5346 :
1771 5310 1873 5349 non
1900 5296 2041 5350 enim

455 5379 677 5450 gradum
706 5381 845 5434 sistit
876 5382 926 5434 in
957 5380 1189 5435 doctoris
1218 5383 1297 5435 sui
1330 5384 1599 5453 nequitia;
1630 5386 1723 5439 sed
1767 5387 1810 5441 si
1846 5388 2041 5456 probus

456 5470 616 5526 fuerit
639 5515 654 5537 ,
682 5471 854 5542 ipsum
884 5472 1154 5537 imitatur;
1186 5474 1266 5527 sin
1297 5475 1567 5543 improbus
1589 5519 1603 5542 ,
1634 5478 1796 5532 etiam
1823 5490 2042 5548 superat

454 5565 526 5620 ob
566 5564 870 5622 facilitatem
906 5567 972 5621 ad
1012 5567 1192 5638 pejora
1225 5569 1568 5638 procedendi.
1619 5569 1814 5627 Filium
1860 5584 2037 5630 autem

480 5735 610 5817 tia)"
620 5736 865 5817 inertem,
889 5757 1145 5817 ιαιμροεάεῃι
1160 5757 1278 5817 porgi
1298 5760 1598 5809 προσωχῦμινοι,
1632 5763 1742 5814 qua:
1765 5751 1823 5801 ad
1847 5751 2041 5805 [lteram

449 5804 742 5868 signiﬁcant,
764 5804 818 5855 in
839 5804 1055 5870 speciem
1066 5804 1292 5860 ductione
1313 5804 1584 5873 precantes.

2170 863 2414 933 gehennae
2435 875 2608 933 vocat,
2644 868 2693 923 id
2719 880 2820 938 est,
2845 872 3012 942 ipsam
3038 874 3356 944 gehennam.
3390 879 3531 937 Dixit
3557 891 3760 951 autem,

2169 954 2346 1027 Duplo
2372 961 2535 1031 magis
2576 978 2727 1033 quam
2757 979 2841 1018 vos
2862 1005 2877 1028 ,
2926 977 2982 1019 ut
3020 976 3075 1021 et
3106 968 3229 1024 illos
3270 981 3535 1040 terreret,
3579 985 3632 1030 et
3662 976 3763 1032 hos

2171 1049 2539 1104 vehementius
2588 1055 3004 1123 perstringeret,
3052 1061 3173 1127 quia
3220 1059 3469 1117 doctores
3511 1067 3764 1135 nequitia:

2169 1148 2312 1190 sunt.
2361 1137 2545 1209 Neque
2579 1141 2681 1195 hoc
2722 1151 2964 1213 tantum,
3008 1147 3102 1201 sed
3128 1149 3290 1203 etiam
3331 1151 3471 1220 quod
3504 1155 3763 1223 majorem

2168 1227 2447 1298 discipulis
2491 1232 2752 1288 malitiam
2786 1235 2971 1291 indere
3003 1247 3231 1307 curent,
3269 1240 3580 1299 inducentcs
3619 1245 3764 1315 ipsos

2169 1317 2234 1371 ad
2265 1320 2544 1389 majorem,
2574 1340 2731 1387 quam
2762 1326 2863 1396 ipsi
2886 1328 3137 1395 habeant,
3165 1333 3455 1401 nequitiam
3482 1352 3495 1387 :
3526 1336 3576 1390 id
3608 1338 3749 1406 quod

2168 1410 2400 1464 maxime
2415 1413 2478 1466 ad
2506 1413 2738 1469 animam
2753 1427 3056 1488 corruptam
3077 1419 3324 1487 pertinet.
3348 1424 3546 1480 Deinde
3571 1442 3762 1482 amen-

2170 1500 2297 1554 tiam
2331 1503 2460 1571 ipsis
2491 1507 2796 1573 exprobrat,
2825 1508 2966 1578 quod
2996 1510 3197 1579 majora
3225 1523 3489 1584 praecepta
3517 1516 3762 1586 despice-

2167 1604 2227 1646 re
2248 1592 2535 1662 juberent:
2565 1597 2710 1667 atqui
2731 1601 3055 1656 contrariqu
3086 1618 3246 1673 supra
3273 1604 3505 1673 dicebat,
3534 1608 3763 1680 Altigant

2167 1700 2322 1738 onera
2358 1687 2592 1756 graviora
2618 1700 2664 1743 et
2692 1691 3033 1761 importabilia
3059 1694 3271 1765 (Matth.
3296 1696 3385 1753 23.
3406 1698 3483 1770 4).
3510 1698 3614 1755 Sed
3646 1700 3762 1757 bare

2166 1775 2328 1829 etiam
2360 1792 2545 1832 rursus
2567 1778 2832 1835 faciebant
2865 1824 2879 1847 ,
2911 1782 3149 1854 nihilque
3178 1802 3285 1841 non
3312 1791 3542 1859 agebant
3576 1799 3633 1844 ut
3657 1792 3760 1846 sibi

2165 1866 2408 1923 subditos
2471 1883 2923 1942 corrumperent,
2974 1877 3025 1930 in
3077 1878 3315 1934 minimis
3364 1872 3760 1940 accurationem

2165 1973 2485 2031 quaerentes,
2511 1974 2564 2019 et
2587 1982 2773 2036 magna
2788 1969 3164 2039 despicienles.
3185 1970 3276 2027 25.
3300 1971 3572 2031 Decimatis
3588 1979 3753 2044 enim,

2166 2050 2357 2122 inquit,
2390 2057 2643 2110 mentham
2670 2067 2715 2112 et
2735 2060 2991 2123 anethum,
3014 2070 3059 2113 et
3087 2062 3360 2133 reliquistis
3384 2081 3499 2132 quae
3525 2069 3758 2136 graviora

2165 2153 2281 2196 sunt
2326 2144 2478 2214 legis,
2503 2147 2756 2218 judicium
2799 2158 2846 2202 et
2889 2151 3286 2206 misericordiam
3321 2164 3370 2208 et
3406 2157 3579 2220 ﬁdem.
3629 2158 3758 2213 Hazc

2162 2236 2423 2303 Oportebat
2447 2240 2611 2307 facere
2634 2279 2649 2305 ,
2688 2247 2737 2292 et
2777 2240 2867 2294 illa
2914 2258 3017 2296 non
3056 2244 3299 2297 omittere.
3334 2245 3447 2301 iloc
3475 2248 3592 2303 loco
3629 2268 3756 2321 ergo

2163 2341 2195 2380 e
2221 2343 2279 2380 re
2307 2327 2546 2397 loquitur
2575 2347 2587 2385 :
2613 2330 2699 2384 ubi
2728 2331 2934 2387 decima
2964 2343 3065 2399 est,
3099 2334 3169 2388 ibi
3198 2336 3359 2390 etiam
3384 2340 3748 2412 eleemosyna.

2163 2417 2299 2484 Quid
2329 2422 2471 2474 enim
2516 2422 2914 2495 eleemosynam
2960 2425 3089 2480 dare
3126 2429 3325 2485 nocet?
3352 2429 3455 2484 Sed
3502 2432 3601 2487 hoc
3642 2451 3751 2489 non

2163 2508 2292 2564 dicit
2336 2512 2491 2580 quasi
2530 2514 2628 2582 ipsi
2653 2515 2825 2584 legem
2870 2516 3259 2585 observarent;
3290 2537 3461 2591 neque
3492 2525 3632 2578 enim
3675 2527 3753 2580 sic

2163 2600 2280 2671 ipse
2324 2603 2578 2674 loquitur.
2613 2607 2738 2661 Ideo
2783 2608 2869 2663 hic
2912 2609 3127 2678 quidem
3171 2611 3339 2667 dicit:
3370 2614 3495 2669 Hrec
3530 2620 3754 2687 oportuit

2164 2696 2331 2763 facere
2361 2735 2376 2760 ,
2410 2705 2456 2749 et
2495 2697 2587 2750 illa
2614 2716 2715 2752 non
2738 2700 2982 2755 omittere.
3018 2701 3117 2757 Ubi
3146 2714 3324 2759 autem
3366 2707 3432 2760 de
3459 2710 3669 2763 mundis
3699 2721 3755 2766 et

2164 2785 2452 2842 immundis
2480 2788 2735 2858 disputat,
2769 2807 2874 2845 nou
2897 2793 3032 2846 ultra
3067 2793 3168 2848 hoc
3198 2796 3398 2865 adjicit,
3433 2800 3526 2853 sed
3554 2801 3749 2855 distin-

2161 2877 2313 2945 guit,
2347 2887 2399 2932 et
2429 2880 2665 2935 ostendit
2712 2897 2778 2937 ex
2828 2883 3081 2939 interiore
3125 2887 3383 2943 munditia
3428 2891 3748 2946 exteriorem

2162 2972 2467 3024 necessario
2493 2974 2642 3043 sequi
2674 2992 2689 3029 :
2720 2989 2826 3029 non
2859 2986 3034 3030 autem
3055 2977 3172 3033 vice
3201 2996 3373 3034 versa.
3403 2981 3498 3036 Ubi
3520 2986 3660 3038 enim
3684 2985 3754 3041 de

2161 3061 2526 3118 misericordia
2556 3064 2829 3134 agebatur,
2871 3068 3330 3125 indiscriminatim
3359 3072 3489 3128 illud
3528 3085 3752 3146 printer-

2159 3154 2338 3217 mittit,
2366 3162 2477 3208 tum
2510 3166 2727 3226 propter
2756 3157 2985 3227 idipsum
3005 3202 3019 3224 ,
3049 3166 3102 3214 et
3121 3162 3241 3230 quia
3269 3165 3505 3219 nondum
3539 3178 3750 3237 tempus

2158 3255 2274 3298 erat
2294 3246 2480 3314 legalia
2512 3258 2696 3317 aperte
2726 3249 2984 3313 tollendi;
3016 3251 3104 3305 ubi
3136 3263 3312 3307 autem
3337 3256 3639 3312 observatio
3668 3269 3753 3315 est

2159 3337 2519 3404 corporalium
2548 3335 2996 3406 purificationum,
3025 3340 3219 3395 clarius
3245 3342 3359 3397 haec
3379 3349 3589 3400 evertit.
3624 3349 3748 3404 Ideo

2157 3423 2226 3481 de
2257 3426 2562 3498 elemosyna
2587 3429 2753 3482 dicit:
2784 3427 2910 3483 Htec
2937 3433 3162 3500 oportuit
3190 3433 3359 3503 facere
3386 3477 3401 3502 ,
3446 3446 3492 3490 et
3526 3438 3619 3491 illa
3647 3457 3750 3493 non

2158 3519 2429 3582 omittere;
2458 3520 2524 3574 de
2554 3521 2959 3591 purgationibus
2986 3539 3117 3577 vero
3147 3541 3253 3579 non
3296 3527 3374 3581 sic
3402 3543 3418 3582 :
3449 3529 3540 3583 sed
3571 3530 3743 3599 quid?

2155 3607 2248 3663 25.
2281 3607 2568 3677 Mundatis,
2595 3611 2782 3680 inquit,
2813 3612 2948 3677 quod
2978 3614 3168 3685 deforis
3207 3626 3280 3670 est
3316 3619 3489 3673 colicis
3512 3630 3561 3674 et
3596 3639 3751 3691 paro-

2160 3699 2365 3768 psidis;
2395 3702 2528 3753 intra
2572 3711 2739 3755 autem
2769 3703 2904 3771 pleni
2935 3705 3052 3758 estis
3088 3707 3271 3774 rapina
3307 3717 3353 3761 et
3387 3711 3621 3764 avaritia.
3651 3712 3742 3766 26.

2157 3790 2356 3845 Munda
2386 3809 2504 3865 ergo
2529 3794 2738 3848 calicem
2761 3805 2809 3848 et
2833 3797 3121 3866 paropsidis
3136 3799 3398 3868 interiora,
3418 3814 3472 3855 ut
3493 3807 3744 3860 exteriora

2154 3882 2347 3935 munda
2374 3883 2521 3951 ﬁant.
2551 3885 2592 3937 A
2623 3900 2689 3971 re,
2711 3887 2983 3940 communi
3019 3897 3073 3942 et
3113 3888 3395 3946 manifesta
3438 3899 3745 3966 exemplum

2153 3974 2378 4041 accepit,
2406 3987 2436 4026 a
2458 3975 2624 4027 calice
2647 3983 2701 4029 et
2727 3975 3031 4044 paropside.
3486 3980 3487 3983 “

2221 4064 2277 4116 2.
2312 4064 2512 4119 Deinde
2540 4067 2849 4133 ostendens,
2875 4070 3079 4124 nullum
3119 4072 3248 4127 oriri
3275 4073 3529 4131 damnum
3552 4094 3618 4134 ex
3647 4097 3743 4135 ne-

2149 4157 2324 4226 glectu
2373 4160 2729 4227 corporalium
2796 4163 3222 4234 mundationnm,
3276 4184 3521 4238 magnum
3571 4186 3748 4231 autem

2152 4249 2433 4305 imminere
2468 4253 2781 4321 supplicium
2840 4255 2904 4308 iis
2958 4257 3046 4325 qui
3096 4261 3290 4314 animae
3341 4265 3744 4323 inundationem

2151 4355 2258 4395 non
2284 4352 2492 4409 curant,
2525 4345 2939 4413 qua-inundatio
2986 4356 3067 4402 est
3111 4350 3301 4418 virtus,
3354 4351 3469 4407 hazc
3521 4359 3745 4414 culicem

2150 4435 2382 4498 vocavit,
2429 4450 2588 4503 parva
2617 4437 2757 4490 enim
2806 4437 3045 4508 nihilque
3088 4452 3273 4505 erant;
3322 4446 3582 4503 camelum
3618 4467 3746 4505 vero

2150 4525 2241 4579 illa
2264 4567 2278 4590 ,
2311 4526 2668 4582 intolerabilia
2700 4530 2898 4599 quippe
2943 4543 3115 4587 erant.
3161 4534 3287 4591 Ideo
3330 4539 3405 4592 ait
3435 4557 3447 4592 :
3479 4540 3569 4595 24.
3601 4543 3745 4599 Culi-

2150 4634 2255 4671 cem
2284 4619 2590 4684 enatantes,
2625 4630 2673 4673 et
2719 4622 2965 4676 camelum
3009 4625 3362 4696 deglutientcs.
3408 4630 3537 4686 Nam
3577 4645 3633 4690 et
3662 4637 3746 4695 illa

2152 4723 2370 4782 prepter
2404 4713 2519 4767 inec
2561 4713 2728 4782 posita
2771 4725 2915 4782 sunt,
2971 4731 3190 4787 propter
3228 4722 3652 4781 misericordiam
3694 4740 3748 4784 et

2146 4805 2423 4875 judicium.
2446 4805 2626 4875 Itaque
2654 4820 2751 4861 nec
2776 4818 2898 4862 tunc
2921 4808 3197 4877 juvabant,
3228 4813 3339 4868 sola
3371 4832 3493 4869 cum
3531 4830 3708 4874 essent
3731 4814 3749 4876 τ’

2150 4911 2270 4950 cum
2298 4896 2439 4951 enim
2471 4911 2629 4965 parva
2669 4907 2884 4966 propter
2910 4915 3100 4970 magna
3132 4903 3270 4958 dicta
3302 4904 3547 4974 fuissent,
3595 4910 3749 4967 dein-

2149 4987 2321 5056 deque
2343 4989 2545 5057 magnis
2572 4988 2846 5058 neglectis,
2880 5005 3038 5059 parva
3087 4994 3259 5048 solum
3289 4997 3639 5070 curabuntur,
3667 5006 3751 5058 ui-

2150 5077 2223 5131 hil
2252 5079 2375 5133 inde
2397 5080 2512 5147 plus
2542 5081 2848 5148 emergebat
2876 5099 2890 5135 :
2920 5096 3106 5153 magna
3134 5086 3274 5140 enim
3299 5096 3418 5156 post
3440 5106 3600 5159 parva
3633 5111 3740 5151 non

2149 5169 2542 5238 sequebantur;
2595 5179 2778 5224 contra
2827 5187 2956 5227 vero
2998 5183 3119 5244 post
3167 5191 3354 5247 magna
3398 5196 3557 5249 parva
3589 5187 3747 5252 plane

2148 5270 2460 5329 sequuntur.
2497 5260 2622 5315 Haec
2652 5276 2781 5315 vero
2823 5262 2971 5329 dicit,
3007 5268 3320 5336 ostendens,
3381 5273 3543 5328 etiam
3585 5286 3742 5331 ante-

2146 5367 2306 5423 quam
2347 5354 2514 5424 gratia
2563 5353 2873 5423 adveniret,
2921 5372 3026 5413 non
3087 5362 3352 5433 pra-cipue
3394 5364 3480 5418 illa
3515 5370 3739 5436 quzesita

2146 5442 2332 5510 fuisse,
2364 5443 2458 5499 sed
2486 5444 2585 5499 alia
2606 5446 2837 5517 potiora.
2880 5447 2935 5503 Si
2987 5462 3164 5505 autem
3219 5464 3342 5508 ante
3385 5458 3611 5524 gratiam
3644 5460 3735 5514 tali

2147 5535 2306 5590 modo
2331 5549 2418 5590 res
2442 5551 2501 5590 se
2525 5536 2772 5604 habebat,
2796 5539 3169 5611 multomagis,
3195 5553 3473 5614 postquam
3491 5547 3742 5605 sublimia

2147 5625 2235 5680 illa
2264 5636 2531 5696 praecepta
2558 5639 2842 5697 venerunt,
2875 5629 2987 5685 inec
3024 5632 3225 5685 inutilia
3256 5643 3400 5700 sunt,
3432 5650 3532 5692 nec
3556 5637 3746 5693 obser-

2145 5718 2339 5773 vanda.
2395 5718 2602 5787 Ubique
2650 5735 2781 5789 ergo
2829 5721 3066 5790 nequitia
3114 5725 3310 5777 malum
3363 5735 3481 5795 est;
3514 5731 3749 5787 maxime

2148 5824 2275 5867 vero
2295 5824 2417 5865 cum
2469 5810 2602 5865 nihil
2650 5821 2800 5882 putat
2846 5813 3221 5871 emendatione
3269 5828 3462 5888 egere;
3517 5828 3572 5876 et
3600 5823 3745 5891 quod
