4128 6410
375 319 486 372 675

371 433 588 504 gravius
625 442 742 500 est,
776 448 896 488 cum
945 441 1091 502 putat
1136 432 1269 486 satis
1297 446 1420 487 esse
1454 430 1500 485 si
1528 430 1663 485 alios
1692 428 1957 498 corrigat;

372 541 495 597 quae
547 524 859 596 signiﬁcate
907 525 1151 579 Christus
1198 523 1364 578 duces
1432 517 1552 573 illos
1584 530 1744 577 vocat
1790 534 1965 575 caecos

370 632 635 674 carcerum
704 619 722 689 (
767 618 910 671 Vera.
954 616 1020 669 16
1051 616 1091 683 ).
1148 615 1280 672 Nam
1323 620 1370 675 si
1424 629 1545 670 cum
1572 628 1745 667 cmcus
1772 629 1878 667 non
1907 627 1990 700 se.

372 718 524 780 putat
545 710 682 764 duce
709 722 845 778 opus
870 708 1087 771 habere,
1122 706 1172 761 id
1203 714 1440 761 extrema
1469 705 1743 759 calamitas
1767 713 1822 759 et
1868 703 1968 756 mi—

369 801 508 855 seria
529 807 613 854 est
641 816 655 852 :
678 814 799 852 cum
823 798 940 868 ipse
968 797 1101 850 alios
1134 796 1251 850 vult
1273 795 1491 861 ducere,
1519 796 1692 865 cogita
1722 795 1772 848 in
1796 809 1966 864 quan-

372 902 486 946 tum
520 890 834 945 barathrum
862 889 1099 958 ('ejieiat.
1130 887 1256 943 llaec
1295 898 1473 942 autem
1518 886 1749 951 dicebat,
1781 885 1965 940 snbin~

370 986 555 1041 dicans
586 986 797 1040 illorum
845 986 1077 1040 stztdium
1106 983 1172 1039 ad
1202 1000 1391 1039 vanam
1430 984 1655 1054 gloriam
1695 998 1965 1052 aucupan-

368 1079 513 1145 dam,
539 1089 590 1134 et
619 1079 839 1150 hujusce
870 1078 1042 1133 morbi
1069 1078 1326 1148 grandem
1356 1078 1408 1132 in
1446 1078 1549 1132 illis
1577 1077 1800 1132 rabiem.
1849 1076 1965 1131 Hoc

367 1168 510 1223 enim
561 1169 693 1237 ipsis
734 1169 973 1223 omnimn
1018 1167 1278 1222 malorum
1335 1182 1493 1222 causa
1540 1165 1668 1230 fuit,
1710 1165 1849 1234 quod
1897 1164 1964 1220 ad

365 1261 777 1315 ostentationem
796 1262 977 1313 omnia
997 1257 1254 1314 facerent.
1280 1257 1393 1312 Hoc
1413 1273 1441 1310 a
1460 1256 1564 1312 [ide
1586 1257 1707 1311 illos
1722 1256 1960 1322 abduxit,

365 1365 659 1421 veramque
709 1351 960 1405 virtutem
1007 1350 1279 1420 negligere
1314 1349 1504 1414 suasit,
1535 1358 1590 1403 et
1616 1349 1747 1403 solis
1775 1362 1966 1416 corpo-

365 1445 564 1501 ralibus
614 1443 1051 1500 mundationibus
1098 1442 1432 1509 incumbere,
1472 1442 1669 1496 anima:
1722 1442 1964 1511 neglecta

364 1535 732 1595 mundatione.
786 1535 906 1591 Ideo
931 1534 997 1589 ad
1028 1550 1208 1590 veram
1236 1534 1491 1589 virtutem
1521 1533 1641 1589 illos
1668 1532 1959 1597 deducens,

364 1628 946 1683 etadmundationctn
998 1626 1214 1694 animat,
1261 1626 1544 1697 judicium,
1592 1625 1854 1694 justitiam
1909 1634 1965 1680 et

365 1720 524 1775 ﬁdem
552 1727 832 1775 memorat.
867 1718 991 1774 llaec
1011 1718 1209 1788 quippe
1234 1725 1359 1772 sunt
1384 1733 1504 1788 quae
1535 1717 1694 1771 vitam
1723 1726 1962 1770 nostram

364 1810 568 1876 fovent,
598 1826 717 1881 quae
761 1810 994 1864 animam
1035 1819 1265 1881 purgant
1296 1826 1309 1863 :
1335 1808 1565 1880 justitia,
1624 1807 1957 1878 benignitas,

365 1904 597 1969 veritas;
631 1918 855 1973 quarum
903 1902 1029 1966 alia,
1083 1917 1275 1972 nempe
1327 1900 1712 1968 misericordia,
1758 1901 1825 1955 ad
1873 1917 1966 1956 ve-

366 1996 509 2051 niam
541 2009 639 2049 nos
682 1994 918 2058 deducit,
947 2010 1048 2049 nec
1077 1993 1334 2063 permittit
1359 2001 1415 2048 ut
1456 1993 1758 2049 severiores
1776 2007 1963 2064 pecca-

367 2089 570 2143 toribus
598 2088 786 2152 simus,
818 2101 991 2156 neque
1020 2085 1088 2140 ad
1119 2085 1327 2140 veniam
1368 2084 1768 2141 concedendam
1816 2084 1962 2139 ditii-

364 2180 497 2235 ciles
550 2178 674 2248 (sic
729 2178 870 2232 enim
928 2177 1123 2247 duplex
1172 2177 1380 2232 lucrum
1426 2186 1785 2247 reportamus,
1835 2176 1963 2233 dum

365 2271 741 2329 misericordes
768 2269 1048 2333 el'lieimur,
1074 2279 1125 2324 et
1156 2268 1581 2325 misericordiam
1611 2269 1832 2323 multam
1868 2286 1964 2321 nu-

364 2364 450 2419 bis
474 2379 502 2416 a
532 2363 640 2418 Deo
668 2362 1041 2416 universorum
1065 2358 1382 2415 attrahimus
1404 2359 1457 2430 ),
1486 2359 1574 2414 illa
1599 2374 1811 2430 quoque
1834 2374 1960 2414 sua—

364 2454 456 2511 det
485 2454 637 2508 nobis
661 2459 720 2507 ut
743 2451 1015 2523 oppressis
1055 2449 1439 2506 condoleamus
1471 2450 1695 2519 illosque
1721 2438 1960 2505 vindice-

366 2559 525 2609 mus;
576 2543 782 2612 iustitia
829 2557 957 2596 vero
1008 2541 1371 2595 fraudulentos
1398 2551 1450 2596 et
1478 2540 1659 2595 val'rus
1696 2555 1818 2596 05:8
1855 2556 1960 2595 non

366 2637 514 2691 sinit.
540 2633 765 2703 Quando
793 2641 972 2689 autem
1001 2632 1165 2695 dixit,
1190 2631 1317 2687 Ηαοσ
1337 2634 1558 2703 aportuit
1587 2633 1774 2702 facere,
1805 2644 1849 2687 et
1869 2631 1964 2687 ﬁla

369 2743 470 2781 non
496 2727 742 2788 omittere,
768 2740 875 2778 non
898 2724 949 2777 id
986 2733 1043 2777 ut
1086 2722 1308 2794 legalem
1355 2723 1782 2778 observationem
1805 2726 1960 2779 indu-

365 2817 472 2882 cit;
517 2817 657 2871 absit
688 2833 703 2870 :
734 2816 839 2871 hoc
889 2816 1032 2871 enim
1074 2814 1186 2886 jam
1234 2830 1393 2885 supra
1441 2815 1959 2884 demonstravimus;

366 2924 595 2980 cumque
625 2908 693 2963 de
716 2908 1001 2979 parapside
1024 2916 1080 2962 et
1106 2907 1174 2963 de
1202 2907 1369 2963 calice
1414 2907 1569 2976 dixit,
1618 2908 1671 2963 Μ
1679 2910 1813 2963 unda
1835 2911 1963 2965 intc-

363 3002 504 3057 riora
531 3002 704 3055 salicis
727 3012 776 3055 et
796 2999 1102 3072 paropsidt's,
1145 3011 1198 3053 ut
1222 3001 1313 3070 ﬁat
1350 2999 1407 3054 id
1449 3003 1585 3064 quod
1630 3002 1848 3056 exterius
1886 3013 1961 3058 est

364 3095 634 3162 tumidum,
666 3111 772 3149 non
802 3093 871 3149 ad
899 3104 1110 3149 veteres
1133 3108 1236 3148 nos
1278 3095 1531 3149 minutias
1558 3094 1763 3150 reducit
1788 3113 1804 3161 ;
1827 3111 1959 3151 cou-

366 3200 447 3246 tra
475 3204 603 3245 vero
625 3188 741 3244 haec
761 3187 1028 3259 superﬂua
1054 3202 1174 3243 esse
1193 3188 1450 3244 ostendit.
1482 3188 1596 3243 Non
1622 3190 1763 3244 enim
1793 3190 1959 3257 dixit,

365 3281 421 3338 ld
450 3281 636 3349 etiam,
660 3279 801 3351 quod
830 3280 1065 3335 exterius
1102 3289 1202 3347 est,
1228 3289 1468 3349 purgate,
1493 3278 1610 3346 sed,
1640 3280 1793 3347 Quod
1815 3282 1961 3337 intus

363 3382 558 3440 est;et
584 3372 804 3426 omnino
827 3369 928 3425 hoc
952 3370 1021 3423 ab
1044 3369 1138 3423 illo
1182 3371 1445 3439 sequitur.
1476 3369 1725 3440 AliOquin
1779 3381 1960 3426 autem

364 3479 472 3520 non
501 3462 569 3519 de
587 3463 755 3518 calice
781 3471 835 3516 et
856 3460 1139 3533 paropside
1169 3461 1418 3532 loquitur,
1453 3461 1547 3517 sed
1589 3462 1657 3518 de
1700 3464 1876 3519 anima
1907 3473 1963 3519 et

364 3569 593 3625 corpore
625 3571 639 3609 :
668 3552 811 3623 quod
858 3553 1096 3607 exterius
1146 3561 1269 3618 est,
1317 3568 1514 3624 corpus
1560 3570 1781 3623 vocans,
1815 3557 1959 3628 quod

365 3645 805 3710 autemiuterius,
839 3646 1091 3700 animam.
1135 3643 1193 3700 Si
1239 3660 1368 3700 vero
1419 3646 1472 3699 in
1521 3647 1802 3717 parapside
1826 3664 1961 3718 Opus

364 3746 449 3795 est
487 3737 740 3793 interiora
782 3752 887 3792 non
937 3737 1229 3808 negligere,
1260 3736 1430 3791 multo
1464 3739 1635 3809 magis
1665 3739 1717 3793 in
1749 3750 1821 3795 te.
1850 3740 1959 3796 Vos

365 3846 496 3887 vero
531 3842 717 3886 contra
759 3828 951 3896 facitis,
984 3828 1186 3900 inquit;
1220 3844 1342 3884 nam
1388 3846 1547 3900 parva
1597 3841 1650 3887 et
1693 3832 1960 3889 exteriora

365 3924 734 3989 observantes,
785 3936 976 3991 magna
1029 3931 1085 3976 et
1139 3921 1392 3976 interiora
1444 3922 1711 3993 negligitis
1757 3942 1770 3977 :
1817 3925 1960 3982 unde

367 4015 657 4070 maximum
683 4012 906 4067 infertur
925 4012 1199 4074 damnum,
1226 4012 1368 4082 quod
1392 4022 1636 4083 putantes
1663 4029 1757 4070 vos
1787 4023 1957 4071 tetnm

366 4105 700 4177 prastitisse,
732 4104 934 4173 reliqua
963 4104 1244 4174 negligatis
1270 4121 1285 4170 ;
1317 4120 1440 4160 cum
1485 4116 1662 4159 autem
1685 4122 1748 4161 ea
1775 4108 1958 4177 despi-

365 4196 542 4262 ciatis,
594 4194 681 4250 illa
735 4195 1026 4251 emendare
1076 4194 1206 4249 nihil
1253 4198 1472 4251 curatis.
1519 4198 1724 4253 Deinde
1767 4214 1862 4255 eos
1890 4200 1959 4256 de

367 4304 519 4344 vana:
548 4289 731 4359 gloria:
756 4303 941 4343 amore
973 4289 1303 4359 perstringit,
1331 4289 1574 4359 sepulcra
1601 4290 1842 4345 dealbata
1866 4306 1961 4347 vo-

364 4395 496 4436 cans
522 4380 664 4445 illos,
690 4378 1101 4451 hypocritasque
1122 4379 1428 4449 appellans;
1451 4382 1592 4450 quod
1617 4392 1701 4437 est
1718 4384 1958 4440 omnium

364 4488 524 4529 causa
552 4471 833 4537 malorum,
866 4482 921 4527 et
950 4471 1203 4541 perniciei
1233 4482 1632 4542 argumentum.
1661 4473 1843 4545 Neque
1871 4490 1960 4530 so-

365 4564 476 4618 lum
503 4563 624 4619 illos
651 4562 897 4633 sepulcra
943 4563 1188 4617 dealbala
1216 4564 1445 4629 vocavit,
1500 4565 1593 4619 sed
1649 4567 1810 4622 etiam
1859 4568 1958 4623 im-

366 4656 625 4711 mnnditia
664 4665 716 4709 et
749 4654 1020 4728 hypocrisi
1061 4656 1250 4724 plenos
1285 4670 1405 4711 esse
1444 4657 1597 4713 dixit.
1651 4658 1744 4713 llis
1796 4675 1958 4731 porro

364 4760 582 4805 causam
637 4748 906 4812 ostendit,
968 4756 1186 4817 propter
1231 4763 1390 4819 quam
1445 4764 1551 4803 non
1593 4750 1953 4819 crediderunt,

363 4834 614 4909 quoniam
648 4839 788 4908 pleni
809 4848 964 4894 erant
991 4838 1259 4910 hypocrisi
1288 4849 1343 4894 et
1371 4840 1666 4909 iniquitate.
1705 4842 1830 4897 Haec
1856 4859 1957 4898 au-

366 4942 472 4987 tem
495 4948 600 4987 non
621 4930 868 4988 Christus
897 4932 1078 5000 modo,
1108 4934 1201 4990 sed
1224 4934 1385 4989 etiam
1409 4935 1683 5006 propheta:
1708 4935 1960 5008 frequen-

365 5032 449 5078 ter
474 5024 843 5090 criminantur,
895 5025 1037 5094 quod
1084 5042 1303 5096 rapaces
1326 5028 1454 5092 sint,
1500 5027 1642 5099 quod
1691 5029 1958 5101 principes

375 5131 568 5172 eorum
598 5131 703 5170 non
740 5117 1036 5173 secundum
1061 5121 1150 5187 jus
1193 5128 1250 5175 et
1301 5121 1561 5177 rationem
1583 5121 1823 5191 judicent
1854 5141 1869 5179 :
1901 5132 1959 5179 et

366 5209 562 5280 ubique
587 5207 823 5278 reperias
861 5208 1123 5264 sacriﬁcia
1148 5211 1366 5281 rejecta,
1392 5212 1532 5285 haec
1573 5224 1753 5270 autem
1780 5216 1959 5287 requi-

363 5301 486 5356 sita.
536 5301 720 5369 Itaque
770 5299 904 5355 nihil
951 5301 1251 5369 insolitum,
1289 5305 1418 5360 nihil
1448 5320 1667 5374 novmn,
1699 5322 1874 5377 neque
1902 5309 1956 5363 in

363 5392 502 5463 lege,
531 5407 704 5463 neque
740 5394 792 5446 in
834 5394 1193 5459 accusatione,
1227 5411 1402 5469 neque
1431 5399 1591 5452 etiam
1645 5400 1696 5453 in
1725 5401 1958 5472 imagine

362 5500 419 5539 et
444 5485 692 5555 exemplo
731 5484 985 5556 sepulcri.
1017 5486 1129 5541 line
1157 5489 1351 5559 quippe
1383 5501 1651 5547 memorat
1666 5491 1953 5561 Propheta,

367 5590 474 5654 non
506 5576 811 5644 sepulcrum
842 5577 1002 5632 modo
1043 5592 1268 5644 vocans,
1320 5580 1415 5635 sed
1446 5597 1459 5634 :
1504 5580 1809 5649 Sepulcrum
1858 5599 1956 5654 pa-

367 5651 477 5724 tetis
498 5677 568 5721 est
595 5680 771 5737 guttur
790 5688 963 5727 eorum
987 5671 1169 5744 (Prol.
1201 5672 1255 5728 5.
1280 5675 1340 5730 11
1372 5673 1414 5743 ).
1442 5673 1600 5729 Tales
1623 5683 1748 5731 sunt
1770 5651 1956 5732 bodie-

369 5770 474 5825 que
506 5759 675 5828 multi,
700 5764 787 5831 qui
818 5778 938 5825 sese
963 5763 1198 5819 exterius
1236 5773 1450 5834 ornant,
1515 5765 1762 5838 intusque
1805 5768 1949 5838 pleni

1072 319 1134 375 S.
1176 316 1454 374 JOANNIS
1477 312 1954 372 οιιιιγεοδτωιι
2007 313 2324 371 ARCﬂiEP.
2358 313 2891 377 CONSTANTINOP.

3565 327 3670 385 678

2071 429 2216 483 omni
2248 426 2529 500 iniquitate
2555 443 2700 487 sunt.
2728 433 2878 489 Nune
2904 433 3048 489 enim
3074 434 3269 491 multus
3300 435 3472 504 labor,
3501 446 3669 493 multa

2069 521 2374 576 sollicitudo
2404 532 2638 578 externae
2684 524 2963 579 munditiei
2997 526 3354 594 impenditur;
3391 529 3668 585 munditiei

2069 625 2199 663 vero
2225 611 2417 665 anima:
2445 612 2590 667 nulla
2618 629 2767 668 cura.
2797 615 2902 669 Sed
2939 616 2985 669 si
3010 617 3391 673 conscientiam
3421 619 3666 689 singulo-

2071 716 2189 755 rum
2218 701 2341 771 quis
2370 703 2621 771 aperiret,
2659 705 2857 761 nmltos
2902 722 3137 773 vermes,
3193 710 3415 763 multam
3459 712 3666 765 saniem

2072 792 2353 860 inveniret,
2401 794 2755 864 actoremque
2799 796 3166 853 incredibilem
3196 815 3210 851 :
3237 798 3499 855 absurdas
3546 800 3670 857 dico

2070 892 2125 937 et
2154 885 2318 939 malas
2348 886 2813 956 conenpiscentias
2834 899 2860 956 ,'
2882 904 3002 958 quae
3033 899 3159 944 sunt
3180 892 3455 948 vermibus
3498 892 3664 964 impn.

2072 991 2262 1054 mores.

2141 1068 2195 1122 ‘5.
2225 1068 2328 1123 Sed
2358 1067 2498 1139 quod
2538 1069 2612 1124 illi
2637 1070 2772 1125 tales
2800 1071 2927 1140 sint,
2960 1087 3067 1127 non
3097 1073 3166 1127 ita
3194 1089 3356 1145 grave
3378 1084 3460 1131 est
3479 1118 3495 1143 ,
3529 1087 3663 1133 tam.

2068 1159 2167 1212 etsi
2196 1175 2358 1229 grave
2396 1171 2477 1214 est
2510 1176 2526 1215 :
2555 1162 2696 1230 quod
2728 1177 2855 1217 vero
2883 1178 2981 1218 nos
3007 1205 3023 1228 ,
3068 1164 3159 1235 qui
3192 1167 3387 1235 templa
3430 1167 3525 1222 Dci
3552 1170 3665 1223 lieri

2069 1248 2267 1319 dignati
2297 1265 2501 1318 sumus,
2531 1255 2773 1323 sepulcra
2799 1256 2977 1309 statim
3010 1266 3211 1311 tzmtum
3239 1258 3485 1315 [tutorem
3512 1263 3668 1317 emit-

2072 1341 2233 1395 teutia
2254 1341 2571 1410 efﬁciamur,
2602 1345 2701 1400 hoc
2727 1356 2983 1402 extrema:
3006 1349 3240 1404 miseriae
3261 1361 3364 1406 est.
3395 1350 3492 1407 Ubi
3519 1352 3668 1408 Chri-

2070 1441 2182 1486 stus
2230 1431 2464 1500 habitat,
2498 1436 2731 1506 Spiritus
2769 1452 2986 1495 sanctus
3027 1451 3281 1512 operatus
3316 1453 3433 1511 est,
3485 1453 3666 1514 totque

2070 1525 2320 1595 mysteria
2372 1536 2605 1595 peracta,
2662 1528 2763 1584 hoc
2805 1530 3108 1600 sepulcrum
3158 1547 3300 1600 esse,
3348 1543 3545 1606 quanta
3575 1536 3664 1591 illa

2068 1617 2283 1671 miseria
2313 1619 2433 1672 est?
2462 1631 2592 1689 quot
2636 1621 2847 1677 ﬂetibus
2875 1634 2928 1677 et
2955 1625 3238 1694 gemitibus
3281 1627 3501 1698 dignum
3540 1640 3662 1698 est,

2069 1720 2190 1760 cum
2232 1708 2475 1763 membra
2522 1710 2718 1766 Christi
2764 1715 3069 1782 sepulcrum
3123 1718 3456 1772 immundum
3490 1719 3667 1776 liunl'!

2068 1793 2252 1867 Cogita
2281 1799 2552 1868 quomodo
2601 1813 2755 1856 natus
2781 1802 2891 1872 sis,
2939 1805 3131 1874 quibus
3172 1807 3422 1877 dignatus
3467 1808 3663 1875 fueris,

2069 1902 2226 1957 quem
2253 1893 2526 1962 acceperis
2554 1893 2830 1961 amictum,
2874 1896 3141 1966 quomodo
3171 1901 3425 1970 templum
3456 1903 3666 1959 tinuum

2067 1981 2388 2036 constitutus
2412 1981 2507 2048 sis,
2548 1999 2707 2053 quam
2731 1986 3015 2055 pulchrum
3044 2005 3058 2053 ;
3086 2004 3191 2043 non
3230 2006 3362 2045 auro
3390 2002 3665 2062 ornatum,

2069 2088 2242 2144 neque
2285 2076 2603 2146 margaritis,
2656 2078 2750 2133 sed
2791 2077 2874 2134 his
2919 2079 3075 2151 longe
3112 2083 3427 2151 pretiosiore
3465 2084 3667 2157 Spiritu

2067 2176 2275 2223 sancto.
2325 2168 2510 2240 Cogita
2562 2172 2832 2227 neminem
2882 2173 2935 2228 in
2993 2175 3124 2231 urbe
3167 2179 3468 2248 sepulcrum
3524 2195 3661 2236 con-

2068 2265 2276 2313 struere
2299 2259 2377 2331 (a)
2403 2275 2419 2324 ;
2463 2275 2592 2331 ergo
2618 2274 2795 2332 neque
2826 2273 2878 2317 tu
2909 2264 2960 2319 in
2991 2280 3224 2336 superna
3268 2270 3483 2327 civitate
3511 2287 3663 2327 com-

2073 2362 2263 2419 parere
2318 2353 2536 2421 poteris.
2570 2352 2701 2408 Nam
2750 2355 2794 2409 si
2826 2355 2912 2410 hic
2957 2356 3085 2412 illud
3134 2359 3469 2429 prohibetur,
3499 2368 3666 2418 multo

2068 2440 2237 2510 magis
2269 2442 2396 2497 illic.
2426 2443 2540 2498 luto
2584 2460 2712 2499 vero
2736 2445 2897 2500 etiam
2941 2446 3029 2502 hic
3055 2448 3164 2503 risu
3191 2449 3384 2520 dignus
3414 2453 3666 2510 omnibus

2067 2546 2311 2602 appares,
2339 2534 2465 2589 dum
2494 2546 2759 2591 ltuit-tuam
2784 2538 3100 2594 circumfers
3125 2541 3395 2607 animam;
3426 2559 3526 2599 nec
3552 2546 3664 2599 risu

2067 2625 2263 2696 dignus
2295 2637 2526 2696 tantum,
2553 2628 2647 2684 sed
2676 2630 2838 2685 etiam
2885 2630 3185 2701 fugiendus.
3217 2633 3310 2688 Dic
3339 2638 3480 2690 enim
3508 2636 3662 2700 mihi,

2066 2721 2112 2774 si
2138 2719 2259 2790 quis
2287 2730 2556 2774 mortuum
2580 2721 2808 2778 cadaver
2835 2724 3229 2790 circumferret,
3253 2742 3433 2782 annon
3478 2744 3666 2786 omnes

2066 2811 2356 2877 resilirent,
2395 2827 2571 2866 annon
2621 2828 2810 2868 onmes
2850 2813 3133 2885 fugerent?
3181 2816 3292 2872 Hoc
3318 2818 3480 2874 etiam
3525 2836 3666 2878 nunc

2068 2914 2245 2961 tecum
2267 2916 2474 2976 reputa.
2525 2906 2659 2961 Nam
2702 2907 2859 2980 longe
2888 2908 3127 2966 deterius
3155 2913 3513 2981 spectaculum
3559 2914 3665 2969 cir-

2064 2998 2320 3065 cumrers,
2355 3000 2589 3054 antimam
2633 3011 2975 3068 peccatorum
3015 3002 3159 3059 mole
3204 3015 3491 3071 mortuam,
3544 3008 3664 3062 ani-

2066 3104 2209 3146 mam
2235 3090 2566 3146 dissolutam.
2588 3092 2718 3159 Quis
2741 3092 2860 3147 talis
2882 3092 3111 3148 hominis
3134 3093 3511 3152 miserebitur?
3530 3094 3664 3153 Cum

2066 3182 2208 3236 enim
2240 3190 2294 3235 tu
2324 3182 2517 3236 anima:
2546 3191 2651 3237 tuae
2680 3198 2786 3237 non
2833 3184 3162 3251 miserearis,
3208 3187 3480 3256 quomodo
3526 3188 3662 3243 alios

2067 3281 2120 3328 te
2171 3273 2511 3328 miserabitur
2555 3275 2626 3328 ita
2673 3275 2947 3330 crudelem
2995 3286 3051 3331 et
3089 3277 3366 3332 inimicum
3397 3278 3488 3334 tibi
3521 3274 3662 3350 ipsi“!

2065 3364 2121 3420 Si
2148 3368 2268 3435 quis
2287 3364 2429 3419 enim
2455 3381 2561 3436 quo
2586 3367 2702 3420 loco
2735 3377 2789 3420 tu
2818 3365 3023 3420 dormis
3061 3377 3116 3422 et
3144 3368 3404 3434 comedis,
3433 3370 3662 3425 cadaver

2065 3457 2166 3513 sub
2187 3466 2328 3512 terra
2353 3469 2596 3527 poneret,
2626 3456 2752 3528 quid
2778 3472 2883 3512 non
2916 3457 3162 3513 faceres?
3192 3468 3248 3513 tu
3276 3475 3404 3514 vero
3427 3462 3661 3515 autimam

2067 3560 2334 3606 mortuam
2356 3551 2603 3621 deponis,
2632 3566 2739 3605 non
2770 3566 2876 3622 quo
2905 3551 3024 3606 loco
3062 3553 3292 3621 prandes
3324 3553 3408 3609 vel
3433 3552 3658 3619 dormis,

2064 3643 2160 3698 sed
2191 3642 2244 3697 in
2274 3642 2533 3697 membris
2555 3641 2771 3707 Christi,
2799 3657 2973 3711 neque
2997 3643 3154 3697 times
3181 3660 3247 3698 ne
3269 3644 3416 3700 mille
3440 3643 3659 3700 fulmina

2066 3737 2117 3791 in
2148 3743 2307 3804 caput
2342 3746 2488 3789 tuum
2528 3734 2833 3806 jaciantur?
2860 3734 3140 3802 Quomodo
3186 3734 3353 3792 audes
3403 3737 3660 3793 ecclesnas

2067 3828 2162 3884 Dei
2193 3829 2552 3898 frequentare,
2576 3837 2630 3882 et
2652 3842 2801 3882 sacra
2833 3826 3049 3896 templa,
3079 3842 3199 3882 cum
3220 3829 3360 3882 intus
3380 3838 3484 3883 tam
3507 3844 3661 3885 exse-

2064 3919 2326 3975 crandum
2359 3919 2604 3975 fauorem
2634 3917 2871 3974 habeas?
2900 3918 3031 3974 Nam
3056 3919 3101 3973 si
3121 3919 3239 3990 quis
3264 3920 3315 3974 in
3345 3919 3543 3991 regiam
3570 3936 3663 3975 ca-

2062 4014 2228 4068 daver
2258 4012 2418 4067 ferret
2442 4019 2498 4066 et
2525 4010 2617 4066 tibi
2645 4010 2941 4079 defoderet,
2967 4020 3238 4067 extremas
3264 4012 3418 4067 daret
3446 4027 3658 4082 pruinis,

2066 4115 2119 4160 tu
2141 4119 2270 4160 vero
2291 4104 2377 4173 qui
2407 4118 2558 4158 sacra
2584 4113 2737 4173 septa
2766 4102 2906 4170 adis,
2937 4114 2990 4158 et
3021 4114 3168 4158 tanto
3205 4104 3398 4159 lictore
3440 4090 3658 4159 domum

2065 4199 2260 4268 reples,
2291 4197 2465 4268 cogita
2490 4207 2746 4267 quantum
2768 4196 2884 4251 lues
2912 4196 3254 4266 supplicium.
3289 4195 3504 4252 imitare
3545 4213 3660 4252 me-

2065 4290 2312 4346 retricem
2362 4289 2530 4354 illam,
2558 4306 2678 4359 qua:
2716 4301 2988 4360 unguento
3016 4289 3167 4344 unxit
3224 4290 3386 4359 pedes
3420 4286 3656 4357 Christi,

2063 4390 2118 4437 et
2144 4384 2286 4437 bono
2309 4381 2476 4437 odore
2505 4391 2669 4436 totam
2693 4381 2911 4436 domum
2957 4381 3198 4451 implevit
3226 4381 3393 4454 (an.
3425 4383 3478 4436 7.
3506 4383 3576 4439 58
3597 4382 3655 4453 );

2065 4485 2119 4528 tu
2140 4487 2270 4528 vero
2295 4473 2623 4528 contrarium
2671 4472 2724 4526 in
2755 4471 2917 4526 domo
2948 4472 3039 4527 Dei
3070 4472 3222 4528 facis.
3253 4471 3390 4540 Quid
3418 4489 3582 4539 enim,
3613 4475 3661 4530 si

2066 4575 2119 4620 tu
2141 4566 2255 4634 ipse
2302 4574 2500 4619 tetrum
2545 4564 2766 4619 odorem
2795 4580 2902 4618 non
2939 4564 3179 4619 sentias?
3209 4563 3263 4619 1d
3292 4580 3420 4620 sane
3440 4566 3659 4620 morbus

2063 4666 2147 4712 est
2168 4658 2551 4728 gravissimus;
2586 4656 2706 4712 ideo
2756 4657 3037 4711 incurabili
3085 4659 3273 4712 morbo
3317 4658 3552 4725 laboras,
3604 4670 3660 4714 et

2063 4752 2306 4822 graviore
2347 4766 2503 4821 quam
2551 4751 2586 4804 ii
2636 4752 2726 4823 qui
2756 4766 2985 4821 corpore
3033 4753 3203 4807 mutili
3230 4769 3292 4807 ac
3312 4754 3481 4809 vitiati
3513 4758 3653 4809 male

2063 4844 2226 4897 olent.
2245 4842 2339 4898 Ille
2364 4858 2595 4913 namque
2622 4845 2842 4899 morbus
2869 4844 2938 4899 ab
2961 4845 3120 4915 trgris
3139 4860 3305 4900 sensu
3336 4847 3652 4916 percipitur,

2064 4933 2300 5002 nihilque
2319 4933 2616 5003 culpandus
2638 4945 2740 4998 est,
2767 4935 2876 4989 imo
2892 4935 3053 4989 etiam
3075 4946 3158 4991 est
3177 4936 3654 4993 commiseratione

2063 5025 2294 5096 dignus;
2351 5026 2437 5082 hic
2485 5043 2615 5082 vero
2666 5028 2886 5082 morbus
2912 5028 2988 5082 ira
3027 5038 3082 5083 et
3113 5031 3367 5087 vindicta.
3394 5031 3657 5100 Quoniam

2061 5134 2188 5189 ergo
2214 5117 2331 5175 haec
2355 5121 2601 5191 graviora
2633 5129 2778 5187 sunt,
2810 5136 2933 5176 cum
2960 5137 3195 5178 maxime
3219 5140 3362 5195 aeger
3396 5126 3511 5197 ipse
3539 5140 3656 5179 ma-

2064 5213 2172 5267 lum
2195 5228 2301 5267 non
2328 5214 2509 5277 sentit,
2539 5223 2598 5268 ut
2625 5223 2921 5283 oporteret,
2939 5216 3286 5285 age,intento
3305 5216 3429 5272 audi
3452 5218 3649 5282 animo,

2064 5312 2121 5357 ut
2148 5313 2199 5358 te
2241 5303 2413 5358 morbi
2464 5304 2758 5373 perniciem
2789 5304 3033 5360 doceam.
3084 5305 3265 5361 Primo
3311 5319 3489 5364 autem
3534 5308 3656 5362 andi

2060 5395 2186 5466 quid
2217 5395 2492 5465 psallendo
2517 5394 2663 5450 dicas
2686 5413 2702 5450 :
2735 5393 3001 5467 Dirigatur
3024 5400 3187 5452 oratio
3207 5414 3318 5452 mea
3340 5400 3470 5453 sicut
3487 5402 3660 5454 incen-

2059 5503 2171 5540 sum
2221 5489 2276 5540 in
2303 5496 2573 5556 conspectu
2613 5496 2698 5541 tuo
2721 5487 2739 5555 (
2761 5485 2910 5541 Psal.
2940 5489 3064 5544 HO.
3093 5489 3129 5542 2
3151 5489 3192 5560 ).
3218 5489 3349 5545 Cum
3398 5506 3528 5563 ergo
3548 5508 3656 5547 non

2060 5577 2360 5644 incensum,
2391 5578 2487 5632 sed
2514 5592 2543 5631 a
2588 5587 2641 5633 te
2679 5587 2733 5632 et
2759 5593 2789 5632 a
2814 5579 2979 5649 gestis
3008 5580 3111 5634 tuis
3141 5580 3279 5636 male
3302 5581 3453 5636 olens
3480 5581 3655 5636 funms

2059 5667 2332 5734 ascendit,
2359 5684 2518 5736 quam
2551 5684 2659 5723 non
2704 5671 2931 5724 mereris
2973 5669 3267 5725 ultionem?
3295 5671 3433 5740 Quid
3455 5685 3534 5729 est
3562 5674 3653 5729 ille

2128 5780 2205 5846 (a)
2234 5780 2463 5845 sepulcra
2482 5783 2761 5834 tutu-hibus
2775 5783 3198 5834 consumebantur.
