4128 6432
566 457 684 512 ’679

571 585 658 626 tus
689 583 799 626 tuos
823 587 995 625 coerce
1009 569 1192 640 (Eccli.
1213 569 1300 622 18.
1319 568 1432 635 50}.
1451 567 1514 621 Et
1536 567 1602 620 de
1619 566 1898 620 meretrice
1919 579 2150 629 rursum,

563 675 760 720 contra
776 681 932 733 quam
957 665 1010 717 in
1033 660 1309 732 proverbio
1329 660 1500 714 fertur
1524 677 1536 712 :
1568 658 1648 712 Ne
1667 656 1896 711 attendas
1917 654 2156 724 improbat

579 756 784 810 mulieri
800 770 820 820 ,'
834 753 934 808 mel
952 753 1082 808 enim
1103 749 1262 808 stillat
1278 766 1302 804 e
1317 752 1459 807 labiis
1483 751 1704 804 mulieris
1727 748 2024 812 meretricis,
2045 761 2155 816 quae

575 847 643 900 nd
669 861 862 918 tempus
888 855 1065 916 guttur
1083 854 1229 898 tuum
1252 844 1533 913 impingunt
1557 857 1575 895 :
1605 850 1773 911 postea
1803 857 1916 892 vero
1933 838 2154 891 amarius

574 939 693 1009 fcile
733 940 950 992 invenies
978 949 1027 993 et
1065 939 1262 992 acutius
1285 938 1454 1008 gladio
1474 936 1681 1004 ancipiti
1725 934 1902 1005 (Prov.
1929 934 1982 987 5.
2011 932 2150 1002 24).

573 1031 700 1086 llmc
721 1031 896 1102 itaque
917 1031 1212 1096 audiamus,
1244 1045 1347 1084 non
1372 1029 1478 1082 illa.
1515 1027 1644 1081 Nam
1673 1026 1796 1079 inde
1827 1023 2139 1088 illiberales,

571 1123 695 1179 inde
723 1124 945 1178 serviles
987 1123 1333 1192 cogitationes
1352 1121 1626 1184 oriuntur;
1674 1117 1797 1171 inde
1829 1117 2070 1171 homines
2098 1114 2150 1167 in

569 1217 723 1271 bruta
774 1216 1023 1271 animalia
1061 1222 1456 1269 commutantur
1491 1253 1506 1278 ,
1565 1210 1687 1282 quia
1740 1210 1932 1279 ubique
1961 1207 2148 1277 volup-

506 1321 509 1324 '
573 1318 734 1365 tatem
764 1309 912 1379 sequi
942 1307 1233 1362 secundum
1255 1306 1356 1360 hoc
1379 1303 1717 1376 proverbium
1757 1301 1944 1355 volunt
1967 1341 1982 1366 ,
2009 1299 2150 1370 quod

570 1414 666 1469 per
693 1415 752 1455 se
778 1402 846 1454 ita
894 1399 1171 1454 ridiculum
1198 1407 1304 1466 est,
1335 1407 1390 1451 ut
1417 1396 1484 1452 ad
1509 1395 1558 1452 id
1601 1394 1926 1466 probandum
1977 1394 2149 1448 verbis

1446 1526 1776 1543 _______.___

563 1532 912 1546 μη.-

1301 453 1357 508 S.
1397 450 1671 507 JOANNIS
1707 449 2174 507 CllllYSOSTOMI
2213 450 2531 510 ARCHIEP.
2572 453 3102 519 CONSTANTlNOP.

3744 486 3847 543 €80

2271 579 2374 668 non
2430 565 2499 668 sit
2549 583 2702 636 opus.
2744 569 2877 668 liam
2903 617 2907 622 .
2935 584 3213 644 postquam
3263 582 3504 642 suffocati
3534 606 3650 648 sunt
3676 633 3694 662 ,
3727 615 3846 668 qua:

2269 667 2334 706 ex
2381 655 2650 746 voluptate
2684 661 2924 716 utilitas?
2970 663 3153 720 Finem
3179 683 3306 741 ergo
3338 675 3490 733 facite
3535 655 3845 746 tanti'risus

2263 745 2872 839 parandimcgehennam
2884 755 3161 828 ignemque
3176 761 3487 839 inexstingui
3495 772 3649 829 bilem
3663 745 3846 836 accen-

2259 833 2417 937 dendi
2443 853 2458 901 ;
2491 853 2552 939 ae
2581 839 2660 894 vel
2689 855 2811 897 sero
2832 845 3043 899 tandem
3073 849 3138 902 ad
3163 851 3332 907 futura
3363 833 3428 912 ut
3438 875 3644 932 oportet
3673 833 3845 939 respii.

2258 927 2483 1020 ciamus,
2514 928 2723 984 detersa
2751 935 2952 990 scilicet
2975 940 3248 997 oculorum
3277 927 3589 1018 lippitudine
3614 959 3629 989 ¹
3658 975 3673 1013 :
3709 927 3843 1020 ιιι-(τ

2261 1015 2396 1071 hanc
2445 1020 2606 1074 vitam
2650 1037 2838 1080 ornate
2865 1067 2878 1090 ,
2910 1044 3033 1084 cum
3062 1034 3223 1088 multa
3281 1015 3540 1098 modestia
3566 1057 3617 1101 et
3647 1015 3846 1118 νεωίρ

2261 1117 2608 1210 transeamus,
2657 1123 2710 1168 et
2762 1115 2936 1174 futura
2965 1135 3354 1193 consequamur
3381 1131 3512 1188 bona
3534 1179 3548 1202 ,
3593 1115 3758 1210 gratia
3787 1158 3842 1202 et

2260 1201 2621 1258 misericordia
2655 1207 2858 1263 Domini
2888 1215 3054 1268 nostri
3080 1215 3203 1272 Jesu
3229 1220 3449 1291 Christi,

3483 1233 3564 1283 cui
3593 1234 3760 1302 gloria
3787 1240 3838 1294 in

2257 1293 2449 1348 sa-cula
2476 1296 2810 1354 smcnlorum.
2844 1303 3034 1358 Amen.

2322 1407 2339 1438 ι
2361 1414 2484 1467 Haec,
2505 1409 2697 1462 detersa
2708 1412 2794 1463 illa
2807 1415 3053 1468 oculorum
3070 1419 3374 1491 lippitudine,
3399 1431 3580 1486 desunt
3604 1441 3648 1488 in
3674 1445 3839 1494 Morel.

919 1525 1863 1545 -—_______——'-_-.__————-—
1878 1524 2146 1534 ——————-———-—

2255 1528 3834 1579 “NN

1654 1601 1990 1663 HOMILIA
2039 1601 2326 1663 LXXIV.
2375 1606 2460 1665 al.
2507 1608 2762 1670 LXXV.

569 1765 697 1818 (In.
747 1763 835 1816 εὖ.
870 1777 923 1815 v.
978 1760 1073 1814 29.
1117 1757 1200 1811 l'a:
1233 1757 1402 1817 vobis,
1436 1753 1612 1808 scriba:
1662 1761 1707 1806 et
1751 1749 2001 1803 Plurimi
2047 1750 2142 1818 Ity-

612 1857 887 1924 ‘poCritte,
943 1853 1029 1922 qui
1083 1849 1348 1917 a‘tliﬁcatis
1391 1848 1623 1915 sepulcra
1673 1843 2065 1915 prepltctarum,
2100 1851 2146 1894 et

589 1942 600 1947 ”
636 1945 833 1999 ornatis
863 1952 1182 1996 monumenta
1222 1955 1414 2002 eorum,
1447 1936 1534 1992 50.
1569 1944 1615 1989 et
1643 1933 1807 1988 dicitis
1829 1949 1846 1984 :
1873 1932 1933 1986 Si
1959 1933 2141 2002 fuisse-

643 2057 753 2092 mus
814 2015 878 2091 in.
919 2036 1092 2089 diebus
1139 2044 1338 2104 patrum
1395 2039 1717 2098 nostrorum,
1747 2041 1846 2079 non
1878 2025 2146 2095 fuissemus

639 2130 764 2183 socii
802 2143 972 2180 eorum
1003 2127 1054 2178 in
1071 2123 1318 2194 sanguine
1338 2119 1716 2189 prophetarum.

638 2225 687 2274 t.
723 2219 840 2274 Non
869 2217 1119 2287 improbos
1149 2213 1329 2268 habere
1357 2221 1522 2283 patres
1549 2218 1690 2265 nocet
1709 2249 1725 2274 ,
1756 2207 1843 2261 sed
1872 2206 1995 2276 ipsis
2026 2221 2142 2274 per-

559 2328 701 2367 uersa
727 2309 980 2364 voluntate
1003 2306 1301 2361 consentire.
1328 2333 1401 2344 —
1435 2301 1525 2357 Va:
1548 2301 1696 2364 dicit,
1733 2313 1836 2353 non
1867 2297 1987 2367 quia
2011 2295 2142 2348 tedi-

552 2411 876 2470 1icant,-nec
913 2405 1035 2475 quia
1079 2411 1256 2472 patres
1289 2414 1416 2454 suos
1453 2404 1737 2460 accusant,
1780 2393 1872 2448 sed
1917 2391 2038 2461 quia
2069 2391 2145 2444 sic

550 2500 848 2564 facientes,
880 2496 1094 2568 quando
1122 2495 1280 2550 dictis
1307 2495 1416 2549 suis
1441 2507 1502 2546 se
1530 2498 1708 2560 patres
1738 2502 1862 2542 suos
1892 2497 2144 2538 accusare

558 2593 843 2655 simulant,
890 2589 1077 2660 pejora
1128 2595 1455 2658 perpetrant.
1505 2580 1658 2650 Quod
1707 2579 1848 2634 enim
1901 2577 2144 2630 simulate

562 2695 768 2740 tantum
800 2692 976 2752 patres
1007 2677 1372 2749 improbarent
1391 2717 1405 2740 ,
1441 2675 1612 2729 Lucas
1637 2673 1795 2726 docet
1815 2711 1828 2734 ,
1858 2669 1987 2736 Quia
2016 2683 2145 2719 con-

560 2777 792 2840 sentitis,
823 2776 944 2844 quia
973 2771 1270 2828 mdif'tcatis.
1310 2768 1399 2823 Va:
1425 2769 1583 2833 vobis,
1612 2767 1798 2836 inquit,
1830 2765 1949 2833 quia
1977 2760 2141 2827 redi/i-

559 2871 686 2924 catis
714 2876 1039 2922 monumenta
1067 2863 1426 2935 prophetarum
1449 2877 1468 2924 ;
1499 2869 1666 2930 patres
1693 2867 1857 2910 autem
1883 2853 2029 2906 vestri
2057 2867 2142 2904 oc-

548 2963 788 3016 ciderunt
827 2977 927 3015 eos.
961 2957 1101 3029 Ergo
1126 2955 1378 3012 testamini
1403 2963 1449 3007 et
1478 2951 1766 3005 conscntitis
1793 2947 2023 3018 operibus
2054 2959 2145 3010 pa-

561 3067 696 3107 trum
721 3062 1025 3114 restrorum,
1058 3049 1178 3118 quia
1203 3047 1286 3100 illi
1314 3045 1601 3099 occiderunt
1623 3058 1744 3105 eos;
1771 3056 1854 3093 vos
1884 3047 2046 3090 autent
2074 3051 2143 3087 ti:-

559 3147 779 3216 diﬁeatis
804 3144 1034 3215 sepulcra
1058 3156 1232 3196 eorum
1263 3138 1430 3211 (Luc.
1464 3137 1551 3190 ll.
1583 3135 1670 3189 47.
1700 3132 1822 3200 48).
1853 3129 1946 3184 llic
1967 3137 2141 3180 autem

562 3248 793 3295 mentem
825 3251 1008 3290 eorum
1049 3233 1302 3298 damnat,
1333 3245 1437 3300 qua
1466 3225 1839 3284 :edilicabant;
1871 3221 1994 3290 quia
2037 3233 2142 3271 non

561 3333 612 3386 in
641 3332 937 3385 occisorum
965 3327 1227 3380 honorem
1250 3362 1266 3388 ,
1298 3321 1392 3376 sed
1423 3318 1575 3388 quasi
1603 3314 1776 3370 cmdes
1805 3328 1922 3366 cum
1954 3323 2142 3379 pompa

561 3423 874 3492 efferentes,
905 3429 957 3473 et
988 3419 1234 3488 timentes
1255 3455 1269 3478 .
1305 3428 1371 3467 ne
1403 3421 1699 3478 temporum
1735 3403 1925 3474 injuria
1957 3401 2146 3455 dirutis

563 3513 822 3584 sepulcris
845 3553 857 3577 ,
886 3509 1014 3564 tanti
1047 3523 1207 3562 ausus
1235 3501 1491 3559 memoria
1530 3510 1586 3556 et
1616 3502 2020 3554 monumentum
2060 3492 2142 3544 in-

563 3583 748 3663 teriret
772 3624 784 3660 :
816 3605 892 3658 sic
913 3601 1154 3672 sepulcra
1181 3595 1584 3656 construebant,
1613 3588 1889 3661 splendida
1919 3583 2140 3640 aedificia

561 3699 712 3770 quasi
758 3708 1015 3766 tropaeum
1049 3695 1315 3764 erigentes
1335 3732 1348 3754 ,
1380 3704 1444 3743 ac
1484 3688 1551 3742 de
1577 3685 1790 3741 illorum
1821 3678 2143 3733 facinoribus

563 3769 876 3863 gloriantes.
908 3789 1037 3844 Nam
1069 3803 1187 3857 quze
1216 3797 1355 3840 nunc
1380 3779 1606 3845 audetis,
1641 3775 1831 3846 inquit,
1860 3769 2148 3827 ostendunt

561 3902 657 3942 vos
683 3885 798 3939 haec
823 3885 912 3939 illo
939 3883 1118 3936 animo
1147 3880 1338 3934 facere.
1367 3877 1514 3931 Licet
1543 3873 1683 3928 enim
1712 3867 1974 3924 contraria
2002 3863 2147 3918 dica-

562 3977 648 4042 tis,
679 3977 826 4044 quasi
859 3974 1179 4028 damnantes
1210 3971 1349 4031 illos,
1377 3961 1509 4034 Quia
1539 3981 1643 4018 non
1677 3961 1959 4016 fuissemus
1985 3956 2036 4008 in
2065 3954 2146 4007 his

563 4071 693 4125 socii
728 4068 937 4122 illorum
960 4106 974 4129 ,
1005 4066 1049 4118 si
1080 4065 1131 4118 in
1177 4062 1282 4116 illis
1311 4059 1498 4114 diebus
1528 4055 1847 4134 vixissemus
1876 4069 1889 4104 :
1919 4047 2014 4104 sed
2043 4060 2144 4115 qua

563 4172 744 4218 mente
767 4160 816 4214 id
849 4157 1036 4213 dicatis
1065 4164 1267 4212 certum
1295 4161 1397 4208 est.
1425 4152 1760 4220 Quapropter
1787 4145 1930 4198 illam
1962 4139 2144 4195 decla-

565 4272 708 4318 rans,
729 4251 1060 4322 a-nigmatice
1077 4249 1155 4304 sic
1175 4247 1424 4318 loquutus
1446 4251 1548 4297 est.
1571 4241 1700 4295 Cum
1723 4236 1944 4291 dixisset
1963 4230 2104 4285 enim
2130 4246 2142 4282 :

559 4348 748 4402 Dicitis
769 4387 783 4412 ,
812 4346 855 4398 si
881 4343 1150 4415 fuissemus
1179 4339 1231 4392 iu
1258 4337 1431 4391 diebus
1461 4344 1657 4402 patrum
1689 4339 1974 4383 nostrorum
1998 4367 2012 4385 ,
2045 4339 2145 4376 non

563 4440 832 4511 fuissemus
869 4435 991 4489 socii
1028 4448 1200 4485 eorum
1229 4432 1279 4483 in
1309 4427 1551 4496 sanguine
1579 4422 1973 4492 pmphetarum;
2023 4416 2148 4468 sub-

552 4507 736 4604 .junxit
761 4549 775 4585 :
801 4530 891 4585 5|.
927 4526 1106 4597 Itaque
1146 4520 1424 4577 testimonio
1452 4518 1567 4571 estis
1597 4512 1981 4579 nobismetipsis,
2011 4507 2146 4580 quod

558 4598 658 4693 ᾔιῆ
688 4622 797 4676 sitis
822 4634 997 4674 eorum
1026 4615 1113 4684 qui
1157 4613 1426 4684 prophelas
1453 4607 1761 4662 occiderunt.
1793 4600 2007 4671 Ecquod
2035 4598 2143 4653 cri-

562 4691 687 4768 men
715 4718 798 4766 est
824 4709 986 4763 lilium
1012 4721 1133 4760 esse
1161 4701 1468 4761 uomit-idm,
1500 4698 1542 4751 si
1575 4711 1679 4750 non
1711 4707 1933 4748 consors
1957 4691 2025 4744 sit
2052 4705 2144 4758 ρειο

556 4818 733 4862 terna:
763 4798 1082 4857 voluntatis?
1108 4797 1338 4851 Nullum.
1364 4791 1515 4848 Unde
1538 4786 1878 4841 manifestum
1898 4793 1998 4846 est,
2026 4780 2147 4835 ideo

539 4891 616 4952 “id
644 4895 772 4965 ipsis
802 4891 1108 4963 protulisse,
1135 4903 1190 4943 ut
1216 4901 1400 4941 eorum
1428 4897 1548 4937 cum
1580 4879 1814 4948 patribus
1841 4877 1950 4931 suis
1977 4875 2027 4927 in
2053 4887 2153 4927 ne:

564 4989 730 5060 quitia
752 4983 1092 5042 concordiam
1120 4979 1465 5050 significaret.
1494 4973 1557 5026 Et
1580 4973 1681 5025 hoc
1704 4969 1900 5023 indicat
1929 4967 1978 5020 id
2006 4965 2144 5035 quod

565 5082 804 5150 sequitur
835 5094 850 5142 ;
903 5073 1173 5145 subjunxit
1211 5071 1350 5125 enim
1383 5087 1394 5122 :
1447 5065 1536 5121 52.
1571 5064 1862 5134 Serpentes,
1895 5059 2148 5129 genimina

566 5176 878 5246 viperarum.
921 5168 1068 5222 Sicut
1115 5164 1256 5219 enim
1301 5162 1495 5232 viperae
1524 5155 1828 5228 parentibus
1855 5152 2145 5207 secundum

565 5263 754 5320 veneni
784 5260 1068 5330 perniciem
1095 5257 1296 5310 similes
1319 5263 1465 5316 sunt,
1498 5253 1575 5306 sic
1596 5258 1648 5304 et
1670 5264 1765 5302 vos
1791 5246 2027 5316 patribus
2055 5259 2145 5297 se-

560 5356 798 5417 cundum
827 5352 1225 5423 sanguinarium
1247 5349 1500 5404 animum.
1537 5343 1736 5399 Deinde
1762 5343 1882 5412 quia
1915 5346 2147 5394 mentem

569 5461 762 5505 eorum
786 5442 972 5498 multis
995 5439 1264 5495 occultam
1293 5445 1568 5492 scrutatus
1592 5441 1694 5497 est,
1725 5447 1756 5486 a
1781 5429 1982 5485 futuris
2004 5429 2158 5498 ipso-

575 5557 694 5596 rum
718 5534 1073 5600 facinoribus,
1089 5546 1210 5602 qute
1235 5529 1505 5584 universis
1527 5527 1810 5596 patebunt,
1830 5523 1972 5578 dicta
2002 5536 2158 5576 com-

577 5627 934 5703 probat.Quia
949 5625 1092 5680 enim
1107 5624 1219 5694 jam
1236 5621 1392 5687 dixit,
1417 5619 1604 5688 Itaque
1619 5615 1980 5681 testiﬁcamini
1999 5613 2161 5668 vobis-

579 5731 681 5776 met
691 5721 968 5791 ipsis,quia
986 5719 1087 5786 ﬁlii
1105 5717 1231 5771 estis
1244 5730 1424 5768 eorum
1436 5712 1523 5782 qui
1536 5712 1818 5780 prapltetas
1832 5708 2160 5770 occiderunt,

582 5814 686 5868 hoc
702 5813 1018 5882 significans
1035 5825 1092 5864 se
1105 5810 1172 5864 de
1189 5807 1516 5877 cognatione
1531 5803 1830 5858 secundum
1853 5800 2149 5870 nequitiam

586 5905 752 5975 loqui,
767 5903 1128 5973 simulateque
1146 5901 1350 5958 dixisse
1365 5914 1480 5965 eos,
1503 5895 1620 5952 Non
1639 5896 1918 5967 fuissemus
1941 5892 2158 5945 illorum

2248 1750 2406 1816 socii;
2437 1751 2744 1821 subjunxit:
2760 1753 2846 1808 3‘2.
2871 1753 2938 1807 Et
2957 1771 3043 1810 vos
3067 1757 3278 1826 implete
3301 1776 3599 1815 mensuram
3624 1777 3830 1832 patrum

2248 1854 2535 1900 uestrorum
2553 1861 2574 1899 :
2592 1861 2698 1900 non
2717 1847 3010 1916 imperans,
3025 1851 3120 1903 sed
3141 1851 3285 1920 quod
3305 1850 3547 1908 futurum
3567 1867 3680 1910 erat
3698 1872 3834 1927 prte—

2256 1936 2526 2000 nnutians,
2555 1939 2756 1995 ca‘dem
2791 1944 3038 2003 videlicet
3063 1965 3237 2006 suam.
3269 1953 3500 2027 Ideoque
3527 1959 3632 2016 hoc
3661 1964 3836 2030 prola-

2253 2036 2307 2082 to
2353 2041 2700 2099 argumento,
2749 2051 2871 2090 cum
2914 2041 3236 2098 ostendisset
3282 2047 3526 2117 figinenta
3571 2052 3654 2105 illa
3692 2068 3831 2120 esse,

2255 2135 2372 2189 qua:
2398 2121 2464 2175 ad
2491 2125 2570 2176 sui
2600 2123 2963 2208 defensionem
2985 2130 3251 2201 dicebant,
3281 2135 3398 2190 Non
3426 2141 3692 2209 fuissemus
3714 2143 3836 2196 illo-

2249 2227 2365 2264 rum
2393 2213 2547 2278 socii,
2581 2213 2599 2287 (
2635 2231 2754 2270 nam
2784 2219 2870 2287 qui
2905 2220 3128 2277 Domino
3158 2241 3263 2278 non
3293 2241 3670 2297 pepercerunt,
3705 2248 3837 2302 quo-

2252 2305 2414 2361 modo
2433 2310 2604 2364 servis
2631 2314 2988 2379 pepercissent
3018 2316 3058 2384 1’)
3097 2319 3302 2374 acriore
3330 2333 3509 2390 postea
3534 2324 3694 2378 utitur
3715 2341 3838 2379 ora-

2255 2399 2431 2464 tione,
2474 2414 2752 2470 serpentes
2782 2420 2976 2460 vocans
3003 2416 3055 2461 et
3096 2410 3362 2478 genimina
3411 2413 3709 2482 viperarum
3734 2455 3749 2480 ,
3782 2429 3835 2470 et

2252 2491 2467 2546 dicens:
2495 2494 2758 2559 Quomodo
2780 2499 2981 2568 fugietis
3004 2516 3034 2552 a
3048 2501 3252 2571 judicio
3275 2503 3535 2574 geheunte,
3563 2520 3683 2560 cum
3709 2509 3832 2562 talia

2252 2585 2514 2652 audeatis,
2544 2597 2597 2642 et
2627 2597 2746 2658 post
2777 2591 2997 2660 negetis,
3029 2603 3366 2665 mentemque
3395 2605 3622 2652 vestram
3651 2600 3832 2652 occul-

2255 2679 2414 2731 telis?
2441 2679 2630 2733 Postea
2673 2681 2886 2736 aliunde
2928 2698 3020 2736 eos
3060 2700 3246 2755 magna
3267 2687 3317 2739 vi
3357 2702 3649 2758 eoat-gneus
3670 2730 3684 2752 ,
3715 2691 3787 2742 ait
3817 2708 3831 2742 :

2253 2772 2342 2825 5i.
2379 2771 2577 2826 Mittunt
2603 2775 2671 2828 ad
2697 2790 2783 2829 vos
2833 2777 3104 2846 prophetas
3121 2819 3137 2843 ,
3163 2787 3208 2832 et
3246 2781 3514 2848 sapientes,
3541 2792 3587 2834 et
3607 2783 3794 2836 scribas
3813 2825 3828 2842 ,

2254 2873 2297 2914 et
2329 2878 2392 2915 ea:
2427 2863 2549 2932 ipsis
2570 2865 2899 2934 interﬁcietis,
2929 2876 2974 2920 et
2999 2869 3322 2939 crucifigctis,
3355 2882 3401 2925 et
3430 2871 3750 2942 ﬂagellubitis
3775 2875 3828 2926 iu

2251 2957 2525 3026 synagogis
2547 2957 2738 3010 vestris.
2762 2955 2838 3011 Ne
2855 2958 3090 3013 dicerent
3113 2960 3274 3023 enim,
3304 2961 3523 3015 Etiamsi
3552 2964 3829 3017 Dominum

2252 3047 2672 3102 crucifixerimus
2695 3087 2712 3112 ,
2742 3055 2796 3102 at
2824 3064 2853 3101 a
2897 3049 3070 3104 servis
3107 3051 3550 3108 abstinuissemus
3570 3094 3583 3117 ,
3613 3055 3656 3107 si
3705 3065 3831 3109 tunc

2253 3137 2576 3193 fuissemus:
2611 3139 2748 3195 Ecce
2772 3181 2787 3207 ,
2821 3141 3022 3210 inquit,
3056 3156 3240 3198 servos
3269 3143 3422 3198 mitto
3452 3144 3618 3208 vobis,
3654 3144 3830 3214 ipsos-

2255 3247 2359 3300 que
2387 3231 2698 3302 prophetas,
2727 3249 2898 3304 neque
2925 3236 3051 3304 ipsis
3071 3239 3319 3307 parcetis.
3351 3238 3473 3293 Hn-c
3501 3254 3655 3307 βου-ο
3675 3239 3830 3306 dixit,

2254 3324 2543 3380 ostendens
2566 3326 2698 3380 nihil
2723 3341 2840 3382 esse
2866 3329 3094 3394 mirum,
3126 3330 3170 3383 si
3205 3331 3474 3385 occidatur
3500 3347 3528 3382 a
3560 3330 3680 3384 filiis
3711 3331 3829 3384 illu-

2255 3431 2402 3482 rum,
2429 3415 2518 3487 qui
2544 3427 2596 3472 et
2623 3418 2944 3487 sanguinarii
2985 3429 3136 3473 erant
3167 3428 3220 3475 et
3247 3419 3562 3476 fraudulenti
3587 3460 3600 3483 ,
3629 3421 3829 3476 dolosi-

2255 3525 2356 3579 que
2375 3551 2388 3570 .
2421 3510 2507 3579 qui
2535 3518 2711 3578 patres
2735 3511 2939 3566 seek-rc
2968 3513 3262 3569 vincerent.
3296 3513 3371 3567 Ad
3401 3512 3514 3568 hare
3540 3525 3718 3568 autem
3746 3530 3834 3568 os-

2257 3601 2425 3655 tendit
2453 3615 2547 3655 eos
2575 3601 2858 3655 admodum
2889 3618 3038 3656 vanae
3066 3603 3249 3672 gloria:
3278 3604 3500 3673 cupidos
3529 3619 3666 3658 esse.
3700 3604 3831 3658 Cum

2255 3691 2396 3746 enim
2423 3691 2623 3758 dicunt,
2649 3692 2711 3746 Si
2731 3691 3000 3761 fuissemus
3026 3693 3078 3746 iu
3099 3692 3272 3747 diebus
3300 3705 3500 3764 patrum
3527 3705 3824 3755 nostrorum,

2256 3802 2354 3838 non
2384 3785 2651 3854 fuissemus
2695 3785 2963 3856 participes
2992 3802 3163 3839 eorum
3184 3827 3198 3848 ,
3233 3785 3281 3839 id
3329 3787 3511 3839 dicunt
3543 3796 3595 3839 ut
3643 3801 3830 3839 vanam

2253 3877 2474 3946 gloriam
2523 3885 2770 3946 captent;
2824 3877 3104 3946 verbisque
3157 3878 3632 3947 philosoplnntur,
3673 3892 3836 3947 opere

2256 3979 2432 4022 autem
2461 3968 2729 4022 contraria
2758 3967 2973 4022 faciunt.
3018 3968 3320 4036 Serpentes,
3354 3970 3606 4036 genimiua
3635 3969 3836 4037 eipcra~

2253 4076 2364 4113 rum
2389 4075 2407 4123 ;
2436 4057 2536 4112 hoc
2562 4069 2679 4122 est,
2709 4058 2823 4110 Mali
2857 4058 3113 4111 malorum
3156 4059 3247 4111 lilii
3273 4098 3286 4124 ,
3320 4067 3373 4112 et
3401 4059 3706 4127 parentibus
3736 4057 3836 4110 iui—

2254 4151 2489 4218 quiores.
2518 4149 2762 4203 Ostendit
2789 4150 2985 4218 quippe
3015 4149 3157 4218 ipsos
3185 4149 3384 4219 majora
3411 4149 3614 4204 scelera
3644 4165 3835 4218 perpe-

2258 4251 2459 4304 trasse,
2510 4249 2618 4293 tum
2665 4239 2806 4310 quod
2849 4248 2973 4309 post
3005 4240 3124 4293 illos
3156 4239 3208 4293 id
3251 4240 3363 4293 ausi
3399 4249 3549 4304 sunt,
3583 4250 3637 4294 et
3681 4240 3838 4310 longe

2254 4334 2496 4404 graviora
2526 4349 2682 4402 quam
2713 4333 2823 4398 illi,
2853 4333 2951 4386 etsi
2975 4332 3280 4401 jactitarent
3307 4348 3364 4390 se
3396 4348 3681 4400 numquam
3713 4333 3836 4386 talia

2257 4435 2654 4496 perpetraturos
2699 4425 2880 4479 fuisse.
2915 4425 3014 4496 Ipsi
3047 4442 3274 4496 namque
3304 4426 3461 4480 finem
3513 4425 3832 4494 imponunt,

2255 4519 2624 4586 malorumque
2651 4517 2983 4572 coronidem.
3011 4517 3113 4571 Alii
3141 4517 3282 4570 enim
3304 4531 3396 4571 eos
3416 4518 3507 4586 qui
3535 4516 3599 4570 ad
3626 4516 3836 4572 vineam

2255 4619 2512 4664 venerant
2537 4607 2878 4672 occiderunt;
2907 4608 2958 4662 lii
2986 4623 3111 4663 vero
3134 4609 3304 4677 ipsum
3330 4608 3516 4672 tilium,
3547 4616 3601 4661 et
3629 4621 3723 4662 eos
3744 4608 3836 4676 qui

2255 4701 2320 4756 ad
2368 4702 2579 4772 nuptias
2611 4701 2927 4756 invitabant.
2961 4701 3085 4754 llmc
3114 4714 3273 4769 porro
3299 4699 3455 4764 dicit,
3484 4708 3540 4752 ut
3569 4713 3662 4752 eos
3687 4713 3716 4751 a
3744 4713 3838 4751 co-

2256 4796 2506 4862 gnatione
2552 4793 2822 4848 Abraham
2853 4803 3180 4857 removeret,
3229 4790 3676 4860 ostenderetque,
3707 4789 3838 4845 nihil

2257 4889 2386 4957 ipsis
2436 4887 2558 4942 inde
2602 4887 2733 4942 lucri
2781 4897 3159 4957 proventuram
3203 4902 3354 4953 esse,
3388 4886 3486 4941 nisi
3534 4901 3694 4955 opera
3723 4885 3840 4954 ejus

2257 4983 2608 5035 imitarentur.
2639 4981 2976 5049 Quapropter
3006 4979 3307 5050 subjungit,
3345 4978 3608 5046 Quomodo
3639 4977 3839 5048 fugietis

2256 5091 2287 5126 a
2328 5075 2524 5146 judicia
2577 5074 2856 5144 geltennte,
2904 5087 3024 5125 cmn
3074 5072 3193 5127 illos
3245 5071 3524 5126 imitemini
3563 5070 3648 5139 qui
3689 5069 3834 5136 paria

2258 5163 2667 5235 perpetrarunt?
2715 5164 2810 5218 llic
2839 5179 2965 5217 vero
2997 5163 3101 5220 illis
3137 5163 3360 5218 Joannis
3407 5160 3834 5217 criminationem

2259 5257 2310 5310 iu
2345 5257 2656 5311 tnetuoriam
2699 5257 2967 5310 revocavit
2991 5275 3004 5310 :
3040 5271 3159 5310 nam
3187 5264 3242 5310 et
3271 5256 3393 5310 illos
3421 5256 3499 5310 sic
3526 5250 3836 5322 appellavit,

2257 5349 2583 5418 ctjudicium
2612 5348 2844 5403 futurum
2867 5350 3330 5404 commemoravit.
3361 5346 3563 5402 Deinde
3583 5345 3705 5414 quia
3731 5359 3837 5396 non

2257 5440 2376 5494 illos
2419 5442 2688 5495 terrebant
2723 5439 2984 5509 judicium
3030 5451 3190 5510 atque
3238 5439 3518 5508 gehenna,
3554 5445 3664 5491 tum
3695 5433 3836 5504 quod

2258 5548 2364 5586 non
2392 5532 2710 5600 crederent,
2743 5544 2855 5586 tum
2883 5532 3022 5601 quod
3055 5532 3104 5585 in
3138 5533 3365 5584 futurum
3398 5544 3483 5583 res
3515 5530 3838 5589 mitteretur,

2256 5638 2286 5677 a
2317 5624 2669 5692 praesentibus
2720 5624 2839 5677 illos
2877 5623 3117 5691 reprimit
3145 5631 3198 5674 ct
3233 5621 3362 5674 dicit
3390 5637 3404 5674 :
3449 5618 3578 5672 Ideo
3609 5633 3724 5670 ecce
3751 5630 3843 5682 ego

2257 5714 2400 5767 mitto
2428 5714 2496 5765 ad
2526 5731 2610 5767 vos
2636 5713 2908 5785 prcit/tetas
2930 5755 2945 5780 ,
2981 5723 3026 5766 et
3055 5713 3306 5780 sapientes
3325 5752 3341 5774 ,
3371 5721 3419 5764 et
3451 5710 3639 5764 scribas
3657 5749 3670 5768 ,
3704 5717 3753 5759 et
3785 5720 3851 5759 ea:

2256 5807 2360 5861 illis
2385 5805 2621 5862 occidetis
2642 5849 2656 5872 ,
2687 5818 2732 5861 et
2758 5807 3076 5877 cruciﬁgetis,
3105 5815 3148 5859 rt
3175 5804 3538 5876 flagellabitis;
3568 5803 3656 5857 '55.
3689 5809 3742 5852 ut
3764 5816 3852 5853 uc—

2262 5895 2367 5953 m'at
2392 5913 2546 5961 super
2572 5913 2654 5951 vos
2681 5898 2845 5951 omnis
2873 5897 3078 5969 sanguis
3103 5898 3273 5968 justus
3293 5937 3308 5964 ,
3334 5896 3420 5964 qui
3444 5893 3636 5960 cﬂ'usus
3659 5901 3731 5945 est
3761 5907 3842 5945 su-
