4128 6412
276 360 373 417 631

289 491 377 542 per
404 484 609 536 terram,
643 489 672 522 a
698 469 943 540 sanguine
973 467 1094 522 Abel
1113 468 1267 540 justi,
1298 483 1453 536 usque
1472 467 1537 520 ad
1570 467 1866 537 sanguinem

281 563 549 618 Zacharia'
577 560 672 628 filii
701 559 988 626 Barac/tite,
1015 542 1160 629 quem
1188 557 1442 611 occidistis
1467 561 1597 610 inter
1627 557 1867 626 templum

281 666 327 708 rt
354 655 534 707 altare.
567 651 656 706 36.
689 652 844 705 Amen
876 651 988 703 dico
1020 649 1155 703 vobis
1182 691 1196 715 ,
1226 648 1421 702 venient
1453 649 1559 701 lucc
1589 649 1754 701 omnia
1786 664 1869 698 sn-

282 765 368 814 per
393 746 762 817 generatione»:
794 744 946 796 hanc.

352 838 407 892 2.
461 837 589 891 \‘ide
612 853 676 890 ex
710 845 837 904 quot
883 833 1210 903 argumentis
1255 847 1368 886 rem
1408 831 1512 884 illis
1538 841 1736 884 certam
1764 839 1870 882 sta-

282 933 498 987 luebat“!
547 929 704 993 Dixit,
737 929 921 982 Patres
966 938 1177 981 vestros
1219 925 1484 978 damnatis
1514 939 1636 977 cum
1667 923 1866 988 dicitis,

279 1025 396 1078 Non
431 1023 981 1076 commun’cassemus
1006 1033 1128 1073 cum
1161 1017 1306 1079 illis;
1362 1031 1461 1069 nec
1510 1031 1694 1084 parum
1742 1014 1867 1066 illud

274 1123 476 1168 eratut
505 1113 624 1165 illo;
664 1111 863 1178 pudore
889 1109 1142 1162 afficeret.
1181 1108 1340 1170 Dixit,
1373 1108 1506 1159 Dum
1558 1106 1676 1158 illos
1716 1105 1867 1157 dam-

278 1207 436 1268 natis,
472 1207 652 1274 pejora
686 1203 895 1266 facilis;
943 1201 992 1256 id
1019 1199 1159 1270 quod
1189 1199 1436 1253 ruborem
1485 1197 1612 1267 ipsis
1650 1196 1868 1266 injicere

275 1299 525 1354 debebat.
561 1295 718 1360 Dixit,
753 1293 868 1348 Non
910 1293 1129 1361 impune
1160 1290 1274 1345 lncc
1300 1299 1478 1353 erunt,
1511 1298 1564 1342 et
1601 1287 1684 1341 his
1713 1287 1869 1340 timo-

279 1409 392 1447 rem
445 1389 553 1444 illis
607 1388 875 1455 ingentem
929 1383 1116 1438 incutit
1150 1402 1164 1438 :
1195 1382 1494 1452 gehennam
1543 1381 1684 1434 enim
1739 1378 1868 1446 ipsis

276 1479 738 1539 commemoravit.
763 1476 964 1531 Deinde
983 1474 1105 1544 quia
1129 1475 1374 1544 gebenna
1404 1473 1572 1525 futura
1599 1485 1701 1523 non
1735 1485 1866 1539 prte-

276 1591 402 1631 sens
427 1581 563 1640 erat,
595 1571 730 1626 mala
761 1571 888 1641 ipsis
929 1567 1211 1637 praisentia
1245 1565 1580 1636 significavit,
1610 1581 1729 1616 cum
1760 1566 1866 1619 ait:

285 1666 494 1721 chient
519 1667 627 1720 hazc
656 1663 827 1718 omnia
856 1677 1009 1731 super
1036 1659 1413 1731 generationem
1450 1658 1621 1710 istam.
1654 1656 1868 1710 Addidit

273 1767 456 1813 autem
487 1753 736 1826 supplicii
774 1752 1167 1808 vehementiam
1216 1751 1508 1819 ingentem,
1541 1747 1724 1802 dicens
1751 1747 1867 1800 illus

277 1848 518 1904 omnium
548 1845 858 1917 gravissima
889 1857 1012 1898 esse
1037 1854 1330 1912 passuros;
1378 1855 1442 1894 ex
1491 1837 1642 1891 nullo
1685 1847 1864 1891 tamen

275 1942 464 1996 borum
492 1939 852 2008 resipuernnt.
875 1937 930 1992 Si
953 1935 1074 2006 quis
1103 1949 1231 1988 vero
1261 1933 1475 1998 dixerit,
1494 1931 1605 1987 Cur
1627 1932 1864 1985 omnium

275 2032 585 2104 gravissima
636 2031 778 2101 passi
824 2028 992 2084 sunt?
1033 2021 1402 2096 responderim
1447 2038 1567 2094 ego,
1595 2023 1716 2093 quia
1747 2039 1866 2077 om-

277 2125 427 2178 nium
451 2123 766 2192 gravissima
789 2121 990 2175 scelera
1020 2125 1416 2188 perpetrarunt,
1435 2131 1499 2171 ex
1522 2116 1666 2170 nullo
1691 2127 1864 2168 tamen

277 2219 466 2271 horum
513 2217 763 2271 meliotes
798 2213 970 2269 effecti
1003 2223 1145 2266 sunt.
1189 2214 1380 2266 Annon
1413 2210 1603 2265 audisti
1637 2209 1864 2264 Lamech

274 2310 564 2369 dicentem.
602 2307 680 2360 Ea:
709 2305 835 2362 Cain
886 2306 1192 2358 vindicatum
1222 2315 1294 2356 est
1326 2302 1527 2372 septies,
1559 2319 1622 2356 ea:
1649 2301 1867 2354 Lameclt

277 2421 388 2459 vero
416 2403 698 2474 septu'igies
727 2401 910 2470 septies
936 2398 1084 2471 (Gen.
1115 2398 1166 2452 4.
1196 2395 1324 2466 2i)?
1359 2395 1410 2450 Id
1439 2406 1539 2458 est,
1571 2396 1717 2465 plora
1741 2410 1866 2465 sup-

278 2499 433 2570 plicia
467 2513 678 2552 mereor
705 2511 804 2565 ego
830 2509 987 2565 quam
1019 2493 1169 2547 Cain.
1209 2491 1426 2560 Quare?
1473 2490 1601 2544 Nam
1649 2492 1864 2545 fratrem

279 2609 384 2647 non
433 2591 663 2646 occidit:
695 2589 788 2643 sed
835 2589 956 2655 quia
1009 2602 1113 2641 non
1161 2585 1408 2654 exeiuplo
1447 2584 1735 2652 castigatus
1763 2583 1896 2639 est.

281 2685 512 2754 ldipsum
543 2683 665 2737 alibi
699 2681 824 2734 dicit
859 2681 1036 2734 Dens:
1071 2677 1306 2732 Reddens
1354 2686 1556 2747 peccata
1597 2685 1865 2746 parentum

276 2779 329 2830 in
363 2775 496 2844 [ilios
536 2775 587 2827 in
625 2772 824 2826 tertiam
855 2781 900 2824 et
929 2781 1163 2839 quartam
1192 2770 1563 2840 generationem
1591 2767 1652 2819 iis
1679 2767 1762 2837 qui
1791 2783 1869 2819 me

275 2869 396 2921 odio
438 2866 618 2920 habent
648 2862 843 2932 (Exod.
873 2863 963 2918 20.
992 2863 1090 2931 3);
1139 2877 1246 2916 non
1275 2860 1414 2930 quod
1462 2860 1620 2914 alieni
1668 2859 1866 2928 peccati

276 2961 396 3030 quis
425 2959 741 3029 supplicium
768 2957 900 3022 luat,
930 2954 1024 3010 sed
1051 2953 1193 3025 quod
1221 2955 1254 3006 ii
1283 2954 1392 3022 qui,
1422 2962 1539 3023 post
1567 2953 1700 3006 alios
1733 2952 1868 3004 mul-

280 3063 361 3106 tos
393 3051 445 3104 in
476 3058 688 3120 pet-cata
730 3049 906 3118 lapsos
934 3055 988 3102 et
1011 3047 1315 3116 castigatos.
1347 3060 1454 3098 non
1504 3045 1753 3098 meliores
1792 3043 1867 3095 ef-

280 3143 424 3207 fecti,
481 3141 666 3196 cadem
711 3156 830 3212 qua:
874 3139 948 3194 illi
983 3147 1310 3209 perpetrant,
1345 3137 1530 3191 eadem
1583 3136 1694 3204 ipsa
1737 3149 1865 3203 sop-

285 3238 436 3306 plieia
460 3235 580 3305 jure
605 3236 771 3287 luant.
796 3232 928 3288 Vide
945 3238 1122 3286 autem
1144 3229 1412 3300 quomodo
1438 3229 1653 3282 Abelcm
1673 3241 1868 3297 Oppor-
1891 3234 1896 3238 '

277 3339 407 3383 tune
436 3329 486 3380 in
519 3325 753 3380 medium
800 3323 1129 3393 produxerit,
1161 3321 1452 3376 ostendens
1498 3320 1633 3372 hanc
1661 3331 1869 3389 quoque

279 3435 464 3474 necem
495 3434 558 3472 ex
591 3416 783 3471 invidia
818 3413 1052 3486 prodire.
1084 3411 1221 3479 Quid
1247 3427 1377 3481 ergo
1404 3410 1584 3464 dicere
1617 3407 1868 3480 possitis?

278 3528 455 3565 annon
479 3509 624 3564 scitis
647 3507 770 3578 quid
801 3521 988 3577 passus
1015 3501 1266 3560 sitCain?
1294 3522 1358 3562 an
1385 3512 1504 3574 post
1522 3502 1866 3558 commissum

279 3602 458 3657 scelus
488 3601 687 3671 quievit
715 3599 894 3653 Deus?
934 3613 1111 3652 annon
1166 3606 1442 3655 extremas
1478 3602 1705 3674 expetiit
1752 3609 1868 3662 pa:-

281 3693 416 3748 uas?
448 3695 646 3750 Annon
670 3689 892 3748 audistis
920 3689 1044 3760 quid
1073 3689 1214 3760 passi
1241 3688 1345 3743 sint
1371 3697 1550 3757 patres
1569 3686 1756 3753 vestri,
1780 3685 1868 3755 qui

283 3783 948 3855 preplteuisoeeidenunt?
995 3793 1172 3836 annon
1200 3781 1343 3836 mille
1389 3779 1664 3850 suppliciis
1689 3778 1866 3833 traditi

280 3872 446 3925 sunt?
473 3869 582 3924 Cur
602 3885 729 3939 ergo
760 3883 866 3924 non
899 3867 1146 3925 meliores
1164 3865 1338 3921 effecti
1367 3864 1532 3919 estis?
1557 3861 1664 3918 Cur
1689 3875 1869 3917 autem

286 3975 494 4034 patrum
528 3972 828 4018 vestrorum
857 3960 1226 4031 supplieia,et
1253 3959 1378 4030 quid
1408 3959 1546 4030 passi
1575 3957 1680 4012 sint
1708 3972 1865 4012 enar-

284 4060 443 4114 rem‘!
472 4067 525 4110 tu
571 4055 797 4125 ipsequi
832 4063 1010 4125 patres
1037 4062 1155 4107 tuos
1186 4051 1658 4114 condemnas,.cur
1691 4049 1867 4118 pejora

288 4146 460 4202 l'acis?
512 4145 724 4199 Etenim
777 4160 871 4200 vos
925 4144 1021 4212 ipsi
1073 4141 1212 4195 hanc
1267 4141 1585 4194 sententiam
1635 4139 1866 4194 tulistis:

288 4238 456 4292 Malos
485 4238 617 4291 male
649 4237 820 4306 perdet
849 4233 1060 4307 (Matth.
1089 4233 1176 4288 21.
1206 4233 1528 4304 41).·ριιιιιιι
1558 4245 1684 4299 ergo
1715 4230 1870 4286 dein-

285 4348 414 4400 ceps
459 4332 664 4386 veniam
718 4329 1002 4395 habebitis,
1037 4329 1126 4399 qui
1176 4339 1297 4397 post
1342 4328 1500 4381 talem
1551 4326 1870 4381 sententiam

290 4425 410 4478 talia
434 4422 676 4478 audetis?
707 4423 812 4478 Sed
829 4423 947 4493 quis
973 4430 1056 4477 est
1084 4421 1168 4476 hic
1192 4420 1512 4475 Zacharias?
1543 4420 1642 4474 Alii
1666 4430 1869 4490 patrem

287 4515 512 4569 Joannis
527 4529 646 4569 esse
663 4515 874 4580 dicunt;
903 4515 990 4569 alii
1021 4513 1366 4585 prophetam;
1395 4513 1481 4567 alii
1509 4512 1870 4582 alimnquem-

287 4608 410 4662 dam
445 4607 769 4662 binominem
797 4608 1152 4670 sacerdotem,
1173 4623 1328 4678 quem
1355 4607 1522 4661 Joilae
1553 4615 1703 4660 verat
1726 4607 1873 4660 Scri-

291 4709 442 4768 plura
465 4698 564 4768 (a).
597 4698 674 4752 Tu
710 4715 834 4754 tero
879 4698 1010 4753 illud
1049 4698 1434 4758 animadverte,
1463 4697 1636 4751 scelus
1676 4696 1870 4766 duplex

288 4791 472 4844 fuisse.
525 4789 638 4844 Non
687 4791 828 4845 enim
875 4800 1089 4844 sanctos
1142 4789 1455 4843 occidebant
1513 4797 1737 4852 tantum,
1781 4788 1872 4841 sed

288 4884 449 4935 etiam
481 4881 531 4935 iu
559 4881 691 4936 locis
732 4880 949 4936 sanctis.
986 4881 1110 4938 lliee
1135 4892 1310 4939 autem
1341 4881 1528 4935 dicens
1553 4893 1657 4932 non
1700 4881 1873 4932 solum

291 4975 409 5028 illos
461 4973 732 5041 terrebat,
781 4975 875 5030 sed
925 4975 1086 5030 etiam
1134 4975 1426 5043 discipulos
1478 4973 1874 5036 consofabatnr,

289 5068 583 5125 ostendens
607 5069 782 5140 justus
807 5069 936 5121 olim
966 5067 1152 5123 eadem
1179 5081 1300 5121 esse
1329 5081 1532 5136 passos.
1566 5065 1671 5119 llas
1698 5075 1875 5116 autem

293 5164 527 5218 terrebat
555 5160 981 5233 prmnuntiando,
1012 5169 1068 5214 ut
1108 5160 1184 5214 illi
1215 5175 1400 5228 ptenas
1427 5159 1706 5222 dederant,
1739 5159 1804 5208 ita
1828 5165 1882 5209 et

292 5259 438 5325 ipsos
463 5263 705 5310 extrema
734 5269 855 5307 esse
881 5267 1150 5322 passuros.
1200 5252 1323 5306 Ideo
1354 5251 1472 5306 idos
1497 5259 1550 5303 et
1595 5250 1880 5317 prophetas

291 5361 344 5402 et
372 5349 642 5417 sapientes
668 5358 723 5402 et
750 5346 954 5400 scribas
993 5353 1168 5408 vocat,
1197 5345 1379 5413 sicque
1409 5358 1620 5396 omnem
1653 5342 1754 5393 illis
1783 5356 1880 5394 ex-

292 5442 624 5494 ιτιιςιιίἱυιιειιι
667 5438 858 5494 aufert.
903 5437 1018 5491 Non
1069 5437 1308 5506 potestis,
1343 5435 1534 5505 inquit,
1561 5434 1762 5496 dicere,
1797 5429 1882 5486 me

357 5620 430 5680 (a)
453 5627 552 5669 Non
574 5619 721 5668 tedae
744 5621 851 5670 sive
869 5619 1080 5680 .iOHltlalJl
1105 5628 1327 5680 vocatum
1349 5616 1500 5665 fuisse
1523 5617 1797 5680 Zachariam
1830 5615 1883 5664 il-

289 5678 391 5744 Lm
432 5682 549 5730 dicit
585 5683 854 5744 Scriptura,
880 5685 909 5729 2’.
950 5679 1097 5730 t‘aral.
1125 5680 1209 5734 2i,
1247 5678 1306 5727 ΞΟ
1333 5693 1342 5726 ;
1371 5681 1456 5744 sed
1503 5680 1570 5728 ait
1612 5679 1884 5731 Zachariznu

281 5743 444 5794 .lil‘mm
469 5743 645 5853 .t'oiadaa
670 5740 1012 5800 l'iiissv.t,a:oiitra
1038 5757 1178 5805 quam
1198 5748 1358 5789 narrat
1376 5740 1759 5801 Chrysoslouius,
1779 5753 1882 5788 me-

296 5817 461 5853 tmtt'tzt'
506 5817 641 5853 atrati.

296 5817 461 5856 tmtt'lzt'
487 5817 641 5862 ιαιτειι.

1191 353 1251 408 IN
1294 353 1695 408 MATTIMﬁlZM
1740 352 1963 407 IlOMlL.
2011 347 2244 410 LXXiV.
2286 359 2354 411 al.
2400 358 2607 418 LXXV.
3460 349 3562 402 (ἰπὶ

1974 483 2038 523 ex
2086 471 2336 538 gentibus
2387 473 2617 537 misisse,
2664 472 2888 542 ideoque
2939 489 3035 526 vos
3087 473 3321 528 alienos
3373 474 3562 528 fuisse:

1975 563 2068 616 sed
2116 578 2183 618 eo
2212 564 2422 618 adducti
2465 566 2596 619 estis
2632 566 2773 636 quod
2816 567 3096 620 homicida.
3126 568 3243 620 sitis
3268 578 3321 621 et
3357 571 3541 635 sangui

1977 671 2098 708 nem
2131 655 2346 710 sitiatis.
2382 657 2505 709 Ideo
2554 657 2815 725 pra-dixit,
2850 675 2908 710 se
2955 659 3244 712 missurum
3275 673 3395 713 esse
3443 675 3563 727 prn-

1977 743 2163 813 pbetas
2193 755 2244 800 et
2273 749 2493 800 scribas.
2532 747 2640 802 Hac
2695 748 2762 802 de
2814 765 2872 802 re
2923 749 3246 803 accusabant
3295 750 3413 803 illos
3444 766 3566 816 pro-

1978 838 2150 904 pheta!
2191 855 2402 903 omnes,
2431 841 2691 904 dicentes,
2723 842 3037 913 Sanguinem
3076 843 3312 913 sanguini
3360 845 3566 896 miscent

1977 929 2130 1000 (Osce
2183 933 2236 987 4.
2265 932 2347 1002 2),
2377 943 2430 987 et
2463 935 2606 1002 ipsos
2655 936 2796 990 viros
2846 938 3161 1006 sanguinum
3212 952 3334 992 esse
3376 940 3563 991 testiti-

1977 1031 2178 1075 rantes.
2233 1024 2355 1077 Ideo
2385 1027 2697 1095 sanguinem
2768 1026 2874 1084 sibi
2942 1028 3108 1098 jussit
3165 1029 3348 1085 offerri
3404 1029 3560 1090 Dt'lh,

1974 1111 2264 1168 ostendens
2295 1115 2336 1168 si
2365 1118 2413 1168 in
2446 1116 2614 1170 brutis
2635 1117 2704 1169 ita
2739 1118 3003 1185 pretiosus
3034 1118 3248 1184 sanguis
3272 1125 3374 1184 est,
3399 1120 3564 1172 multo

1977 1203 2142 1272 magis
2176 1205 2224 1256 in
2260 1205 2473 1259 homine
2501 1221 2640 1261 esse.
2677 1207 2800 1260 Ideo
2834 1218 2888 1261 et
2915 1207 3041 1261 Non:
3071 1207 3203 1261 dixit
3236 1229 3249 1263 :
3288 1207 3564 1263 l’indicabo

1977 1309 2176 1347 omnem
2221 1297 2516 1365 sanguinem
2544 1297 2762 1364 effusum
2804 1297 2952 1367 (Gen.
2987 1297 3039 1352 9.
3071 1299 3143 1369 6).
3181 1298 3565 1370 lnnumeraqne

1975 1385 2077 1438 alia
2131 1386 2354 1440 inveniri
2399 1397 2640 1456 possunt,
2674 1388 2759 1442 lilii
2808 1389 2947 1442 Deus
2985 1399 3127 1443 vetat
3174 1407 3241 1444 ne
3285 1393 3558 1445 occidant:

1973 1477 2220 1546 quocirca
2253 1494 2318 1532 tte
2347 1479 2654 1550 sull‘ocatnm
2695 1480 2892 1550 aliquid
2925 1481 3266 1534 conn-tierent
3300 1485 3488 1535 vetuit.
3521 1492 3562 1530 tt

1977 1570 2066 1622 Dei
2119 1570 2562 1636 misericordiam,
2595 1573 2686 1642 qui
2715 1573 2957 1641 quamvis
2997 1573 3160 1627 sciret
3207 1574 3255 1625 id
3297 1576 3399 1626 illis
3433 1591 3462 1626 u
3490 1575 3560 1627 hil

1977 1659 2310 1730 profuturum
2357 1677 2504 1725 esse,
2538 1677 2631 1716 sua
2682 1672 2940 1733 pra'stare
2995 1681 3098 1716 non
3143 1665 3338 1718 desiit!
3392 1665 3559 1728 Mitto,

1976 1753 2163 1821 inquit,
2200 1753 2319 1807 licet
2367 1755 2531 1807 sciam
2562 1755 2796 1806 occisum
2841 1755 2900 1805 iri
2949 1754 3088 1807 illos.
3119 1755 3299 1823 Itaque
3333 1755 3453 1808 hinc
3483 1767 3564 1805 tn-

1976 1859 2120 1898 mcrc
2166 1845 2306 1914 loqui
2355 1845 2891 1915 deprehendehantnr
2931 1861 3052 1898 cum
3101 1846 3338 1900 dicerent
3383 1865 3395 1900 :
3448 1846 3563 1900 Non

1973 1936 2103 1991 socii
2128 1937 2408 1991 fuissemus
2433 1945 2658 2005 patrum.
2686 1935 2816 1990 Nam
2846 1947 2900 1990 et
2930 1937 2980 1989 bi
3013 1937 3298 2006 prophetas
3325 1939 3377 1990 in
3405 1952 3564 2008 syna-

1972 2032 2121 2102 gegis
2151 2031 2489 2095 occidebant,
2523 2047 2619 2086 nee
2665 2032 2840 2086 locum
2886 2031 3098 2086 reveriti
3137 2042 3280 2094 sunt,
3309 2047 3405 2084 nec
3446 2049 3564 2099 per-

1973 2140 2226 2179 sonarum
2274 2125 2583 2195 dignitatem
2635 2143 2647 2177 :
2706 2139 2879 2194 neque
2929 2124 3072 2177 enim
3128 2125 3272 2178 viros
3322 2140 3352 2177 e
3408 2124 3563 2191 vulgo

1973 2218 2307 2283 occidebant,
2341 2217 2433 2272 sed
2490 2217 2778 2286 prophetas
2819 2225 2871 2270 et
2915 2215 3206 2284 sapientes,
3257 2231 3320 2269 ue
3372 2229 3429 2269 se
3474 2231 3562 2268 re-

1976 2310 2384 2379 prehenderent.
2431 2310 2538 2364 llos
2578 2309 2825 2379 intelligit
2867 2324 2988 2362 esse
3032 2309 3302 2378 apostolos
3343 2325 3560 2362 eorum-

1971 2417 2075 2470 que
2125 2415 2466 2455 suecessorcs
2503 2417 2516 2453 :
2569 2417 2690 2454 nam
2727 2401 2876 2453 multi
2911 2400 3314 2468 prophetabant.
3365 2398 3596 2458 Deinde_

1975 2502 2029 2546 ut
2063 2503 2318 2547 terrorem
2350 2502 2588 2562 augeret,
2624 2493 2698 2546 ait
2729 2510 2742 2545 :
2797 2493 2952 2545 Amen
2986 2508 3128 2545 amen
3157 2495 3270 2545 dicit
3300 2494 3453 2557 vobis,
3483 2510 3560 2546 ue-

1973 2585 2111 2638 nient
2159 2586 2266 2637 licet:
2294 2585 2464 2637 omnia
2487 2601 2638 2653 super
2664 2585 3034 2654 generationem
3067 2583 3236 2644 lianc;
3292 2585 3340 2636 id
3372 2595 3472 2644 est,
3505 2583 3559 2636 In

1973 2678 2146 2745 capita
2176 2687 2353 2731 vestra
2405 2677 2520 2730 luce
2546 2677 2722 2731 omnia
2777 2691 2999 2739 vertam,
3034 2684 3088 2729 et
3117 2691 3360 2744 magnam
3408 2691 3560 2727 exi-r-

1973 2772 2106 2826 cebo
2129 2771 2437 2825 vindictam.
2468 2769 2599 2824 Nam
2626 2771 2716 2840 qui
2749 2771 2944 2824 multos
2974 2777 3257 2838 peccantes
3287 2768 3434 2828 vidit,
3466 2784 3561 2821 nec

1972 2878 2268 2918 conversus
2295 2873 2396 2927 est,
2429 2862 2522 2917 sed
2551 2863 2738 2917 eadem
2787 2862 2895 2930 ipsa
2927 2870 3143 2930 peccata
3179 2860 3432 2923 admittit,
3464 2877 3560 2914 nec

1973 2952 2161 3008 eadem
2211 2954 2320 3022 ipsa
2381 2953 2560 3018 modo,
2592 2952 2686 3006 sed
2732 2952 2892 3006 etiam
2942 2953 3100 3020 longe
3139 2951 3404 3021 graviora.
3438 2967 3560 3020 gra-
3597 3004 3600 3008 .

1975 3044 2150 3099 viores
2171 3060 2326 3113 quam
2372 3043 2446 3098 illi
2493 3058 2678 3113 poenas
2711 3043 2893 3097 subire
2921 3051 3174 3097 meretur.
3200 3043 3604 3109 Quein:nlino-_.

1973 3139 2098 3193 dum
2129 3137 2294 3200 enim,
2326 3136 2369 3188 si
2413 3136 2690 3196 voluisset,
2723 3149 2909 3203 magna
2955 3148 3020 3187 ex
3050 3132 3277 3187 aliorum
3319 3133 3566 3200 exemplo
3592 3181 3601 3197 _.

1975 3232 2210 3285 lucratus
2241 3226 2424 3281 fuisset
2456 3227 2644 3280 melior
2674 3224 2930 3282 cﬂectns:
2967 3224 3063 3288 sic,
3093 3224 3214 3292 quia
3247 3223 3563 3292 resipiscere

1976 3320 2164 3383 noluit,
2193 3318 2382 3386 majori
2413 3328 2496 3371 est
2521 3315 2784 3385 Supplieio
2809 3316 3091 3376 obnoxius,
3124 3323 3306 3382 utpote
3336 3315 3421 3382 qni
3452 3331 3562 3366 nia—
3585 3359 3598 3382 ._

1970 3412 2088 3483 jora
2121 3413 2318 3467 monita
2345 3427 2438 3480 per
2464 3425 2562 3465 eos
2582 3409 2670 3478 qui
2698 3409 2806 3477 jam
2831 3417 3180 3478 peccaverunt
3205 3407 3416 3478 etplexi
3452 3407 3560 3458 luu-
3589 3445 3598 3470 ,

1979 3515 2097 3560 rant
2127 3513 2424 3573 receperat,
2456 3502 2551 3557 Sed
2593 3503 2710 3556 sine
2742 3507 2932 3556 tructu.

2048 3601 2103 3652 5.
2149 3598 2350 3652 Deimle
2399 3597 2464 3651 ad
2495 3597 2766 3651 civitatem
2817 3610 3120 3653 smmouem
3167 3595 3449 3654 Convertit,
3491 3595 3565 3645 sit:

1975 3690 2247 3746 auditores
2297 3690 2574 3743 instituere
2621 3689 2826 3752 volens,
2858 3688 3081 3756 aitque:
3119 3687 3206 3742 57.
3257 3685 3562 3750 Jerusalem,

1976 3781 2283 3837 Jerusalem.
2309 3781 2443 3846 Quid
2476 3780 2574 3834 sibi
2609 3780 2724 3832 vult
2751 3779 2863 3832 luce
2894 3777 3236 3845 duplicatio?-
3265 3778 3560 3831 Illiscrantis

1976 3885 2058 3928 est
2085 3873 2334 3943 loquendi
2367 3872 2576 3934 modus,
2601 3879 2653 3925 et
2677 3869 2962 3924 admodmn
2986 3870 3233 3923 amantis.
3253 3870 3399 3924 Sicut
3419 3872 3560 3924 enim

1977 3966 2422 4036 apmldileclam,
2453 3973 2954 4033 semperamalam,
2987 3978 3103 4033 qua:
3133 3974 3397 4023 amantem
3429 3980 3562 4018 con-

1980 4067 2290 4127 tempserat,
2343 4056 2566 4124 ideoque
2615 4053 2878 4131 supplicio
2925 4054 3280 4123 plectejidmn,
3333 4056 3402 4108 ita
3445 4071 3594 4109 sese.

1978 4150 2220 4205 defendit
2245 4149 2483 4214 demum,
2513 4164 2653 4202 cum.
2681 4163 2810 4202 mox
2831 4148 3160 4225 supplicium.
3188 4157 3268 4202 est
3299 4148 3562 4202 illaturus.

1980 4241 2132 4309 Quod
2164 4241 2323 4295 etiam
2355 4240 2408 4294 in
2434 4238 2712 4309 prophetis
2731 4239 2854 4292 facit
2883 4237 2966 4300 his
2991 4239 3166 4293 verbis
3202 4257 3216 4292 :
3267 4239 3403 4303 Dixi,
3435 4239 3566 4292 Con-

1980 4345 2169 4390 vertere
2217 4335 2283 4387 ad
2327 4335 2458 4399 ine‘,
2501 4343 2547 4386 et
2589 4349 2694 4385 non
2734 4341 3102 4390 estconuersa.
3132 4331 3339 4402 (Jcrcnt.
3384 4333 3435 4386 ὖ.
3484 4332 3562 4400 7).

1986 4426 2183 4481 Deinde
2233 4441 2430 4479 vocans
2481 4425 2646 4489 illam,
2673 4424 2961 4488 homicidia
2993 4422 3109 4491 ejus
3155 4423 3361 4490 subjieit
3394 4440 3404 4473 :
3439 4423 3564 4488 (iure

1983 4519 2170 4572 occidis
2207 4516 2498 4587 prophetas,
2530 4527 2571 4567 et
2613 4514 2812 4582 lapillos
2843 4531 2924 4566 eos
2962 4514 3043 4581 qui
3074 4514 3140 4564 ad
3178 4522 3224 4565 te
3253 4513 3390 4566 missi
3427 4527 3564 4576 sun',

1982 4609 2174 4677 quoties
2217 4608 2351 4661 rolui
2395 4623 2700 4675 congregare
2742 4606 2876 4672 ﬁlios
2928 4615 3057 4662 tuos.
3085 4615 3131 4656 ct
3178 4604 3455 4657 noluistis?
3502 4606 3568 4656 ita

1984 4701 2122 4755 circa
2153 4715 2216 4753 ea
2243 4715 2362 4769 qua:
2393 4707 2576 4751 contra
2610 4712 2667 4752 se
2699 4695 2942 4757 fecerunt
2968 4711 3090 4750 sese
3117 4697 3387 4750 defendit:
3435 4698 3568 4764 Quia

1985 4809 2158 4862 neque
2189 4801 2405 4861 prapter
2432 4791 2543 4844 lure
2584 4807 2612 4843 a
2647 4801 2696 4844 te
2739 4807 2956 4843 avet-sm
2983 4804 3126 4854 smn,
3171 4807 3340 4860 ncqi-e
3381 4809 3463 4845 me
3504 4795 3571 4844 ab

1989 4887 2077 4941 illa
2107 4894 2536 4957 magnam-gate
2581 4883 2947 4943 benevolentia
2997 4884 3251 4952 repnli~ti,
3297 4885 3387 4937 sed
3424 4895 3473 4938 te
3504 4888 3569 4937 aa

1985 4979 2228 5033 affectam
2253 4975 2420 5035 volui.
2442 4991 2544 5031 non
2568 4975 2730 5032 semel
2749 4984 2803 5028 et
2825 4974 2926 5037 bis,
2948 4975 3038 5028 sed
3067 4974 3262 5043 pluries
3283 4983 3571 5028 attrahere.

1991 5071 2211 5138 Quoties.
2248 5068 2416 5134 enim,
2467 5067 2658 5135 inquit,
2710 5065 2846 5120 t'olni
2897 5083 3204 5137 congregare
3255 5068 3389 5135 ﬁlios
3437 5078 3572 5132 tuos,

1986 5158 2410 5231 quemadmodum
2435 5157 2630 5226 gallina
2656 5167 2924 5228 congregat
2973 5157 3139 5226 pullos
3163 5174 3281 5212 suos
3324 5159 3414 5212 sub
3445 5160 3577 5222 alas,

1987 5264 2032 5306 et
2063 5251 2293 5310 uoluistis
2311 5252 2335 5306 ?
2353 5251 2476 5309 Hoc
2499 5251 2648 5315 dicit,
2668 5249 2958 5311 ostendens
2989 5251 3108 5305 illos
3137 5267 3281 5322 sa‘pe
3312 5256 3579 5322 peccando

1989 5361 2108 5400 sese
2137 5343 2488 5413 dispersisse;
2519 5351 2572 5398 et
2602 5359 2667 5396 ex
2700 5343 2930 5412 imagine
2963 5343 3050 5402 illa
3073 5359 3313 5412 amorem
3346 5344 3580 5400 declarat

1989 5455 2145 5492 suum
2175 5456 2187 5492 :
2220 5437 2386 5490 fct'vtrt
2409 5435 2551 5490 enim
2577 5452 2727 5492 amor
2748 5436 3001 5498 animalis
3027 5435 3167 5490 illius
3191 5439 3329 5491 circa
3355 5439 3577 5507 prolem.

1991 5533 2145 5600 Smpe
2173 5539 2350 5588 autem
2376 5529 2490 5588 hate
2518 5529 2925 5597 alat'mnimago
2955 5530 3004 5582 in
3037 5529 3310 5598 proisltctis
3341 5530 3579 5595 habetur,

1994 5639 2200 5679 necnon
2233 5621 2282 5678 in
2318 5620 2526 5679 cantico
2564 5620 2866 5690 blt))'sis,i'st
2900 5622 2949 5674 in
2984 5621 3228 5688 Psalmis,
3259 5638 3373 5688 qua:
3405 5632 3580 5690 prole-

2017 5739 2070 5849 r;
2111 5734 2272 5784 Morel.
2309 5736 2450 5791 habet
2477 5774 2486 5792 ,
2516 5742 2786 5786 thl'CI'lt‘t'c
2812 5734 2875 5784 ad
2898 5747 2973 5785 me
3015 5742 3114 5796 post
3137 5733 3248 5784 Illas
3281 5748 3441 5785 onittcs
3477 5751 3577 5797 pro.

2037 5813 2050 5849 ι
2076 5808 2271 5849 “NUNC-5.
2533 5845 2538 5849 .
3137 5816 3146 5823 '
3267 5812 3272 5818 ⁷
3437 5841 3456 5849 ι.

1992 5808 2271 5849 stttuttoitcs.
2533 5845 2538 5849 _
3137 5816 3146 5823 .
3267 5812 3272 5818 .
