4128 6400
539 335 647 390 683

537 451 794 510 ctioncm,
825 452 881 500 et
909 437 1301 512 providentiam
1349 450 1597 508 magnam
1629 431 1849 488 indicat.
1879 430 1985 488 Sed
2027 443 2125 485 no-

543 541 740 605 lnistis,
772 535 966 607 inquit.
999 533 1088 590 58.
1132 529 1260 584 Ecce
1284 529 1596 598 relinquetur
1636 526 1816 579 domus
1845 532 2012 578 vestra
2036 521 2130 575 de-

537 643 694 696 serta,
729 626 1028 700 patrocinio
1063 623 1270 680 scilicet
1293 636 1418 677 meo
1441 634 1628 674 vacua.
1673 617 1790 686 Ipse
1830 616 1990 684 igitur
2015 621 2133 669 erat

537 724 629 795 qui
679 723 827 793 prius
867 719 938 774 illi
989 715 1446 789 patrocinabatur,
1501 712 1776 780 ipsamque
1827 706 2043 761 tenebat
2069 720 2130 760 ac

539 815 788 872 servabat
821 831 834 865 :
878 812 992 881 ipse
1037 811 1214 879 itaque
1245 816 1347 872 est,
1379 805 1467 874 qui
1502 804 1620 857 illos
1645 815 1858 870 semper
1884 799 2126 868 castigat.

537 907 607 963 Et
634 905 951 976 supplicium
984 903 1115 972 ipsis
1145 899 1327 964 infert,
1350 895 1490 968 quod
1523 895 1596 949 illi
1621 892 1907 948 admodum
1939 888 2128 946 formi-

536 997 779 1053 dabant:
812 996 916 1050 hoc
941 994 1084 1050 enim
1129 991 1370 1047 omnium
1416 1003 1598 1043 rerum
1647 999 1865 1039 suarum
1891 981 2120 1038 eversiov

538 1107 663 1147 nem
691 1088 1026 1160 designabat.
1058 1084 1148 1142 59.
1174 1082 1304 1138 Dico
1326 1082 1457 1136 enim
1484 1079 1640 1144 vobis,
1670 1093 1771 1131 non
1798 1092 1878 1129 me
1904 1071 2132 1130 videbitis

536 1181 723 1236 αιτιοάο
751 1181 912 1234 donec
959 1177 1162 1241 dicatis,
1193 1173 1493 1229 Benedictus
1533 1170 1622 1242 qui
1665 1169 1794 1222 venit
1837 1167 1890 1221 in
1931 1165 2134 1220 nomine

537 1274 770 1329 Domini.
803 1273 914 1326 lloe
960 1271 1085 1325 item
1115 1268 1316 1324 dictum
1348 1263 1600 1320 ferventis
1630 1269 1712 1317 est
1737 1257 2013 1324 amatoris,
2042 1271 2130 1326 qut

537 1366 661 1422 illos
721 1373 778 1420 et
831 1362 1025 1418 futuris
1075 1358 1355 1416 eventibus
1418 1352 1733 1424 pertrahere
1789 1349 2134 1406 vehementer

535 1467 687 1528 Optat
724 1478 738 1512 :
782 1471 955 1526 neque
1002 1470 1032 1507 a
1078 1449 1394 1523 prteteritis’
1443 1446 1616 1502 solum
1666 1443 1959 1499 hortatur:
2006 1456 2130 1496 nam

535 1551 678 1607 diem
727 1548 961 1604 futurum
992 1542 1214 1600 secundi
1246 1541 1363 1611 ejus
1387 1538 1651 1594 adventus
1679 1541 1962 1590 memorat.
1993 1531 2132 1600 Quid

537 1642 738 1714 igitur?
768 1656 835 1694 an
874 1655 942 1694 ex
986 1639 1080 1692 illo
1107 1647 1349 1705 tempore
1377 1648 1482 1687 non
1511 1631 1648 1686 ultra
1682 1628 1932 1684 viderunt
1969 1624 2133 1682 eum?

538 1734 647 1791 Sed
671 1733 820 1797 illud,
850 1731 1072 1796 Amodo,
1099 1743 1206 1783 non
1233 1726 1376 1781 illam
1409 1725 1592 1779 horam
1620 1719 1905 1792 significat,
1931 1718 2026 1774 sed
2053 1727 2127 1773 to-

538 1837 652 1882 tum
685 1835 894 1894 tempus
936 1820 1065 1877 illud
1094 1818 1238 1890 quod
1268 1832 1436 1888 usque
1471 1815 1537 1868 ad
1562 1827 1778 1877 crucem
1829 1811 2130 1868 intercedit.

536 1921 669 1990 Quia
696 1920 840 1976 enim
863 1917 1012 1972 illum
1041 1928 1257 1984 semper
1287 1911 1386 1965 hac
1413 1909 1482 1965 de
1520 1924 1580 1963 re
1619 1905 1962 1974 accusabant,
1987 1904 2130 1976 quod

536 2015 649 2070 Deo
669 2010 1009 2067 adversarius
1031 2014 1174 2062 esset
1198 2013 1253 2060 et
1277 2003 1545 2067 inimicus,
1566 1999 1691 2064 hinc
1720 1999 1867 2069 ipsos
1892 1997 1958 2052 ad
1984 2011 2134 2052 amo-

537 2123 652 2161 rem
681 2103 762 2158 sui
799 2102 1066 2163 hortatur,
1091 2095 1236 2170 quod
1279 2110 1340 2151 se
1385 2092 1527 2149 Patri
1567 2089 1888 2147 concordem
1917 2103 2135 2158 semper

534 2200 888 2258 demonstret,
916 2203 970 2249 et
995 2192 1232 2262 seipsum
1261 2187 1498 2244 declarat
1539 2185 1591 2240 in
1635 2182 1912 2257 prophetis
1934 2181 2128 2237 fuisse:

537 2301 821 2360 propterea
847 2284 1034 2341 iisdem
1063 2281 1194 2354 ipsis
1213 2280 1378 2336 utitur
1401 2276 1600 2341 verbis,
1629 2274 1821 2346 quibus
1852 2271 2128 2343 propheta.

537 2383 642 2439 Per
669 2382 784 2436 bzec
817 2379 978 2436 etiam
1012 2373 1462 2438 resurrectionem
1505 2369 1881 2434 subindicavit,
1923 2381 2130 2422 necnon

536 2474 836 2532 secundum
851 2470 1138 2526 adventum
1162 2481 1342 2533 suum,
1361 2465 1633 2535 etiamque
1654 2461 1718 2518 iis
1733 2460 1822 2532 qui
1844 2458 2131 2515 admodum

536 2566 797 2623 increduli
828 2572 1032 2628 essent,
1063 2558 1206 2631 quod
1250 2559 1423 2629 ipsum
1476 2566 1602 2612 tunc
1631 2563 1815 2612 essent
1837 2551 2132 2609 adoraturi.

537 2665 607 2721 Et
631 2661 904 2736 quomodo
952 2656 1082 2714 illud
1109 2653 1466 2727 signiﬁcavit?
1491 2651 1624 2707 Cum
1677 2648 1840 2704 multa
1873 2647 2022 2716 prius
2045 2643 2130 2736 fu:

537 2734 666 2812 tura
691 2753 918 2813 dixisset
951 2767 964 2804 :
1009 2747 1152 2821 quod
1181 2747 1445 2803 missurus
1481 2752 1626 2800 esset
1654 2741 1960 2812 prophetas,
1989 2734 2135 2807 quod

535 2847 661 2906 illos
687 2842 1019 2907 interfectori
1045 2849 1247 2904 essent,
1271 2839 1540 2909 etiamque
1562 2836 1615 2891 in
1645 2832 1963 2907 synagogis;
1990 2830 2133 2903 quod

537 2938 613 2996 illi
639 2948 886 2998 extrema
907 2943 1091 2992 essent
1111 2931 1342 3005 passuri,
1358 2928 1500 3002 quod
1517 2928 1710 2986 domus
1729 2926 1944 2988 deserta
1964 2924 2131 2990 foret;

535 3029 687 3104 quod
730 3028 888 3088 malis
936 3024 1268 3100 gravissimis
1317 3029 1503 3079 essent
1548 3016 1908 3090 subiiciendi,
1957 3016 2132 3088 qualia

535 3136 829 3192 riu-squam
859 3119 1088 3175 fuerant.
1120 3115 1248 3172 “me
1278 3115 1476 3191 quippe
1499 3112 1678 3168 omnia
1717 3111 1804 3166 vel
1833 3118 2013 3168 mente
2041 3123 2134 3166 ca-

537 3215 646 3288 ptis
671 3223 727 3272 et
750 3212 1109 3274 eontentiosis
1135 3208 1431 3264 adventum.
1447 3205 1566 3277 ejus
1584 3204 1959 3260 demonstrare
1985 3211 2136 3274 pote—

537 3314 681 3364 rant.
713 3305 1110 3375 lnterrogemus
1135 3313 1368 3370 namque
1409 3312 1507 3352 eos
1537 3318 1551 3352 :
1592 3295 1803 3351 Misitne
1848 3294 2138 3365 prophetas

538 3410 596 3458 et
620 3397 930 3471 sapientes?
954 3409 1144 3451 annon
1160 3390 1474 3449 occulerant
1492 3403 1588 3445 eos
1617 3389 1670 3443 in
1701 3385 2027 3459 διηθεοείδῖ
2050 3399 2136 3440 re-

538 3492 736 3548 lictane
755 3498 839 3548 est
859 3487 1056 3550 domus
1070 3483 1326 3541 deserta?-
1339 3487 1673 3537 veneruntue
1693 3476 1952 3548 supplicia
1974 3491 2136 3547 super

541 3583 943 3657 generationem
970 3579 1154 3634 illam?
1180 3577 1236 3633 Id
1264 3573 1605 3631 manifestum
1645 3581 1793 3628 certe
1817 3579 1921 3636 est,
1952 3584 2136 3626 nemo-

541 3693 647 3748 qtlc
671 3672 1021 3731 contradicet.
1050 3671 1198 3726 Sicut
1217 3683 1348 3739 ergo
1368 3665 1484 3721 hare
1507 3664 1688 3720 omnia
1718 3671 2036 3731 evenerunt,
2058 3665 2137 3718 sic

542 3778 598 3824 et
643 3769 729 3822 illa
774 3765 1044 3829 evenient,
1073 3770 1132 3817 et
1179 3769 1304 3815 tunc
1344 3756 1539 3813 cedent
1567 3770 1734 3826 seque
1779 3752 2133 3819 submittent;

542 3862 639 3918 sed
663 3860 796 3918 nihil
821 3857 887 3914 ad
929 3857 1010 3912 sui
1037 3852 1440 3912 excusationem
1481 3858 1737 3922 poterunt
1780 3847 2054 3920 proferre;
2080 3855 2138 3902 ut

545 3951 813 4023 neque-illi
834 3949 924 4021 qui
950 3962 1155 4004 eversa:
1175 3945 1403 4001 civitatis
1423 3957 1583 3999 causa
1616 3952 1740 3998 tunc
1767 3940 2136 4012 pmnitentiam

543 4056 790 4119 egerunt.
821 4044 1175 4112 Quapropter,
1209 4039 1384 4104 donec
1408 4045 1618 4107 tempus
1652 4045 1754 4100 est,
1782 4033 1938 4091 bonis
1960 4032 2135 4104 operi-

550 4139 650 4196 bus
693 4151 794 4190 nos
835 4133 1115 4189 dedamus.
1157 4127 1614 4203 Quemadmodum
1665 4127 1812 4181 enim
1872 4125 1948 4180 illi
2011 4133 2138 4180 tunc

549 4231 679 4286 nihil
704 4245 769 4285 es
795 4225 1100 4297 cognitione
1128 4223 1336 4280 fruetus
1369 4220 1695 4291 percipient,
1723 4220 1801 4274 sic
1841 4217 1984 4272 nulla
2011 4225 2139 4272 tunc

549 4325 711 4386 nobis
729 4340 794 4379 ex
827 4319 1142 4393 pmuitentia
1178 4316 1249 4374 de
1275 4316 1513 4387 peccatis
1553 4315 1750 4368 utilitas
1774 4312 2033 4373 accedet:
2081 4321 2141 4367 ut

549 4434 725 4490 neque
750 4412 1121 4489 gubernatori,
1139 4426 1260 4468 cum
1285 4409 1436 4465 navis
1463 4424 1556 4478 per
1585 4408 1702 4479 ejus
1726 4407 1986 4463 desidiam
2015 4405 2142 4462 sob-

547 4528 723 4570 mcrsa
767 4518 872 4570 est.
917 4521 1018 4564 nec
1064 4505 1296 4571 medico,
1342 4510 1466 4573 post
1510 4502 1692 4572 πιεῖνοιί
1744 4509 1968 4557 mortem
1999 4519 2013 4556 ε
2044 4501 2140 4558 sed

549 4619 740 4662 omnes
789 4609 916 4656 ante
961 4601 1123 4655 linem
1174 4597 1306 4657 nihil
1355 4611 1460 4651 non
1507 4595 1802 4650 machinari
1833 4603 1888 4650 et
1929 4597 2140 4668 operari

547 4703 783 4767 Oportet,
814 4701 874 4747 ut
903 4707 970 4746 ne
993 4691 1045 4744 in
1078 4689 1372 4760 perieulum
1400 4689 1486 4744 vel
1517 4686 1899 4757 turpitudinem
1927 4685 2142 4743 decida-

548 4799 675 4844 tur:
707 4795 895 4860 postea
919 4784 1063 4838 enim
1109 4782 1198 4838 illa
1233 4780 1413 4836 omnia
1444 4789 1570 4835 sunt
1598 4777 1824 4834 inutilia.
1861 4779 1970 4834 Nos
1996 4788 2144 4836 certe

551 4881 768 4952 quando
814 4889 1156 4949 a-grotamus.
1200 4873 1439 4931 medicos
1483 4888 1840 4940 accersamus,
1891 4873 2143 4943 pecunias

550 4973 945 5044 impendamus,
967 4967 1344 5037 assiduamque
1372 4979 1591 5035 operam
1621 4963 1833 5031 demus,
1859 4973 1917 5018 ut
1945 4980 2011 5019 ex
2052 4979 2145 5018 ne-

555 5067 722 5136 quitia
748 5073 1052 5134 surgentes,
1081 5059 1211 5118 inde
1246 5058 1364 5114 sani
1409 5055 1765 5122 recedamus;
1807 5064 1865 5111 et
1891 5066 2144 5128 quantam

552 5160 695 5213 circa
752 5169 942 5211 servos
994 5161 1208 5207 nostros
1255 5165 1438 5206 curam
1498 5147 1884 5218 impendimus,
1916 5163 2037 5203 cum
2092 5149 2148 5204 in

556 5250 802 5306 morbum
846 5245 1154 5310 inciderint,
1185 5249 1382 5296 tantam
1408 5241 1548 5297 circa
1577 5255 1678 5296 nos
1707 5240 1853 5310 ipsos
1888 5239 2144 5296 exhibea-

557 5361 698 5406 tuus,
730 5355 855 5397 cum
893 5338 1073 5392 anima
1101 5343 1343 5406 aegrotat.
1379 5332 1540 5404 Atqui
1569 5332 1726 5388 nobis
1761 5332 1892 5403 ipsis
1929 5333 2148 5402 propin.-

558 5443 768 5506 quiores
811 5445 1027 5498 sumus,
1049 5445 1206 5502 quam
1255 5429 1445 5492 servis.
1495 5436 1550 5484 et
1595 5426 1910 5496 corporibus
1956 5427 2150 5481 anima:

562 5527 964 5599 prmstaotiores
993 5533 1164 5590 sunt;
1209 5532 1444 5578 attamen
1477 5521 1562 5576 vix
1605 5534 1786 5593 parent
1815 5533 2001 5575 curam
2044 5518 2151 5575 im~

561 5623 865 5693 peudiums.
914 5618 1027 5674 Nisi
1057 5619 1199 5673 enim
1237 5617 1300 5698 id
1353 5630 1496 5672 nunc
1543 5615 1822 5679 faciamus,
1870 5624 2151 5686 postquam

616 5792 636 5828 λ
671 5785 842 5846 iterel-
863 5788 1037 5846 habet,
1056 5800 1206 5852 neque
1228 5802 1258 5839 a
1281 5785 1612 5853 prwsentibus.

1219 323 1274 380 S.
1316 319 1596 378 JOANNIS
1634 316 2104 376 CHRYSOSTOHI
2148 315 2464 372 ARCHIEP.
2507 313 3041 371 CONSTANTINOP.

3721 313 3822 371 θδι

2239 428 2665 497 decesserimus,
2721 428 2863 482 nulla
2920 429 3075 483 nobis
3132 428 3450 495 relinquitur
3501 428 3834 486 defensionis

2238 520 2400 574 ratio.

2308 613 2361 669 4.
2393 613 2629 668 Animam
2645 630 2824 668 curare
2844 612 3155 685 negligentes
3174 612 3567 684 redarguuntur,
3596 615 3829 670 modum-

2237 721 2333 776 que
2357 707 2634 760 curationis
2659 708 2919 761 docentur.
2954 738 3024 747 —
3053 707 3248 776 Ecquis
3278 709 3349 764 ita
3377 709 3563 775 miser,
3589 711 3820 781 inquies.

2239 804 2297 851 ut
2326 811 2432 852 non
2464 813 2645 868 parem
2671 798 3086 855 sollicitudinem
3104 799 3334 854 habeat?
3362 800 3470 854 lloc
3490 812 3638 856 certe
3665 803 3826 856 mira-

2238 887 2344 942 bile
2373 898 2476 956 est,
2509 889 2650 960 quod
2676 905 2775 945 nos
2802 891 2947 960 ipsos
2973 898 3255 961 plusquam
3285 907 3474 948 servos
3502 893 3832 964 negligamus

2239 978 2719 1051 despiciamusque.
2751 981 2888 1036 Nam
2930 983 3102 1040 servis
3145 982 3569 1038 febricitantibus
3595 984 3834 1042 medicos

2203 1070 2585 1138 .advocamus,
2615 1071 2971 1128 habitaculum
3004 1073 3133 1144 ipsis
3157 1072 3499 1142 deputamus,
3524 1076 3668 1144 ipsos
3697 1077 3832 1130 artis

2238 1162 2443 1232 legibus
2467 1163 2690 1234 obsequi
2720 1165 2997 1235 cogimus;
3027 1165 3072 1220 si
3105 1166 3377 1236 negligant
3408 1167 3543 1234 ipsi,
3576 1183 3674 1222 nos
3702 1183 3831 1238 gra-

2238 1259 2374 1313 viter
2422 1258 2641 1313 ferimus
2667 1300 2680 1322 ,
2728 1259 2979 1314 custodes
3031 1259 3264 1329 ipsorum
3301 1261 3709 1323 constituimus,
3739 1261 3832 1332 qui

2238 1350 2556 1421 prohibeant
2583 1366 2650 1406 ue
2677 1352 2944 1422 appetitus
2973 1352 3044 1406 illi
3068 1367 3195 1407 suos
3210 1361 3502 1423 sequantur
3527 1371 3540 1408 :
3567 1354 3655 1422 qui
3683 1353 3726 1408 si
3745 1353 3832 1408 di-

2238 1442 2416 1496 xerint
2447 1443 2624 1512 magni
2673 1442 2830 1512 pretii
2858 1442 3121 1498 medicina
3157 1456 3276 1498 esse
3301 1458 3458 1513 opus,
3488 1443 3713 1498 libenter
3736 1460 3834 1498 au-

2241 1533 2490 1588 nuinms:
2523 1542 2578 1588 et
2603 1533 2857 1605 quidquid
2901 1535 3223 1599 statuerint,
3254 1549 3353 1590 nos
3373 1534 3830 1604 obtemperamus,

2237 1635 2397 1696 atque
2438 1624 2742 1695 hujusmodi
2784 1633 3103 1681 statutorum
3147 1625 3450 1681 mercedem
3497 1627 3626 1696 ipsis
3662 1629 3831 1684 solvi-

2237 1732 2375 1773 mus.
2408 1717 2542 1772 Cum
2583 1726 2764 1774 autem
2809 1734 2906 1775 nos
2937 1718 3127 1776 morbo
3155 1717 3492 1782 laboramus;
3523 1719 3631 1774 imo
3669 1735 3831 1773 mnu-

2236 1824 2524 1880 quamnon
2547 1809 2884 1874 laboramus;
2917 1827 3024 1864 non
3051 1809 3316 1865 medicum
3341 1811 3688 1876 accersimus,
3722 1827 3830 1868 non

2237 1903 2490 1972 pecunias
2515 1903 2871 1974 impendimus
2897 1945 2913 1970 ,
2940 1903 3034 1960 sed
3051 1904 3286 1959 animam
3313 1903 3462 1975 quasi
3488 1905 3756 1960 inimicum
3777 1915 3834 1960 et

2239 1997 2448 2052 hostem
2473 1996 2812 2068 negligimus.
2835 1996 2962 2052 Haec
2994 2013 3152 2067 porro
3171 1995 3312 2062 dico,
3341 2013 3448 2051 non
3475 1996 3616 2068 quod
3645 2013 3832 2053 curam

2237 2087 2382 2142 illam
2427 2087 2570 2143 circa
2614 2102 2802 2144 servos
2843 2087 3137 2144 adhibitam
3183 2087 3480 2157 improbem
3504 2130 3520 2155 ,
3555 2089 3649 2145 sed
3687 2090 3832 2160 quod

2235 2180 2446 2250 cupiam
2471 2190 2531 2236 ut
2557 2197 2738 2252 parem
2766 2181 2954 2237 saltem
2985 2182 3125 2236 circa
3155 2183 3386 2235 animam
3420 2189 3657 2236 nostram
3685 2182 3837 2237 solli-

2235 2273 2526 2330 citudinem
2557 2274 2927 2330 adhibeamus.
2963 2275 3156 2345 l-thuo
3181 2283 3358 2344 pacto.
3392 2275 3632 2344 inquies.
3665 2275 3718 2330 id
3750 2275 3832 2330 fa-

2237 2365 2483 2421 ciemus?
2511 2365 2729 2437 .tEgram
2777 2367 2922 2422 illam
2963 2367 3128 2421 Paulo
3156 2366 3415 2426 ostende:
3447 2381 3666 2424 accerse
3692 2367 3833 2422 Mat-

2238 2455 2472 2523 thmum;
2507 2457 2767 2514 Joannem
2811 2458 3050 2514 assidere
3075 2473 3250 2514 cures.
3303 2458 3385 2513 Ab
3423 2459 3527 2513 illis
3552 2457 3674 2512 audi
3701 2460 3830 2529 quid

2239 2549 2330 2604 tali
2354 2548 2543 2605 morbo
2563 2549 2828 2605 laboranti
2853 2550 2922 2605 sit
2944 2549 3264 2604 facit-udum.
3291 2549 3477 2604 Dicent
3497 2550 3675 2620 utique
3693 2591 3708 2614 ,
3733 2565 3836 2608 nee

2235 2641 2486 2699 celabunt
2515 2661 2530 2698 :
2560 2657 2665 2697 non
2713 2641 2857 2704 enim
2907 2641 3101 2703 mortui
3132 2650 3291 2708 sunt,
3339 2641 3432 2696 sed
3461 2642 3646 2696 vivunt
3673 2651 3725 2696 et
3750 2642 3830 2696 lo—

2236 2742 2496 2805 quuntur.
2523 2733 2630 2790 Sed
2676 2749 2784 2790 non
2825 2733 3052 2790 attendit
3095 2733 3272 2788 aliena
3309 2749 3369 2788 se
3400 2732 3533 2789 febri
3563 2733 3836 2789 detineri?

2239 2825 2328 2882 Ad
2352 2824 2406 2882 id
2436 2826 2582 2881 illam
2613 2835 2668 2880 tu
2691 2840 2845 2895 coge,
2873 2835 2929 2882 et
2955 2825 3322 2880 rationabilem
3359 2824 3476 2894 ejus
3503 2835 3705 2894 partem
3729 2841 3830 2880 ex»

2236 2920 2362 2976 cita.
2395 2918 2561 2976 Indue
2607 2917 2930 2990 prOphetas;
2959 2917 3043 2972 his
3090 2916 3314 2972 medicis
3354 2931 3459 2970 non
3504 2917 3835 2972 numeranda

2237 3013 2470 3084 pecunia
2505 3018 2590 3068 est
2616 3027 2632 3065 :
2663 3025 2837 3079 neque
2865 3010 3008 3068 enim
3055 3008 3394 3074 mercedem,
3419 3023 3591 3077 neque
3620 3008 3829 3078 impen-

2237 3117 2353 3159 sam
2379 3103 2602 3174 exigunt
2627 3101 2711 3158 vel
2737 3117 2836 3174 pro
2873 3116 3035 3170 opera
3064 3100 3146 3155 vel
3177 3115 3280 3169 pro.
3313 3099 3564 3157 remediis
3593 3100 3727 3154 suis.
3775 3099 3839 3154 lu.

2241 3195 2618 3252 necessitatem
2649 3202 2828 3250 tamen
2860 3193 3116 3264 impensa:
3143 3200 3195 3248 te
3221 3191 3511 3261 conjiciunt
3528 3231 3543 3256 ,
3570 3190 3663 3246 sed
3690 3191 3835 3246 elec-

2239 3302 2482 3361 mosynae
2507 3286 2830 3358 erogandam
2861 3284 2915 3345 in
2937 3283 3146 3340 caeteris
3175 3292 3354 3340 autent
3382 3281 3448 3337 de
3471 3297 3571 3336 suo
3596 3281 3831 3353 largiun-

2241 3388 2328 3435 tur
2360 3395 2522 3436 :eum
2551 3378 2694 3436 enim
2743 3388 2796 3433 te
2838 3387 3200 3448 temperanter
3235 3391 3394 3446 agere
3436 3375 3663 3443 jubcnt,
3690 3386 3741 3430 te
3765 3375 3843 3430 ab

2240 3473 2628 3544 intempestivis
2654 3481 2710 3528 et
2733 3471 2982 3532 absurdis
3008 3471 3263 3541 impensis
3303 3469 3562 3535 liberant;
3593 3484 3716 3525 cum
3744 3469 3833 3538 ju-

2239 3563 2370 3620 bent
2399 3563 2668 3620 abstinere
2696 3563 2766 3618 ab
2789 3563 3050 3620 ebrietate
3069 3605 3084 3627 ,
3117 3561 3505 3632 opulentiorem
3535 3570 3586 3615 te
3612 3560 3831 3616 faciunt.

2241 3660 2430 3716 Viden‘
2458 3660 2788 3716 medicorum
2810 3668 2981 3713 artem
3001 3699 3016 3725 ,
3041 3657 3278 3728 quicum
3303 3657 3529 3715 sanitate
3551 3655 3840 3724 pecuniam,

2239 3752 2508 3809 afferunt?
2551 3751 2744 3808 Asside
2787 3751 2946 3823 igitur
2985 3750 3118 3816 illis,
3160 3749 3229 3807 ab
3255 3748 3441 3818 eisque
3484 3748 3630 3804 disce
3660 3746 3836 3803 morbi

2241 3855 2512 3901 naturam.
2561 3843 2809 3914 Exempli
2851 3855 3046 3907 causa,
3091 3854 3242 3896 amas
3272 3839 3525 3910 pecunias
3564 3846 3622 3894 et
3657 3840 3835 3892 avari-

2243 3942 2370 3998 tiam
2390 3983 2406 4007 ,
2439 3949 2498 3995 ut
2521 3939 2890 3995 febricitantes
2907 3950 3101 4007 aquam
3131 3932 3412 4006 frigidam?
3437 3932 3571 3987 Audi
3599 3930 3725 4001 quid
3759 3931 3835 3985 illi

2241 4032 2450 4088 consilii
2481 4030 2728 4086 atl'eraut.
2782 4028 2932 4084 Sicut
2973 4027 3116 4082 enim
3148 4025 3390 4082 medicus
3416 4024 3578 4079 edicit
3606 4023 3701 4078 tibi
3735 4041 3748 4078 :
3780 4022 3842 4078 Si

2241 4123 2586 4194 cupiditatem
2629 4120 2910 4192 sequaris.
2945 4117 3180 4188 peribis,
3225 4125 3282 4171 et
3326 4117 3457 4171 ilhul
3502 4123 3664 4185 atque
3705 4114 3840 4172 illud

2245 4217 2369 4272 mali
2406 4217 2498 4272 tibi
2523 4215 2737 4271 eveniet
2765 4229 2778 4268 :
2809 4213 2889 4268 sic
2935 4220 2991 4267 et
3018 4211 3213 4265 Paulus
3241 4225 3255 4262 :
3285 4209 3386 4276 Qui
3429 4209 3584 4262 ditari
3624 4207 3837 4272 saltim,

2246 4307 2439 4380 inquit,
2469 4307 2699 4361 incidunt
2729 4305 2780 4358 in
2807 4308 3132 4358 tentationem
3161 4311 3208 4355 et
3235 4301 3438 4371 laqueos
3467 4298 3694 4365 diaboli,
3721 4311 3766 4354 et
3787 4302 3844 4354 in

2245 4398 2676 4470 concupiscentia
2703 4394 2886 4451 stultas
2929 4403 2976 4447 et
3011 4394 3224 4456 noxias,
3267 4407 3381 4462 qua:
3421 4391 3474 4443 in
3526 4391 3848 4462 profundum.

2245 4495 2477 4549 interitus
2505 4501 2553 4546 et
2580 4489 2874 4560 perditionis
2904 4487 3132 4542 homines
3159 4487 3477 4556 praecipitant
3507 4485 3579 4556 (1-.
3615 4483 3750 4538 Tim.
3782 4485 3845 4542 6.,

2246 4585 2325 4658 9).
2357 4583 2466 4641 Sed
2492 4582 2778 4653 impatiens
2817 4582 2914 4636 es?
2941 4579 3077 4634 Audi
3130 4579 3277 4633 illum
3315 4577 3582 4631 dicentem
3618 4593 3630 4628 :
3661 4575 3842 4634 Adhuc

2248 4678 2534 4750 paululum,
2565 4685 2614 4730 et
2653 4675 2740 4747 qui
2772 4682 3007 4728 vetuurus
3035 4680 3105 4726 est
3144 4671 3302 4727 reiciet
3322 4711 3335 4731 ,
3373 4679 3420 4722 ct
3475 4685 3574 4722 non
3626 4669 3846 4722 tardabit

2249 4770 2269 4841 (
2292 4769 2448 4825 Hebr.
2483 4768 2570 4823 £0.
2596 4765 2717 4839 57).
2739 4764 2990 4820 Dominus
3020 4778 3178 4834 prope
3201 4772 3275 4816 est
3303 4778 3320 4816 :
3353 4759 3488 4818 nihil
3506 4759 3712 4822 solliciti
3735 4760 3846 4813 sitis

2249 4860 2511 4932 (Philipp.
2545 4859 2600 4914 Ιι.
2627 4859 2682 4914 5.
2715 4858 2794 4927 6).
2838 4856 2908 4911 Et
2945 4870 3157 4911 rursum
3190 4871 3202 4908 :
3233 4852 3467 4919 l'rarterit
3495 4852 3664 4923 ﬁgura
3693 4850 3853 4921 hujus

2250 4952 2427 5006 mundi
2456 4950 2552 5024 (l.
2580 4949 2700 5004 Cor.
2736 4949 2788 5002 7.
2819 4948 2934 5020 3i).
2964 4947 3080 5002 Non
3115 4947 3259 5001 enim
3311 4944 3553 5014 praecipit
3602 4952 3836 5003 tantum,

2251 5045 2349 5100 sed
2369 5045 2533 5100 etiam
2558 5041 2866 5097 consolatur
2887 5049 2944 5094 ιιι
2970 5039 3229 5095 medicus.
3262 5043 3339 5092 Ac
3366 5038 3502 5092 sicut
3534 5035 3720 5090 medici
3743 5047 3833 5102 pre

2253 5133 2458 5204 frigidis
2499 5133 2602 5187 alia
2632 5132 2876 5202 quzedam
2907 5130 3254 5200 excogitant,
3278 5129 3357 5182 sic
3385 5139 3437 5182 et
3470 5129 3567 5182 iste
3592 5123 3836 5192 eoncuph

2253 5226 2515 5282 scentiam
2541 5223 2816 5280 transfert.
2848 5223 2941 5277 Vis
2962 5265 2977 5285 ,
3011 5223 3223 5290 inquit,
3254 5219 3555 5281 ditescere?
3599 5217 3656 5273 In
3689 5217 3848 5274 bonis

2255 5318 2508 5387 operibus
2555 5315 2708 5375 dives
2733 5325 2872 5370 esto.
2901 5315 2994 5368 Vis
3039 5316 3322 5373 thesauros
3375 5311 3662 5369 recondere
3678 5310 3718 5364 ἲ.
3733 5309 3846 5364 Non

2258 5427 2532 5482 repugno;
2555 5410 2648 5465 sed
2680 5411 2732 5464 in
2753 5410 2891 5465 ccclo
2920 5408 3174 5465 reconde.
3216 5408 3293 5462 Ae
3319 5407 3458 5461 sicut
3496 5405 3739 5461 medicus
3764 5402 3847 5459 di-s

2256 5505 2360 5568 cit,
2401 5506 2550 5573 Aqua
2591 5503 2782 5573 frigida
2827 5512 2984 5558 nocet
3013 5502 3296 5564 dentibus,
3348 5500 3560 5563 nervis,
3595 5498 3847 5552 ossibus:

2259 5610 2338 5651 ste
2363 5605 2418 5648 et
2445 5596 2567 5657 ille;
2616 5594 2833 5649 brevius
2875 5594 3127 5663 quidem,
3178 5609 3298 5645 nam
3351 5592 3595 5645 brevitati
3641 5589 3847 5652 Studet,

2261 5684 2357 5740 scd
2387 5684 2585 5738 clarius
2611 5693 2664 5739 et
2693 5685 2920 5740 validius
2950 5701 2959 5736 :
2995 5683 3166 5736 Radix
3187 5723 3201 5748 ,
3236 5683 3438 5750 inquit,
3475 5682 3704 5735 oumium
3735 5696 3847 5731 nm-

2268 5777 2430 5834 lontm
2445 5787 2520 5833 est
2540 5779 2756 5832 auaritia
2778 5778 2854 5852 (Ι.
2878 5778 3007 5832 Tim.
3034 5777 3086 5831 6.
3113 5776 3220 5848 l0).
3246 5777 3362 5845 Quo
3389 5777 3548 5848 igitur
3573 5770 3858 5833 utendum?-
