4128 6430
466 361 566 416 685

467 483 574 536 Hoc
600 503 812 555 quoque
841 485 971 540 dicit
997 504 1010 539 :
1033 485 1377 551 Salticientia,
1408 485 1642 538 avaritia:
1665 486 1802 548 loco;
1833 483 2054 554 Magnus

462 575 606 630 enim
630 589 848 645 quwstus
867 591 940 631 est
961 577 1254 648 suﬁicientia
1276 593 1390 630 cum
1409 577 1632 648 pietute(
1663 577 1710 630 l.
1735 575 1869 629 Tim.
1889 577 1941 631 6.
1970 577 2046 646 6).

462 668 613 734 ρυυά
644 669 686 720 si
708 684 848 738 a~gre
880 671 1036 732 feras,
1071 681 1121 722 ct
1153 670 1298 737 plura
1329 669 1637 736 desideres,
1668 669 1892 722 necdum
1929 684 2051 737 pos»

462 761 535 813 sis
575 761 844 830 superﬂua
868 776 1093 831 qumque
1133 761 1396 830 abjicerc;
1445 760 1522 814 sic
1562 768 1909 828 aegrotantem
1939 775 2054 814 uto-

463 863 576 918 net,
607 854 876 924 quomodo
921 855 985 908 iis
1030 855 1099 909 sit
1139 855 1396 909 utendum
1428 872 1442 908 :
1475 851 1542 907 Ut
1584 853 1674 924 qui
1713 852 1951 908 (alantur
2000 853 2052 906 in

463 945 892 1012 possessionibus,
927 947 1054 999 sit-ut
1086 962 1186 998 non
1226 945 1456 999 lwtantes
1481 946 1579 998 sint
1607 960 1628 999 :
1652 954 1698 998 et
1721 945 1806 1016 qui
1831 944 2014 998 habent
2033 987 2048 1010 ,

455 1047 712 1105 tamquam
759 1054 860 1090 non
903 1039 1205 1099 retinentes;
1230 1046 1280 1091 et
1304 1037 1396 1109 qui
1432 1045 1642 1090 utuntur
1683 1036 1778 1090 hoc
1824 1034 2046 1098 mundo,

455 1139 713 1197 tamquam
763 1146 864 1183 non
905 1131 1156 1200 utantur(
1190 1129 1240 1184 1.
1273 1127 1393 1184 Cor.
1425 1129 1478 1182 7.
1509 1128 1597 1184 30.
1633 1129 1693 1182 51
1803 1127 2049 1182 \‘idistin‘

456 1239 576 1292 quae
604 1221 918 1292 prtecipiat‘i
948 1220 1040 1276 Vis
1069 1222 1234 1276 alium
1277 1221 1524 1276 inducam
1575 1221 1879 1276 medicum?
1921 1220 2045 1275 Mihi

453 1323 598 1368 certe
627 1313 822 1384 placet.
855 1313 1034 1384 Neque
1059 1314 1202 1368 enim
1233 1321 1358 1367 sunt
1386 1311 1438 1366 bi
1465 1312 1686 1377 medici,
1723 1311 1939 1381 perinde
1967 1322 2045 1366 at-

452 1424 554 1476 que
585 1423 868 1476 Corporum
897 1407 1086 1461 medici
1111 1449 1125 1474 ,
1151 1407 1238 1477 qui
1271 1422 1416 1478 smpc
1446 1422 1558 1478 pra:
1591 1405 1784 1460 invidia
1816 1422 2040 1461 concer-

453 1509 645 1562 tantcs,
669 1508 925 1568 :cgrotum
953 1500 1319 1568 pessumdant.
1341 1499 1408 1552 At
1425 1513 1530 1553 non
1548 1498 1624 1553 sic
1642 1497 1744 1562 isti,
1765 1496 1853 1568 qui
1875 1513 2042 1568 διενο-

452 1609 566 1647 rum
597 1593 822 1648 salutem
867 1601 1139 1662 Spectant,
1171 1608 1270 1647 nec
1311 1591 1605 1646 ambitione
1646 1589 1931 1646 ducuntur.
1964 1590 2040 1646 Ne

451 1686 626 1756 itaque
652 1687 863 1740 illorum
899 1685 1292 1740 nntltitudiuem
1338 1684 1594 1741 l'ormides
1625 1702 1638 1738 :
1669 1701 1804 1741 unus
1837 1687 1887 1740 in
1917 1700 2039 1742 om-

448 1777 601 1832 nilms
633 1779 865 1848 loquitur
892 1779 1142 1848 magister
1169 1776 1436 1832 Christus.

517 1871 569 1926 5.
614 1869 746 1925 Vide
777 1885 962 1924 rursus
989 1871 1278 1924 intrantem
1301 1871 1484 1935 alium,
1513 1879 1566 1926 et
1587 1871 1820 1940 graviter
1841 1870 1909 1926 de
1937 1871 2037 1926 hoc

447 1965 634 2017 morbo
674 1963 978 2033 loquentem
1008 2005 1022 2025 .
1055 1963 1160 2016 itno
1206 1965 1376 2032 ipsum
1410 1963 1552 2017 illius
1582 1979 1675 2018 ore
1702 1964 2028 2036 Magistrum.

449 2055 565 2110 Non
599 2058 804 2127 potestis
837 2059 967 2111 enini
999 2056 1104 2112 Deo
1140 2058 1324 2112 servire
1368 2068 1412 2112 et
1441 2059 1732 2128 mumona:(
1761 2058 1947 2114 Matth.
1979 2059 2031 2114 6.

440 2148 508 2205 21
536 2148 574 2218 ).
606 2148 798 2213 Etiam,
828 2149 1056 2220 inquies,
1083 2149 1176 2204 sed
1203 2149 1472 2220 quomodo
1507 2149 1620 2204 lucc
1649 2151 1850 2204 erunt?
1881 2151 2030 2216 Quo.-

442 2240 596 2294 tuodo
645 2241 1128 2311 concupiscentiam
1182 2242 1551 2310 depnnctnus?
1601 2241 1737 2296 llinc
1789 2242 2030 2298 ediscere

439 2331 582 2386 licet.
616 2331 681 2385 Et
707 2329 977 2400 quomodo
1003 2331 1306 2386 discemus?
1351 2332 1484 2386 Audi
1535 2332 1706 2402 ipsum
1749 2331 1852 2386 hoc.
1890 2351 2026 2400 quo-

435 2441 539 2493 que
569 2424 833 2480 dicentem
861 2443 872 2477 :
907 2423 1082 2478 Nolite
1105 2424 1448 2476 thesaurisare
1496 2423 1632 2477 vobis
1680 2426 1944 2478 thesauros
1975 2426 2026 2479 in

434 2531 586 2583 terra,
618 2519 701 2574 ubi
726 2536 898 2591 aerugo
931 2530 976 2573 et
1021 2520 1153 2573 tinea
1179 2519 1449 2572 demolitur
1470 2561 1483 2584 ,
1513 2529 1557 2572 et
1587 2517 1671 2571 ubi
1712 2520 1850 2589 fures
1893 2517 2024 2584 e/fo-

434 2613 576 2665 (limit
607 2621 654 2664 et
675 2611 912 2680 furantur
941 2611 959 2682 (
985 2609 1170 2664 Matth.
1207 2611 1257 2662 6.
1292 2607 1418 2681 19).
1459 2607 1645 2663 Viden’
1675 2608 1945 2678 quomodo
1972 2619 2026 2663 et

430 2721 457 2756 a
489 2703 605 2760 loco
623 2714 676 2760 et
701 2721 732 2759 a
756 2703 1160 2773 corruptoribus
1181 2702 1249 2757 ab
1273 2703 1371 2757 hac
1401 2713 1613 2758 terrena
1637 2703 2021 2772 concupiscen-

430 2798 499 2851 tia
529 2806 768 2863 avertat,
801 2807 855 2852 et
904 2797 1047 2852 illam
1092 2797 1224 2852 czelo
1271 2796 1488 2867 alligat,
1521 2795 1607 2850 ubi
1651 2804 1760 2850 tuta
1799 2796 2022 2850 omnia?

425 2887 480 2943 Si
509 2889 650 2943 enim
673 2931 689 2956 ,
721 2889 924 2960 inquit,
961 2889 1052 2942 illo
1081 2888 1292 2943 divitias
1326 2887 1659 2942 transferatis
1680 2928 1694 2953 ,
1726 2888 1812 2941 ubi
1847 2903 2020 2957 neque

423 2997 620 3052 atrugo,
655 2997 828 3052 neque
851 2983 988 3035 tinea
1018 2982 1304 3043 consumit,
1345 2981 1432 3034 ubi
1467 2982 1608 3034 fures
1635 2996 1734 3035 nec
1759 2980 2018 3035 effodiunt

423 3089 523 3130 nec
553 3073 826 3142 furantur,
851 3084 903 3129 et
931 3075 1072 3130 hunc
1099 3074 1374 3143 depelletis
1403 3074 1646 3128 morbum
1665 3117 1678 3132 .
1707 3085 1757 3128 et
1784 3075 2013 3128 animam

423 3167 474 3220 in
504 3166 776 3236 opulentia
825 3182 1013 3236 magna
1043 3166 1400 3220 constituatis.
1457 3165 1536 3218 Ad
1567 3164 1680 3220 hmc
1705 3167 2010 3235 exemplum

420 3260 574 3316 all'crt
620 3276 727 3330 quo
781 3271 831 3315 te
880 3274 1072 3329 sapere
1125 3258 1329 3313 doceat.
1374 3257 1439 3312 Et
1489 3260 1621 3311 sicut
1664 3257 1901 3312 medicus
1959 3266 2015 3311 ut

418 3370 619 3425 :rgrum
652 3363 850 3409 terreat
876 3353 1041 3415 dicit,
1071 3353 1164 3408 lllc
1194 3351 1334 3422 quod
1369 3369 1502 3418 aqua
1536 3351 1719 3421 frigida
1750 3361 2007 3418 tttt't'tslm,

421 3446 658 3502 interiit:
689 3446 764 3500 sic
793 3456 846 3500 et
878 3445 965 3500 ille
997 3445 1214 3498 divitem
1257 3444 1458 3497 inducit
1484 3459 1706 3513 agrum,
1738 3445 1824 3514 qui
1854 3455 1906 3498 ct
1931 3446 2011 3498 \i-

421 3548 527 3592 tam
555 3547 605 3594 et
630 3537 990 3593 valetudinem
1034 3546 1253 3607 cuperet
1277 3578 1291 3602 ,
1319 3552 1416 3590 nec
1449 3537 1682 3606 potuerit
1711 3537 1964 3606 consequi
1993 3578 2006 3598 ,

417 3631 556 3701 quod
584 3631 822 3686 avaritia!
845 3629 1082 3684 studeret
1107 3673 1121 3691 ,
1151 3629 1244 3683 sed
1281 3629 1366 3696 qui
1400 3644 1596 3682 vacuus
1641 3628 1849 3682 abierit.
1885 3629 2009 3681 l’o_~t

419 3722 560 3775 hunc
587 3721 712 3775 item
737 3721 900 3774 alium
929 3719 1022 3774 tibi
1053 3719 1207 3774 allert
1237 3719 1370 3772 alius
1393 3719 1719 3789 evangelista
1745 3718 1894 3789 (Luc.
1923 3720 2006 3773 t6.

416 3813 487 3868 24
509 3813 550 3884 ),
606 3813 834 3870 ﬂammis
860 3813 1138 3878 adustum,
1169 3814 1258 3883 qui
1295 3830 1360 3866 ne
1392 3813 1585 3867 stillam
1610 3813 1823 3883 quidem
1855 3829 2008 3882 aqua:

418 3906 658 3961 haberet.
699 3905 901 3961 Deinde
937 3905 1228 3960 ostendens
1274 3904 1446 3958 facilia
1477 3919 1596 3958 esst:
1630 3914 1890 3973 pra'cepta
1923 3905 2006 3957 di-

416 3998 526 4064 cit,
563 3998 814 4065 Respicite
840 3998 1066 4053 volatilia
1096 3999 1205 4052 (δαειί
1237 3997 1465 4070 (Matth.
1495 3998 1547 4053 6.
1581 3997 1712 4069 26).
1749 4000 1877 4053 Cum
1909 4015 2006 4050 att-

417 4099 524 4146 tem
556 4090 831 4146 hominum
875 4090 1168 4145 infirmitati
1216 4108 1273 4144 se
1319 4099 1668 4156 attenurerct,
1719 4108 1785 4145 ne
1815 4090 2005 4145 divites

416 4182 630 4253 quidem
659 4183 948 4252 deSperarc
975 4183 1124 4240 sinit.
1160 4183 1287 4250 Qua:
1311 4185 1451 4237 cnim
1479 4226 1492 4248 ,
1519 4184 1687 4254 inquit
1709 4227 1722 4249 ,
1754 4185 1893 4254 apud
1917 4191 2005 4238 ho-

418 4319 730 4333 ...σι’-

413 4534 544 4591 Csr.
572 4535 664 4592 21.
691 4551 744 4590 γ.
779 4539 831 4592 1.
882 4535 946 4590 Et
1002 4553 1227 4608 egressus
1273 4535 1426 4590 Jesus
1471 4536 1534 4589 de
1577 4537 1792 4606 tentplo,
1823 4536 2001 4588 ambu-

488 4630 642 4685 labat.
674 4629 737 4685 Et
761 4642 1076 4686 accesserunt
1118 4632 1184 4684 ad
1227 4648 1338 4685 eum
1357 4630 1596 4699 discipuli
1614 4633 1740 4700 ejus,
1766 4641 1817 4686 ut
1841 4642 2005 4686 osten-

485 4723 658 4777 derent
678 4723 725 4778 ei
744 4725 1106 4793 aediﬁcationes
1149 4724 1343 4794 templi.
1374 4723 1428 4779 2.
1461 4723 1563 4779 Ille
1605 4735 1770 4778 autem
1799 4742 2006 4794 respon-

489 4816 612 4871 dens
631 4815 760 4872 dixit
785 4818 856 4872 eis
880 4832 899 4870 :
925 4815 1110 4870 Nonne
1135 4815 1311 4870 videtis
1340 4818 1446 4869 [nec
1471 4817 1679 4870 omnia?
1706 4815 1862 4870 Amen
1890 4817 2003 4868 diro

486 4908 657 4976 vobis,
706 4925 807 4963 non
843 4910 1152 4984 relinquetur
1180 4909 1262 4962 hic
1292 4908 1422 4986 lapis
1454 4926 1606 4979 super
1649 4910 1887 4979 lapidem,
1920 4911 2003 4981 qui

486 5020 586 5057 non
613 5002 921 5058 destruatur.

488 5095 543 5150 1.
581 5094 846 5162 Quoniam
877 5094 1122 5165 superius
1148 5093 1284 5149 dixit
1316 5113 1328 5148 :
1358 5094 1688 5165 Relinquetur
1724 5095 1902 5148 domus
1927 5112 2006 5148 ve-

413 5198 519 5242 stra
550 5188 770 5254 deserta,
815 5198 868 5243 et
912 5187 1192 5244 innumera
1236 5188 1542 5258 ipsis'mala
1593 5189 2001 5258 pramuntiavit;

417 5280 540 5334 hinc
570 5278 815 5348 discipuli
850 5279 934 5334 his
963 5278 1178 5347 auditis,
1206 5296 1303 5335 ceu
1330 5280 1658 5336 admirantes
1684 5283 1864 5351 templi
1898 5282 2003 5351 pul-

415 5374 774 5428 chritudinem
807 5372 1177 5428 monstrabant
1207 5373 1277 5439 ei,
1306 5385 1358 5428 et
1388 5375 1718 5445 ambigentes
1741 5391 1865 5430 num
1898 5384 2002 5430 tam

414 5468 625 5538 egregia
657 5467 878 5521 aediﬁcia
901 5465 1223 5521 destruenda
1247 5466 1440 5533 forent,
1473 5476 1579 5521 tam
1614 5469 1799 5539 ingens
1831 5477 2004 5523 mate-

419 5562 517 5624 ria,
553 5570 657 5614 tam
693 5559 956 5614 incﬁ'ahile
993 5558 1276 5613 artiﬁcium
1310 5576 1322 5612 :
1358 5575 1462 5614 non
1495 5559 1632 5614 ultra
1674 5559 1739 5613 de
1762 5560 2009 5613 vastitate

419 5651 675 5721 loquitur,
729 5650 821 5704 scd
867 5649 1134 5704 excidium
1183 5662 1235 5706 et
1289 5649 1708 5706 destructionem
1748 5651 2005 5721 pra‘dicit.

421 5742 606 5798 Nonne
625 5743 801 5798 videtis
819 5749 926 5798 lucc
951 5755 1140 5812 omnm,
1166 5745 1354 5815 inquit,
1383 5755 1437 5801 et
1458 5745 1724 5800 miramini
1751 5754 1908 5816 atque
1925 5746 2014 5800 ob-

418 5837 754 5908 stttpescitis?
783 5835 899 5892 Non
915 5837 1131 5892 manebit
1152 5838 1281 5909 lapis
1301 5855 1454 5910 super
1469 5839 1708 5909 lapidem.
1727 5840 2005 5909 Quomodo

1387 363 1450 418 IN
1491 361 1890 420 MATTIIJEUM
1938 363 2166 418 llO)lll..
2206 365 2409 420 LXXV.
2447 367 2515 424 al.
2560 371 2792 426 LXXVI.

3659 384 3764 440 (‘86

2168 485 2322 537 mines
2372 487 2701 554 impossibilia
2744 501 2893 557 sunt,
2941 491 3201 562 possibilia
3249 505 3366 547 sunt
3402 497 3540 564 apud
3592 496 3756 552 Deum

2166 581 2330 653 (Luc.
2364 585 2448 639 18.
2481 584 2547 639 ‘27
2573 587 2614 656 ).
2651 588 2758 640 Etsi
2790 603 3017 659 namque
3045 588 3192 642 dives
3225 590 3298 643 sis
3323 633 3334 652 ,
3369 599 3540 650 potest
3568 602 3617 643 te
3645 609 3757 642 "tuo

2164 675 2314 729 dirus
2344 695 2550 732 curare.
2599 680 2778 748 Neque
2803 683 2942 735 enim
2976 682 3187 735 divitias
3219 684 3428 736 sustulit
3453 726 3468 750 ,
3493 685 3584 737 5rd
3615 695 3755 739 velat

2162 782 2281 822 esse
2313 779 2362 823 te
2395 773 2737 837 [mettuiarntn
2791 788 3000 826 Servum
3025 815 3038 835 ,
3086 783 3140 827 ct
3170 776 3405 828 avaritia:
3455 777 3747 830 :IdtilCilllll.

2161 860 2443 928 Quomodo
2495 873 2664 930 potest
2701 880 2828 932 ergo
2860 865 3011 917 dives
3041 865 3219 918 salvus
3245 870 3400 921 esse?
3425 868 3478 921 Si
3514 869 3599 922 illa
3634 887 3752 939 qua:

2162 951 2398 1021 possidet
2427 953 2529 1006 sint
2558 955 2738 1022 cgcnis
2767 957 3091 1016 communia,
3126 957 3296 1024 qualis
3323 957 3423 1012 Joh
3450 969 3561 1013 erat
3583 1001 3596 1021 ,
3629 971 3681 1014 et
3708 960 3750 1012 si

2160 1044 2646 1111 concupiscentiam
2678 1046 2905 1114 pluriutu
2935 1062 3148 1115 semper
3192 1049 3551 1103 hahendarum
3583 1069 3743 1118 opum

2159 1135 2429 1200 eliminet,
2463 1147 2515 1190 cl
2549 1154 2837 1206 numquam
2887 1141 3246 1195 nccessariutn
3299 1159 3449 1196 nsunt
3499 1145 3740 1198 excedat.

2160 1227 2276 1278 Post
2311 1229 2448 1280 hum:
2477 1232 2567 1284 tihi
2599 1232 2936 1299 publicanum
2966 1244 3226 1288 monstrt
3251 1278 3262 1290 .
3289 1237 3374 1305 qui
3408 1238 3473 1288 ah
3503 1239 3738 1293 avaritim

2157 1317 2302 1370 febre
2329 1320 2434 1370 cito
2467 1319 2720 1374 liberatus
2750 1332 2834 1376 cst
2865 1322 3010 1378 (Luc.
3044 1324 3096 1378 5.
3128 1323 3216 1378 97.
3248 1328 3406 1395 δίη).
3435 1328 3563 1394 Quis
3595 1331 3734 1382 enim

2156 1411 2435 1476 publicano
2479 1412 2606 1465 lucri
2652 1413 2936 1480 cupidior?
2979 1420 3228 1470 Attamen
3276 1434 3405 1486 opes
3453 1420 3737 1488 deprimit,

2151 1504 2269 1570 quia
2303 1505 2489 1556 medici
2523 1504 2727 1574 legibus
2755 1510 2945 1574 paruit.
2980 1507 3108 1561 Nam
3145 1510 3276 1563 taL-s
3305 1512 3459 1564 habet
3497 1512 3733 1579 discipu-

2152 1595 2228 1647 los
2254 1640 2265 1658 ,
2301 1598 2388 1666 qui
2425 1599 2608 1653 iisdem
2637 1641 2651 1662 ,
2683 1601 2878 1668 quibus
2919 1617 3049 1665 nos,
3099 1604 3296 1656 morhis
3339 1605 3689 1658 lalntravt-ritt
3717 1649 3730 1669 ,

2147 1697 2197 1742 cl
2244 1691 2350 1744 cito
2401 1695 2681 1749 sanitatem
2729 1700 3122 1766 recuperariut.
3176 1697 3528 1767 Singulo-qne
3585 1700 3734 1753 nobis

2145 1785 2411 1850 ostendit,
2475 1805 2539 1842 ne
2584 1789 2949 1859 desperemus.
2986 1790 3116 1844 Vide
3160 1807 3286 1861 ergo
3329 1791 3466 1844 hunc
3497 1793 3729 1859 publica-

2145 1889 2290 1931 num.
2329 1877 2457 1932 Vide
2506 1895 2691 1934 rursus
2740 1881 2900 1935 alium
2953 1882 3243 1951 principem
3292 1884 3728 1951 [.tthlit-anorutu,

2142 1969 2229 2038 qui
2256 1972 2551 2041 quadruplo
2582 1975 2728 2043 plura
2756 1993 2910 2044 quam
2947 1987 3190 2045 rapuerat
3236 1996 3292 2030 se
3325 1977 3570 2030 daturtnn
3615 1980 3728 2043 pol—

2144 2061 2399 2116 liccbatur
2420 2107 2431 2123 ,
2463 2075 2510 2117 et
2542 2065 2821 2121 dimidium
2852 2069 3112 2121 1›οηοι·ιιιη
3143 2087 3360 2122 suorum
3387 2113 3399 2131 ,
3439 2081 3488 2122 nt
3519 2088 3597 2124 est
3621 2071 3729 2139 ipe-

2141 2161 2220 2206 rct
2247 2151 2426 2208 .lcsuni
2463 2155 2613 2226 (Luc.
2652 2158 2735 2212 19.
2762 2157 2838 2227 8).
2863 2158 2968 2214 Sed
3007 2169 3058 2211 ttt
3093 2159 3378 2211 admodum
3430 2161 3598 2213 ferch
3633 2178 3724 2228 pc-

2137 2245 2413 2297 cnniarutn
2446 2247 2663 2302 amore?
2711 2248 2840 2316 Qum
2884 2250 3120 2302 omnium
3175 2260 3295 2302 sunt
3326 2251 3476 2320 quasi
3509 2262 3593 2303 tua
3626 2252 3688 2303 ha
3711 2278 3722 2288 -

2139 2337 2280 2390 heto.
2314 2337 2446 2391 Nam
2498 2339 2682 2409 plura,
2733 2356 2891 2410 quam
2938 2344 3169 2410 qua'ris,
3220 2343 3289 2394 do
3331 2344 3458 2404 tibi,
3507 2343 3717 2412 inquit.

2134 2429 2258 2483 dum
2311 2431 2533 2484 divitum
2587 2435 2859 2497 omnium,
2908 2435 2996 2505 qui
3049 2451 3142 2503 per
3180 2436 3362 2489 orhem
3413 2445 3572 2495 sunt.
3628 2437 3719 2489 tibi

2132 2521 2319 2578 domos
2348 2524 2546 2591 aperio.
2576 2524 2702 2578 Nam
2734 2525 2833 2590 Qui
2861 2527 3113 2595 reliquerit
3142 2538 3352 2596 patrem,
3376 2539 3458 2580 aut
3485 2539 3715 2587 matrem,

2131 2623 2217 2664 aut
2239 2631 2419 2683 agros,
2448 2626 2533 2667 aut
2563 2616 2766 2668 domum
2791 2661 2804 2681 ,
2835 2618 3122 2689 centuplum
3151 2620 3362 2689 arripiet
3391 2618 3602 2686 t_.llutlh.
3638 2621 3714 2674 ll).

2129 2705 2198 2760 29
2223 2708 2260 2774 ).
2295 2706 2364 2759 Ita
2403 2725 2506 2760 non
2539 2709 2774 2779 pluribus
2806 2719 3006 2764 tantum
3042 2713 3259 2774 l‘rucris,
3296 2713 3388 2766 sed
3421 2724 3473 2765 et
3505 2728 3715 2773 gravi-ut

2128 2797 2265 2854 hanc
2296 2799 2438 2853 sitim
2471 2801 2690 2855 omnino
2719 2803 3020 2872 restingues
3041 2846 3053 2867 ,
3089 2813 3135 2856 ct
3168 2805 3344 2856 omnia
3391 2804 3472 2856 fac
3496 2805 3545 2857 le
3577 2806 3716 2856 fines

2126 2905 2245 2944 cum
2274 2908 2380 2945 non
2416 2892 2576 2947 modo
2606 2891 2759 2963 plura
2793 2909 2898 2947 non
2927 2893 3204 2948 desideres
3227 2937 3240 2958 ,
3272 2895 3364 2949 sed
3417 2912 3478 2948 ne
3499 2895 3713 2964 quidem

2125 2982 2427 3035 necessaria
2460 2998 2622 3052 smpe.
2649 2982 2738 3037 Sic
2767 2983 2957 3038 Paulus
2977 2986 3198 3051 esnriit,
3229 2995 3283 3040 et
3318 2986 3483 3054 magis
3513 2987 3677 3055 g'oria
3704 3017 3713 3022 -

2125 3071 2296 3134 batur,
2329 3089 2486 3142 quam
2521 3092 2640 3128 cum
2668 3076 2970 3130 conroderet
3003 3077 3021 3144 (
3049 3075 3274 3145 Philipp.
3301 3078 3348 3130 4.
3385 3079 3472 3145 11)
3505 3095 3514 3127 :
3547 3079 3712 3146 siqni-

2120 3163 2239 3218 dem
2273 3175 2326 3219 et
2353 3165 2548 3220 athleta
2579 3167 2666 3236 qui
2699 3177 2973 3221 conccrtat
3002 3177 3052 3221 et
3078 3180 3365 3220 coronatur
3386 3211 3398 3230 ,
3429 3185 3532 3221 non
3562 3185 3710 3239 qur.-

2122 3257 2188 3310 rit
2221 3257 2386 3312 otium
2419 3266 2473 3311 et
2513 3259 2778 3328 quietem;
2827 3261 2908 3313 vel
2958 3271 3261 3324 mercator,
3311 3263 3398 3331 qui
3447 3264 3706 3315 marinum

2118 3351 2524 3404 mercimoaiem
2549 3359 2629 3404 cst
2652 3367 2957 3422 aggressus,
2993 3368 3096 3405 non
3125 3353 3311 3421 qumrit
3355 3353 3519 3405 otium
3559 3353 3707 3408 dein-

2117 3457 2262 3512 ceps.
2297 3443 2362 3496 Et
2394 3457 2491 3497 nos
2526 3443 2720 3512 igitur,
2755 3445 2796 3496 si
2829 3443 3136 3512 spiritualcs
3176 3443 3380 3497 fructus
3413 3455 3463 3495 ut
3499 3455 3708 3512 opm-Iit

2116 3543 2389 3605 gustctnus
2413 3575 2428 3600 ,
2464 3545 2588 3590 tunc
2621 3535 2903 3606 prmsentia
2936 3535 3111 3587 ontuia
3157 3551 3253 3603 pro
3297 3533 3460 3587 nihilo
3485 3535 3706 3589 habebi-

2117 3643 2256 3688 ntus,
2285 3626 2580 3680 futurorum
2605 3626 2893 3694 cupiditate
2922 3643 3017 3680 ceu
3047 3627 3274 3697 quadam
3305 3628 3501 3696 ο,ιιὶιη;ι
3531 3629 3706 3682 ειη-ἰυ-

2119 3727 2226 3776 tate
2247 3721 2407 3790 capti.
2439 3720 2725 3776 Gustcutus
2751 3721 2932 3790 igitur,
2960 3731 3014 3773 ut
3045 3737 3071 3772 a
3107 3726 3332 3773 tumultu
3364 3725 3702 3788 pra‘scntiuttt

2117 3816 2444 3875 liberemur.
2496 3826 2550 3870 ct
2598 3813 2768 3866 futura
2814 3831 3206 3882 consequanrzr
3252 3815 3410 3878 bona,
3440 3817 3602 3882 gratia
3651 3828 3706 3868 et

2115 3907 2444 3976 benignitate
2477 3905 2684 3958 Domini
2733 3905 2903 3957 nostri
2931 3905 3054 3957 .lcsn
3084 3903 3282 3957 Christi
3305 3947 3316 3965 ,
3345 3905 3426 3956 cui
3459 3906 3624 3972 gloria
3653 3916 3704 3958 et

2115 4000 2397 4070 imperium
2417 4042 2429 4064 ,
2461 4014 2599 4052 nunc
2629 4007 2682 4052 ct
2710 4014 2941 4067 semper,
2969 4009 3018 4050 ct
3051 3997 3100 4051 iit
3131 3999 3320 4052 sarcula
3358 3998 3694 4051 smculortun.

2113 4096 2302 4148 Antcn.

1534 4391 1878 4458 HOMILIA
1927 4392 2183 4455 LXXV.
2233 4393 2318 4453 al.
2367 4395 2654 4455 LXXVI.

2114 4539 2272 4610 igitur
2297 4541 2511 4601 man~it,
2557 4541 2783 4610 inquies,
2827 4540 3030 4611 etquid
3060 4539 3160 4595 hoc
3199 4538 3298 4593 sibi
3351 4535 3704 4603 vult?Neque

2114 4638 2254 4688 enim
2287 4635 2355 4686 ita
2385 4633 2577 4687 cecidit
2625 4635 2708 4688 illa
2751 4634 3037 4687 sententia.
3086 4632 3177 4687 Vel
3222 4628 3582 4684 omnimodatn
3611 4627 3704 4679 dc.-

2113 4725 2430 4781 solationem
2460 4725 2732 4791 declarat;
2765 4727 2844 4779 vel
2867 4725 2932 4779 de
2963 4725 3053 4778 illo
3091 4733 3290 4778 tantum
3323 4722 3440 4776 loco
3466 4721 3612 4786 dicit,
3651 4721 3700 4773 in

2112 4837 2216 4892 quo
2241 4821 2351 4889 ipse
2378 4819 2569 4873 stabat.
2603 4819 2736 4873 Sunt
2766 4819 2906 4872 enim
2938 4818 3180 4887 qumdam
3226 4815 3406 4883 templi
3437 4823 3614 4884 partes
3637 4812 3703 4866 ad

2114 4913 2250 4966 hanc
2281 4929 2446 4982 usque
2463 4912 2602 4966 diem
2638 4912 2843 4980 penitus
2859 4909 3050 4964 deleta:
3068 4924 3232 4977 usque
3248 4907 3312 4959 ad
3337 4905 3701 4960 fundamenta.

2115 5005 2191 5058 Ad
2218 5005 2331 5059 lnec
2357 5020 2482 5060 vero
2510 5020 2572 5057 ex
2597 5003 2759 5074 gestis
2789 5001 3044 5056 hactenus
3078 5002 3154 5054 vel
3187 5001 3552 5055 contentiosos
3581 5013 3705 5054 cre-

2114 5098 2242 5151 dere
2288 5106 2522 5167 oportet,
2569 5095 2712 5167 ipsas
2744 5095 2994 5164 reliquias
3033 5109 3153 5149 esse
3203 5095 3486 5162 perituras.
3515 5092 3567 5146 '5.
3603 5090 3705 5146 Se-

2113 5189 2259 5242 dente
2286 5200 2454 5242 autem
2481 5189 2592 5255 ipso
2640 5189 2690 5240 in
2739 5186 2915 5240 Monte
2956 5186 3238 5249 olivarum,
3285 5193 3601 5239 accesserunt
3636 5183 3704 5236 ad

2115 5298 2225 5336 eunt
2254 5280 2492 5351 discipuli
2513 5289 2703 5332 secreto
2731 5279 2952 5331 dicentes
2977 5293 2995 5331 :
3029 5277 3120 5330 Dic
3153 5279 3294 5330 nobis
3314 5320 3327 5340 ,
3363 5278 3566 5347 quando
3595 5276 3703 5329 haec

2115 5371 2297 5426 ertntt?
2319 5382 2360 5424 et
2393 5371 2528 5439 quod
2556 5371 2757 5441 signum
2780 5370 3024 5423 adventus
3053 5369 3126 5421 tui
3171 5380 3217 5422 et
3259 5367 3702 5422 consummationis

2118 5464 2331 5518 steettli?
2360 5463 2481 5514 ldco
2503 5471 3121 5525 seoisuntaccesscrunt,
3151 5461 3289 5530 quod
3311 5462 3373 5512 de
3401 5459 3702 5527 hujusmodi

2118 5557 2279 5612 rebus
2329 5557 2704 5626 interrogaturi
2760 5567 2958 5610 essent.
3017 5554 3317 5608 Admodum
3368 5553 3508 5605 enim
3560 5551 3701 5605 diem

2120 5651 2259 5706 illam
2285 5649 2544 5704 adventus
2571 5649 2687 5718 ejus
2708 5648 2946 5703 ediscere
2972 5646 3256 5714 cupiebant
3280 5687 3292 5708 ,
3325 5641 3465 5710 quod
3495 5657 3703 5696 sunune

2117 5741 2484 5802 desiderarent
2507 5743 2728 5810 gloriam
2765 5741 2905 5793 illam
2941 5737 3120 5790 videre
3141 5778 3154 5798 ,
3183 5753 3300 5804 quur
3329 5743 3405 5786 tot
3439 5735 3700 5787 honorum

2118 5849 2276 5890 causa
2302 5833 2472 5886 futura
2502 5843 2662 5890 cs>ct.
2689 5833 2809 5887 lla'c
2839 5841 3011 5885 autem
3041 5829 3145 5882 duo
3165 5827 3515 5896 interrogant,
3549 5840 3716 5895 quan-
