4128 6406
389 321 488 381 687
1091 312 1144 371 S.
1186 310 1462 369 JOANNIS
1498 300 1978 365 CllRYSOSTOMl
2017 300 2335 361 AliClliEP.
2374 307 2904 370 CONSTANTINOP.

386 438 583 493 donam
617 438 730 492 base
752 435 924 490 futura
952 441 1152 498 essent,
1177 430 1358 499 templi
1388 441 1579 497 nempe
1606 423 1891 485 desolatio,
1914 426 1968 473 et

383 530 526 600 quod
549 531 756 599 signum
794 527 1055 581 adventus
1099 525 1214 593 ejus
1242 521 1399 578 foret.
1433 520 1603 574 Lucas
1625 515 1774 589 (Cap.
1798 515 1889 569 9-1.
1917 512 1971 584 7)

385 638 512 675 vero
553 637 709 676 unam
742 620 903 674 fuisse
934 617 1400 687 interrogationem
1421 612 1577 669 aitde
1601 608 1970 679 Jerosolymis,

384 711 524 783 quod
572 719 817 781 putarent
859 709 959 779 ipsi
999 717 1123 763 tunc
1168 707 1284 776 ejus
1324 704 1608 775 adventum
1654 701 1786 755 fore.
1830 701 1965 754 Mar-

385 817 481 857 cus
524 801 693 876 (Cap.
726 802 813 856 15.
852 798 927 870 4)
969 808 1146 854 autem
1198 812 1304 852 non
1351 795 1481 851 dicit
1523 807 1710 849 omnes
1748 794 1973 845 interro-

383 908 540 963 gasse
580 892 648 947 de
693 892 1149 961 Jerosolymorum
1193 889 1491 950 eversione.
1525 887 1618 941 sed
1666 887 1876 939 Pclrtttn
1917 891 1972 937 et

385 982 768 1051 Joannem,qui
797 982 1053 1052 majorem
1084 980 1341 1034 baberent
1363 978 1628 1032 fiduciam.
1652 977 1786 1044 Quid
1816 976 1972 1045 igitur

388 1073 546 1146 ipse?
574 1074 628 1128 4.
669 1071 843 1127 Videte
876 1090 938 1127 ne
974 1073 1086 1142 quis
1132 1089 1217 1126 ros
1260 1070 1487 1124 sedarat.
1530 1071 1584 1124 ὅ.
1637 1068 1783 1121 Multi
1839 1068 1971 1120 enint

386 1167 580 1220 venient
606 1166 658 1218 in
687 1165 889 1218 nomine
910 1181 1037 1226 meo,
1070 1162 1291 1216 dicentes
1325 1177 1341 1214 :
1365 1159 1476 1230 Ego
1506 1176 1618 1212 smn
1639 1158 1894 1214 Christus.
1925 1166 1973 1208 et

388 1258 576 1310 multos
603 1254 858 1310 seducent.
893 1255 946 1309 (i.
975 1253 1210 1307 Audituri
1254 1253 1384 1305 enim
1422 1251 1537 1304 estis
1564 1250 1742 1319 prwlia
1780 1257 1824 1301 et
1857 1248 1973 1316 opi-

389 1349 563 1402 niones
595 1348 904 1417 prwliorum.
948 1344 1124 1399 Videte
1152 1360 1215 1398 ne
1261 1341 1527 1396 turbentini
1554 1357 1573 1395 :
1600 1349 1795 1410 oportet
1838 1340 1973 1392 enim

391 1441 498 1494 lucc
542 1440 672 1508 ﬁeri,
708 1438 794 1493 sed
831 1437 1056 1491 nondum
1087 1445 1158 1489 est
1188 1436 1323 1503 ﬁnis.
1354 1434 1486 1500 Quia
1517 1432 1659 1488 enim
1686 1432 1756 1486 ita
1796 1430 1972 1484 allecti

386 1540 560 1595 erant,
591 1542 646 1585 ut
669 1530 982 1601 supplicium
1010 1528 1359 1598 Jerosolymae
1387 1523 1716 1580 inferendum
1740 1523 1972 1577 alienum

387 1639 421 1678 a
450 1640 508 1678 se
533 1639 652 1678 esse
682 1630 948 1692 putarent,
975 1630 1029 1677 et
1052 1619 1204 1690 quasi
1233 1619 1332 1688 ipsi
1360 1626 1516 1672 extra
1541 1616 1796 1671 tumultus
1815 1614 1973 1669 futuri

389 1726 589 1781 essent,
633 1716 699 1772 de
729 1714 998 1785 prosperis
1028 1713 1200 1768 solum
1245 1709 1582 1780 cogitabant,
1626 1723 1747 1778 qua:
1793 1705 1973 1760 omnia

387 1811 498 1864 cito
525 1817 777 1865 eventura
819 1821 940 1862 esse
982 1803 1383 1877 exspectabant.
1416 1800 1540 1856 Ideo
1584 1799 1715 1869 ipsis
1762 1812 1973 1852 rursum

387 1902 567 1971 gravia
600 1900 940 1970 pra'nuutial,
973 1896 1231 1952 sollicitos
1259 1893 1490 1949 reddens
1513 1932 1530 1960 ,
1570 1900 1627 1945 et
1668 1889 1865 1960 duplici
1906 1887 1976 1943 de

390 2008 547 2047 causa
575 1992 794 2061 vigilare
816 1991 1031 2060 jubeus,
1059 1997 1119 2042 ut
1150 2001 1326 2057 neque
1345 2000 1375 2040 a
1402 1984 1608 2038 fallacia
1633 1982 1972 2037 seductornm

387 2084 922 2148 circumvenirentur,
950 2095 1123 2151 neque
1150 2095 1216 2134 ex
1242 2078 1291 2132 vi
1323 2076 1681 2147 ingruentium
1714 2075 1973 2128 malorum

387 2177 764 2234 obruerentur.
811 2175 1046 2245 Duplex,
1080 2172 1282 2244 inquit,
1310 2171 1512 2226 bellum
1555 2168 1654 2225 erit
1676 2211 1691 2235 ,
1726 2167 1974 2221 seducto-

391 2286 506 2325 rum
552 2280 606 2324 et
644 2267 1010 2331 inimicorum;
1038 2263 1131 2321 sed
1184 2265 1331 2334 prius
1382 2262 1552 2318 multo
1593 2263 1807 2332 gravius
1850 2258 1971 2320 erit,

390 2370 573 2433 utpote
612 2359 754 2432 quod
795 2360 1006 2415 eveniat
1032 2359 1084 2413 in
1122 2356 1436 2412 confusione
1475 2366 1531 2411 et
1577 2353 1976 2424 perturbatione

388 2468 590 2519 rerum,
639 2451 946 2506 hominibus
997 2451 1296 2522 perterritis
1342 2458 1502 2518 atque
1548 2447 1790 2501 turbatis.
1843 2445 1972 2501 N-uu

391 2555 516 2598 tunc
542 2543 704 2597 multa
728 2549 1014 2611 tempestas
1032 2540 1207 2596 futura
1235 2547 1369 2603 erat,
1384 2538 1640 2593 Romanis
1666 2537 1974 2608 imperanti-

391 2634 511 2701 bus,
539 2635 708 2704 captis
736 2635 976 2701 urbibus,
1018 2633 1300 2688 commotis
1327 2632 1649 2688 exercitibus
1684 2640 1739 2687 et
1787 2632 1971 2696 armis,

391 2726 681 2797 multisque
727 2726 880 2782 facile
920 2724 1325 2782 crcdentibus'.
1374 2722 1519 2779 Bella
1547 2738 1675 2778 vero
1698 2722 1974 2794 Jerosoly-

390 2818 588 2873 mitana
621 2818 769 2885 dicit,
813 2834 916 2871 non
962 2825 1138 2872 autem
1182 2825 1430 2871 extranea
1466 2814 1571 2870 alia
1620 2815 1815 2884 ubique
1862 2825 1974 2869 ter-

392 2925 571 2965 rarum
600 2918 716 2963 orta
756 2926 769 2963 :
811 2909 936 2980 quid
967 2909 1109 2965 enim
1142 2909 1221 2964 eis
1249 2924 1393 2963 curae
1420 2908 1487 2964 de
1522 2907 1624 2962 illis
1650 2908 1804 2963 erat?
1831 2909 1977 2962 Alio-

389 3002 517 3071 quin
548 2998 678 3054 nibil
717 3000 1096 3055 uovidicturus
1137 2998 1285 3063 erat,
1311 2999 1353 3053 si
1384 2999 1520 3053 mala
1556 2999 1703 3055 orbis
1728 2998 1971 3067 dixisset,

388 3110 508 3163 quae
533 3109 742 3163 semper
769 3094 985 3150 evenire
1003 3093 1194 3148 solent.
1226 3092 1363 3148 Nam
1387 3101 1441 3148 et
1467 3099 1622 3147 antea
1652 3091 1790 3147 bella
1817 3100 1975 3145 erant

389 3188 647 3241 tumultus
669 3195 721 3242 ct
745 3187 920 3256 praelia
955 3205 967 3241 :
994 3202 1175 3241 verum
1194 3185 1413 3241 Iudaica
1442 3183 1581 3240 bella
1610 3199 1715 3240 non
1746 3184 1836 3240 diti
1854 3193 1977 3253 post

389 3293 609 3335 ventura
641 3280 961 3350 prrcnuntiat
994 3297 1007 3333 :
1030 3278 1142 3351 jam
1182 3279 1323 3333 enim
1353 3276 1420 3333 de
1451 3277 1595 3333 bello
1624 3292 1745 3332 cum
1776 3276 1971 3330 Roma—

390 3371 472 3425 nis
505 3371 725 3426 solliciti.
748 3380 922 3426 erant.
960 3370 1224 3437 Quoniam
1257 3370 1415 3440 igitur
1445 3369 1559 3424 ltazc
1588 3367 1707 3423 illos
1757 3367 1974 3422 turbare

392 3472 673 3533 poterant,
705 3461 820 3517 ha-c
847 3461 1023 3516 omnia
1050 3461 1311 3532 praedicit.
1359 3460 1556 3515 Deinde
1588 3459 1891 3530 signiﬁcans
1916 3473 1974 3513 se

389 3572 601 3628 quoque
627 3557 842 3612 .ludmos
878 3571 1253 3627 aggressurum
1279 3594 1296 3622 ,
1326 3562 1381 3609 et
1407 3565 1590 3609 contra
1620 3553 1737 3608 illos
1773 3568 1977 3623 pugna-

392 3661 567 3706 turum
597 3668 736 3718 esse,
762 3667 866 3706 non
900 3665 1102 3720 pugnas
1125 3650 1300 3704 solum
1322 3657 1618 3712 memorat,
1650 3648 1745 3703 sed
1767 3656 1821 3703 et
1841 3648 1975 3702 divi-

391 3745 532 3800 nitus
577 3743 843 3797 immissas
883 3742 1085 3813 plagas,
1133 3739 1350 3805 famem,
1413 3739 1761 3809 pestilentias,
1816 3749 1974 3794 terrae

391 3849 585 3900 motus,
617 3837 904 3891 ostendens
928 3850 988 3890 se
1016 3844 1069 3890 et
1097 3833 1340 3889 inimicos
1367 3831 1617 3889 invadere
1637 3833 1846 3898 sivisse,
1882 3847 1977 3888 ne-

390 3945 493 4000 que
523 3930 635 3983 luce
668 3940 865 3983 temere
897 3928 1030 3993 lieri,
1050 3924 1340 3982 secundum
1370 3933 1680 3980 consuetum
1703 3922 1841 3995 apud
1873 3922 1974 3977 ho-

392 4021 566 4079 mines
593 4035 818 4084 morem,
852 4019 946 4074 sed
973 4034 1037 4073 ex
1065 4017 1243 4072 divina
1266 4016 1365 4070 ira.
1397 4015 1520 4070 Ideo
1549 4013 1665 4069 b:ec
1705 4030 1815 4069 non
1845 4029 1971 4068 casu

395 4114 507 4169 ﬁeri
529 4113 678 4177 dicit,
719 4127 892 4181 neque
914 4120 1171 4179 repente,
1218 4109 1311 4165 sed
1348 4117 1469 4179 post
1507 4108 1647 4163 edita
1693 4109 1866 4177 signa.
1898 4107 1976 4162 Ne

390 4208 631 4263 dicerent
654 4206 795 4260 enim
825 4203 1017 4269 Judtei,
1047 4216 1162 4270 eos,
1193 4202 1283 4273 qui
1309 4211 1435 4256 tunc
1458 4201 1770 4265 credebant,
1804 4200 1972 4254 malo-

390 4318 507 4356 rum
549 4314 668 4356 esse
717 4313 957 4364 causam,
1004 4297 1125 4352 ideo
1173 4308 1387 4351 causam
1435 4293 1564 4348 illati
1609 4293 1733 4347 mali
1763 4292 1975 4363 aperit:

389 4397 547 4451 Amen
570 4396 766 4467 quippe
802 4395 916 4448 dico
945 4393 1100 4460 vobis,
1141 4400 1298 4446 antea
1349 4389 1576 4457 dixerat,
1618 4390 1738 4456 quia
1780 4389 1976 4443 uenient

390 4490 497 4545 hac
516 4489 687 4543 omnia
708 4504 860 4555 super
876 4486 1248 4558 generationem
1272 4484 1421 4537 istam
1447 4483 1466 4556 (
1495 4481 1682 4536 Matth.
1711 4481 1798 4535 25.
1835 4480 1905 4535 '56
1933 4480 1974 4552 ),

388 4580 590 4636 caedem
636 4580 702 4634 ab
730 4580 865 4649 ipsis
912 4586 1266 4648 perpetratam
1314 4589 1636 4630 memorans.
1670 4572 1870 4629 Deinde
1910 4587 1977 4627 ne

390 4678 572 4733 audito
608 4685 688 4732 tot
714 4676 977 4730 malorum
1024 4674 1240 4728 incursu
1267 4678 1514 4742 putarent
1540 4667 1974 4736 prmdieationcm

392 4768 814 4825 labefactandam
836 4780 978 4830 esse,
1024 4764 1300 4835 subjunxit
1327 4779 1341 4816 :
1383 4759 1555 4816 Videte
1577 4778 1640 4815 ne
1661 4758 1928 4813 turbemini
1957 4773 1977 4811 :

391 4871 584 4931 Oportet
611 4860 742 4914 enim
767 4857 876 4913 Ittec
900 4858 1011 4926 ﬁeri
1038 4871 1058 4912 :
1086 4855 1138 4911 id
1180 4862 1292 4920 est,
1344 4868 1462 4924 quas
1499 4867 1599 4923 ego
1647 4849 1887 4922 pra-dixi,
1916 4862 1978 4901 ac

392 4953 744 5007 termitionum
773 4952 1016 5005 incursus
1047 4963 1136 5004 res
1178 4963 1209 5002 a
1252 4962 1337 5001 me
1368 4945 1650 5016 prtcdictas
1675 4957 1779 4997 non
1809 4941 1976 4994 inter-

392 5045 668 5101 turbabit:
699 5045 793 5099 sed
820 5045 923 5099 erit
960 5043 1176 5113 quidem
1219 5041 1474 5095 tumultus
1518 5048 1572 5093 et
1625 5034 1972 5106 perturbatio,

368 5155 509 5209 quae
535 5136 748 5191 oracula
778 5150 893 5190 mea
939 5150 1041 5189 non
1070 5135 1332 5203 quatiant.
1381 5129 1585 5186 Deinde
1632 5126 1752 5197 quia
1780 5118 1979 5179 .ludmis

387 5232 602 5285 dixerat
630 5244 645 5282 :
680 5227 800 5282 Non
826 5244 903 5280 me
927 5227 1154 5280 uidebitis
1175 5225 1357 5279 amodo
1397 5224 1555 5277 donec
1581 5222 1779 5287 dicatis,
1812 5218 1977 5272 Bene-

390 5324 553 5378 dictus
583 5323 668 5392 qui
714 5323 845 5375 venit
872 5321 926 5373 in
970 5319 1171 5375 nomine
1196 5317 1403 5372 Domini
1431 5317 1449 5387 (
1484 5314 1669 5368 Matth.
1700 5314 1791 5368 95.
1819 5311 1889 5368 59
1919 5312 1973 5382 );

394 5416 756 5483 putabamque
783 5411 1028 5481 discipuli
1057 5427 1177 5467 cum
1204 5409 1417 5466 excidio
1449 5408 1607 5464 etiam
1629 5421 1975 5463 consumma-

393 5514 593 5560 Louem
617 5504 751 5565 fore,
785 5504 923 5558 lianc
954 5518 1138 5558 eorum
1167 5502 1477 5572 opinionem
1497 5500 1790 5571 corrigens,
1826 5498 1973 5551 dice-

392 5596 479 5650 bal
513 5615 527 5649 :
559 5597 665 5652 Sed
705 5596 932 5651 nondum
955 5605 1027 5650 est
1044 5595 1183 5665 linis.
1210 5595 1363 5660 Quod
1402 5602 1577 5647 autem
1628 5591 1676 5646 id
1704 5590 1844 5661 quod
1878 5604 1975 5658 ego

393 5751 472 5861 ﬁ;
502 5760 618 5817 Alii,
642 5757 893 5821 multisth
914 5755 1027 5808 aliis
1079 5751 1360 5803 instrmtibus
1396 5751 1806 5817 perturbationum
1858 5756 1969 5797 cau-

3556 326 3661 381 683

2083 417 2191 472 dixi
2225 423 2643 492 sn5picarentur,
2697 443 2763 482 ex
2803 444 2988 484 eorum
3034 430 3446 502 interrogatione
3489 435 3655 491 disce.

2079 514 2216 580 Quid
2248 516 2390 570 enim
2439 519 2880 590 interrogabant?
2928 523 3146 587 Quando
3193 527 3300 581 haze
3338 531 3523 583 erant?
3561 531 3660 586 boc

2078 621 2182 673 est,
2214 608 2557 678 Quandonam
2586 610 2914 685 Jerosolyma
2941 617 3173 685 peribit?
3202 617 3269 670 Et
3299 621 3432 689 quod
3464 621 3658 690 signum

2078 704 2319 757 adventus
2341 705 2412 756 tui
2438 714 2482 757 et
2508 708 2955 761 consummationis
2990 708 3202 763 steculi?
3230 709 3346 780 Ipse
3375 728 3501 766 vero
3531 714 3659 766 nihil

2078 794 2255 848 statim
2282 795 2347 849 ad
2374 794 2512 849 hanc
2557 796 3023 868 interrogationem
3052 801 3358 870 respondit;
3389 802 3481 856 sed
3516 804 3661 873 prius

2078 885 2166 939 illa
2194 884 2323 940 dicit
2347 903 2466 955 qua:
2496 887 2613 955 plus
2648 887 2904 944 intererat
2946 890 3172 946 discere.
3216 888 3400 964 Neque
3424 895 3568 948 enim
3596 895 3660 952 de

2077 979 2427 1051 .lrrosolymis
2464 982 2663 1045 statim,
2712 998 2886 1052 neque
2931 983 2999 1039 de
3026 986 3261 1039 secundo
3290 1001 3388 1040 suo
3430 987 3660 1042 adventu

2089 1069 2330 1142 loquutus
2359 1083 2462 1137 cst,
2491 1075 2585 1129 sed
2617 1075 2685 1129 dc
2711 1076 2865 1130 malis
2895 1094 3013 1145 quae
3034 1077 3146 1146 jam
3177 1079 3417 1147 proxima
3467 1089 3648 1141 erant.

2100 1164 2304 1235 deoque
2327 1166 2449 1219 illos
2477 1167 2735 1222 sollicitos
2755 1167 2930 1223 reddit
2967 1169 3154 1223 dicens
3189 1168 3405 1224 :Cavete
3447 1187 3510 1223 ne
3551 1174 3661 1237 quis

2076 1271 2161 1310 sos
2188 1257 2416 1314 seducat.
2446 1258 2499 1311 Μ
2508 1258 2602 1311 ulti
2625 1260 2757 1313 enim
2782 1260 2977 1315 uenient
3008 1261 3060 1315 in
3089 1261 3289 1314 nomine
3318 1279 3428 1315 meo
3447 1305 3462 1327 ,
3491 1262 3663 1315 dicen-

2077 1358 2149 1404 tes
2175 1366 2195 1404 :
2219 1349 2332 1422 Ego
2355 1367 2465 1404 sum
2491 1350 2738 1407 Christus.
2760 1352 2958 1406 Deinde
2985 1353 3223 1406 excitans
3246 1353 3362 1406 illos
3382 1352 3448 1405 ad
3474 1352 3660 1407 barum

2076 1457 2254 1496 rerum
2276 1442 2535 1507 auditum,
2563 1441 2760 1509 Cavete,
2794 1444 2982 1513 inquit,
3008 1460 3069 1497 ne
3084 1444 3195 1512 quis
3217 1460 3302 1497 ros
3330 1442 3536 1497 reducat
3562 1460 3580 1497 :
3609 1454 3661 1498 et

2077 1549 2199 1588 cum
2220 1534 2474 1589 sollicitos
2494 1544 2653 1605 atque
2669 1534 2736 1588 ad
2759 1535 3079 1605 vigilandum
3095 1549 3154 1604 pa
3164 1544 3307 1589 ratos
3321 1533 3657 1599 reddidisset,

2078 1636 2358 1697 postquam
2398 1627 2709 1683 seductores
2746 1638 2799 1683 et
2838 1627 3297 1695 pseudo-cbristos
3324 1628 3657 1690 memoravit,

2079 1726 2208 1774 tunc
2249 1719 2711 1789 Jerosolymorum
2764 1719 2898 1773 mala
2944 1728 3141 1784 narrat,
3191 1734 3254 1773 ex
3285 1720 3350 1772 iis
3394 1735 3511 1788 quae
3551 1720 3658 1787 jan

2079 1822 2368 1866 evenerant
2410 1811 2586 1864 futura
2643 1826 2891 1865 asserens
2919 1810 3057 1879 apud
3107 1811 3322 1864 insanos
3359 1819 3406 1864 et
3438 1820 3663 1863 conten-

2080 1906 2272 1959 tiosos.

2149 1995 2205 2051 2.
2250 1996 2392 2051 Bella
2419 2006 2597 2050 autem
2620 2005 2673 2050 et
2698 1995 2983 2064 opiniones
3011 1993 3290 2056 bellorum,
3314 2001 3369 2048 ut
3393 1994 3502 2062 jam
3526 1994 3659 2058 dixi,

2080 2088 2340 2142 tumultus
2361 2087 2450 2158 qui
2479 2088 2624 2156 ipsos
2654 2085 2888 2140 invasuri
2921 2093 3046 2139 sunt
3085 2092 3258 2139 vocat.
3294 2084 3498 2157 Deinde
3537 2086 3659 2156 quia

2081 2178 2358 2248 putabant,
2391 2189 2449 2233 ut
2475 2176 2585 2233 dixi
2614 2220 2628 2244 ,
2658 2186 2779 2248 post
2809 2175 3006 2231 bellum
3036 2174 3167 2230 illud
3217 2183 3499 2229 venturum
3540 2188 3663 2228 esse

2080 2271 2262 2337 linem,
2295 2270 2412 2327 vide
2437 2269 2706 2341 quomodo
2755 2267 2875 2321 illos
2920 2266 3269 2336 praemuniat,
3304 2265 3488 2319 dicens
3515 2282 3529 2320 :
3559 2262 3664 2319 Sed

2079 2366 2405 2420 nondumcst
2435 2364 2571 2432 ﬁnis.
2620 2363 2672 2415 7.
2721 2358 2975 2430 Exsurget
3023 2359 3175 2425 enim,
3227 2356 3416 2426 inquit,
3463 2371 3585 2428 gens
3611 2355 3665 2408 in

2078 2468 2274 2530 gentem
2296 2467 2338 2510 et
2366 2471 2576 2526 regnum
2605 2454 2657 2507 in
2698 2468 2925 2522 regnum.
2957 2449 3106 2504 Initia
3135 2448 3475 2503 Judaicorum
3498 2445 3666 2499 malo-

2080 2566 2199 2605 rum
2225 2549 2372 2603 dicit.
2397 2546 2449 2603 8.
2484 2546 2610 2601 Hart:
2634 2552 2802 2598 autem
2831 2543 3000 2596 omnia
3024 2541 3169 2593 initia
3194 2549 3308 2593 sunt
3321 2538 3555 2591 dolorum
3572 2551 3592 2599 ;
3610 2533 3663 2590 id

2079 2651 2182 2706 est,
2208 2656 2392 2697 eorum
2424 2639 2513 2710 qui
2559 2638 2687 2708 ipsis
2731 2634 2972 2692 eventnri
3019 2644 3164 2687 sunt.
3196 2631 3250 2687 9.
3290 2628 3435 2684 Tunc
3464 2627 3665 2682 tradent

2080 2750 2167 2789 nos
2196 2735 2247 2787 in
2279 2734 2673 2799 tribulationem,
2699 2742 2746 2784 et
2788 2729 3020 2784 occident
3043 2742 3147 2780 vos.
3180 2721 3491 2794 Opportune.
3515 2721 3662 2789 ipso-

2080 2842 2199 2881 rum
2224 2826 2359 2879 mala
2384 2823 2626 2889 inseruit,
2658 2837 2776 2894 qua:
2818 2836 2847 2874 a
2881 2815 3255 2874 communibus
3282 2813 3435 2867 malis
3463 2809 3662 2882 aliquld

2079 2916 2465 2973 consolationis
2487 2914 2796 2986 accipiunt;
2831 2927 2928 2966 nec
2961 2908 3084 2964 inde
3135 2917 3373 2972 tantum,
3406 2903 3501 2959 sed
3540 2903 3663 2973 quia

2079 3008 2297 3073 addidit,
2339 3005 2552 3077 PrOpter
2590 3019 2769 3059 nomen
2816 3016 3018 3055 meum:
3044 2997 3204 3052 Erilis
3225 2997 3408 3061 enim,
3452 2992 3662 3062 inquit,

2078 3101 2196 3154 odio
2222 3097 2453 3152 omnibus
2480 3104 2685 3167 promer
2714 3110 2893 3148 nomen
2925 3107 3107 3144 meum.
3140 3088 3227 3144 10.
3261 3085 3403 3141 Tune
3443 3085 3665 3138 scanda-

2078 3191 2367 3247 lizabuntur
2419 3187 2605 3253 multi,
2653 3195 2700 3240 et
2743 3184 2954 3238 inuicem
3008 3180 3246 3245 tradent,
3281 3179 3367 3235 11.
3419 3188 3464 3231 et
3518 3175 3675 3230 multi-

2080 3281 2477 3355 pseutlo-ehristi
2499 3320 2515 3345 ,
2544 3287 2591 3332 et
2621 3274 3090 3347 pseudo-propheta
3134 3280 3302 3336 erunt,
3343 3280 3389 3323 et
3427 3268 3665 3323 scducent

2084 3375 2287 3428 multos.
2320 3370 2406 3426 12.
2448 3369 2509 3424 Et
2539 3369 2774 3438 quoniam
2793 3364 3066 3420 abundabit
3089 3362 3350 3431 iniquitas,
3377 3360 3665 3430 refrigescet

2080 3466 2268 3519 caritas
2299 3464 2594 3517 multarunt.
2629 3459 2717 3514 15.
2753 3457 2854 3524 Qui
2899 3467 3066 3510 autem
3097 3453 3483 3525 perseveraverit
3513 3464 3666 3520 usque

2079 3561 2131 3614 in
2159 3560 2336 3628 ﬁnem,
2362 3557 2443 3610 hic
2467 3555 2638 3609 saluus
2667 3552 2779 3606 erit.
2810 3551 2918 3605 lloc
2949 3548 3121 3618 majus
3147 3546 3453 3607 malum‘est
3473 3583 3487 3608 ,
3524 3542 3663 3596 inte-
3692 3542 3695 3549 '

2080 3654 2278 3708 stitutm
2305 3664 2498 3719 nempe
2534 3647 2732 3701 bellum
2770 3642 2961 3700 :multi
3010 3641 3150 3695 enim
3184 3638 3301 3693 falsi
3331 3636 3525 3691 fratres
3551 3632 3661 3686 fue-

2081 3757 2222 3804 runt.
2252 3745 2436 3799 Videu‘
2455 3742 2643 3813 triplex
2679 3740 2898 3804 brllum,
2930 3752 2958 3791 a
2980 3733 3370 3794 seductoribus,
3393 3728 3458 3783 ab
3487 3726 3661 3783 inimi-
3754 3752 3757 3753 ν

2079 3843 2179 3906 cis,
2206 3854 2233 3892 a
2256 3836 2405 3893 falsis
2434 3832 2720 3890 fratribus?
2746 3830 2878 3885 Vide
2906 3825 3128 3883 Paulum
3145 3825 3246 3879 hoc
3260 3822 3660 3891 deplorantem:

2082 3934 2235 3989 Foris
2264 3946 2471 4003 pugnat,
2502 3929 2637 3981 intus
2666 3925 2890 3989 timores,
2918 3930 2965 3976 et
2997 3919 3222 3990 pericula
3269 3916 3324 3970 in
3365 3914 3510 3985 falsis
3551 3915 3662 3985 {ra-

2082 4027 2237 4082 tribus
2264 4024 2359 4097 (2.
2384 4022 2502 4076 Cor.
2531 4020 2584 4074 7.
2628 4020 2681 4074 5.
2711 4026 2760 4072 et
2843 4017 2931 4070 Η.
2958 4012 3031 4069 26
3056 4011 3074 4083 )
3099 4028 3114 4078 ;
3144 4026 3208 4066 ac
3233 4023 3441 4065 rursum
3469 4027 3483 4058 :
3510 4004 3664 4059 Tales

2079 4121 2212 4174 enim
2240 4115 2360 4187 falsi
2387 4112 2602 4185 apostoli
2627 4118 2763 4174 sunt,
2783 4107 3006 4177 operarii
3029 4103 3215 4169 dolosi,
3246 4099 3671 4169 transformantes

2080 4228 2134 4265 se
2156 4212 2210 4264 in
2232 4208 2486 4279 apostolos
2515 4203 2701 4259 Christi
2732 4204 2750 4273 (
2784 4199 2921 4254 Ibid.
2961 4198 3049 4253 ll.
3098 4196 3167 4251 15
3190 4198 3227 4264 ).
3261 4193 3395 4248 Hinc
3448 4205 3660 4246 rursum

2082 4303 2133 4359 id
2179 4301 2321 4372 quod
2377 4300 2614 4354 omnium
2667 4291 3039 4365 gravissimum
3090 4296 3193 4354 est,
3246 4285 3386 4356 quod
3428 4282 3667 4345 caritatis

2080 4396 2501 4453 consolationem
2544 4406 2649 4445 non
2701 4386 2928 4442 habituri
2960 4385 3085 4438 sint.
3137 4378 3336 4437 Deinde
3373 4375 3669 4432 ostendens

2081 4501 2400 4561 generosum
2429 4494 2483 4540 et
2508 4482 2795 4553 patientem
2829 4477 2951 4531 hinc
2990 4474 3111 4529 lmdi
3154 4488 3258 4527 non
3292 4484 3465 4542 posse,
3494 4467 3573 4524 Ne
3600 4468 3667 4522 ti-

2082 4582 2273 4638 mentis
2292 4621 2307 4645 ,
2335 4577 2506 4648 inquit
2529 4616 2542 4639 ,
2572 4588 2748 4641 neque
2778 4567 3087 4625 turbemini.
3116 4566 3171 4621 Si
3198 4563 3341 4620 enim
3367 4574 3666 4631 coagmen-

2083 4683 2189 4729 tem
2223 4669 2534 4743 patientiam
2564 4658 2947 4726 exbibueritis,‘
2978 4657 3095 4714 lucc
3121 4657 3258 4711 mala
3301 4670 3404 4711 non
3437 4667 3662 4723 supera-

2083 4767 2215 4821 bunt
2239 4778 2357 4819 vos.
2382 4760 2661 4830 Hujusque
2688 4755 2765 4811 rei
2806 4754 2950 4808 clara
2977 4744 3363 4806 demonstratio
3390 4752 3491 4811 est,
3521 4742 3663 4814 quod

2085 4855 2391 4926 praedicatio
2415 4853 2613 4922 ubique
2642 4864 2738 4918 per
2757 4846 2941 4902 orbem
2973 4840 3225 4913 pervadat
3250 4858 3262 4894 :
3286 4837 3358 4894 ita
3388 4834 3663 4891 sublimio-

2084 4963 2172 5004 res
2192 4947 2365 5012 eritis,
2389 4959 2547 5017 quam
2575 4952 2633 4997 ut
2659 4940 2774 4995 ba‘c
2818 4936 2955 4992 mala
2982 4934 3190 5005 possint
3234 4945 3330 4990 vos
3377 4928 3662 4998 attingere.

2087 5043 2164 5100 Ne
2185 5042 2426 5098 dicerent
2449 5037 2615 5102 enim,
2634 5030 2905 5104 quomodo
2924 5043 3051 5099 ergo
3078 5021 3362 5081 vivemus?
3387 5019 3506 5091 plus
3521 5017 3668 5072 addi-

2082 5136 2181 5201 dit,
2217 5134 2282 5189 Et
2305 5131 2496 5187 vivetis
2523 5137 2578 5183 et
2603 5125 2800 5195 ubique
2827 5119 3107 5176 docebitis.
3138 5113 3495 5186 Quamobrem
3522 5110 3665 5163 intu-

2086 5231 2194 5284 lit:
2226 5229 2311 5283 Ην.
2383 5219 2754 5279 Prtedirabitur
2808 5217 2902 5271 hoc
2948 5211 3282 5283 Evangelium
3332 5207 3384 5260 in
3435 5204 3664 5257 uniuerso

2086 5322 2274 5378 mundo
2298 5324 2345 5374 in
2376 5316 2712 5371 testimonium
2735 5308 2962 5366 omnibus
2991 5304 3216 5377 gentibus
3243 5317 3262 5355 :
3292 5311 3335 5355 et
3359 5308 3475 5352 tunc
3508 5293 3668 5347 veniet

2079 5416 2223 5485 ﬁnis,
2247 5422 2437 5476 nempe
2451 5394 2944 5457 consummationis
2959 5387 3454 5455 Hierosolymorum
3471 5378 3675 5447 ‘.Quod

2081 5475 2227 5563 enim
2299 5475 2491 5555 derilto
2523 5495 2630 5549 line
2688 5489 2907 5552 dixerit,
2955 5495 3008 5540 ct
3068 5481 3213 5553 quod
3245 5487 3372 5533 ante
3395 5475 3672 5531 excidium

2097 5594 2453 5662 Evangelium
2481 5585 2835 5660 praedicatum
2864 5578 3048 5641 fuerit,
3073 5572 3199 5628 audi
3222 5569 3353 5641 quid
3368 5568 3514 5624 dicat
3537 5565 3676 5620 Pauo

2159 5725 2171 5754 ¹
2197 5726 2241 5775 Μ
2278 5726 2366 5773 uti.
2394 5730 2502 5784 post
2529 5720 2767 5784 Savil.....
2812 5713 2953 5782 ftnis,
2988 5726 3083 5767 non
3112 5703 3564 5767 consummationis,
3589 5702 3674 5755 sed

2089 5782 2549 5853 Hierosolyauorwn
2591 5782 2727 5832 linis.
