4128 6420
539 386 646 440 ιικς)

545 500 624 548 lus
652 516 661 548 :
693 496 752 548 lu
785 512 981 549 munem
1007 505 1192 548 terram
1219 491 1368 546 exivit
1411 503 1564 542 sonus
1604 501 1774 539 eorum
1805 483 1822 551 (
1858 481 2004 535 Rom.
2039 480 2123 534 l0.

550 595 628 651 ιδ)
660 605 674 649 ς
705 601 754 640 et
779 604 1012 649 rursum,
1043 584 1305 656 Evangelii
1331 581 1466 653 quod
1486 579 1818 656 pra'dicatum
1850 585 1919 629 est
1951 576 2001 628 iu
2023 576 2138 627 uui—

544 699 684 734 urrsu
716 691 946 733 malum
971 694 1085 749 qua:
1111 655 1202 731 sub
1227 675 1352 731 ca’lo
1381 684 1452 727 est
1501 655 1634 742 (Col.
1664 671 1715 724 1.
1739 669 1854 738 Q3).
1885 668 1952 724 Et
1987 667 2135 720 vides

542 792 664 828 tum
697 772 1052 844 .lrrosolymis
1096 772 1146 823 iu
1192 766 1498 836 lliSpauiam
1546 773 1874 818 currentem.
1906 760 1960 814 Si
1989 759 2132 812 enim

542 884 678 923 unus
710 876 910 920 tantam
939 865 1084 920 orbis
1113 871 1314 933 partem
1337 858 1634 927 occupavit,
1663 857 1786 909 hinc
1814 854 1985 923 cogita
2016 869 2133 921 qum

541 962 629 1012 alii
665 959 914 1013 fecerint.
965 957 1170 1011 Etenim
1209 955 1330 1007 aliis
1369 951 1610 1006 scribens
1647 947 1840 1002 Paulus
1865 946 1930 1001 tle
1955 943 2129 997 Evan-

541 1054 682 1121 gelio
708 1052 940 1116 diccbat,
986 1048 1127 1121 quod
1171 1047 1398 1101 fructum
1433 1043 1566 1098 frrat
1593 1053 1642 1097 et
1675 1047 1881 1094 crescat
1912 1039 1961 1089 in
1989 1036 2132 1089 omni

543 1158 786 1203 creatura
818 1162 936 1216 qua:
976 1144 1076 1198 sub
1101 1142 1232 1197 czclo
1263 1137 1383 1209 est(
1412 1137 1545 1192 Ibid.
1567 1153 1614 1191 υ.
1649 1137 1681 1191 ϐ
1708 1136 1747 1205 ).
1791 1134 1925 1201 Quid
1955 1143 2131 1184 autem

545 1241 672 1296 illud
702 1250 808 1304 est,
850 1237 916 1293 In
971 1235 1307 1292 testimonium
1347 1233 1578 1286 omnibus
1614 1227 1888 1300 gentibus?
1927 1224 2133 1292 Ubique

544 1334 890 1404 prmdicatum
937 1339 1042 1395 est,
1088 1330 1182 1382 sed
1217 1344 1320 1380 non
1352 1340 1541 1378 omnes
1569 1321 1933 1383 crediderunt,
1961 1333 2133 1386 neque

545 1438 814 1498 receptum
845 1436 925 1478 est
955 1424 1168 1493 ubique.
1205 1420 1268 1474 In
1296 1417 1657 1477 testimonium,
1683 1414 1873 1482 inquit,
1903 1417 2004 1463 (τι-ιι
2028 1425 2130 1461 non

543 1520 886 1575 credentibus
919 1535 934 1584 ;
967 1518 1015 1570 id
1049 1525 1148 1579 cst,
1183 1516 1234 1568 in
1262 1511 1723 1582 rctlargutiouem,
1758 1508 1808 1560 in
1835 1504 2130 1559 aecumtio-

545 1627 689 1668 ncm.
734 1608 798 1664 In
841 1609 1222 1663 testimonium:
1249 1620 1370 1659 nam
1405 1602 1493 1672 qui
1525 1599 1870 1654 crediderunt
1897 1595 2135 1649 testium-

546 1707 688 1760 nium
719 1703 888 1756 ferent
912 1709 1096 1756 cootra
1121 1714 1214 1753 eos
1244 1696 1331 1767 qui
1363 1693 1582 1749 credere
1602 1692 1905 1751 noluerunt,
1927 1697 1979 1742 et
2008 1701 2135 1739 con-

545 1795 875 1852 demnabuut
903 1809 1016 1848 eos.
1054 1791 1283 1861 Ideoque
1319 1798 1596 1857 pOStqoam
1625 1778 1967 1850 Evangelium
1995 1793 2132 1847 pra--

543 1889 776 1942 dicatum
808 1886 905 1939 fuit
932 1900 1026 1954 per
1055 1891 1221 1936 totum
1253 1879 1460 1942 orbem,
1484 1875 1814 1944 Jerosolyma
1841 1870 2131 1940 perierunt,

547 1993 603 2036 ut
626 1997 692 2035 ne
715 1979 959 2034 umbram
983 1975 1198 2048 quidem
1247 1970 1606 2028 excusationis
1635 1966 1826 2037 ingrati
1856 1964 1933 2018 illi
1967 1962 2133 2016 hahe-

547 2082 681 2127 rent.
714 2071 845 2126 Nam
878 2069 964 2138 qui
989 2067 1234 2126 viderunt
1254 2063 1369 2134 ejus
1392 2059 1680 2132 potentiam
1709 2057 1902 2128 ubique
1933 2054 2137 2124 fulgen-

547 2174 675 2226 tem,
707 2171 761 2216 et
790 2161 938 2232 quasi
992 2159 1046 2214 in
1101 2166 1388 2212 momento
1446 2153 1579 2209 orbe
1637 2153 1863 2223 petitam
1895 2192 1910 2216 ,
1974 2160 2133 2216 quam

546 2256 756 2310 veniam
790 2253 1014 2307 habeant
1041 2250 1091 2304 in
1113 2243 1647 2309 duritiemanentes?
1673 2240 1825 2310 Quod
1853 2240 1996 2296 enim
2021 2238 2136 2292 tibi-

545 2364 646 2418 que
679 2356 804 2400 tunc
833 2343 1174 2414 pra'dicatum
1205 2339 1384 2401 fuerit,
1422 2336 1544 2389 audi
1579 2324 1796 2390 Paulum
1824 2349 1838 2384 :
1877 2329 2138 2400 Evmtgilii

544 2439 680 2510 quod
701 2437 1029 2508 praedicatum
1056 2445 1126 2489 est
1156 2434 1209 2486 in
1238 2433 1471 2485 universa
1499 2438 1753 2491 creatura,
1772 2440 1883 2494 qua:
1905 2423 1993 2476 sub
2014 2421 2138 2475 cwlo

546 2542 616 2585 est
647 2530 808 2602 (Il-id.
840 2547 888 2584 ι’.
915 2529 1029 2590 ‘25).
1057 2527 1208 2594 Quod
1241 2524 1436 2581 Christi
1457 2523 1707 2594 potentia:
1739 2520 2027 2574 maximum
2058 2525 2140 2570 est

546 2633 938 2695 argumentum,
967 2621 1106 2692 quod
1134 2620 1373 2675 doctrina
1404 2618 1558 2675 annis
1589 2614 1768 2686 viginti
1797 2613 1882 2667 vel
1901 2612 2136 2681 triginta,

546 2718 692 2773 orbis
721 2717 976 2772 terminos
1023 2713 1336 2785 pervaserit.
1392 2712 1518 2766 Post
1561 2709 1680 2764 hmo
1729 2707 1906 2777 igitur,
1951 2704 2135 2775 inquit,

546 2813 724 2866 veniet
754 2811 875 2865 linis
901 2807 1381 2876 Jerosolymoram.
1414 2801 1567 2872 Quod
1596 2800 1737 2856 enim
1769 2799 1870 2853 hoc
1896 2795 2136 2852 subindi-

545 2913 650 2969 cet,
679 2910 901 2974 arguunt
931 2899 1225 2969 sequentia.
1253 2895 1443 2950 Attulit
1487 2894 1630 2948 enim
1680 2890 2010 2959 propln-tiam
2041 2933 2048 2944 ,
2085 2893 2140 2937 ιιι

545 2996 662 3064 ejus
688 2993 954 3048 excidium
987 2998 1276 3054 assereret,
1308 2989 1486 3054 aitque
1516 3003 1529 3038 :
1564 2984 1651 3038 15.
1683 2984 1807 3035 Cum
1851 2993 2017 3032 autem
2061 2979 2135 3030 vi-

546 3087 717 3139 deritis
745 3084 1169 3138 abominationem
1211 3078 1554 3138 desolationis,
1605 3091 1718 3145 qua:
1761 3073 1894 3125 (lit-ta
1942 3081 2011 3125 est
2052 3086 2138 3137 per

549 3181 812 3234 Dnnielem
840 3178 1161 3247 prop/ictam,
1192 3181 1404 3228 stantem
1446 3171 1498 3224 in
1529 3170 1637 3224 loco
1660 3177 1834 3222 sancto
1860 3182 1878 3220 :
1906 3165 1990 3235 qui
2021 3163 2138 3231 legit

547 3272 793 3341 intelligat
855 3267 1014 3340 (Dan.
1048 3266 1238 3336 9.27).
1286 3263 1369 3317 'Ad
1419 3261 1688 3316 Danielum
1743 3259 1862 3312 illos
1910 3257 2136 3311 remisit.

549 3363 1012 3416 .-\hominationem
1044 3370 1221 3414 autem
1266 3365 1421 3412 vocat
1461 3364 1691 3410 statuam
1729 3352 1844 3420 ejus
1881 3349 1972 3420 qui
2015 3358 2140 3402 tunc

549 3462 731 3512 urbem
763 3465 1012 3525 ceperat,
1045 3453 1470 3525 quam-desolata
1505 3449 1635 3503 urbe
1674 3457 1728 3502 et
1773 3445 1970 3515 templo
1998 3445 2140 3498 intus

554 3552 766 3620 posuit,
821 3564 984 3619 quare
1051 3546 1504 3601 abominationem
1563 3539 1912 3596 desolationis
1962 3545 2136 3597 vocat.

554 3643 750 3697 Deinde
783 3651 835 3695 ut
860 3643 1144 3703 disrereat,
1167 3639 1278 3692 tunc
1306 3638 1474 3689 futura
1499 3649 1638 3697 esse,
1661 3631 2142 3686 nonnullis-eorum

550 3738 721 3792 rdhuc
752 3735 1047 3790 viventibus
1067 3775 1081 3799 ,
1112 3732 1246 3786 dixit
1270 3749 1283 3784 :
1311 3732 1434 3785 Cum
1474 3729 1694 3785 videritis
1721 3725 2140 3781 alominalionmu

550 3829 895 3883 drsolatiouis.

622 3923 675 3976 5.
711 3921 876 3988 Quam
904 3917 1130 3989 diﬁicilia
1160 3925 1386 3983 tempora
1413 3911 1789 3984 prazdicationis
1818 3905 2138 3976 evangelicae.

552 4047 620 4055 —-
642 4013 794 4071 Unde
824 4013 942 4084 quis
987 4024 1329 4079 summopere
1378 4008 1603 4062 miretur
1643 4002 1841 4059 Christi
1889 4002 2140 4055 virtutem

555 4108 874 4176 ilforumque
902 4105 1265 4160 fortitudinem
1289 4144 1303 4167 ,
1337 4099 1478 4171 quod
1513 4098 1707 4152 talibus
1739 4092 2145 4165 pne-dicaverint

557 4198 883 4268 temporibus
909 4239 922 4261 ,
954 4195 1146 4264 quibus
1172 4194 1401 4247 maxime
1421 4190 1643 4246 Judaica
1675 4187 2139 4257 impugnabantur,

555 4294 764 4363 quando
792 4291 959 4346 Juda'i
987 4301 1042 4343 ut
1067 4288 1304 4343 seditiosi
1333 4284 1775 4348 observabantur,
1805 4281 2145 4350 jusseratque

555 4388 732 4442 Caesar
757 4400 946 4438 omnes
978 4379 1343 4436 exterminari.
1363 4377 1717 4446 ‘ldipsumque
1757 4373 1976 4434 accidit,
2007 4386 2068 4425 ac
2098 4370 2142 4425 si

554 4480 692 4548 quis,
720 4476 850 4530 mari
878 4475 1113 4544 undique
1140 4472 1393 4535 excitato,
1425 4480 1474 4524 ct
1515 4467 1741 4537 caligine
1768 4476 1933 4518 totum
1963 4478 2142 4518 aerem

555 4578 884 4640 uccupaule,
932 4564 1224 4636 naufragiis
1277 4561 1680 4631 frequentibus,
1735 4575 1854 4613 cum
1900 4567 2144 4611 vectores

555 4680 742 4718 names
774 4661 1097 4723 dissideant,
1130 4667 1184 4713 et
1210 4666 1445 4712 monstra
1480 4653 1682 4706 marina
1713 4665 1873 4719 supra
1902 4658 2140 4718 surgant,

556 4775 672 4828 quae
701 4755 855 4810 simul
887 4771 1005 4809 cum
1039 4752 1284 4808 ﬂuctibus
1313 4751 1622 4819 navigantes
1651 4743 2016 4814 pessumdcnt,
2047 4741 2143 4796 ful-

559 4853 788 4905 minibus
829 4848 1072 4911 emissis,
1103 4843 1290 4915 piratis
1330 4839 1700 4896 invadentihus
1722 4880 1734 4899 ,
1765 4847 1815 4890 et
1842 4834 2145 4890 vectoribus

556 4947 652 4999 sibi
684 4954 868 4997 mutuo
898 4938 1290 5002 insidiantibus,
1327 4936 1570 4990 homines
1599 4929 1948 5001 navigationis
1975 4928 2143 4997 impe-

559 5039 778 5109 ι-ιετῐ⁹ίί(›.ς,
812 5036 900 5107 qui
933 5050 1031 5089 nec
1065 5047 1211 5086 mare
1251 5030 1525 5090 noverint,
1553 5025 1737 5096 jubeat
1766 5024 1833 5078 ad
1878 5021 2144 5093 guberna-

555 5131 673 5184 t-ula
717 5128 937 5192 sedere,
981 5124 1152 5180 navim
1175 5123 1482 5206 in'tcrnare
1508 5129 1559 5172 et
1593 5132 1860 5187 pugnare,
1893 5114 2145 5169 classem-

554 5234 660 5290 quc
692 5218 962 5288 ingentem
991 5231 1053 5268 ex
1079 5215 1307 5269 adverso
1331 5212 1660 5275 venientem,
1682 5212 1966 5282 validoque
1992 5226 2150 5267 exer-

556 5318 665 5369 citu
717 5315 1064 5376 instructam,
1108 5310 1356 5366 navicula
1399 5325 1502 5362 una
1547 5324 1695 5374 usos,
1735 5309 1786 5361 in
1823 5324 1928 5379 qua
1966 5317 2144 5375 tanta,

561 5419 616 5462 ut
674 5409 827 5470 dixi,
881 5404 1130 5460 confusio
1181 5410 1339 5464 erat,
1405 5417 1599 5471 capere
1657 5411 1709 5454 et
1772 5403 2145 5467 submergere.

561 5502 692 5555 Nam
741 5520 769 5557 a
817 5501 1069 5570 gentibus
1110 5497 1237 5550 odio
1291 5496 1631 5550 habebantur
1664 5505 1720 5549 ut
1762 5494 1933 5549 .ludzei
1968 5535 1983 5558 ,
2032 5504 2083 5549 et
2119 5509 2147 5547 a

561 5596 760 5648 Judwis
812 5594 1211 5658 lapidali'ltttttl',
1257 5597 1317 5641 ut
1361 5588 1452 5658 qui
1497 5601 1624 5640 suas
1667 5587 1810 5654 leges
1855 5586 2146 5653 impugna-

563 5695 719 5738 reul:
783 5698 995 5752 nusqua
1023 5698 1052 5732 ιι
1109 5696 1235 5732 vero
1288 5687 1432 5732 stare
1484 5686 1751 5745 poterant.
1814 5675 1904 5730 Sic
1957 5674 2146 5726 nnmia

568 5776 1091 5846 [ιι-ειειοξιιῑιῙτι,ι-.‹-οίιιιιί
1115 5785 1162 5830 et
1186 5791 1316 5829 saxa
1352 5774 1570 5827 latentia
1601 5781 1775 5832 erant,
1806 5773 1860 5824 iu
1901 5769 2149 5832 urbibus,

569 5873 621 5927 in
649 5874 804 5934 vicis,
831 5873 880 5922 in
925 5871 1199 5932 domibus,
1242 5867 1551 5938 singulique
1596 5867 1718 5920 illos
1758 5865 1893 5919 bello
1925 5865 2154 5933 impete-

1470 375 1534 430 ΙΝ
1574 369 1980 426 MATTIL—EUM
2026 366 2262 428 I'lOlllL.
2302 372 2517 426 LXXV.
2561 373 2632 430 al,
2677 371 2909 426 LXXVI,

3721 375 3822 426 ῦυυ

2243 485 2398 559 bant,
2418 488 2550 554 dux,
2569 489 2846 558 princ-ps,
2867 490 3131 555 privatus,
3148 497 3338 560 genies
3359 486 3596 557 integrir,
3649 489 3833 563 populi

2243 594 2458 645 omnes,
2481 590 2534 634 et
2559 580 2897 648 perturbatio
2914 589 3030 633 erat
3050 588 3253 648 quanta
3275 593 3375 631 nec
3393 581 3558 644 possit
3583 579 3824 631 omnium;

2251 679 2526 750 explicari.
2559 679 2690 734 Nam
2720 695 2967 748 perosum
3011 681 3165 749 plane
3206 697 3322 737 erat
3352 681 3629 738 .lutlateum
3671 698 3839 754 genus

2252 771 2302 823 in
2354 772 2596 825 Romano
2641 772 2863 839 imperio
2887 814 2901 834 ,
2931 773 3071 840 quod
3105 772 3249 828 mille
3290 777 3496 843 neg0tia
3528 776 3832 828 fact-s-eret.

2249 861 2430 934 Neque
2462 872 2636 918 tamen
2668 863 2790 918 inde
2818 863 3177 933 pra-dicatioui
3203 865 3493 920 nocebatur
3523 882 3536 917 :
3562 867 3654 919 sed
3683 878 3836 935 capta

2251 958 2382 1010 urbe
2414 969 2573 1027 atque
2595 967 2829 1012 cremata
2854 998 2868 1022 ,
2900 974 2961 1011 ae
2982 966 3140 1028 gente
3172 959 3222 1013 vi
3253 960 3512 1014 tnalormn
3542 974 3796 1028 Oppressit!
3819 1001 3833 1023 ,

2251 1049 2372 1102 inde
2403 1048 2622 1117 profecti
2655 1051 2901 1120 apostoli,
2935 1051 3021 1117 qui
3056 1065 3218 1106 novas
3244 1050 3564 1105 indueebant
3595 1051 3736 1118 leges
3771 1052 3785 1081 ί
3818 1092 3832 1114 ,

2249 1141 2503 1195 llninaais
2531 1143 2876 1211 imperarunt.
2903 1143 2946 1196 0
2983 1158 3067 1196 res
3106 1157 3270 1196 novas
3309 1152 3358 1197 et
3383 1143 3674 1212 stupendas
3706 1141 3835 1197 llu-

2247 1234 2484 1287 da-orum
2515 1234 2789 1288 innumera
2819 1235 2981 1288 millia
3007 1234 3230 1288 Romani
3257 1242 3533 1303 ceperunt,
3556 1244 3607 1287 et
3635 1231 3836 1287 duode-

2245 1328 2348 1381 cim
2378 1328 2520 1381 viros
2551 1328 2762 1382 vincere
2795 1345 2898 1382 non
2931 1337 3234 1396 potuerunt,
3259 1327 3346 1398 qui
3380 1327 3504 1380 nudi
3531 1327 3645 1380 sine
3672 1327 3835 1378 armis

2245 1435 2365 1474 cum
2396 1419 2525 1487 ipsis
2553 1420 2859 1490 pugnabant
2886 1421 2897 1473 !
2931 1420 3062 1487 Quis
3090 1434 3270 1474 sermo
3303 1419 3469 1488 possit
3501 1427 3699 1471 tantum
3731 1417 3832 1470 mi-

2247 1513 2485 1566 rarulum
2507 1512 2854 1567 describere?
2879 1513 2992 1567 Duo
3014 1512 3154 1566 enim
3181 1511 3294 1566 haec
3317 1510 3632 1565 docentibus
3660 1509 3836 1564 inesse

2244 1616 2452 1676 ιηιοιίυι
2478 1648 2492 1670 ,
2527 1615 2582 1660 ut
2630 1606 2731 1660 fide
2774 1605 2916 1676 digni
2970 1607 3071 1660 sint
3099 1648 3112 1672 ,
3143 1615 3197 1660 et
3247 1613 3307 1659 ut
3358 1604 3464 1659 sint
3505 1603 3836 1660 auditu-ibus

2242 1700 2378 1769 grati
2413 1717 2424 1752 :
2458 1700 2522 1753 ad
2555 1699 2668 1755 haec
2695 1715 2822 1754 vero
2844 1741 2859 1764 ,
2889 1708 2946 1753 ut
2971 1698 3210 1754 doctrina
3239 1697 3359 1753 talis
3384 1699 3491 1763 sit,
3533 1713 3650 1768 qua:
3683 1697 3835 1750 facile

2244 1792 2572 1856 admittatur,
2606 1793 2928 1863 iusuperque
2959 1801 3015 1847 ut
3046 1800 3252 1861 tempus
3281 1791 3348 1846 sit
3377 1791 3602 1846 tumultu
3628 1799 3680 1844 et
3711 1806 3833 1860 per-

2237 1886 2544 1940 turbatione
2599 1902 2843 1942 vacuum.
2896 1886 3046 1942 Tunc
3102 1896 3280 1941 autem
3339 1887 3516 1939 omnia
3565 1885 3831 1939 contraria

2244 1988 2415 2032 eraz;t.
2450 1978 2631 2048 Neque
2660 1981 2800 2032 enim
2833 1978 2932 2033 fide
2961 1977 3104 2050 digni
3146 1993 3265 2033 esse
3297 1977 3612 2032 videbantur
3635 2019 3650 2044 ,
3682 1976 3832 2030 illos-

2244 2085 2345 2140 que
2371 2071 2457 2141 qui
2484 2071 2688 2139 decepti
2718 2070 2930 2126 fuerant
2969 2069 3038 2124 ab
3068 2071 3132 2124 iis
3175 2070 3264 2140 qui
3318 2069 3422 2124 fide
3453 2068 3608 2139 digna
3655 2067 3833 2122 dicere

2245 2164 2586 2233 putabantur,
2622 2179 2651 2217 a
2691 2180 2749 2217 se
2777 2162 3093 2218 avertebant
3124 2179 3273 2226 :_non
3299 2161 3691 2232 diligebantur;
3726 2161 3833 2214 imo

2243 2257 2369 2312 odio
2419 2257 2784 2322 habebantur;
2815 2256 2882 2309 ab
2921 2255 2986 2310 iis
3028 2271 3148 2326 qua:
3192 2254 3423 2308 maxime
3453 2253 3642 2323 placita
3681 2261 3834 2308 erant

2244 2349 2596 2412 abdueehaut,
2632 2364 2659 2400 a
2687 2347 3094 2416 consuetudine,
3123 2361 3152 2400 a
3174 2345 3370 2424 patria,
3393 2360 3423 2398 a
3449 2343 3670 2415 legibus.
3699 2343 3834 2398 Prte-

2244 2452 2394 2509 cepta
2421 2441 2552 2494 dura
2584 2441 2925 2510 dd‘lii-iliaque
2950 2448 3105 2495 erant
3128 2481 3143 2506 ,
3176 2454 3293 2510 quae
3321 2453 3451 2494 vero
3480 2435 3834 2507 prohibebant

2243 2535 2516 2603 yoluptate
2543 2536 2716 2602 plena.
2748 2533 2907 2587 Multa
2939 2543 3048 2588 tum
3085 2519 3226 2602 ipsi,
3250 2540 3370 2586 .tum
3402 2531 3637 2601 ipsorum
3667 2529 3831 2584 disci-

2249 2628 2350 2695 puli
2400 2627 2648 2680 subibant
2689 2627 2918 2696 pericula
2941 2669 2955 2691 ,
2988 2625 3182 2680 multas
3212 2633 3450 2689 mortes;
3483 2639 3547 2679 ac
3585 2639 3706 2678 eum
3750 2622 3834 2676 his

2245 2721 2492 2774 omnibus
2523 2730 2729 2790 tempus
2760 2735 3006 2790 magnam
3033 2718 3288 2784 adurebat
3312 2716 3701 2781 difficultatem,
3733 2715 3835 2769 bel-

2247 2813 2310 2866 lis
2342 2813 2542 2867 scilicet
2583 2814 2917 2882 tumultuque
2966 2810 3317 2882 plenum;‘ita
3348 2818 3407 2863 ut
3447 2808 3546 2863 etsi
3584 2808 3714 2861 nihil
3746 2822 3833 2862 su-

2247 2909 2602 2974 pradiclortun
2652 2907 2948 2972 adfuisset,
2983 2905 3106 2960 hinc
3149 2904 3324 2958 omnia
3361 2902 3561 2958 turbari
3594 2910 3831 2971 possent.

2243 3000 2554 3069 Opportune
2607 2999 2857 3052 dicatur:
2892 2997 3017 3064 Quis
3047 2997 3277 3066 loquetur
3316 2994 3564 3065 potentias
3605 2992 3832 3056 Domini,

2243 3093 2444 3146 auditus
2487 3093 2635 3162 faciet
2661 3108 2831 3144 attines
2858 3090 3032 3144 laudes
3057 3093 3166 3158 ejus
3191 3089 3211 3160 (
3236 3088 3386 3143 Psal.
3417 3087 3534 3143 l05.
3571 3087 3629 3154 ‘2;
3652 3087 3674 3139 ?
3699 3087 3831 3141 Nam

2243 3183 2639 3236 sict-utriliules
2663 3181 2894 3252 .‘lloysem
2936 3191 3054 3250 post
3105 3191 3180 3234 tot
3225 3181 3365 3234 edita
3402 3180 3551 3249 signa
3600 3195 3703 3232 non
3733 3194 3832 3230 au-

2243 3274 2478 3333 diebant,
2513 3274 2581 3326 oh
2610 3274 2774 3326 lutum
2805 3281 2859 3326 ct
2890 3271 3080 3327 lateres
3108 3271 3257 3340 queis
3299 3271 3711 3340 premebantur;
3739 3284 3832 3323 eos

2244 3369 2332 3438 qui
2365 3368 2599 3438 quotidie
2637 3368 2759 3422 caesi
2806 3375 2857 3419 et
2898 3363 3428 3420 oecisi‘intoleranda
3458 3363 3828 3432 patiebantur,

2244 3463 2363 3533 quis
2406 3460 2611 3514 induxit
2654 3469 2710 3513 ut
2752 3460 2977 3514 oziosam
3029 3459 3188 3512 vitam
3229 3456 3599 3526 repudiarent,
3633 3464 3686 3508 et
3731 3455 3827 3523 ipsi

2245 3557 2402 3610 aliam
2429 3561 2834 3624 anteponerent,
2862 3551 3132 3623 periculis,
3159 3551 3437 3620 sanguine,
3468 3547 3832 3616 mortibusth

2227 3647 2458 3721 plenam
2488 3664 2500 3699 :
2536 3661 2658 3699 cum
2692 3642 2980 3698 maximeii
3024 3637 3832 3712 quipraedicabantalienigena:

2231 3736 2616 3804 omnibusque
2632 3731 3098 3802 prorsus-inimici
3131 3738 3312 3784 essent
3338 3731 3360 3782 ζ’
3391 3729 3443 3782 Si
3472 3729 3593 3796 quis
3619 3727 3671 3780 in
3697 3743 3829 3797 gen-

2247 3841 2344 3894 tes,
2383 3833 2433 3885 in
2461 3831 2640 3891 urbes,
2673 3829 2722 3881 in
2759 3825 2979 3896 populos
3003 3865 3017 3888 ,
3051 3823 3158 3877 imo
3188 3821 3239 3876 in
3273 3833 3428 3872 unam
3456 3816 3830 3872 domunculam

2247 3927 2523 3981 induceret
2553 3924 2721 3976 virum
2749 3918 2997 3974 omnibus
3029 3913 3387 3969 habitantibus
3413 3926 3528 3966 eam
3557 3923 3829 3979 perosum,

2226 4029 2297 4078 iet
2332 4033 2426 4087 per
2454 4030 2574 4070 eum
2606 4021 2888 4068 conaretur
2917 4007 3151 4077 singulos
3179 4021 3208 4058 a
3241 4003 3447 4059 dilectis
3488 4000 3770 4063 abducere,
3801 4015 3830 4053 a

2247 4122 2427 4184 patre,
2457 4127 2485 4163 a
2515 4119 2681 4162 matre
2702 4149 2716 4172 ,
2749 4104 2816 4158 ab
2847 4116 3046 4168 uxore,
3078 4115 3108 4153 a
3149 4098 3308 4152 ﬁliis:
3342 4110 3518 4149 annon
3559 4093 3646 4147 ille
3683 4101 3835 4146 ante-

2247 4221 2402 4278 quam
2427 4220 2486 4257 os
2513 4200 2746 4272 aperiret
2774 4191 3207 4265 discerperetur?
3234 4188 3291 4245 Si
3317 4192 3494 4243 autem
3516 4186 3596 4240 vir
3623 4193 3676 4239 et
3701 4199 3836 4240 uxor

2245 4299 2403 4356 simul
2436 4297 2697 4366 litigareut
2719 4333 2733 4358 ,
2761 4303 2937 4343 annon
2976 4286 3061 4341 vel
3092 4283 3236 4354 prius
3278 4295 3434 4350 quam
3468 4279 3628 4332 limen
3657 4285 3836 4330 trans-

2249 4395 2370 4459 iret,
2404 4388 2664 4458 lapidihns
2695 4379 3046 4438 obrueretur?
3075 4376 3130 4431 Si
3161 4383 3337 4428 autem
3372 4371 3459 4425 ille
3485 4383 3580 4440 per
3619 4382 3680 4423 se
3706 4381 3834 4421 con-

2248 4493 2480 4553 temptus
2522 4491 2750 4533 onerosa
2782 4473 3124 4546 prmciperet,
3158 4465 3362 4522 deliciis
3396 4463 3631 4516 fruentes
3663 4459 3835 4529 philu-

2247 4579 2461 4652 sophari
2487 4575 2702 4648 juberet
2721 4615 2736 4638 ,
2768 4573 2834 4626 ad
2864 4569 2976 4624 hate
3005 4579 3131 4618 vero
3160 4570 3345 4616 contra
3377 4557 3545 4612 multo
3571 4554 3754 4625 plures
3784 4560 3833 4604 ct

2249 4647 2497 4729 fortiores
2542 4676 2813 4725 certamen
2864 4658 3260 4719 committeret,
3309 4665 3485 4705 annon
3535 4647 3706 4716 palam
3753 4652 3833 4697 est

2248 4771 2393 4824 illum
2437 4764 2656 4821 omnino
2685 4759 2973 4830 periturum
3009 4751 3166 4807 esse?
3210 4748 3458 4802 Attamen
3492 4739 3620 4796 illud
3662 4739 3834 4809 ipsum

2248 4860 2386 4932 quod
2416 4859 2466 4913 in
2498 4871 2600 4910 uua
2627 4827 2786 4907 domo
2814 4849 2925 4902 fieri
2973 4843 3187 4913 nequit,
3215 4837 3460 4894 Christus
3491 4833 3540 4887 in
3571 4841 3680 4886 toto
3706 4827 3837 4883 orbe

2251 4954 2392 5016 fecit,
2423 4965 2517 5020 per
2545 4942 2858 5018 praecipitia,
2886 4953 2982 5009 per
3011 4935 3274 4998 fornaces,
3306 4945 3402 5000 per
3431 4932 3716 4996 praerupta,
3743 4935 3836 4991 per

2249 5016 2500 5113 scopulos
2524 5016 2668 5109 {per
2695 5045 2890 5088 terram
2923 5042 2975 5085 et
3005 5041 3152 5082 mare
3175 5067 3190 5092 ,
3221 5025 3357 5078 inter
3402 5019 3538 5074 bella
3569 5016 3796 5087 plurima
3817 5053 3833 5076 ,

2249 5107 2392 5190 orbis
2419 5107 2652 5187 medicos
2676 5125 2950 5186 inducens.
2968 5122 3096 5188 Qua:
3113 5115 3290 5172 omnia
3316 5114 3358 5168 si
3383 5110 3578 5167 certius
3600 5107 3835 5163 ediscere

2253 5229 2412 5284 velis:
2449 5237 2636 5291 nempe
2666 5217 2879 5281 famem,
2911 5210 3286 5284 pestilentiam.
3323 5218 3478 5260 terra:
3510 5212 3707 5266 matus,
3733 5211 3836 5251 ca:-

2252 5331 2496 5387 terasque
2527 5311 2810 5384 tragoulias
2835 5350 2848 5371 ,
2881 5306 2965 5360 adi
2993 5301 3208 5372 JoSephi
3238 5297 3510 5353 historiam
3531 5335 3546 5360 ,
3577 5299 3634 5346 ut
3675 5303 3835 5345 accu-

2215 5472 2218 5475 ,
2251 5425 2363 5466 rate
2395 5408 2570 5462 omnia
2603 5405 2828 5459 ediscas.
2851 5401 2971 5454 Ideo
2999 5395 3208 5452 dicebat
3235 5394 3324 5447 ille.
3356 5408 3368 5443 :
3405 5385 3487 5442 Ne
3514 5381 3796 5439 (circumitu
3817 5397 3835 5433 :

2252 5514 2444 5574 oportet
2475 5503 2604 5556 enim
2640 5499 2806 5550 oninin
2842 5493 2990 5564 ﬁeri;
3021 5501 3074 5545 et
3098 5533 3111 5555 ,
3148 5488 3247 5555 Qui
3278 5477 3657 5555 perseveraverit
3681 5489 3837 5544 usque

2252 5600 2300 5649 iu
2332 5598 2498 5664 ﬁnem,
2531 5593 2611 5645 hic
2636 5591 2802 5644 salvus
2832 5588 2961 5646 erit;
2988 5593 3061 5644 et,
3096 5576 3461 5633 Prwdicabitur
3489 5571 3581 5625 hoc
3606 5567 3830 5631 Evange-

2250 5689 2377 5742 lium
2404 5687 2460 5743 in.
2482 5685 2725 5738 universo
2755 5678 2968 5731 mundo.
2999 5672 3126 5726 lllos
3152 5668 3299 5724 enim
3330 5679 3394 5718 ex
3425 5660 3698 5716 dictorum
3729 5662 3840 5708 ter-

2315 5799 2415 5847 1In
2456 5797 2629 5846 Morel.
2668 5787 2986 5856 legitumum
3016 5798 3162 5836 novus
3201 5774 3486 5832 inducebaut
3525 5772 3651 5837 leges
3675 5774 3842 5819 contra

2259 5865 2508 5913 Rontanos.
