4128 6400
311 385 407 440 691
1075 380 1131 436 S.
1173 372 1451 433 JOANNIS
1479 365 1948 427 CllRYSOSTOBlI
1998 367 2317 426 ARCHIEP.
2356 370 2889 434 CONSTANTINOP.
3486 385 3588 441 θος,

310 517 433 556 rore
459 500 660 555 fractos
691 501 1008 569 solutosque
1039 501 1103 554 ad
1129 516 1280 570 spem
1315 499 1596 553 meliorem
1629 494 1899 551 convertit

309 595 520 658 dicens,
562 593 776 648 etiamsi
819 593 989 647 millia
1020 592 1198 647 forent
1238 591 1611 649 incommoda,
1645 594 1899 658 oportere

313 691 493 737 tamen
535 682 876 751 evangelium
914 682 1197 752 praedicari
1227 696 1323 750 per
1354 689 1529 734 totum
1571 677 1760 733 orbem
1790 685 1902 731 ter-

312 791 519 837 rarum,
553 789 609 829 et
636 789 764 830 tunc
796 788 1087 830 venturum
1122 774 1285 829 linem
1311 788 1456 828 esse.

385 869 437 923 4.
484 868 614 935 Quot
643 869 773 923 bella
795 867 1041 938 apostolis
1069 867 1214 919 illata
1253 874 1476 929 tempore
1501 852 1893 932 [ir-adiectionis.

313 959 503 1015 Contra
551 959 992 1030 genethlialogiam
1024 969 1071 1012 et
1100 969 1381 1027 tentporum
1420 953 1800 1008 resolutionem.
1827 979 1900 991 —

317 1051 560 1105 Vidistin‘
583 1067 684 1120 qua
711 1051 1019 1106 conditione
1045 1058 1156 1104 tum
1185 1064 1272 1103 res
1298 1054 1500 1112 essent,
1529 1052 1584 1099 et
1609 1058 1770 1114 quam
1801 1057 1898 1096 va-

314 1145 392 1199 ria
424 1144 545 1199 belli
580 1144 763 1210 facies,
793 1153 848 1199 et
886 1143 1000 1198 haec
1031 1143 1083 1195 in
1116 1139 1395 1211 principio,
1424 1151 1544 1191 cum
1591 1134 1658 1190 ad
1692 1133 1897 1206 singula

314 1236 448 1290 bona
474 1250 636 1305 opera
657 1277 672 1301 ,
706 1250 894 1306 magna
920 1248 1052 1304 Opus
1082 1242 1164 1287 est
1195 1227 1622 1301 tranquillitate?
1648 1227 1766 1293 Quo
1814 1241 1901 1280 res

315 1331 365 1383 in
410 1340 549 1383 statu
591 1329 786 1383 erant?
813 1328 950 1382 Nihil
977 1326 1117 1382 enim
1149 1325 1338 1390 obest,
1366 1324 1493 1392 quin
1535 1320 1722 1375 eadem
1753 1333 1900 1372 resu-

314 1437 541 1476 mamus.
567 1422 804 1476 Primum
837 1420 1031 1475 bellum
1075 1428 1188 1474 erat
1239 1417 1578 1470 seductorum
1611 1430 1626 1468 :
1667 1411 1896 1475 Veniant,

313 1516 504 1585 inquit,
538 1514 948 1584 pseudo-christi,
982 1521 1027 1568 et
1058 1512 1249 1581 pseudo
1281 1509 1577 1580 prapltetw;
1606 1504 1899 1560 secundum

318 1602 684 1660 ltotnanorum
718 1624 732 1659 :
770 1605 1006 1658 Anrlituri
1043 1605 1179 1657 enim
1227 1603 1342 1656 estis
1394 1600 1612 1671 prwlia;
1643 1596 1897 1661 tertium,

313 1699 453 1767 quod
484 1699 677 1753 famem
711 1697 959 1761 inducet;
989 1709 1234 1767 quartum
1255 1737 1268 1758 ,
1295 1694 1436 1764 quod
1481 1692 1807 1763 pestilentias
1845 1700 1900 1744 et

313 1801 470 1846 terrm
499 1803 676 1846 motus
706 1810 717 1844 :
749 1793 1011 1861 quintum,
1047 1789 1483 1843 tribulationum:
1511 1786 1733 1840 Tradent
1756 1783 1899 1838 enim

314 1900 398 1939 vos
427 1886 478 1939 in
506 1896 755 1947 mortem;
785 1894 993 1937 sextum
1015 1923 1029 1947 ,
1061 1881 1219 1935 Eritis
1266 1882 1383 1935 odio
1425 1878 1657 1932 omnibus
1695 1886 1901 1947 propter

313 1991 494 2029 nomen
518 1991 682 2029 meum
706 1992 725 2039 ;
752 1976 1038 2044 septimum
1066 2015 1081 2036 ,
1110 1972 1334 2026 Tradent
1358 1988 1412 2025 se
1439 1972 1651 2024 invicem
1668 2012 1682 2033 ,
1708 1981 1753 2023 et
1782 1969 1900 2022 odio

313 2070 562 2123 habebunt
593 2069 841 2132 invicem;
872 2067 958 2122 hic
986 2067 1180 2121 bellum
1223 2065 1383 2119 civile
1410 2064 1662 2118 declarat.
1697 2061 1900 2117 Deinde

315 2161 755 2232 pseudo-christi
798 2170 855 2215 et
901 2159 1016 2214 falsi
1059 2159 1251 2214 fratres
1284 2174 1299 2213 :
1334 2168 1515 2227 postea
1545 2199 1560 2223 ,
1594 2157 1902 2228 Refriqescct

312 2253 500 2307 raritas
527 2252 821 2317 multorum,
848 2251 989 2322 quod
1032 2259 1114 2307 est
1147 2250 1385 2305 omnium
1422 2263 1582 2305 causa
1614 2249 1899 2303 malorum.

317 2342 500 2397 \‘iden‘
527 2343 675 2398 mille
710 2342 968 2398 bellorum
1014 2357 1210 2414 genera
1234 2383 1249 2408 ,
1300 2358 1434 2397 nova
1464 2342 1642 2396 omnia
1684 2350 1739 2396 et
1778 2350 1896 2396 stn-

314 2433 485 2501 penda
501 2433 533 2487 ?
552 2436 824 2498 Attamen,
856 2434 994 2489 inter
1022 2433 1136 2489 iure
1163 2443 1219 2489 et
1238 2433 1338 2487 alia
1369 2434 1531 2489 multa
1560 2432 1581 2505 (
1608 2449 1728 2486 nam
1752 2431 1898 2487 civili

312 2524 452 2579 bello
480 2525 640 2580 etiam
666 2535 1015 2596 cognatorum
1046 2525 1242 2579 bellum
1258 2537 1374 2580 erat
1405 2526 1737 2595 adiunctum)
1763 2539 1901 2594 pra:-

311 2613 509 2669 dicatio
535 2624 701 2670 totum
730 2615 915 2670 orbem
956 2615 1237 2685 occupavit
1270 2633 1284 2670 :
1314 2631 1434 2670 nam
1463 2617 1559 2681 ait,
1587 2614 1902 2668 Ρνωάίεαὸὶ-

311 2714 394 2757 tur
429 2704 525 2758 hoc
546 2701 872 2774 Evangeiium
921 2705 973 2759 in
1020 2706 1250 2760 universo
1290 2706 1497 2760 niuitdo.
1531 2705 1627 2762 Ubi
1658 2715 1780 2758 sunt
1808 2705 1898 2775 qui

310 2797 523 2865 genesis
574 2797 904 2867 tyrannidem
956 2806 1361 2868 temporumque
1414 2797 1801 2875 revolutionem
1845 2798 1895 2851 in

313 2887 568 2943 Ecclesiae
609 2888 861 2958 dogmata
893 2889 1126 2944 inierunt
1171 2887 1284 2960 (a)?
1312 2889 1442 2958 Quis
1485 2904 1736 2960 umquam
1779 2905 1895 2945 ιιιο-

312 2980 567 3043 moravit,
598 2979 769 3034 visum
810 2979 976 3037 fuisse
1013 2981 1283 3036 Christum
1333 2983 1493 3036 alium
1515 3024 1528 3044 ,
1561 2981 1899 3053 similemque

310 3086 424 3126 rem
457 3079 512 3125 et
534 3081 791 3127 eventum
820 3071 1016 3128 fuisse?
1038 3073 1138 3129 etsi
1169 3074 1272 3128 alia
1302 3074 1464 3128 multa
1496 3074 1627 3129 falso
1654 3082 1895 3140 narrent,

310 3180 502 3231 nempe
532 3175 746 3219 centum
787 3178 1049 3220 annorum
1097 3166 1261 3221 millia
1300 3167 1621 3236 praeteriisse
1647 3204 1662 3230 ,
1716 3182 1897 3221 verum

308 3254 444 3309 nihil
468 3254 555 3310 hic
577 3256 754 3311 simile
781 3256 1086 3327 contingere
1105 3258 1319 3312 audent.
1350 3256 1517 3325 Quam
1539 3272 1669 3327 ergo
1692 3257 1900 3313 revolu-

309 3348 507 3400 tionem
548 3346 828 3402 dixeritis?
856 3346 1039 3418 Neque
1080 3348 1222 3404 enim
1272 3347 1520 3404 Sodomae
1570 3364 1743 3418 neque
1789 3347 1898 3405 Go-

309 3437 541 3492 morrha:
588 3452 746 3492 casus
770 3481 785 3504 ,
817 3453 990 3508 neque
1036 3438 1299 3500 diluvium
1324 3479 1339 3502 ,
1390 3440 1626 3494 sectmdo
1676 3455 1894 3498 venere.

311 3524 598 3597 Usquequo
623 3542 751 3598 ergo
775 3526 1002 3594 ludetis,
1036 3529 1422 3584 revolutionem
1448 3544 1511 3584 ac
1543 3531 1780 3600 genesim
1812 3531 1896 3586 in-

308 3617 605 3674 ducentes?
629 3618 908 3687 Quomodo
929 3636 1060 3691 ergo
1083 3662 1097 3683 ,
1131 3621 1340 3692 inquies
1359 3663 1374 3687 ,
1402 3623 1568 3676 multa
1593 3623 1897 3693 praedicun-

308 3722 415 3780 tur,
438 3721 494 3768 et
519 3712 805 3767 eveniunt?
827 3712 960 3779 Quia
988 3725 1040 3768 tu
1065 3714 1287 3783 tcipsmn
1315 3715 1405 3769 Dei
1432 3715 1628 3771 auxilio
1654 3717 1891 3786 privasti,

309 3812 366 3858 et
409 3812 461 3858 te
498 3803 808 3873 prodidisti,
833 3812 994 3874 atque
1031 3813 1181 3859 cura
1211 3805 1597 3874 providentiam
1636 3808 1893 3876 posuisti,

309 3894 431 3950 ideo
457 3894 666 3950 daemon
698 3910 794 3964 pro
822 3895 988 3951 lubito
1010 3910 1109 3951 suo
1136 3912 1224 3951 res
1245 3898 1512 3952 convertit
1536 3905 1591 3953 et
1619 3897 1892 3957 transfert.

312 3984 509 4040 \‘erum
540 3985 597 4041 id
634 4002 739 4040 non
778 3988 889 4057 agit
924 3988 975 4041 in
1021 3988 1242 4051 sanctis,
1286 3987 1396 4043 imo
1443 4004 1615 4058 neque
1658 3990 1709 4043 in
1743 3989 1896 4046 nobis

309 4076 697 4145 peccatoribus,
716 4077 804 4147 qui
836 4076 924 4131 illa
948 4078 1236 4133 admodum
1257 4077 1600 4149 deSpicimus.
1634 4080 1765 4136 Nam
1792 4081 1894 4137 etsi

308 4167 415 4221 vita
446 4176 635 4222 nostra
656 4183 761 4222 non
806 4169 877 4224 sit
919 4168 1190 4223 toleranda
1218 4211 1230 4234 ,
1261 4179 1496 4225 attamen
1523 4171 1645 4241 quia
1676 4187 1771 4240 per
1802 4172 1894 4228 Dei

306 4260 534 4329 gratiam
565 4260 802 4316 veritatis
850 4262 1094 4331 dogmata
1137 4263 1536 4319 accuratissime
1566 4265 1890 4332 retinemus,

307 4349 609 4404 da-monmn
647 4350 851 4405 insidiis
894 4353 1199 4419 superiores
1242 4369 1447 4408 smnus.
1476 4353 1581 4408 Sed
1611 4355 1737 4426 quid
1782 4366 1894 4410 tau-

307 4442 431 4498 dem
478 4450 561 4498 est
587 4443 672 4498 illa
702 4444 960 4515 genesis?
1000 4444 1142 4500 Nihil
1182 4446 1323 4501 aliud
1364 4463 1521 4517 quam
1561 4447 1813 4519 iniquitas
1841 4458 1896 4504 et

307 4535 591 4601 confusio,
618 4545 674 4590 et
701 4536 844 4607 quod
875 4537 1056 4591 omnia
1099 4552 1225 4593 casu
1273 4550 1327 4593 et
1370 4547 1572 4595 temere
1620 4539 1891 4605 ferantur;

309 4628 419 4683 imo
446 4643 554 4683 non
587 4636 789 4684 temere
817 4637 1018 4683 tantum
1043 4670 1058 4696 ,
1087 4627 1183 4684 sed
1208 4630 1366 4685 etiam
1392 4640 1581 4697 contra
1610 4631 1893 4686 rationem.

312 4721 475 4791 Atqui
505 4723 550 4775 si
591 4735 697 4775 non
732 4729 816 4777 est
846 4719 1078 4792 genesis,
1102 4719 1329 4792 inquies,
1359 4737 1454 4777 cur
1481 4722 1567 4776 ille
1595 4721 1746 4777 dives
1769 4733 1852 4778 est
1876 4765 1892 4789 ,

311 4815 402 4869 ille
427 4830 627 4885 pauper
648 4816 671 4869 τ
695 4814 907 4871 Nescio.
941 4813 1015 4868 lta
1040 4815 1186 4868 enim
1219 4826 1393 4870 tecum
1420 4814 1726 4884 disputabo,
1758 4827 1813 4870 ut
1844 4828 1897 4873 te

312 4907 531 4963 doceam
573 4923 677 4961 non
703 4907 881 4964 omnia
923 4908 1001 4962 sic
1027 4907 1237 4962 curiose
1266 4909 1589 4977 captet-arida
1619 4924 1767 4970 esse,
1800 4925 1893 4964 ne-

310 5015 413 5069 que
439 4998 760 5054 credendum
802 5014 923 5054 esse
963 5001 1041 5053 sic
1075 5015 1164 5057 res
1191 5009 1390 5055 temere
1417 4999 1563 5054 ferri.
1595 4998 1712 5054 Non
1753 5003 1894 5054 enim

309 5090 429 5159 quia
461 5088 576 5145 inec
597 5089 811 5159 ignoras
829 5133 845 5156 ,
876 5090 1041 5146 debes
1079 5106 1139 5147 ea
1178 5107 1296 5161 qua:
1322 5106 1449 5145 vere
1478 5106 1587 5145 non
1615 5101 1740 5145 sunt
1769 5106 1897 5144 con-

312 5183 535 5254 tingere.
558 5182 783 5237 Prtestat
811 5184 951 5238 enim
982 5185 1146 5254 probe
1172 5186 1437 5255 ignorare,
1465 5200 1622 5254 quam
1654 5184 1897 5253 improbe

309 5277 540 5333 discere.
568 5273 701 5332 Nam
728 5276 816 5345 qui
842 5293 1055 5332 causam
1085 5278 1309 5348 ignorat,
1342 5277 1495 5332 facile
1524 5280 1727 5333 ratione
1749 5278 1897 5331 duci-

313 5380 434 5435 tur;
464 5369 552 5438 qui
580 5377 778 5434 autem,
805 5370 928 5438 quia
958 5385 1136 5424 veram
1174 5386 1276 5425 non
1315 5373 1487 5435 novit,
1529 5370 1713 5423 falsam
1749 5386 1897 5424 com-

312 5460 609 5516 miniscitur
633 5502 648 5526 ,
676 5476 784 5516 non
834 5460 989 5516 facile
1019 5463 1212 5531 poterit
1254 5478 1433 5517 veram
1484 5463 1729 5532 accipere
1750 5500 1769 5531 ,
1800 5460 1892 5516 sed

376 5661 448 5721 (a)
471 5661 714 5719 Gencsim,
737 5659 841 5710 sive
873 5657 1334 5721 genethlialogiam,
1363 5664 1413 5707 et
1449 5656 1579 5721 illam
1619 5665 1893 5717 temporum

311 5719 668 5783 resolutionem
684 5719 909 5783 exagitat
939 5719 1330 5783 Qltrysostomus,
1355 5726 1409 5768 ut
1449 5719 1574 5783 libro
1609 5726 1776 5783 contra
1812 5724 1894 5783 Ju-

310 5780 441 5828 dzeos
469 5789 520 5829 et
540 5781 771 5851 gentiles.
788 5778 844 5830 τι.
871 5782 917 5839 1,
944 5778 1072 5851 Coll:
1087 5782 1197 5851 831}.
1223 5782 1302 5830 ubi
1327 5789 1492 5851 contra
1510 5780 1759 5851 illos__ag_it.
1785 5778 1871 5851 otii

312 5852 471 5901 peneia
495 5840 566 5891 vel
588 5842 832 5893 stetku'urit
855 5840 1240 5893 conversionibus
1281 5844 1443 5893 omnia
1466 5841 1827 5893 adscrihchant.

2008 490 2174 542 multo
2229 490 2432 559 majore
2476 505 2609 560 opus
2656 493 2872 548 habebit
2922 494 3107 553 labore
3157 498 3488 569 smloreque,
3537 516 3590 558 nt

2006 581 2235 648 priorem
2267 583 2441 638 deleat
2465 584 2792 653 opinionem.
2825 584 2881 640 lu
2911 589 3256 657 pugillaribus
3279 594 3477 664 quippe
3506 594 3589 649 de-

2005 670 2126 726 lctis
2154 672 2311 729 facile
2336 675 2577 745 quiS‘llliS
2599 691 2717 746 qua:
2740 677 2968 733 voluerit
2996 681 3195 737 scribet
3223 682 3298 751 (a)
3322 698 3338 747 ;
3369 684 3420 737 in
3463 698 3592 739 exa-

2003 764 2134 818 ratis
2156 779 2284 818 vcro
2314 779 2418 818 non
2450 766 2576 820 item
2599 785 2610 819 :
2633 776 2844 837 oportet
2871 771 3013 825 enim
3047 772 3273 840 primmn
3300 788 3362 828 ea
3388 774 3589 837 delere,

2004 867 2125 922 quae
2152 853 2292 909 male
2316 856 2510 926 scripta
2544 855 2774 913 fuerant.
2801 860 2857 914 Et
2893 861 3031 916 inter
3059 863 3316 929 medicos,
3344 867 3433 933 qui
3464 867 3591 921 nihil

2005 944 2177 1011 alTert,
2210 956 2425 1016 prazstat
2454 948 2502 1001 ei
2534 949 2623 1019 qui
2661 950 2955 1019 perniciosa
2985 955 3161 1008 attulit
3188 970 3203 1008 :
3231 966 3286 1011 et
3313 959 3401 1026 qui
3431 958 3594 1012 sedili-

2005 1050 2091 1093 eat
2119 1057 2225 1094 non
2275 1040 2442 1096 solida
2473 1052 2737 1098 structura
2767 1046 2917 1114 pejor
2946 1046 3039 1101 illo
3066 1058 3146 1102 est
3182 1050 3273 1118 qui
3304 1049 3435 1103 nihil
3464 1065 3590 1105 con~

2005 1130 2192 1195 struit;
2224 1140 2281 1185 ut
2307 1140 2362 1186 et
2393 1142 2531 1186 terra
2561 1150 2681 1203 qua:
2706 1136 2836 1189 nihil
2866 1137 3064 1204 profert
3089 1178 3106 1205 ,
3138 1140 3328 1193 nn-lior
3355 1141 3444 1195 illa
3474 1157 3595 1211 qua:

2009 1222 2187 1287 spinas
2226 1222 2411 1293 gignit.
2442 1224 2518 1279 Ne
2546 1227 2723 1296 itaque
2757 1226 2822 1281 ad
2847 1230 3026 1285 omnia
3055 1231 3342 1287 ediscenda
3374 1231 3594 1289 festini»

2009 1326 2128 1365 mus
2150 1354 2166 1377 ,
2196 1314 2289 1368 sed
2320 1330 2387 1369 ne
2415 1330 2557 1386 :cgre
2583 1317 2817 1373 feramus
2841 1318 2886 1374 si
2914 1320 3114 1392 aliquid
3145 1323 3491 1393 ignoremus;
3523 1341 3594 1381 ne

2006 1405 2050 1458 si
2073 1403 2347 1461 doctorem
2376 1407 2705 1464 inveniamus
2729 1452 2745 1476 ,
2781 1411 3046 1480 duplicem
3078 1413 3152 1468 illi
3183 1413 3477 1470 inferamus
3515 1416 3593 1470 la-

2006 1496 2225 1561 borem;
2260 1498 2366 1551 imo
2397 1516 2523 1554 vero
2567 1502 2717 1555 inulti
2749 1518 2890 1573 saepe
2920 1504 3198 1560 iucurabili
3229 1507 3417 1561 morbo
3448 1507 3593 1562 ιεειιυ-

2005 1597 2206 1648 rantes,
2233 1604 2357 1643 cum
2384 1590 2435 1644 in
2468 1607 2626 1660 prava
2661 1593 2906 1663 dogmata
2950 1597 3114 1651 semel
3160 1597 3470 1654 incidissent
3491 1643 3505 1662 ,
3537 1601 3589 1654 in

2004 1681 2071 1734 iis
2099 1684 2463 1751 perstiterunt.
2491 1686 2673 1756 Neque
2701 1688 2842 1742 enim
2872 1690 3093 1759 aequalis
3121 1691 3271 1747 labor
3310 1702 3392 1746 est
3444 1694 3589 1762 prius

2004 1773 2234 1829 evellere
2263 1790 2325 1830 ea
2367 1793 2487 1846 qua:
2527 1780 2664 1833 male
2712 1779 2918 1835 radices
2948 1793 3275 1850 posuerant,
3300 1793 3357 1839 et
3383 1785 3589 1854 inagro

2007 1877 2141 1929 puro
2183 1866 2451 1921 seminare
2479 1878 2635 1937 atque
2667 1868 2927 1939 plautare.
2957 1871 3069 1927 lllic
3106 1872 3251 1926 enim
3288 1856 3590 1930 emundare

2006 1955 2152 2024 prius
2171 1967 2403 2027 oportet,
2430 1969 2484 2014 et
2509 1969 2631 2030 post
2658 1961 2756 2016 alia
2785 1963 3050 2026 inserere;
3081 1962 3168 2018 hic
3187 1976 3364 2021 autem
3391 1978 3589 2037 parata:

2003 2056 2130 2103 sunt
2173 2064 2353 2106 aures.
2394 2050 2545 2108 Unde
2586 2069 2715 2124 ergo
2757 2055 2815 2109 tit
2843 2064 2899 2110 ut
2926 2056 3015 2110 ille
3042 2058 3113 2111 sit
3151 2056 3340 2114 dives?
3365 2059 3480 2115 Jam
3509 2060 3590 2114 di-

2003 2154 2121 2195 cam
2148 2159 2163 2196 :
2189 2141 2277 2197 alii
2322 2143 2432 2198 Deo
2460 2145 2656 2213 dante,
2686 2147 2775 2200 alii
2809 2149 3173 2216 permittente,
3201 2150 3291 2204 alii
3330 2150 3402 2206 ob
3428 2154 3585 2207 aliaat

2003 2246 2250 2287 arcanam
2275 2234 2727 2302 distn'nsationem
2749 2277 2765 2302 ,
2787 2238 2999 2293 divitias
3022 2241 3315 2310 possident.
3348 2241 3475 2299 llzee
3503 2259 3591 2298 ra-

2006 2322 2080 2376 tio
2105 2323 2279 2381 brevis
2321 2334 2404 2379 est
2447 2335 2608 2397 atque
2632 2329 2878 2398 simplex.
2909 2330 3018 2385 Cur
3042 2346 3193 2401 ergo,
3226 2334 3449 2403 inquies,
3480 2333 3589 2388 for-

2004 2413 2297 2468 nicatorem
2334 2414 2554 2471 divitem
2590 2417 2802 2484 etl‘ecit,
2828 2434 3035 2475 necnon
3078 2421 3344 2477 ιιιωίιιιυιιι
3369 2465 3386 2487 ,
3429 2423 3585 2479 Ιξιεείο

2003 2518 2163 2572 vum,
2196 2521 2426 2575 eumque
2452 2509 2542 2577 qui
2576 2511 2716 2565 male
2751 2510 2911 2566 rebus
2939 2513 3052 2566 suis
3077 2512 3279 2567 utitur?
3304 2513 3422 2569 Non
3464 2514 3587 2570 facit

2002 2595 2241 2664 divitem,
2272 2597 2366 2654 sed
2409 2600 2663 2669 permittit
2691 2616 2812 2657 esse
2839 2602 3056 2659 divitem
3086 2621 3100 2658 :
3135 2620 3382 2675 magnum
3409 2615 3583 2661 autem

2002 2700 2085 2746 est
2127 2691 2463 2747 intervallum
2493 2694 2629 2749 inter
2666 2693 2845 2751 facere
2870 2706 2926 2752 et
2950 2697 3277 2767 permittere.
3307 2700 3417 2754 Cur
3457 2715 3585 2771 ergo

2002 2783 2222 2838 omnino
2247 2785 2546 2854 permittit?
2574 2786 2707 2855 Quia
2738 2789 2974 2844 nondum
3003 2790 3219 2847 advenit
3237 2792 3427 2862 judicii
3455 2803 3582 2849 tem-

2003 2888 2102 2945 pus
2125 2915 2143 2941 ,
2172 2884 2230 2931 ut
2258 2892 2355 2947 pro
2379 2878 2572 2933 merito
2595 2880 2823 2951 quisque
2866 2882 3108 2953 recipiat.
3137 2884 3272 2952 Quid
3316 2886 3461 2941 enim
3495 2887 3585 2943 illo

2000 2965 2165 3022 divite
2198 2969 2436 3024 deterius
2453 3010 2470 3035 ,
2516 2971 2605 3040 qui
2647 2985 2714 3026 ne
2740 2973 2904 3027 micas
2928 2973 3145 3045 quidem
3169 2975 3370 3032 Lazaro
3395 2977 3581 3036 dabat.

2000 3064 2057 3112 et
2082 3067 2258 3114 tamen
2283 3060 2521 3116 omnium
2551 3062 3037 3120 miserabilissimus
3059 3064 3161 3121 fuit
3181 3066 3336 3136 (Lac.
3357 3067 3442 3124 16.
3462 3067 3585 3138 22)?

1999 3147 2133 3204 Nam
2162 3165 2336 3221 neque
2366 3152 2561 3208 stillam
2592 3168 2745 3223 aqua:
2768 3155 2965 3211 habere
2990 3157 3182 3227 potuit,
3211 3156 3333 3214 ideo
3360 3168 3580 3222 tantum,

2000 3242 2124 3311 quia
2151 3241 2304 3299 dives
2328 3258 2449 3299 cum
2490 3256 2670 3313 esset,
2698 3247 3021 3305 inhumanus
3063 3259 3200 3306 erat.
3226 3251 3359 3309 Nam
3397 3254 3440 3306 si
3479 3252 3584 3307 duo

2000 3332 2224 3403 imparis
2252 3335 2474 3392 fortuna:
2505 3339 2729 3409 improbi
2760 3340 2977 3410 fuerint,
3003 3360 3232 3413 quorum
3259 3346 3395 3402 alius
3434 3347 3583 3400 dives

1999 3425 2090 3491 sit,
2121 3426 2257 3481 alius
2282 3443 2503 3497 pauper,
2537 3446 2640 3485 non
2670 3446 2828 3500 pares
2869 3434 2976 3489 illic
3014 3434 3219 3491 dabunt
3249 3451 3457 3508 pascas,
3489 3436 3584 3491 sed

1999 3519 2301 3589 opulentior
2326 3523 2541 3592 gravius
2568 3524 2853 3592 plectetur.

2069 3610 2124 3666 5.
2158 3609 2376 3668 Peccata
2419 3616 2681 3684 gravitatis
2708 3628 2754 3672 et
2779 3635 2941 3688 poena
2988 3620 3271 3676 auctionem
3295 3631 3384 3675 aut
3411 3622 3585 3677 inuni-

1999 3702 2253 3756 nutionem
2275 3721 2307 3757 (ι
2333 3705 2824 3762 circumstantiarum
2849 3719 2895 3763 et
2921 3727 3252 3780 personarum
3289 3711 3587 3779 diﬂ'erentiis

1997 3795 2547 3852 victitantem—Vides
2571 3813 2701 3869 ergo
2724 3799 2862 3855 hunc
2882 3803 3123 3871 graviore
3142 3802 3279 3858 affici
3305 3805 3583 3875 supplicio,

1997 3887 2118 3957 quia
2148 3888 2199 3942 in
2228 3887 2326 3945 hac
2354 3890 2460 3944 vita
2486 3890 2622 3947 bona
2651 3895 2969 3962 acceperat?
2994 3896 3058 3950 Et
3079 3906 3133 3950 tu
3154 3897 3331 3967 igitur,
3358 3914 3477 3953 cum
3504 3898 3583 3953 vi-

1998 3977 2143 4033 deris
2169 3980 2349 4051 inique
2380 3980 2598 4038 divitem
2623 3982 2841 4039 feliciter
2866 3999 3045 4054 agere,
3074 3985 3382 4056 ingemisce,
3413 3987 3585 4061 lacry-

2000 4083 2184 4124 mare:
2220 4085 2340 4125 nam
2389 4072 2587 4127 divitia:
2614 4073 2688 4128 illi
2717 4075 2961 4145 supplicii
3008 4078 3246 4133 accessio
3288 4089 3466 4133 erunt.
3520 4079 3587 4135 Ut

1999 4162 2145 4219 enim
2170 4163 2245 4219 illi
2279 4165 2368 4235 qui
2407 4165 2628 4221 multum
2668 4179 2973 4237 pet-carum,
3012 4183 3186 4239 neque
3222 4171 3582 4239 pmuitenliam

1996 4268 2157 4324 agere
2172 4255 2376 4324 volunt,
2403 4256 2495 4312 ira:
2523 4257 2828 4313 thesaurum
2850 4259 2950 4315 sibi
2980 4269 3166 4330 parant
3185 4261 3358 4331 (Rom.
3391 4260 3446 4316 2.
3482 4262 3538 4332 5)
3565 4280 3579 4314 :

1998 4345 2077 4402 sic
2117 4346 2189 4402 illi
2230 4348 2318 4418 qui
2365 4347 2450 4402 hic
2492 4364 2679 4420 pcenas
2731 4368 2835 4404 non
2866 4352 3148 4416 dederunt,
3176 4353 3269 4407 sed
3299 4353 3457 4408 rebus
3503 4354 3585 4409 usi

1997 4444 2122 4491 sunt
2150 4439 2418 4507 prOSperis
2437 4479 2453 4504 ,
2488 4438 2674 4508 majori
2697 4442 2956 4511 supplicio
2982 4442 3298 4498 afﬁcientur.
3335 4443 3391 4498 Id
3419 4444 3582 4513 quod,

1997 4527 2044 4583 si
2071 4528 2262 4598 placet,
2289 4544 2392 4583 non
2422 4544 2486 4584 ex
2519 4529 2695 4585 futura
2727 4541 2930 4586 tantum
2979 4534 3116 4598 vita,
3163 4534 3258 4588 sed
3307 4535 3467 4589 etiam
3516 4550 3583 4589 ex

1997 4620 2249 4690 praesenti
2282 4620 2374 4675 tibi
2402 4624 2650 4692 exen'tplo
2696 4625 2952 4692 probabo.
2983 4624 3178 4680 Beatus
3213 4626 3354 4682 enim
3397 4627 3579 4692 David,

1996 4710 2210 4781 quando
2249 4715 2489 4782 peccavit
2533 4730 2653 4768 eum
2707 4715 2969 4771 Bersabee
2995 4758 3010 4784 ,
3041 4730 3161 4771 cum
3206 4730 3515 4787 argueretur
3553 4735 3581 4773 a

1998 4803 2297 4872 propinata,
2345 4805 2467 4859 ideo
2521 4807 2750 4862 litarime
2801 4808 3166 4863 vehementius
3209 4811 3583 4877 incusabatur,

1998 4896 2137 4966 qttod
2171 4898 2348 4952 multis
2372 4899 2591 4955 aﬂ‘eclus
2621 4901 2912 4969 beneficiis,
2946 4903 3065 4957 talis
3105 4904 3213 4975 iam
3251 4913 3413 4961 esset.
3448 4906 3584 4961 Audi

1998 4990 2141 5042 enim
2168 4990 2331 5045 Deum
2362 4992 2409 5046 id
2432 4993 2504 5047 illi
2525 4996 2933 5064 exprobrantem
2966 5014 2979 5052 :
3008 4996 3191 5051 Annon
3214 4999 3339 5052 anxi
3368 5001 3486 5053 tein
3508 5017 3587 5054 rc-

1998 5098 2127 5152 gent,
2148 5092 2193 5136 et
2219 5084 2327 5137 erui
2357 5093 2403 5138 te
2427 5086 2489 5138 de
2514 5103 2665 5140 manu
2696 5087 2871 5142 Sutilis
2891 5088 3146 5167 {dedique
3166 5091 3252 5144 tibi
3280 5092 3447 5144 omnia
3473 5106 3585 5159 qua:

2000 5174 2190 5227 domini
2220 5176 2293 5228 tui
2322 5179 2538 5246 fuerant,
2562 5189 2607 5231 et
2636 5164 2923 5233 universam.
2936 5180 3141 5234 domum
3162 5181 3329 5236 Israel
3348 5192 3393 5235 et
3411 5180 3584 5234 thdu?

2004 5264 2065 5316 Ιτῖι
2094 5266 2137 5317 si
2166 5266 2271 5318 lucc
2299 5284 2461 5335 pauca
2490 5268 2574 5321 tibi
2595 5281 2777 5335 essent,
2803 5271 3040 5325 adderent
3081 5273 3168 5325 tibi
3207 5274 3332 5325 sicut
3370 5273 3483 5324 ista.
3522 5270 3584 5323 lit

1999 5356 2119 5423 quid
2152 5356 2313 5427 fecisti
2342 5360 2529 5412 malum
2553 5374 2720 5412 coram
2752 5378 2829 5414 me
2868 5360 2954 5429 (2.
2981 5361 3106 5433 Reg.
3140 5365 3221 5417 12.
3250 5363 3367 5418 7-9
3392 5362 3449 5429 )?
3472 5361 3528 5416 Νι
3554 5379 3584 5416 ιι

2001 5459 2124 5504 Sunt
2166 5452 2361 5520 quippe
2395 5452 2578 5506 eadem
2614 5468 2707 5517 pro
2737 5454 2982 5507 ominibus
3016 5456 3264 5522 peccatis.
3298 5457 3390 5510 sed
3422 5458 3585 5509 mu'ta

2000 5540 2250 5609 variaque
2279 5542 2554 5609 supplicia,
2579 5542 2869 5596 secundum
2893 5552 3126 5609 tetatem,
3145 5545 3436 5599 secundum
3468 5561 3581 5613 pcr-

1998 5647 2178 5697 sonas,
2198 5632 2488 5687 secundum
2507 5633 2834 5702 dignitatem,
2862 5634 3192 5704 prudentiam
3230 5636 3438 5703 aliaque
3471 5639 3584 5706 plu-

1998 5706 2153 5779 rima:
2208 5723 2383 5794 thue
2411 5725 2605 5780 clarius
2646 5727 2852 5798 loquar,
2884 5743 3043 5781 unum
3074 5728 3126 5782 in
3155 5728 3330 5784 medio
3358 5739 3589 5799 ponatur

2064 5838 2136 5901 (a)
2163 5836 2430 5901 Pugillares
2450 5838 2719 5903 huiusmodi
2743 5837 3107 5902 palimpsestum
3133 5848 3268 5891 vocat
3291 5836 3498 5889 Tullius.
