4128 6420
388 390 497 449 693

391 517 667 581 peccatum
693 548 712 572 .
741 506 1020 563 fornicatio
1050 522 1067 560 :
1094 514 1150 561 et
1177 504 1455 559 considera
1483 512 1613 574 quot
1636 517 1829 572 genera
1862 515 1986 568 sup-

390 588 670 672 pliciorum
698 606 1005 663 occurrant,
1037 612 1144 651 non
1171 611 1199 648 a
1230 596 1384 650 nobis
1411 594 1590 658 allata,
1615 595 1707 647 sed
1735 608 1804 647 ex
1837 591 1980 645 Scri-

390 692 559 762 pturis
585 690 887 758 desumpta.
919 687 976 744 Si
1010 687 1131 758 quis
1178 697 1301 740 ante
1351 680 1532 754 legem'
1561 684 1848 738 fornicatus
1876 688 1977 746 est,

388 785 495 838 alio
533 780 694 837 modo
723 781 1044 849 supplicium
1074 779 1169 833 luit
1177 796 1204 858 3
1239 779 1288 833 id
1317 779 1510 832 Paulus
1534 777 1767 830 ostendit
1797 790 1810 827 :
1852 773 1980 837 Qui-

388 892 602 946 cumque
628 876 736 929 sine
761 875 869 945 lege
894 883 1241 943 peccaverunt,
1263 872 1372 926 sine
1397 872 1506 942 lege
1530 868 1759 940 peribunt
1790 866 1978 941 (Rom.

388 969 444 1023 2.
481 968 610 1038 12).
653 965 969 1021 Fornicatus
994 974 1077 1019 est
1103 966 1222 1034 quis
1251 974 1371 1034 post
1397 964 1589 1034 legem,
1610 961 1853 1032 graviora
1884 974 1982 1030 pa-

392 1060 553 1112 tietur
583 1077 596 1111 :
632 1058 888 1128 Quotquot
921 1056 1053 1110 enim
1092 1056 1144 1108 in
1186 1054 1294 1126 lege
1320 1061 1682 1123 peccaverunt,
1711 1068 1799 1121 per
1824 1052 1983 1121 legem

388 1151 767 1222 iudicabuntur.
805 1148 1114 1203 Fornicatus
1161 1155 1241 1201 est
1267 1147 1386 1215 quis
1412 1144 1684 1209 sacerdos,
1716 1158 1782 1197 ex
1809 1141 1980 1213 digni-

394 1254 499 1296 tate
524 1241 939 1295 additamentum
971 1253 1140 1308 poema
1167 1238 1360 1306 accipit
1384 1236 1692 1290 maximum.
1716 1234 1839 1289 ideo
1865 1234 1981 1287 alia:

393 1334 582 1404 ριιειιςε
643 1331 964 1386 furuit-antes
1017 1329 1431 1392 occidebantur;
1475 1327 1810 1381 sacerdotum
1852 1340 1981 1379 vero

392 1427 516 1480 lilia:
542 1422 1028 1489 comburebantur,
1070 1428 1399 1476 monstrante
1444 1419 1747 1488 legislatore
1787 1429 1983 1487 quanta

393 1532 550 1586 pteua
574 1513 840 1569 sacerdoti
863 1514 930 1568 ita
957 1512 1193 1583 peccanti
1213 1512 1514 1565 immineret
1538 1527 1549 1562 :
1574 1524 1695 1562 nam
1717 1509 1762 1562 si
1785 1508 1978 1579 puella,

392 1606 533 1677 quod
564 1606 664 1659 filia
684 1603 978 1659 sacerdotis
1001 1611 1165 1668 esset,
1187 1602 1356 1670 majus
1375 1602 1468 1654 luit
1494 1600 1834 1672 supplicium,
1861 1599 1984 1652 mul-

395 1710 449 1752 to
475 1697 642 1767 majus
666 1697 677 1749 i
687 1711 780 1765 pse
803 1694 1051 1749 sacerdos
1072 1694 1202 1749 luet.
1223 1692 1287 1747 Vi
1308 1706 1613 1762 compressa
1640 1691 1835 1745 femina
1860 1689 1977 1754 fuit,

395 1806 423 1843 a
447 1789 703 1858 supplicio
731 1788 815 1841 illa
848 1786 1137 1841 eximitur:
1168 1784 1281 1839 haec
1306 1783 1576 1852 Opttleuta,
1608 1783 1801 1852 illaque
1832 1782 1985 1851 inops

398 1878 650 1935 fornicata
673 1888 754 1933 est
778 1896 790 1930 :
818 1879 903 1934 hic
921 1893 1129 1948 quoque
1148 1891 1424 1947 pinnarum
1452 1876 1740 1930 discrimen
1770 1886 1871 1930 est.
1904 1874 1987 1929 ld-

397 1986 498 2041 que
526 1971 697 2041 palam
723 1978 805 2025 est
834 1986 895 2025 cx
932 1970 993 2024 iis
1018 1985 1136 2041 quas
1162 1969 1322 2024 modo
1346 1968 1653 2025 dicebamus
1674 1969 1741 2023 de
1765 1968 1981 2023 Davide.

362 2048 711 2116 'Fornicatns
746 2071 827 2115 est
864 2061 1123 2130 quispiam
1153 2068 1269 2130 post
1303 2058 1589 2115 adventum
1618 2058 1839 2125 Christi,
1874 2074 1981 2113 non

397 2152 662 2207 initiatus:
683 2153 951 2222 graviores
977 2166 1133 2221 quam
1157 2151 1229 2205 illi
1250 2165 1439 2208 omnes
1453 2149 1600 2205 dabit
1623 2166 1829 2219 pinnas.
1852 2148 1987 2205 For-

397 2246 600 2299 nicatus
617 2255 698 2299 est
720 2244 835 2313 quis
864 2255 980 2313 post
1011 2244 1276 2297 lavacrum
1297 2241 1458 2297 divini
1478 2241 1808 2312 baptismatis
1834 2240 1975 2311 :jam

399 2338 519 2392 huic
550 2337 691 2391 nulla
720 2337 1033 2406 relinquitur
1058 2334 1351 2390 consolatio
1382 2334 1462 2388 vel
1498 2333 1758 2388 levamen.
1793 2335 1856 2387 Et
1885 2335 1985 2388 hoc

396 2432 571 2503 ipsum
602 2430 894 2485 ostendens
926 2430 1123 2484 Paulus
1153 2428 1364 2484 dicebat
1386 2446 1400 2482 :
1425 2427 1487 2483 Si
1507 2428 1617 2497 quis
1642 2429 1991 2497 contempserit

395 2529 553 2595 legem
580 2522 793 2594 Moysis,
826 2524 933 2575 sine
965 2521 1312 2575 misericordia
1340 2520 1531 2575 duobus
1558 2521 1635 2574 vel
1666 2518 1824 2573 tribus
1855 2520 1966 2574 testi
1977 2550 1988 2557 -

397 2620 488 2670 bus
516 2613 951 2684 moritur(llebr.
1005 2612 1086 2668 l0.
1118 2613 1245 2684 28).
1294 2612 1504 2681 Quanto
1548 2611 1751 2682 majore
1797 2612 1992 2680 putatis

399 2708 658 2778 Supplicia
708 2705 973 2763 afficietur
1016 2707 1061 2762 is
1095 2707 1183 2777 qui
1216 2705 1404 2761 Filium
1444 2705 1536 2760 Dei
1577 2705 1991 2770 conculcaverit,

399 2799 487 2869 qui
516 2799 825 2871 sanguinem
878 2799 1202 2854 Testamcnti
1259 2815 1597 2854 communem
1652 2798 1992 2870 pntaveritiu

399 2907 504 2962 quo
543 2892 905 2945 sanctificatus
935 2895 1133 2960 est,qui
1162 2891 1383 2961 gratiam
1413 2890 1641 2961 Spiritus
1672 2890 1993 2945 contumelia

402 2982 681 3037 affecerit?
730 2980 1044 3036 Fornicatus
1091 2997 1232 3037 nunc
1270 2992 1352 3036 est
1398 2981 1650 3036 sacerdos
1685 2981 1944 3050 quispiam
1977 2997 1994 3033 :

404 3075 505 3129 hoc
527 3076 755 3130 maxime
782 3076 1047 3130 malorum
1070 3077 1279 3130 culmen
1304 3085 1404 3131 est.
1438 3073 1679 3129 Vidistin‘
1699 3075 1852 3127 unius
1874 3087 1970 3142 pec

402 3166 505 3220 cati
527 3177 657 3237 quot
686 3167 792 3221 sint
813 3165 1126 3220 dill'erentia:
1150 3166 1173 3219 ἲ
1201 3167 1312 3221 Alia
1343 3175 1467 3221 ante
1510 3164 1704 3235 legem,
1739 3165 1839 3218 alia
1879 3174 1996 3233 post

405 3257 595 3327 legem.
623 3258 916 3313 sacerdotis
933 3258 1057 3324 alia,
1079 3256 1261 3312 divitis
1285 3269 1335 3312 et
1365 3259 1612 3329 pauperis
1634 3258 1842 3312 feminae
1868 3258 1992 3324 alia,

404 3351 503 3403 alia
531 3365 659 3403 vero
688 3349 1107 3415 catechumenze,
1134 3350 1303 3403 fidelis
1344 3359 1398 3403 et
1435 3350 1747 3404 sacerdotis.
1778 3352 1817 3403 Λ
1866 3365 1993 3419 pru-

404 3440 579 3497 dentia
622 3456 831 3511 quoque
874 3441 1038 3497 multa
1087 3451 1168 3496 est
1216 3440 1512 3496 differentia
1569 3457 1735 3495 :nam
1769 3441 1867 3509 Qui
1902 3442 1996 3496 scit

406 3534 707 3586 voluntatem
748 3534 953 3588 Domini
991 3536 1091 3598 sui,
1119 3545 1164 3588 et
1195 3552 1294 3588 non
1342 3536 1485 3607 facit,
1519 3535 1774 3605 vapulabit
1827 3536 1996 3590 multis

405 3626 421 3688 (
448 3623 572 3679 an.
607 3625 693 3681 12.
718 3627 785 3682 47
804 3628 843 3697 ).
866 3631 942 3681 Ae
965 3636 1084 3696 post
1116 3637 1193 3682 tot
1220 3635 1471 3698 tantaque
1493 3630 1733 3699 exempla
1764 3643 1993 3699 peccare

404 3719 577 3788 majus
612 3720 782 3773 adfert
808 3720 1146 3790 supplicium.
1173 3720 1325 3776 Unde
1353 3723 1425 3775 ait
1452 3740 1463 3774 :
1493 3722 1598 3776 Vos
1618 3732 1795 3778 autem
1822 3738 1993 3793 neque

407 3811 683 3877 videntes,
720 3813 1083 3881 ptruitentiam
1136 3823 1317 3882 postea
1365 3815 1583 3884 egistis.
1625 3815 1749 3870 licet
1801 3832 1993 3887 magno

1353 384 1419 441 IN
1458 382 1862 442 HATTll/EUM
1903 378 2129 436 llOMlL.
2173 381 2403 438 LXXVI.
2443 380 2512 437 ai.
2555 383 2808 438 LXXVII.

3576 391 3682 447 695

2092 500 2236 553 cultu
2265 502 2379 554 sitis
2408 501 2670 555 honorati.
2714 501 2837 556 ideo
2862 511 2918 556 et
2939 501 3291 575 Jerosolymte
3337 504 3439 559 hoc
3483 506 3684 576 impro-

2092 599 2239 658 perat
2284 592 2508 646 dicens:
2541 591 2747 659 Quoties
2789 594 2923 647 volui
2964 611 3270 666 congregare
3308 597 3444 664 ﬁlios
3467 609 3680 664 vestros,

2089 691 2134 735 et
2164 684 2395 737 noluistis
2426 681 2590 757 (Luc.
2618 686 2702 738 15.
2731 684 2875 753 Si)?
2906 687 2978 742 De
3005 689 3343 755 peccantibus
3370 706 3433 744 ex
3467 690 3681 746 delicia-

2091 789 2206 826 rum
2237 774 2388 842 copia
2435 774 2487 828 in
2536 775 2737 831 Lazaro
2764 777 3064 846 exemplum
3100 778 3287 835 habes.
3320 784 3359 833 A
3393 780 3512 834 loco
3553 788 3677 834 item

2089 867 2302 935 gravius
2341 865 2575 922 efficitur
2617 881 2927 937 peccatum;
2960 870 3101 939 quod
3133 872 3212 927 sic
3255 872 3368 941 ipse
3397 872 3635 930 declarat
3665 892 3678 928 :

2095 960 2234 1014 Inter
2275 962 2518 1031 templum
2545 973 2590 1016 et
2616 962 2797 1019 altare.
2850 966 2888 1016 A
2934 964 3094 1019 modo
3149 965 3274 1020 item
3319 967 3677 1024 delictorum:

2095 1052 2213 1106 Non
2239 1054 2443 1118 mirum,
2474 1054 2664 1123 inquit,
2692 1064 2763 1108 est
2793 1054 2837 1108 si
2865 1058 2975 1124 quis
3002 1055 3182 1125 furatis
3219 1059 3634 1128 apprehendatur
3662 1076 3680 1114 .'

2091 1150 2292 1215 furatur
2307 1147 2438 1200 enim
2458 1156 2510 1200 ut
2525 1149 2747 1202 animam
2768 1165 2912 1202 suam
2948 1150 3153 1220 impleat
3179 1152 3477 1206 esurientem
3494 1150 3678 1226 (Prov.

2090 1236 2143 1289 6.
2176 1236 2309 1306 '50):
2340 1246 2396 1290 et
2421 1252 2651 1300 rursum.
2706 1238 2948 1293 Occidisti
2986 1241 3120 1309 ﬁlios
3155 1252 3267 1294 tuos
3301 1251 3344 1294 et
3373 1243 3507 1311 ﬁlias
3537 1252 3682 1307 tuas;

2092 1329 2185 1382 hoc
2234 1345 2383 1398 super
2412 1346 2605 1383 onmem
2638 1332 3023 1400 fornicationem
3049 1344 3186 1384 luant
3216 1343 3261 1384 et
3288 1333 3681 1388 abominationcs

2092 1431 2205 1475 tuas
2232 1421 2249 1490 (
2268 1421 2454 1475 Ezech.
2490 1421 2576 1476 16.
2615 1421 2742 1490 20).
2778 1424 2817 1476 Α
2854 1423 3097 1489 personis
3127 1438 3292 1477 vero:
3320 1422 3382 1478 Si
3408 1426 3686 1494 peccaverit

2091 1513 2274 1582 aliquis
2314 1513 2367 1566 in
2410 1514 2661 1566 hominem
2687 1554 2701 1578 ,
2732 1513 2944 1567 orabunt
2987 1530 3077 1580 pro
3118 1530 3208 1576 eo;
3237 1515 3278 1567 si
3326 1516 3437 1584 quis
3479 1531 3593 1568 vero
3634 1516 3688 1568 in

2095 1602 2257 1657 Deunt
2288 1605 2596 1674 peccaverit,
2620 1603 2729 1673 quis
2753 1602 3037 1674 precabimr
3079 1619 3171 1673 pro
3210 1603 3298 1657 illo
3321 1602 3410 1675 (1.
3457 1602 3585 1675 Reg.
3628 1604 3684 1659 2.

2090 1695 2236 1767 25)?
2261 1694 2473 1751 Etcum
2494 1694 2614 1765 quis
2634 1710 2747 1760 eos,
2765 1694 2855 1765 qui
2885 1694 3096 1749 caeteris
3126 1694 3281 1764 longe
3310 1694 3520 1765 pejores
3540 1704 3685 1759 sunt,

2092 1788 2293 1843 desidia
2316 1787 2679 1859 superaverit;
2722 1786 2864 1856 quod
2892 1786 3032 1857 apud
3060 1786 3396 1842 Ezechielem
3426 1784 3570 1842 Deus
3590 1802 3687 1841 es-

2095 1881 2315 1950 probrat.
2337 1922 2351 1943 .
2379 1881 2560 1935 dicens
2588 1898 2602 1936 :
2630 1879 2804 1950 Neque
2847 1880 3123 1935 secundum
3144 1880 3534 1953 justiﬁcatioues
3568 1898 3689 1950 gen-

2094 1974 2219 2027 tium
2240 1973 2404 2043 feciin
2429 1973 2446 2044 (
2475 1972 2655 2027 Ezech.
2692 1973 2743 2028 5.
2780 1973 2809 2026 7
2834 1971 2874 2043 ).
2902 1973 2968 2026 Et
2992 1988 3112 2028 cum
3137 1987 3204 2029 ne
3223 1973 3444 2028 aliorum
3475 1960 3712 2042 quidrm‘

2094 2063 2357 2135 exemplis
2405 2064 2753 2119 emcndamur
2787 2083 2800 2118 :
2841 2062 2973 2115 Vidit
3004 2079 3228 2118 sororem
3275 2063 3432 2132 ipsius
3455 2103 3467 2127 ,
3500 2064 3576 2116 ait
3600 2104 3615 2125 ,
3645 2070 3692 2116 et

2085 2156 2386 2226 justilicavit
2423 2172 2554 2211 eam.
2606 2157 2671 2210 Et
2714 2155 2926 2225 quando
2965 2155 3168 2226 majore
3220 2152 3339 2224 quis
3389 2154 3692 2222 patrocinio

2098 2261 2226 2301 usus
2250 2257 2333 2302 est
2359 2264 2372 2301 :
2398 2246 2459 2301 Si
2485 2247 2618 2301 enim
2643 2246 2692 2300 in
2722 2245 2878 2317 Tyro,
2894 2245 3082 2315 inquit,
3107 2254 3150 2297 et
3176 2244 3369 2300 Sidone
3392 2243 3470 2297 ha:
3490 2246 3693 2297 virtutes

2098 2343 2249 2410 facite
2275 2340 2505 2412 fuissent,
2530 2339 2650 2393 olim
2674 2338 3016 2409 penitentiam
3036 2337 3269 2408 egissent.
3300 2334 3544 2390 Cazterum
3576 2334 3704 2388 tole-

2097 2434 2309 2488 rabilius
2333 2434 2424 2487 erit
2448 2432 2584 2503 Tyro
2614 2443 2660 2485 et
2691 2431 2896 2495 Sidoni,
2924 2446 3075 2500 quam
3100 2428 3289 2482 civitati
3320 2427 3435 2482 huic
3459 2425 3478 2498 (
3503 2423 3692 2479 Matth.

2100 2530 2189 2585 11.
2238 2527 2328 2583 21.
2368 2526 2440 2581 22
2462 2525 2504 2593 ).
2536 2524 2782 2579 Vidistin‘
2820 2522 3111 2595 perfectam
3143 2520 3565 2585 accurationem,
3598 2531 3695 2572 nec

2099 2636 2289 2676 omnes
2331 2616 2643 2674 eorumdem
2697 2623 3033 2684 peccatorum
3090 2627 3247 2682 pares
3293 2624 3481 2682 paruas
3526 2608 3698 2663 dare?

2100 2712 2233 2766 Nam
2254 2726 2374 2765 cum
2404 2718 2523 2778 post
2550 2704 2875 2776 longam-Dei
2906 2703 3217 2774 patientiam
3248 2700 3377 2756 nihil
3406 2701 3698 2764 lucramur,

2099 2804 2342 2875 graviora
2375 2802 2670 2874 patiemur;
2701 2811 2755 2853 et
2787 2800 2888 2853 hoc
2922 2798 3113 2852 Paulus
3153 2797 3448 2865 significat,
3474 2794 3697 2849 dicens:

2104 2898 2398 2953 Secundum
2437 2894 2677 2947 duritiam
2716 2904 2892 2956 tuam,
2925 2901 2972 2946 et
3000 2890 3316 2959 impaenitens
3345 2905 3431 2942 cor
3452 2932 3465 2953 ,
3500 2887 3701 2940 thesim-

2100 2991 2236 3044 rizas
2265 2988 2353 3042 tibi
2380 2989 2508 3041 iram
2533 2985 2719 3057 (Rom.
2773 2985 2828 3037 2.
2876 2984 2968 3055 5).
3020 2982 3145 3037 Haec
3174 2998 3295 3037 cum
3342 2982 3572 3035 sciamus
3593 3022 3607 3044 ,
3633 2994 3701 3034 ne

2101 3080 2435 3135 ofl‘endamur
2478 3078 2561 3131 vel
2608 3076 2884 3131 lurbemur
2924 3074 2991 3131 de
3030 3090 3208 3129 rerum
3256 3083 3482 3139 eventu,
3529 3084 3702 3139 neque

2101 3172 2482 3243 cogitationum
2527 3169 2776 3224 fluctibus
2815 3168 3107 3238 agitentur;
3147 3165 3242 3220 sed
3281 3163 3699 3234 incomprehen-

2101 3263 2340 3319 sibilitati
2366 3263 2558 3317 divinae
2582 3259 2929 3330 providentia:
2955 3257 3206 3313 cedentes
3230 3298 3246 3323 ,
3277 3256 3489 3310 virtutis
3510 3267 3696 3310 curam

2103 3356 2393 3411 habeamus
2414 3396 2429 3419 ,
2461 3352 2859 3422 nequitiamque
2889 3348 3151 3419 fugiamus
3182 3367 3193 3402 :
3225 3356 3280 3402 ut
3310 3347 3503 3402 futuris
3545 3346 3699 3401 bonis

2103 3450 2401 3520 patiamur,
2436 3446 2602 3516 gratia
2628 3454 2681 3499 et
2708 3444 3032 3514 benignitate
3082 3440 3289 3495 Domini
3342 3441 3515 3495 nostri
3572 3438 3709 3493 Jesu’

2102 3542 2337 3608 Christi,
2371 3554 2465 3610 per
2492 3553 2651 3608 quem
2684 3546 2740 3592 et
2777 3551 2899 3592 cum
2925 3551 3030 3605 quo
3063 3534 3205 3590 Patri
3236 3534 3404 3605 gloria
3447 3549 3550 3587 una
3578 3547 3703 3586 cum

2104 3645 2291 3690 sancto
2316 3632 2519 3704 Spiritu
2555 3670 2573 3697 ,
2605 3644 2746 3685 nunc
2769 3637 2825 3684 et
2853 3643 3086 3698 semper,
3119 3635 3170 3682 et
3204 3626 3255 3680 in
3296 3625 3491 3680 Saecula
3524 3638 3699 3679 sa-cu-

2104 3729 2300 3785 lorum.
2328 3728 2522 3781 Amen.

1499 4025 1847 4087 HOMILIA
1892 4027 2182 4087 LXXVI.
2229 4024 2315 4087 al.
2359 4021 2683 4084 LXXVII.

406 4168 531 4224 (ΖΜ).
572 4168 661 4225 24.
703 4185 756 4222 v.
803 4168 886 4225 16.
933 4168 1072 4222 Tunc
1114 4169 1200 4238 qui
1252 4169 1304 4221 in
1341 4167 1527 4222 Judaza
1579 4179 1729 4235 sunt,
1779 4169 1978 4242 fugiant

479 4266 547 4316 ad
577 4273 771 4317 montes
797 4280 814 4327 ;
855 4263 941 4316 17.
977 4271 1022 4315 et
1052 4263 1135 4333 qui
1158 4279 1314 4331 supra
1347 4272 1529 4316 tectum
1550 4306 1565 4330 ,
1592 4280 1694 4317 non
1724 4263 1992 4318 descendat

478 4356 651 4409 tollere
680 4354 874 4423 aliquid
900 4353 963 4407 de
986 4353 1136 4406 domo
1161 4369 1288 4416 sua;
1320 4352 1404 4408 18.
1439 4363 1486 4407 et
1507 4355 1591 4423 qui
1621 4355 1671 4407 in
1707 4370 1830 4425 agro
1852 4396 1866 4421 ,
1894 4371 1995 4408 non

477 4459 752 4501 revertatur
776 4449 950 4501 tollere
974 4447 1263 4500 vestimenta
1292 4464 1407 4513 sua,
1440 4453 1546 4501 etc.

485 4540 533 4593 1.
574 4537 773 4593 luditis
816 4547 926 4606 post
965 4554 1132 4590 necent
1160 4533 1350 4591 Christi
1391 4554 1504 4608 spes
1551 4538 1715 4592 omnis
1759 4539 1995 4603 pra’cisa.

409 4631 611 4697 Quanta
634 4632 782 4702 fuerit
806 4630 1007 4685 illorum
1025 4631 1311 4695 calamitas;
1333 4647 1466 4685 mors
1487 4630 1674 4685 Christi
1692 4632 1828 4686 illius
1848 4650 2001 4686 causa

409 4724 525 4791 fuit.
546 4721 907 4791 —l’ostquam
932 4720 1000 4774 de
1029 4721 1184 4775 malis
1208 4721 1472 4775 civitatem
1500 4721 1762 4777 invasuris
1786 4763 1801 4788 ,
1831 4723 2002 4793 deque

408 4813 768 4883 apostolorum
788 4812 1163 4868 certaminibus
1179 4812 1405 4879 dixerat,
1426 4812 1546 4868 illos
1568 4830 1759 4884 nempe
1780 4815 2003 4871 invictos

414 4904 547 4972 fore,
578 4915 858 4975 totumque
884 4905 1067 4959 orbem
1099 4920 1422 4975 pervasuros
1446 4920 1587 4972 esse,
1615 4906 1861 4961 Judaicas
1889 4924 2005 4962 rnr.

412 5012 528 5050 sum
552 4997 886 5051 calamitates
921 4995 1209 5060 describit,
1251 4995 1540 5051 ostendens
1560 5039 1575 5062 ,
1605 4997 1818 5065 quando
1845 4997 2005 5054 disci-

409 5088 518 5157 puli
547 5087 813 5157 splendidi
844 5097 1004 5141 erunt
1032 5095 1312 5155 totumque
1340 5086 1609 5142 docebunt
1634 5088 1841 5155 orbem,
1883 5099 2007 5145 tunc

410 5181 528 5235 illos
552 5181 604 5233 in
627 5178 1016 5234 calamitatibus
1036 5188 1347 5235 versaturos
1366 5194 1506 5235 esse.
1530 5180 1807 5250 Perpende
1830 5191 2004 5236 autem

411 5271 679 5340 quomodo
709 5269 907 5324 bellmn
936 5279 1185 5335 enarret,
1217 5286 1313 5341 per
1353 5286 1414 5325 ea
1444 5286 1563 5342 qua:
1595 5273 1813 5326 minima
1853 5272 2002 5328 vitle-

413 5363 607 5417 bantur
634 5364 968 5418 atrocitatem
1001 5362 1117 5430 ejus
1146 5362 1442 5419 declamas.
1472 5362 1649 5430 Tunc,
1687 5365 1887 5436 inquit,
1921 5368 2008 5437 qui

412 5452 464 5506 in
492 5451 676 5507 Iudaea
702 5463 838 5517 sunt,
870 5457 1073 5524 fugiant
1096 5453 1166 5507 ad
1186 5464 1399 5509 montes.
1433 5453 1593 5517 Tunc,
1625 5457 2008 5525 quandonam?

411 5546 544 5601 Cum
570 5544 683 5599 lucc
703 5546 968 5602 evenient.
993 5560 1113 5600 cum
1135 5545 1459 5601 abominatio
1480 5546 1826 5602 desolationis
1846 5548 2010 5603 stabit

421 5637 474 5690 in
520 5637 636 5690 loco
680 5648 886 5692 sancto.
919 5635 1072 5692 Unde
1102 5635 1231 5690 mihi
1260 5636 1470 5691 videtur
1495 5637 1764 5693 exercitus
1804 5638 2005 5694 dicere.

411 5728 567 5785 Tunc
596 5727 760 5799 fugite
782 5769 798 5795 ,
833 5729 1004 5799 inquit
1036 5751 1050 5781 :
1091 5727 1234 5783 nulla
1265 5729 1407 5782 enim
1436 5729 1691 5799 deinceps
1716 5729 1863 5785 vobis
1885 5744 2010 5800 spes

414 5820 602 5877 salutis
630 5820 751 5875 erit.
780 5819 911 5875 Nam
938 5819 1062 5892 quia
1086 5821 1138 5875 in
1166 5820 1418 5892 gravibus
1444 5820 1567 5875 olim
1601 5821 1774 5882 hellis.
1804 5838 1834 5877 e
1855 5823 2009 5876 malis

740 5935 1013 5996 ΡΑΤιιοι..
1059 5932 1176 5993 Gtt.
1229 5927 1443 5991 LVlll.

2087 4171 2302 4225 demum
2321 4172 2672 4231 emerserant,
2691 4172 2746 4217 ut
2762 4164 2860 4217 sub
2882 4160 3213 4218 Senacherib
3233 4171 3289 4216 et
3306 4162 3403 4216 sub
3420 4158 3704 4225 Antiocho;

2101 4261 2299 4316 etenim
2351 4268 2478 4313 tunc
2519 4256 2796 4326 temporis,
2853 4270 2973 4308 cum
3024 4254 3294 4309 exercitus
3342 4254 3706 4317 invasissent,

2103 4352 2462 4421 templumque
2486 4357 2698 4419 captum
2727 4355 2890 4412 esset,
2922 4346 3237 4401 Macchabrei
3270 4345 3320 4399 in
3354 4344 3536 4400 hostes
3574 4357 3708 4398 con-

2102 4446 2264 4512 versi,
2298 4460 2472 4499 rcrum
2500 4442 2690 4495 faciem
2717 4447 3088 4503 mutaverunt;
3114 4452 3180 4491 ne
3198 4451 3337 4491 nunc
3356 4436 3517 4491 etiam
3546 4434 3707 4492 talem

2105 4541 2218 4595 fore
2240 4537 2585 4594 mutationem
2607 4533 3024 4603 snSpicarentur,
3047 4546 3259 4587 onmem
3278 4546 3426 4599 spem
3447 4530 3705 4600 praecidit.

2105 4632 2204 4687 Vis
2235 4637 2502 4701 poterunt,
2537 4625 2727 4696 inquit,
2762 4624 2904 4679 nudo
2927 4639 3155 4694 corpore
3180 4624 3405 4679 servari.
3433 4622 3557 4678 ideo
3581 4623 3702 4679 illos

2106 4724 2195 4795 qui
2216 4736 2374 4793 supra
2399 4730 2592 4775 tectum
2617 4729 2739 4774 sunt
2762 4733 2865 4771 non
2890 4716 3147 4787 permittit
3168 4716 3219 4769 in
3244 4715 3463 4769 domum
3484 4715 3709 4776 intrare,

2109 4826 2166 4871 ut
2194 4817 2507 4871 vestimenta
2536 4829 2627 4869 Sua
2657 4811 2862 4877 tollant,
2888 4807 3206 4865 inevitabilia
3230 4807 3526 4879 depingens
3572 4807 3710 4861 mala

2108 4918 2161 4962 et
2190 4904 2637 4962 interminabilem
2666 4904 3044 4968 calamitatem,
3069 4903 3120 4956 in
3142 4915 3298 4973 quam
3326 4899 3417 4969 qui
3440 4898 3709 4965 inciderit,

2115 4997 2423 5055 necessario
2448 4997 2661 5067 peribit.
2695 4994 2821 5051 ldeo
2849 4994 3052 5064 adjicit,
3088 4992 3190 5062 Qui
3210 4993 3260 5047 in
3286 5007 3432 5064 agro,
3464 5008 3527 5045 ne
3546 5007 3709 5046 rever~

2112 5103 2249 5146 tatur
2287 5089 2465 5146 tollere
2501 5090 2792 5144 vestimenta
2838 5104 2951 5142 sua.
2984 5087 3116 5142 Nam
3146 5087 3191 5141 si
3221 5086 3311 5158 qui
3343 5086 3488 5142 intus
3538 5095 3666 5141 sunt
3689 5125 3711 5154 ,

2113 5182 2317 5254 fugiunt
2340 5225 2355 5248 ,
2387 5181 2558 5236 multo
2607 5180 2783 5234 minus
2823 5182 2910 5249 qui
2942 5177 3073 5235 foris
3098 5186 3256 5244 sunt,
3311 5176 3454 5233 intro
3484 5176 3709 5249 fugiant.

2114 5272 2201 5329 19.
2245 5271 2334 5325 Va:
2372 5282 2540 5325 autem
2584 5269 2965 5342 praegnantibus
3011 5279 3058 5325 et
3088 5267 3392 5323 lactantibus
3410 5284 3431 5334 ,°
3460 5268 3566 5324 illis
3593 5267 3711 5338 qui-

2113 5366 2236 5420 dem
2273 5363 2414 5435 quod
2447 5362 2713 5417 tardiores
2756 5363 2892 5428 sint,
2922 5377 3021 5416 nec
3070 5363 3277 5427 possint
3308 5361 3463 5416 facile
3486 5358 3671 5432 fugere
3692 5399 3710 5426 ,

2114 5471 2278 5510 onere
2299 5454 2501 5509 ventris
2528 5462 2783 5518 retentae;
2811 5452 2937 5517 illis,
2962 5451 3102 5523 quod
3123 5453 3325 5507 amoris
3350 5450 3566 5506 vinculo
3584 5464 3709 5518 erga

2114 5548 2375 5602 lactentes
2399 5545 2759 5612 detineantur,
2790 5559 2891 5601 nec
2918 5544 3126 5614 possint
3150 5558 3245 5600 eos
3269 5555 3504 5600 servare.
3537 5540 3709 5597 Pecu-

2116 5640 2231 5693 nias
2252 5638 2394 5693 enim
2419 5646 2473 5692 et
2493 5646 2837 5692 contemnere
2859 5643 2913 5690 et
2927 5650 3141 5690 servare
3162 5632 3316 5689 facile
3335 5642 3436 5700 est,
3460 5630 3709 5702 idemque

2115 5729 2183 5785 de
2210 5729 2449 5786 vestibus
2474 5729 2630 5796 dico;
2652 5744 2771 5800 quae
2791 5738 2969 5784 autem
2998 5737 3185 5782 natura
3209 5727 3301 5781 dat
3320 5726 3441 5798 quis
3468 5723 3716 5795 eﬂ’ugiat?

2119 5820 2392 5892 quomodo
2421 5834 2701 5892 praegnans
2731 5819 2902 5875 levior
2947 5816 3249 5875 efﬁciatur?
3273 5818 3544 5889 quomodo
3585 5830 3707 5887 qua!

3302 5915 3379 5978 15
