4128 6402
439 383 548 438 695

441 500 603 554 lactat
651 495 846 567 poterit
879 495 1172 550 lactentem
1217 490 1537 561 despicere?
1584 487 1784 544 Deinde
1823 502 2035 543 rursum

437 590 760 646 calamitatis
793 585 1209 657 magnitudinem
1242 582 1554 649 ostendens,
1586 581 1696 635 ait:
1728 578 1824 636 20.
1861 579 2037 643 Orate,

440 700 504 738 ne
535 683 624 750 ﬁat
653 686 778 753 fuga
815 689 980 734 vestra
1012 680 1066 732 in'
1097 679 1258 731 hieme
1281 719 1296 743 ,
1323 693 1414 731 nec
1439 677 1492 730 in
1537 675 1766 730 sabbato.
1799 672 1890 728 2|.
1928 671 2040 725 Erit

438 778 573 832 enim
608 786 726 830 tunc
756 774 1020 829 tribulatio
1061 789 1248 842 magna
1270 811 1285 837 ,
1318 769 1484 842 qualis
1520 785 1622 822 non
1667 770 1763 839 fuit
1793 769 1856 819 ab
1894 765 2038 818 initio

439 871 617 926 mundi
645 886 801 942 usque
837 884 971 924 nunc
992 910 1008 935 ,
1039 883 1200 938 neque
1239 866 1346 935 ﬁet.
1379 861 1568 918 Viden‘
1594 861 1660 916 ad
1686 860 1900 916 Judmos
1926 874 2043 914 ser-

439 981 655 1022 monem
681 964 886 1030 haberi,
910 973 966 1020 et
988 961 1125 1018 ma‘la
1147 961 1292 1033 ipsos
1317 959 1564 1015 invasura
1590 954 1792 1012 narrari
1815 953 2040 1024 ?Neque

438 1058 584 1115 enim
607 1057 836 1127 apostoli
858 1055 1145 1111 sabbatum
1172 1051 1505 1108 observaturi
1531 1057 1704 1115 erant,
1735 1061 1910 1116 neque
1931 1045 2040 1099 illic

440 1159 570 1206 tunc
599 1147 862 1205 versaturi
885 1188 900 1214 ,
931 1161 1039 1219 quo
1063 1153 1309 1216 tempore
1334 1139 1694 1213 Vespasianus
1741 1138 1854 1193 haec
1897 1135 2038 1191 mala

439 1242 684 1297 illaturus
729 1248 863 1294 erat.
895 1238 1029 1294 Nam
1075 1238 1303 1292 maxima
1346 1249 1468 1305 pars
1494 1229 1874 1300 discipulorum
1914 1235 2038 1281 ante

440 1333 720 1394 obierant;
745 1331 788 1385 si
821 1331 910 1401 qui
933 1344 1066 1384 vero
1097 1327 1294 1384 residui
1325 1334 1499 1390 erant,
1526 1325 1578 1379 iu
1605 1323 1725 1378 aliis
1748 1321 1891 1376 orbis
1915 1334 2038 1390 paro

443 1429 588 1483 tibus
617 1437 743 1481 tunc
776 1424 1149 1480 versabantur.
1182 1419 1291 1476 Cur
1343 1435 1448 1474 non
1504 1416 1558 1472 in
1589 1415 1767 1471 hieme
1794 1455 1810 1480 ,
1841 1427 1944 1468 nec
1984 1410 2037 1464 in

442 1519 707 1577 sabbato?
734 1517 791 1573 ln
824 1516 1037 1583 hieme,
1068 1514 1138 1570 ob
1169 1512 1426 1582 temporis
1473 1510 1615 1565 illius
1650 1505 1993 1563 difﬁcultates
2021 1522 2035 1558 :

442 1615 497 1670 in
542 1611 765 1667 sabbato
791 1651 805 1674 ,
851 1609 920 1664 ob
950 1607 1082 1678 legis
1125 1605 1516 1660 auctoritatem.
1550 1600 1682 1669 Quia
1727 1597 1869 1654 enim
1916 1595 2036 1665 fuga

444 1721 582 1776 opus
607 1713 690 1760 est
716 1744 732 1769 ,
761 1713 816 1759 et
845 1703 966 1772 fuga
997 1699 1333 1755 velocissima
1358 1713 1373 1761 ;
1407 1710 1582 1765 neque
1611 1695 1666 1748 in
1692 1692 1912 1746 sabbato
1939 1689 2036 1745 Ju-

443 1799 542 1853 daei
569 1808 692 1852 tunc
713 1794 896 1866 fugere
916 1792 1202 1857 audebant,
1223 1805 1291 1845 ne
1314 1790 1481 1859 legem
1507 1784 2034 1856 transgrederentur;

443 1905 618 1961 neque
640 1887 801 1943 etiam
831 1885 884 1940 in
911 1884 1088 1939 hieme
1117 1883 1426 1944 facile'erat,
1450 1878 1572 1934 ideo
1599 1877 1694 1944 ait,
1717 1873 1898 1929 ‘Orate.
1923 1873 2039 1925 Erit

422 1983 578 2037 enim
603 1990 719 2034 tunc
747 1977 1007 2033 tribulatio
1032 1975 1199 2046 qualis
1224 1989 1499 2042 numquam
1530 1970 1646 2042 fuit,
1678 1983 1838 2038 neque
1864 1971 2038 2035 postea

443 2077 552 2130 erit.
585 2073 662 2128 Ne
687 2071 806 2142 quis
841 2084 969 2125 vero
1011 2076 1161 2139 putet
1191 2065 1242 2121 id
1271 2062 1615 2136 hyperbolice
1643 2060 1842 2114 dictum
1883 2069 2037 2121 esse;

442 2167 538 2224 sed
568 2166 709 2236 legat
734 2161 960 2235 Iosephi
992 2161 1180 2223 libros,
1211 2167 1266 2214 et
1293 2156 1467 2212 discat
1495 2153 1572 2208 rei
1603 2150 1910 2207 veritatem.
1937 2145 2044 2201 Ne-

443 2281 549 2334 Quc
591 2265 734 2320 enim
775 2259 972 2318 dixerit
1012 2253 1280 2328 quispiam
1306 2293 1320 2316 ,
1349 2249 1498 2304 illum
1527 2254 1712 2316 utpote
1750 2241 1839 2313 qui
1871 2239 2041 2334 ﬁdelis

442 2332 559 2414 sive
598 2356 933 2412 Christianus
964 2357 1144 2414 esset,
1177 2354 1237 2400 ut
1281 2342 1438 2398 dictis
1465 2340 1624 2395 ﬁdem
1669 2335 1868 2392 faceret
1895 2373 1910 2396 ,
1941 2332 2040 2388 ista

446 2450 583 2505 mala
607 2445 996 2518 ampliﬁcasse;
1022 2456 1142 2496 nam
1174 2445 1229 2493 et
1253 2435 1489 2498 Judmus,
1518 2440 1678 2501 atque
1703 2429 1842 2482 inter
1859 2423 2041 2480 Judai-

446 2557 633 2596 eorum
665 2517 1094 2593 ferventissimos
1121 2530 1355 2585 cultores
1382 2531 1504 2596 post
1522 2519 1720 2576 Christi
1754 2517 2042 2572 adventum

447 2643 584 2689 erat.
617 2631 755 2698 Quid
782 2629 941 2699 igitur
969 2631 1150 2680 narrat
1180 2618 1306 2676 ille?
1331 2615 1678 2673 calamitates
1708 2611 1825 2665 illas
1847 2618 2046 2678 tragus-

448 2727 590 2783 diam
638 2737 854 2778 omnem
897 2730 1220 2789 superasse,
1245 2700 1568 2779 bellumque
1613 2705 1717 2762 tale
1757 2715 2046 2773 numquam

448 2817 621 2874 cuivis
669 2813 814 2886 genii
843 2820 1042 2867 tantam
1069 2806 1317 2864 attulisse
1345 2801 1575 2858 cladem.
1602 2797 1776 2854 Tanta
1799 2795 1944 2851 enim
1969 2792 2048 2846 fa-

449 2891 567 2967 mes
593 2918 744 2974 erat,
784 2913 844 2960 ut
886 2912 1085 2959 matres
1111 2899 1179 2955 de
1207 2891 1557 2952 comedendis
1598 2890 1778 2962 pueris
1817 2888 1959 2942 inter
1988 2898 2047 2939 se

447 3003 808 3066 decertarent,
827 3004 882 3052 et
899 2994 1001 3049 hac
1016 2992 1082 3048 de
1104 3006 1166 3046 re
1190 2997 1374 3044 mutuo
1392 2990 1687 3056 pugnarent
1709 2997 1723 3046 ;
1747 2978 2049 3046 multosque

451 3104 696 3152 mortuos
740 3107 769 3146 a
816 3097 1005 3144 ventre
1047 3082 1304 3141 discissos
1351 3077 1534 3133 fuisse.
1583 3073 1834 3129 Libenter
1894 3068 2051 3138 igitur

447 3188 670 3246 Judaeos
717 3185 1106 3251 interrogarem
1131 3217 1144 3242 ,
1177 3173 1449 3229 undenam
1491 3167 1611 3222 hac
1657 3171 1805 3218 tanta
1836 3171 2051 3230 tamque

451 3277 786 3340 intoleranda
811 3274 1089 3332 calamitas
1109 3285 1138 3325 a
1160 3267 1339 3325 divina
1358 3267 1434 3320 ira
1457 3262 1587 3334 ipsis
1609 3257 1847 3315 immissa
1871 3253 2047 3317 fuerit,

451 3371 890 3448 qureprzetcritas
914 3378 1103 3422 omnes
1125 3405 1142 3431 ,
1175 3377 1282 3416 non
1308 3357 1468 3414 modo
1494 3357 1546 3411 in
1579 3352 1816 3409 Judzeam
1835 3391 1850 3415 ,
1879 3346 1975 3404 sed
2001 3354 2056 3402 et

453 3439 552 3542 per
599 3477 768 3522 totum
821 3462 1008 3518 orbem
1065 3459 1305 3513 invectas
1361 3448 1693 3506 calamitates
1737 3439 2055 3514 superaret?

455 3531 650 3619 ληιιοη
680 3557 749 3612 ob
774 3551 1013 3611 cruciﬁxi
1041 3547 1238 3605 Christi
1277 3543 1486 3599 facinus
1535 3539 1588 3594 id
1615 3535 1875 3592 accidisse
1893 3531 2055 3586 dixe-

455 3654 566 3708 rint
591 3663 781 3705 omnes
805 3689 821 3713 ,
849 3660 912 3700 ac
953 3656 1061 3713 prae
1081 3637 1332 3693 omnibus
1372 3636 1485 3705 ipsa
1512 3644 1690 3686 rerum
1717 3623 1950 3682 veritas?
1976 3621 2056 3676 Tu

459 3758 590 3799 vero
617 3739 748 3796 mihi
787 3735 1049 3793 malorum
1081 3728 1354 3786 cumulum
1384 3722 1667 3780 considera
1687 3762 1702 3787 ,
1729 3713 2058 3788 quandoqui-

460 3835 585 3890 dem
624 3846 722 3886 nec
752 3824 1112 3900 przecedenti.
1145 3822 1256 3876 imo
1303 3833 1404 3874 nec
1447 3810 1790 3884 subsequenti
1822 3817 2061 3876 tempore

461 3924 734 3997 quidpiam
780 3922 853 3976 ita
879 3917 1253 3976 calamitosum
1303 3911 1544 3981 reperire
1570 3906 1714 3962 licet.
1749 3903 1842 3958 His
1861 3901 2063 3997 quippe

464 3990 624 4074 malis
651 4027 748 4069 nec
773 4010 921 4082 prius
943 4023 1046 4065 nec
1067 4004 1332 4077 posterius
1355 3994 1834 4072 pariavisarfuere.
1859 3990 2064 4082 Etjure

466 4108 704 4184 quidem.
734 4080 920 4173 Neque
948 4101 1090 4156 enim
1133 4097 1308 4170 quivis
1351 4091 1626 4148 hominum
1655 4087 1742 4143 vel
1782 4093 1940 4140 antea
1978 4080 2063 4136 vel

465 4178 671 4276 postea,
698 4209 802 4253 tam
823 4195 1084 4266 iniquum,
1104 4201 1209 4244 tam
1235 4184 1563 4244 horrendum
1585 4181 1761 4238 scelus
1782 4178 2068 4233 admittere

468 4271 631 4352 ausus
656 4301 754 4347 est.
779 4288 903 4344 Ideo
927 4288 1030 4340 ait:
1057 4282 1171 4338 Erit
1200 4278 1455 4335 tribulatio
1491 4275 1656 4347 qualis
1693 4288 1796 4328 non
1835 4271 1952 4342 fuit,
1975 4283 2066 4323 nec

471 4393 589 4444 erit.
627 4384 719 4439 22.
755 4381 820 4437 Et
856 4380 953 4435 nisi
989 4373 1261 4431 abbreviati
1289 4372 1504 4445 fuissent
1536 4365 1741 4422 dies'illi
1764 4407 1779 4433 ,
1805 4379 1906 4417 non
1932 4361 2070 4432 ﬁeret

469 4481 615 4538 salva
639 4476 802 4534 onmis
825 4490 950 4528 caro
974 4486 994 4527 :
1027 4477 1232 4540 propter
1261 4466 1441 4520 electos
1461 4471 1627 4516 autent
1655 4455 2072 4513 abbreviabuntur

472 4574 584 4629 dies
620 4571 725 4625 illi.
772 4567 908 4623 Hinc
939 4561 1172 4619 ostendit
1201 4560 1322 4614 illos
1344 4554 1577 4626 graviori
1603 4551 1766 4608 etiam
1811 4546 2073 4620 supplicio

476 4667 668 4738 dignos
699 4661 861 4716 fuisse
885 4699 900 4726 ,
944 4671 1039 4726 per
1065 4653 1296 4722 illosque
1336 4649 1454 4704 dies
1500 4644 1747 4714 intelligit
1777 4641 1902 4697 belli
1921 4638 2075 4694 obsi-

471 4731 756 4827 dionisque
773 4762 1002 4820 tempus.
1021 4747 1133 4802 Hoc
1153 4758 1313 4816 porro
1328 4740 1437 4796 vult
1461 4738 1782 4810 signiﬁcare.
1807 4735 1862 4788 Si
1875 4731 2076 4788 diutius

475 4851 840 4905 Romanorum
884 4847 1073 4897 contra
1109 4835 1294 4892 urbem
1339 4833 1481 4888 illam
1530 4829 1728 4886 bellum
1772 4832 2074 4882 extractum

474 4947 684 5006 luisset,
715 4951 903 4993 omnes
930 4932 1100 4990 Judaei
1137 4930 1449 5003 periissem:
1475 4938 1598 4979 nam
1620 4935 1834 4977 omnem
1859 4931 2076 4972 carnem

480 5035 566 5089 hic
585 5046 681 5102 pro
706 5027 926 5084 Judaica
968 5023 1180 5096 posuit;
1208 5019 1530 5087 Judaeosque
1558 5013 1935 5102 complectitur
1969 5023 2075 5063 non

478 5101 762 5182 eosimodo
782 5118 1025 5188 quiintra
1050 5157 1065 5183 ,
1103 5113 1198 5170 sed
1231 5126 1326 5168 eos
1349 5110 1509 5166 etiam
1548 5106 1638 5179 qui
1675 5113 1822 5160 extra
1840 5101 2081 5158 Iudaeam

479 5225 655 5273 erant.
687 5212 802 5268 Non
823 5211 998 5266 solum
1015 5207 1155 5261 enim
1177 5206 1222 5261 si
1249 5204 1336 5274 qui
1354 5204 1405 5258 in
1426 5200 1610 5258 Iudaea
1631 5208 1780 5254 erant
1801 5197 2079 5266 ima-agna-

482 5312 719 5374 bantur;
761 5318 946 5360 verum
972 5301 1133 5357 etiam
1173 5314 1289 5365 eos,
1320 5295 1410 5367 qui
1447 5293 1644 5364 ubique
1685 5303 1943 5348 terrarum
1982 5287 2079 5344 de-

482 5405 702 5478 gebant,
729 5395 1129 5470 prosoribebant
1159 5389 1530 5461 fugabantque,
1559 5385 1683 5442 odio
1713 5382 1959 5454 permoti.

557 5494 612 5549 2.
643 5494 919 5560 Quasnam
947 5492 1124 5539 autem
1158 5482 1245 5536 hic
1275 5481 1477 5536 electos
1505 5474 1693 5531 vocat?
1723 5473 1965 5538 Fideles,
1994 5471 2084 5544 qui

484 5592 547 5646 in
584 5582 788 5638 medio'
812 5579 1025 5635 illorum
1066 5572 1304 5630 conclusi
1343 5578 1515 5626 erant.
1545 5567 1624 5622 Ne
1665 5566 1908 5622 dicerent
1941 5565 2099 5620 euim'

489 5677 656 5733 Judai
677 5717 696 5743 ,
725 5674 842 5728 haec
872 5669 1010 5725 mala
1037 5667 1274 5724 immissa
1307 5665 1471 5719 fuisse
1513 5661 1582 5737 ob
1613 5659 2043 5731 praedicationem
2067 5697 2083 5722 ,

491 5782 548 5824 et
573 5769 718 5840 quod
738 5767 985 5823 Christus
1007 5761 1344 5826 adoraretur,
1368 5755 1601 5814 ostendit
1628 5755 1811 5810 fideles
1835 5754 1956 5809 illos
1984 5768 2088 5807 non

491 5861 655 5919 modo
686 5861 815 5930 ipsis
835 5870 1054 5914 causam
1076 5854 1340 5911 malorum
1380 5867 1485 5909 non
1511 5850 1694 5917 fuisse,
1725 5848 1818 5905 sed
1849 5847 2012 5904 etiam
2042 5846 2086 5900 si

1205 376 1264 432 S.
1304 373 1580 432 JOANNIS
1614 371 2096 430 CllRYSOSTOlll
2137 373 2453 432 ARCHIEP.
2496 375 3027 446 CONSTANTIINOP.

2151 488 2226 543 illi
2257 504 2367 545 non
2392 490 2719 560 adfuissent,
2746 509 2934 550 omnes
2977 495 3230 553 radicitus
3258 497 3521 569 perituros
3551 501 3737 560 fuisse.

2149 580 2282 637 Nam
2304 583 2346 638 si
2372 586 2702 653 permisisset
2725 587 2864 643 Deus
2886 589 3081 644 bellum
3099 588 3312 658 durare,
3343 592 3504 648 nullae
3523 593 3739 651 Iudaeo-

2150 690 2267 729 rum
2293 675 2516 732 fuissent
2543 678 2781 748 reliquiae
2812 698 2824 733 :
2859 681 2954 736 sed
2985 699 3052 738 ne
3075 698 3196 738 cum
3217 683 3521 741 inﬁdelibus
3545 677 3743 743 iudicis

2152 768 2336 824 ﬁdeles
2361 785 2428 824 ex
2456 771 2560 826 illis
2583 774 2686 827 orti
2710 773 3186 842 perirent,bellum
3199 777 3357 833 citius
3377 779 3537 834 solvit
3555 788 3609 833 et
3629 789 3741 836 ter-

2149 861 2392 916 minavit.
2416 862 2544 918 'ldeo
2569 863 2663 928 ait,
2685 862 2906 934 Propter
2925 865 3106 921 electos
3128 879 3298 922 autem
3323 869 3743 927 abbreviabuntur

2149 952 2258 1007 dies
2282 953 2380 1007 illi.
2416 953 2541 1009 Ha'c
2569 963 2745 1010 autem
2774 956 3005 1025 dicebat,
3033 968 3091 1012 ut
3119 961 3542 1016 consolationem
3573 963 3742 1019 relin-

2154 1052 2347 1113 queret
2377 1044 2443 1098 iis
2463 1044 2555 1116 qui
2585 1045 2638 1100 in
2666 1046 2844 1102 medio
2867 1047 3173 1104 Judaeorum
3200 1052 3443 1108 conclusi
3467 1063 3655 1122 erant,
3685 1064 3743 1110 ut

2147 1138 2444 1207 respirandi
2485 1139 2664 1195 locum
2693 1141 2882 1204 daret,
2936 1158 3111 1214 neque
3153 1145 3402 1202 timerent
3450 1149 3600 1218 quasi
3639 1149 3742 1218 ipsi

2146 1231 2303 1286 simul
2333 1233 2574 1302 perituri.
2605 1233 2759 1300 Quod
2790 1235 2834 1289 si
2868 1244 3011 1290 tanta
3055 1235 3287 1292 ﬁdelium
3334 1239 3536 1308 geritur
3560 1241 3740 1309 provi-

2145 1323 2346 1386 dentia,
2367 1333 2422 1378 nt
2445 1335 2660 1397 prepter
2683 1327 2802 1382 illos
2822 1327 2909 1382 alii
2927 1338 3226 1394 serventur,
3253 1341 3414 1402 utque
3433 1330 3739 1387 Iudaeorum

2146 1415 2386 1486 reliquite
2415 1426 2635 1487 propter
2661 1417 2994 1474 Christianos
3023 1421 3336 1487 manserint,
3368 1431 3598 1491 quantus
3629 1422 3733 1478 illis

2147 1509 2412 1564 tribuetur
2439 1509 2612 1564 honor
2635 1525 2952 1565 coronarum
2986 1512 3260 1582 tempore?
3288 1513 3421 1568 Hinc
3438 1516 3599 1568 etiam
3621 1514 3740 1570 illos

2147 1600 2494 1667 consolatur,
2543 1617 2610 1656 ne
2637 1603 2688 1655 in
2737 1603 2963 1676 propriis
3006 1604 3108 1657 sibi
3156 1604 3406 1674 periculis
3439 1615 3737 1674 angantur,

2146 1692 2360 1762 quando
2387 1693 2571 1748 vident
2594 1693 2728 1749 alios
2756 1695 2942 1750 iisdem
2970 1709 3257 1766 oppressos
3285 1697 3459 1764 malis,
3489 1698 3740 1768 nulloque

2148 1799 2246 1840 suo
2285 1782 2462 1840 fructu
2485 1827 2499 1851 ,
2531 1785 2625 1841 sed
2651 1785 2733 1841 sui
2772 1787 2960 1856 capitis
2983 1787 3328 1843 detrimento.
3358 1787 3540 1859 Neque
3565 1791 3739 1845 solum

2147 1877 2267 1932 illos
2295 1877 2680 1932 consolabatur
2703 1921 2718 1945 ,
2754 1878 2844 1933 sed
2891 1879 3052 1933 etiam
3097 1881 3306 1934 occulte
3349 1888 3506 1951 atque
3538 1882 3737 1936 sensim

2147 1984 2176 2024 a
2207 1970 2438 2025 Judaicis
2465 1971 2704 2026 moribus
2730 1972 3047 2028 abducebat.
3081 1973 3208 2027 Nam
3241 1974 3284 2027 si
3315 1974 3456 2028 nulla
3488 1975 3739 2044 deinceps

2145 2065 2216 2120 sit
2236 2064 2410 2120 futura
2434 2065 2677 2132 mutatio,
2701 2065 2743 2119 si
2768 2066 3020 2136 templum
3048 2082 3154 2120 non
3176 2077 3280 2121 stet
3299 2068 3543 2139 amplius,
3569 2070 3738 2139 legem

2148 2171 2268 2211 esse
2312 2165 2644 2212 cessaturam
2687 2156 2860 2226 palam
2892 2167 2996 2213 est.
3033 2157 3230 2213 Verum
3265 2159 3368 2214 hoc
3409 2176 3513 2215 non
3555 2170 3739 2228 aperte

2146 2248 2297 2316 dicit,
2321 2247 2415 2303 sed
2442 2249 2509 2302 ab
2531 2247 2739 2303 illorum
2762 2248 2968 2304 excidio
2993 2248 3043 2304 id
3065 2249 3435 2305 subindicavit.
3465 2250 3741 2307 Manifesta

2146 2355 2277 2396 vero
2320 2355 2425 2395 non
2458 2340 2626 2408 dixit,
2675 2356 2743 2396 ne
2788 2352 2912 2396 ante
2945 2351 3153 2412 tempus
3194 2349 3419 2398 terreret
3463 2358 3575 2399 eos.
3620 2343 3742 2398 Ideo

2149 2449 2324 2505 neque
2351 2450 2380 2489 a
2407 2434 2666 2504 principio
2687 2434 2737 2488 iu
2765 2434 2904 2488 hunc
2927 2434 3189 2506 praecipue
3209 2448 3510 2489 sermonem
3537 2435 3739 2501 incidit;

2149 2526 2246 2582 sed
2279 2535 2556 2598 postquam
2583 2543 2663 2582 va:
2689 2526 2891 2582 civitati
2924 2526 2999 2581 illi
3027 2527 3271 2594 dixerat,
3313 2527 3562 2598 ipsosque
3584 2526 3741 2581 indu-

2152 2627 2330 2686 xerat,
2364 2626 2423 2673 ut
2443 2618 2649 2688 lapides
2681 2618 2804 2672 illos
2829 2619 2933 2674 sibi
2963 2627 3347 2684 monstrarent,
3378 2635 3544 2688 seque
3570 2619 3741 2675 inter-

2151 2719 2438 2782 rogarent;
2471 2719 2528 2765 ut
2557 2711 2708 2781 quasi
2751 2709 2816 2765 ad
2848 2711 3322 2781 interrogationem
3361 2710 3739 2782 respondens,

2151 2804 2333 2860 omnia
2361 2803 2535 2859 futura
2577 2804 2982 2873 praenuntiaret.
3027 2802 3108 2858 Tu
3151 2818 3282 2860 vero
3328 2803 3460 2858 mitti
3505 2803 3741 2874 Spiritus

2152 2896 2608 2968 dispensationem
2627 2895 2937 2952 consideres
2959 2895 3148 2961 velim;
3173 2895 3304 2950 nihil
3326 2895 3513 2951 horum
3530 2896 3748 2967 scripsit

2153 2990 2411 3059 Joannes,
2435 3005 2504 3045 ne
2525 2988 2797 3045 videretur
2823 3005 2890 3045 ex
2918 2997 3114 3044 eventu
3146 2989 3260 3060 ipso
3291 2989 3407 3044 haec
3434 2990 3743 3062 scripsisse:

2155 3099 2278 3141 nam
2322 3083 2389 3140 ad
2427 3083 2654 3139 multum
2693 3082 2761 3138 ab
2803 3082 3010 3139 excidio
3049 3081 3499 3156 Jerosolymitano
3539 3094 3748 3154 tempus

2156 3178 2316 3234 vitam
2339 3177 2609 3249 produxit.
2638 3176 2744 3232 Sed
2773 3177 2806 3232 ii
2827 3178 2916 3248 qui
2941 3185 3067 3233 ante
3089 3177 3216 3232 illud
3240 3178 3502 3233 excidium
3529 3179 3746 3246 mortui,

2156 3270 2292 3327 nihil
2313 3270 2522 3325 illorum
2545 3269 2805 3334 viderant,
2828 3267 2944 3325 haec
2962 3267 3291 3339 describunt,
3316 3280 3370 3325 ut
3391 3271 3752 3342 praedictionis

2158 3363 2241 3418 vis
2267 3361 2503 3432 undique
2531 3360 2756 3432 fulgeat.

2231 3453 2462 3510 Christus
2486 3452 2766 3507 secundum
2802 3469 2950 3507 suum
2977 3452 3247 3507 aduentum
3291 3452 3542 3524 prtedicit.
3561 3482 3631 3494 —
3651 3453 3749 3510 '23.

2162 3545 2310 3601 Tunc
2333 3547 2376 3601 si
2410 3546 2524 3617 quis
2549 3545 2686 3599 vobis
2721 3544 2927 3614 dixerit,
2962 3543 3094 3600 Ecce
3118 3545 3200 3598 hic
3240 3544 3472 3600 Christus
3511 3555 3599 3599 aut
3637 3546 3750 3612 hic,

2164 3637 2321 3692 nolite
2369 3637 2592 3690 credere.
2649 3633 2740 3689 24.
2794 3634 3016 3705 Surgent
3064 3635 3195 3689 enim
3251 3635 3648 3706 pseudo-Christi
3706 3645 3755 3690 et

2165 3729 2662 3801 pseudo-prapltetw,
2687 3736 2734 3781 et
2755 3725 2943 3780 dabunt
2963 3727 3108 3798 signa
3130 3737 3278 3798 atque
3301 3727 3556 3797 prodigia,
3580 3727 3652 3780 ita
3678 3737 3754 3795 ut,

2167 3824 2212 3879 si
2239 3824 2352 3893 ﬁeri
2375 3823 2553 3896 possit,
2581 3823 2732 3876 etiam
2758 3818 2939 3874 electos
2959 3821 3222 3874 seducunt.
3250 3819 3343 3876 25.
3377 3820 3511 3876 Ecce
3539 3822 3759 3892 prwdixi

2171 3915 2332 3970 vobis.
2363 3913 2456 3969 26.
2482 3913 2545 3969 Si
2574 3928 2693 3981 ergo
2719 3911 2940 3966 dixerint
2971 3909 3109 3963 vobis
3129 3951 3145 3977 ,
3178 3909 3308 3964 Ecce
3328 3911 3385 3964 in
3414 3911 3608 3965 deserto
3647 3921 3718 3964 est
3742 3952 3758 3976 ,

2170 4007 2329 4062 nolite
2357 4006 2536 4069 exire;
2575 4003 2712 4058 Ecce
2749 4004 2802 4058 in
2843 4002 3202 4074 penetralibus,
3235 4001 3391 4056 nolite
3420 4002 3640 4058 credere.
3669 4002 3758 4056 27.

2172 4099 2320 4154 Sicut
2347 4099 2480 4152 enint
2501 4097 2684 4168 fulgur
2711 4097 2810 4150 exit
2838 4095 2900 4149 ab
2930 4095 3141 4160 oriente,
3187 4103 3234 4148 et
3269 4103 3482 4164 apparet
3512 4109 3668 4165 usque
3695 4093 3764 4146 ad

2171 4191 2511 4254 occidentem;
2532 4190 2606 4243 sic
2631 4188 2724 4243 erit
2749 4198 2796 4242 et
2819 4187 3064 4241 adventus
3093 4186 3219 4239 Filii
3252 4185 3486 4238 hominis.
3517 4184 3604 4238 28.
3637 4183 3762 4238 Ubi-

2174 4297 2388 4352 cumque
2405 4280 2540 4335 enim
2561 4279 2710 4349 fuerit
2733 4295 2936 4350 corpus,
2960 4277 3028 4330 ibi
3047 4277 3480 4347 congregabantur
3500 4275 3763 4348 et’aquilaa.

2175 4373 2394 4443 impleta
2419 4372 2484 4427 de
2503 4370 2850 4443 Jerosolymis
2872 4368 3194 4431 narratione,
3215 4366 3281 4421 ad
3309 4382 3464 4421 suum
3481 4366 3768 4422 adventum

2176 4476 2361 4538 postea
2389 4465 2579 4536 pergit,
2610 4463 2866 4533 signaque
2893 4461 3022 4529 ipsis
3046 4469 3248 4523 narrat,
3284 4473 3386 4513 non
3415 4461 3589 4514 solum
3619 4461 3767 4531 ipsis,

2177 4559 2271 4616 sed
2317 4559 2476 4615 etiam
2531 4557 2684 4612 nobis
2727 4567 2782 4611 et
2818 4562 2942 4625 post
2988 4568 3087 4609 nos
3138 4553 3331 4608 futuris
3362 4553 3530 4608 utilia.
3581 4551 3768 4620 Tunc,

2177 4649 2552 4722 quandonam?
2580 4648 2694 4714 llic,
2725 4657 2781 4702 ut
2801 4661 2944 4716 saepe
2965 4645 3098 4712 dixi,
3129 4645 3283 4721 illud,
3311 4643 3477 4711 Tunc,
3512 4660 3616 4699 non
3647 4659 3773 4715 pra:-

2179 4742 2393 4800 cedenti
2438 4743 2708 4812 tempori,
2740 4756 2860 4810 qua:
2905 4748 3202 4810 sequuntur
3246 4753 3349 4793 una
3398 4739 3539 4793 serie
3568 4738 3775 4793 haerere

2180 4835 2464 4908 signiﬁcat.
2489 4834 2588 4891 Ubi
2611 4834 2751 4889 enim
2773 4831 3016 4889 eamdem
3040 4831 3294 4900 temporis
3319 4831 3513 4887 seriem
3543 4832 3778 4888 iudicare

2182 4930 2369 4997 voluit,
2393 4927 2590 4993 intulit,
2623 4927 2807 4982 Statim
2826 4936 2946 4996 post
2964 4925 3333 4979 tribulationem
3351 4924 3547 4978 dierum
3574 4924 3779 4979 illorum

2185 5021 2262 5092 (Μ
2269 5016 2595 5091 αιιΙι.24.29)
2609 5019 2724 5074 .Hic
2735 5034 2862 5074 vero
2873 5032 2978 5072 non
2999 5017 3090 5084 ita,
3105 5018 3196 5071 sed
3214 5015 3532 5084 illud,Tunc,
3549 5033 3650 5073 nan
3665 5017 3776 5070 haec

2185 5113 2363 5168 statim
2391 5113 2540 5180 sequi
2567 5110 2787 5175 indicat,
2817 5108 2912 5164 sed
2941 5125 3047 5179 quo
3079 5119 3321 5178 tempore
3351 5110 3442 5163 illa
3465 5123 3584 5178 qua:
3609 5107 3776 5160 dictu-

2186 5221 2279 5260 rus
2301 5215 2425 5260 erat
2451 5205 2624 5258 futura
2654 5212 2856 5258 essent.
2891 5201 2980 5257 Sic
3009 5203 3169 5254 etiam
3193 5216 3314 5256 eum
3340 5199 3488 5265 dicit,
3519 5196 3584 5252 In
3604 5195 3781 5252 diebus

2185 5297 2290 5351 illis
2312 5297 2442 5349 venit
2462 5293 2690 5349 Joannes
2709 5291 2941 5366 Baptista
2963 5293 2982 5362 (
3004 5292 3191 5348 Matth.
3220 5291 3276 5348 3.
3309 5291 3334 5346 Ι
3357 5289 3377 5362 )
3397 5330 3413 5358 ,
3446 5303 3550 5344 non
3573 5297 3787 5358 tempus

2187 5387 2367 5442 statim
2393 5401 2624 5455 sequens
2649 5385 2867 5450 indicat,
2896 5384 2991 5439 sed
3015 5401 3077 5440 ea
3106 5400 3224 5455 quas
3249 5389 3367 5453 post
3394 5381 3594 5436 multos
3618 5395 3790 5435 annos

2189 5489 2442 5534 eventura
2471 5488 2645 5544 erant,
2674 5486 2727 5533 et
2749 5486 2960 5548 tempus
2988 5492 3094 5547 quo
3117 5477 3250 5544 haec,
3280 5490 3398 5546 quae
3420 5473 3662 5529 dicturus
3683 5482 3790 5539 est,

2195 5571 2334 5627 facta
2382 5580 2526 5629 sunt.
2560 5570 2692 5626 Nam
2726 5579 3006 5642 postquam
3038 5570 3104 5624 de
3147 5579 3269 5625 ortu
3293 5568 3493 5625 Christi
3524 5567 3692 5632 dixit,
3725 5566 3793 5621 de

2193 5678 2470 5732 magorum
2499 5663 2752 5726 adventu,
2778 5670 2831 5716 et
2851 5661 2918 5716 de
2941 5670 3113 5714 morte
3137 5659 3385 5725 Herodis,
3406 5660 3583 5716 statim
3610 5656 3789 5712 addit:

2196 5753 2264 5809 In
2294 5755 2470 5808 diebus
2496 5751 2599 5807 illis
2640 5754 2769 5807 vertit
2797 5751 3025 5805 Joannes
3051 5750 3327 5820 Baptista;
3351 5758 3515 5820 atque
3554 5747 3786 5819 spatium

2203 5862 2465 5903 annorum
2489 5847 2702 5920 triginta
2729 5843 2988 5902 interfuit.
3015 5843 3122 5901 Sed
3145 5858 3264 5901 mos
3282 5843 3665 5916 estScripturae
3694 5835 3790 5895 illo
