4128 6404
501 327 605 385 697

504 446 581 500 ιιιί
610 444 926 503 enarranda:
967 444 1204 503 historiae
1244 443 1425 501 modo.
1449 444 1539 501 Sic
1584 444 1744 500 etiam
1789 443 1892 499 hoc
1930 442 2047 497 loco
2071 483 2087 509 ,

502 541 674 595 misso
701 539 1021 595 intermedio
1049 539 1197 596 omni
1228 546 1503 609 tempore,
1545 535 1688 607 quod
1719 535 1951 590 futurum
1978 542 2096 589 erat

500 631 772 686 excidium
804 631 944 686 inter
994 639 1050 689 et
1091 629 1350 701 principia
1394 626 1905 691 consummationis,
1951 624 2093 696 quid-

511 722 670 790 paulo
710 731 834 777 ante
879 721 1396 777 consummationem
1433 720 1668 774 futurum
1708 727 1850 773 esset
1887 726 2088 772 narrat.
2113 714 2121 723 ’“

503 810 664 877 Tunc,
690 812 889 882 inquit,
913 813 956 866 si
978 813 1088 883 quis
1109 812 1245 867 vobis
1262 812 1471 880 dixerit,
1487 810 1623 865 Ecce
1639 811 1721 864 hic
1741 819 1813 864 est
1833 809 2085 876 Christus,

498 913 587 956 aut
618 903 699 957 hic
723 944 737 968 ,
770 902 926 958 nolite
958 903 1177 957 credere.
1209 901 1429 959 interim
1473 902 1592 958 illos
1620 916 1651 956 a
1678 901 1796 956 loco
1824 901 2090 957 cautiores

499 997 644 1063 facit,
673 994 894 1051 secundi
924 995 1004 1051 sui
1034 993 1294 1050 adventus
1323 1002 1481 1049 notas
1512 993 1754 1063 proprias
1782 1006 2084 1058 recensens,

501 1104 714 1143 necnon
745 1087 1092 1143 seductorum
1140 1094 1376 1142 ostenta.
1404 1085 1521 1141 Non
1549 1086 1690 1141 enim
1722 1093 1780 1140 ut
1821 1085 1872 1139 in
1917 1086 2091 1155 primo

499 1193 598 1235 suo
611 1179 846 1234 adventu
864 1178 915 1234 in
930 1176 1240 1234 Bethlehem
1261 1187 1597 1249 apparuerat,
1609 1186 1662 1232 et
1685 1177 1738 1231 in
1763 1190 1925 1246 parvo
1944 1176 2090 1231 orbis

499 1270 719 1342 angulo,
752 1284 853 1325 nec
882 1268 989 1324 ullo
1021 1269 1297 1325 hominum
1323 1268 1377 1323 id
1416 1283 1447 1323 a
1477 1267 1737 1338 principio
1766 1267 1983 1333 sciente,
2018 1267 2088 1321 ita

501 1373 558 1421 et
587 1372 714 1419 tunc
749 1362 919 1433 inquit
954 1381 967 1418 :
996 1362 1089 1418 sed
1124 1372 1306 1432 aperte
1340 1370 1538 1418 etcum
1570 1361 1855 1430 splendore
1881 1403 1895 1428 ,
1929 1362 2000 1416 ita
2034 1372 2091 1416 ut

500 1469 587 1510 res
613 1454 800 1509 nuntio
828 1469 933 1508 non
962 1463 1135 1525 egeat.
1163 1453 1344 1525 Neque
1375 1468 1594 1525 parvum
1616 1452 1745 1508 illud
1772 1453 1983 1524 signum
2007 1462 2089 1508 est

499 1546 671 1616 ipsum
694 1562 800 1607 non
822 1546 1048 1602 latenter
1067 1556 1349 1629 venturum
1370 1562 1511 1602 esse.
1532 1546 1910 1603 Animadverte
1930 1561 2090 1616 porro

500 1638 587 1695 hic
611 1639 744 1695 nihil
774 1639 979 1695 narrari
1011 1640 1077 1695 de
1108 1640 1249 1696 bello
1278 1641 1676 1712 (narrationem
1712 1640 1855 1696 enim
1885 1640 1953 1696 de
1985 1640 2084 1696 ad-

500 1739 660 1786 ventu
688 1747 788 1788 suo
827 1732 993 1803 probe
1022 1733 1089 1787 ab
1120 1733 1206 1787 illa
1237 1733 1514 1802 distinguit
1537 1732 1556 1806 )
1577 1773 1592 1798 ,
1625 1733 1723 1791 sed
1763 1734 1873 1804 agit
1904 1733 1991 1789 hic
2019 1733 2087 1790 de

499 1823 564 1880 iis
583 1824 673 1896 qui
700 1824 959 1881 seducere
992 1827 1292 1883 tentubunt.
1318 1825 1451 1881 Nam
1479 1826 1567 1896 qui
1600 1836 1841 1895 tempore
1865 1836 2077 1895 aposto-

499 1915 670 1971 lorum
696 1914 853 1972 fuere
879 1915 1193 1987 deceptores
1218 1959 1233 1985 ,
1264 1919 1458 1973 multos
1485 1919 1819 1977 seduxerunt
1843 1916 2086 1990 (Venient

497 2004 662 2074 enim,
697 2008 887 2078 inquit,
915 2017 965 2062 et
992 2009 1238 2063 seducent
1261 2007 1486 2080 multos)
1514 2051 1527 2075 ,
1569 2009 1657 2080 qui
1686 2024 1813 2065 vero
1842 2020 1965 2065 ante
1993 2025 2081 2067 se-

496 2097 730 2153 cundum
746 2097 892 2154 illius
907 2098 1214 2161 adventum,
1236 2098 1343 2153 illis
1362 2098 1656 2155 deteriores
1677 2106 1860 2155 erunt:
1877 2098 2085 2155 Dabunt

495 2190 638 2246 enim
658 2229 676 2257 ,
708 2191 914 2261 inquit,
939 2190 1087 2262 signa
1110 2200 1158 2244 ct
1187 2191 1418 2263 prodigia
1436 2233 1452 2259 ,
1476 2193 1549 2246 ita
1577 2200 1660 2258 ut,
1689 2193 1732 2246 si
1757 2191 1868 2259 ﬁeri
1895 2192 2081 2262 possit,

495 2283 647 2339 etiam
672 2282 858 2338 electos
901 2284 1167 2339 seducunt.
1200 2283 1297 2339 llic
1340 2298 1499 2354 porro
1535 2283 1602 2338 de
1641 2283 1972 2339 Antichristo
2000 2282 2082 2339 lo-

493 2374 674 2445 quitur
694 2414 712 2439 ,
743 2374 918 2445 deque
961 2375 1276 2446 quibusdam
1305 2376 1421 2445 ejus
1455 2375 1731 2430 miniStris.
1762 2375 1839 2429 De
1876 2388 1982 2444 quo
2005 2374 2084 2429 sic

494 2465 692 2522 Paulus
718 2467 957 2537 loquitur
986 2485 1000 2521 :
1042 2483 1162 2522 cum
1190 2467 1332 2522 enim
1362 2477 1608 2522 vocasset
1637 2466 1785 2521 illum
1810 2466 2081 2521 hominem

495 2559 701 2627 peccati
727 2567 783 2612 et
825 2558 990 2612 lilium
1032 2558 1369 2628 perditionis,
1392 2558 1614 2621 intulit:
1647 2556 1807 2628 Cujus
1839 2556 2083 2611 adventus

492 2657 565 2702 est
585 2648 866 2702 secundum
911 2649 1259 2719 operationem
1285 2659 1477 2704 satana:
1494 2691 1509 2715 ,
1533 2650 1588 2704 in
1616 2650 1751 2704 omni
1775 2650 1958 2704 virtute
1979 2690 1995 2716 ,
2036 2660 2083 2704 et

492 2739 650 2811 signis
670 2780 688 2807 ,
720 2750 769 2797 et
790 2741 1039 2814 prodigiis
1060 2743 1348 2809 mendacii,
1373 2743 1426 2797 in
1455 2743 1594 2797 omni
1629 2742 1919 2812 deceptione
1942 2742 2081 2811 inju-

490 2833 679 2902 stitiat,
707 2832 762 2888 in
798 2833 864 2889 iis
902 2834 990 2904 qui
1024 2843 1236 2904 pereunt
1274 2833 1372 2906 (l.
1414 2833 1589 2888 Thess.
1622 2836 1677 2887 ‘2.
1708 2833 1807 2905 9).
1853 2834 1922 2889 Et
1961 2833 2080 2889 vide

490 2925 760 2995 quomodo
792 2925 917 2981 illos
940 2936 1128 2982 cautos
1157 2927 1364 2982 reddat.
1395 2925 1472 2982 Ne
1497 2928 1737 2993 exeatis,
1775 2928 1980 2997 inquit,
2026 2928 2078 2983 in

491 3015 761 3071 desertum
782 3056 798 3083 ,
833 3033 903 3072 ne
924 3017 1133 3073 intretis
1161 3018 1211 3071 in
1243 3017 1556 3088 penetralia.
1586 3024 1704 3074 Non
1740 3018 1892 3080 dixit,
1920 3019 2079 3076 Abite

491 3115 543 3163 et
556 3123 622 3164 ne
637 3107 860 3176 credite;
878 3108 994 3177 sed,
1013 3108 1090 3165 Ne
1108 3108 1499 3181 ingrediamini,
1521 3125 1691 3179 neque
1706 3109 2074 3180 egrediamini.

490 3198 673 3270 Magna
703 3200 846 3255 enim
874 3198 1017 3255 fraus
1045 3201 1144 3256 erit
1166 3243 1181 3269 ,
1208 3215 1277 3256 eo
1302 3200 1441 3271 quod
1469 3208 1522 3255 et
1548 3201 1697 3271 signa
1737 3200 1803 3257 ad
1835 3201 2074 3257 fraudem

489 3289 704 3349 dentur.

561 3382 614 3438 5.
645 3381 779 3438 Cum
808 3382 1030 3438 dixisset
1057 3398 1184 3453 ergo
1214 3382 1480 3453 quomodo
1510 3382 1597 3437 ille
1623 3392 1876 3438 venturus
1905 3393 2070 3453 esset,

490 3475 544 3530 in
583 3474 702 3531 loco
722 3490 918 3546 nempe
940 3476 1118 3545 aliquo
1135 3516 1149 3542 ,
1185 3485 1311 3531 tunc
1337 3476 1405 3531 de
1435 3490 1493 3530 se
1520 3476 1799 3546 quomodo
1820 3484 2074 3533 venturus

487 3568 557 3625 sit
584 3568 732 3625 dicit.
762 3568 1047 3638 Quomodo
1079 3580 1260 3625 autem
1287 3578 1546 3624 venturus
1575 3570 1696 3625 est?
1724 3569 1872 3626 Sicut
1899 3571 2078 3643 fulgur

486 3661 589 3716 exit
614 3659 675 3715 ab
705 3661 914 3728 oriente,
941 3669 986 3716 et
1005 3669 1215 3731 apparet
1240 3677 1398 3733 usque
1421 3662 1490 3715 ad
1516 3661 1824 3716 occidentem
1844 3703 1858 3728 ,
1887 3663 1961 3716 ita
1980 3663 2074 3717 erit

487 3762 534 3809 et
565 3754 807 3809 adventus
836 3752 962 3807 Filii
999 3753 1237 3808 hominis.
1283 3751 1382 3808 Ubi
1427 3753 1555 3807 enim
1577 3754 1728 3823 fuerit
1749 3769 1936 3824 corpus
1957 3796 1973 3824 ,
2004 3754 2074 3809 ibi

486 3845 921 3917 congregabantur
960 3854 1003 3899 et
1032 3844 1237 3914 aquilis.
1280 3843 1561 3912 Quomodo
1602 3844 1777 3914 fulgur
1811 3855 2031 3916 apparet
2054 3846 2080 3899 ἵ

487 3933 601 3990 Non
643 3948 779 4005 opus
818 3933 979 3990 habet
1009 3935 1229 4000 nuntio,
1264 3949 1369 3989 non
1397 3949 1660 4004 praecone,
1691 3934 1784 3989 sed
1811 3943 1865 3990 et
1888 3934 1953 3991 iis
1981 3937 2070 4006 qui

486 4027 629 4085 domi
657 4027 846 4083 sedent
874 4035 930 4082 et
960 4027 1023 4082 iis
1049 4025 1239 4097 quaein
1257 4025 1503 4081 thalamis
1531 4034 1684 4091 sunt,
1717 4028 1770 4082 in
1798 4036 2071 4083 momento

487 4134 581 4190 per
604 4117 791 4174 orbem
823 4126 992 4172 totum
1016 4116 1313 4186 apparebit.
1342 4115 1431 4172 Sic
1451 4116 1540 4172 ille
1566 4116 1828 4172 adventus
1853 4116 1976 4185 erit,
1998 4116 2069 4172 ob

484 4209 668 4281 gloriae
691 4208 975 4280 fulgorem,
999 4208 1159 4263 simul
1184 4206 1379 4277 ubique
1403 4221 1689 4277 apparens.
1722 4206 1880 4262 Aliud
1908 4221 2068 4277 porro

484 4303 693 4374 signum
721 4301 852 4357 dicit
880 4317 894 4354 a
931 4299 1029 4356 Ubi
1052 4314 1263 4367 corpus,
1295 4298 1366 4352 ibi
1388 4308 1436 4353 et
1468 4298 1688 4369 aquilis;
1722 4297 2063 4368 angelorum,

485 4404 778 4466 martyrum
822 4401 876 4448 et
916 4399 1220 4448 sanctorum
1279 4390 1516 4444 omnium
1560 4399 1731 4445 cantus
1777 4388 2062 4460 significat.

485 4485 687 4542 Deinde
705 4484 957 4541 terribilia
977 4483 1227 4539 miracula
1243 4482 1389 4538 dicit.
1413 4480 1666 4548 Quaenam
1691 4482 1812 4537 illa?
1832 4481 1922 4538 29.
1942 4481 2069 4538 Sta-

484 4577 574 4630 tim
612 4584 727 4647 post
762 4575 1136 4629 tribulationem
1162 4572 1355 4628 dierum
1384 4573 1587 4626 illorum
1614 4572 1692 4626 sol
1719 4570 2061 4626 obtenebrabi-

486 4677 590 4721 tur.
623 4666 1058 4731 Tribulationem
1084 4682 1320 4739 quarum
1356 4666 1568 4721 dierum
1598 4666 1730 4721 dicit
1755 4664 1812 4719 “l
1847 4663 2070 4720 Dierum

483 4759 803 4816 Antichristi
844 4768 900 4815 et
931 4758 1551 4830 pseudoprophetarum.
1590 4755 1892 4811 Tribulatio
1915 4769 2073 4810 nam-

478 4863 580 4919 que
608 4857 733 4903 tunc
753 4862 941 4918 magna
964 4847 1066 4903 erit
1084 4889 1099 4914 ,
1143 4861 1264 4902 cum
1293 4855 1368 4900 tot
1392 4845 1499 4900 sint
1526 4845 1844 4917 deceptores
1874 4845 2058 4902 futuri.

474 4939 582 4995 Sed
612 4955 719 4995 non
748 4939 814 4995 ad
840 4942 1064 4995 multum
1094 4938 1347 5009 temporis
1374 4936 1696 4993 extenditur.
1717 4934 1772 4993 Si
1794 4938 1938 4994 enim
1961 4937 2059 4995 Ju-

473 5031 683 5087 daicum
710 5031 906 5087 bellum
927 5039 1143 5102 propter
1163 5030 1361 5086 electos
1381 5028 1745 5086 abbreviatum
1766 5037 1869 5096 est,
1892 5031 2059 5086 multo

473 5124 643 5194 niagis
679 5130 898 5194 prOpter
922 5122 1142 5178 eosdem
1167 5122 1283 5178 haec
1312 5122 1535 5177 tentatio
1562 5123 1901 5190 reprimetur.
1931 5123 2059 5181 ideo

471 5215 789 5285 simpliciter
816 5231 920 5269 non
944 5213 1098 5279 dixit,
1126 5223 1245 5285 post
1274 5214 1695 5280 tribulationem,
1726 5214 1845 5284 sed,
1870 5215 2057 5271 Statim

472 5316 584 5372 post
613 5305 989 5360 tribulationem
1018 5305 1212 5359 dierum
1242 5290 1447 5359 illorum
1490 5306 1568 5360 sol
1604 5304 2009 5360 obtenebrabitur
2034 5321 2054 5361 .'

470 5411 595 5451 nam
639 5396 753 5454 fere
793 5397 952 5452 simul
1001 5396 1179 5451 omnia
1228 5397 1382 5451 fiunt.
1442 5395 1952 5468 Pseuda-pmphetae
2001 5408 2059 5457 et

473 5487 884 5558 pseudo-christi
915 5486 1267 5543 advenientes
1312 5487 1493 5541 turbas
1543 5486 1783 5553 dabunt,
1836 5498 1890 5543 et
1939 5491 2054 5560 ipse

469 5580 647 5639 statim
687 5581 879 5637 aderit.
938 5579 1123 5650 Neque
1166 5579 1308 5635 enim
1353 5593 1510 5649 parva
1555 5579 1885 5650 perturbatio
1930 5590 2054 5637 tunc

528 5770 546 5802 ³
576 5769 769 5825 Meum.
799 5767 1185 5823 Tribulationem
1207 5767 1701 5837 dierum,,quamnam
1733 5765 1892 5821 dicit?
1912 5769 2064 5820 Εοιτ.

1390 330 1459 386 ΙΝ
1494 328 1902 386 ΜΑΤΤΙΙΛΕΗΜ
1944 328 2173 386 llOliiL.
2218 330 2450 390 LXXVI.
2492 325 2571 393 al.
2610 335 2865 392 ιΧΧγη.

3684 346 3789 405 898

2201 436 2370 499 totum
2393 449 2579 504 orbem
2617 451 2920 520 occupabit.
2959 451 3239 523 Quomodo
3281 464 3461 512 autem
3491 457 3737 516 adveniet
3768 464 3791 516 ?

2196 535 2307 592 Ilac
2348 540 2732 611 transformata
2770 552 3014 599 creatura
3039 563 3061 602 a-
3083 561 3204 601 nam
3255 546 3355 604 Sol
3399 548 3783 619 obscurabitur,

2197 642 2300 683 non
2328 631 2560 701 deletus,
2593 633 2687 690 sed
2709 648 2995 706 superatus
3018 653 3046 692 a
3070 638 3274 696 lumine
3303 641 3449 697 illius
3479 641 3744 698 adventus
3771 663 3783 699 :

2197 719 2262 775 Et
2288 722 2449 778 stella
2475 724 2674 781 cadent.
2705 727 2838 794 Quis
2860 730 3002 784 enim
3034 740 3218 801 postea
3244 732 3465 787 illarum.
3484 749 3613 790 usus
3640 734 3784 791 futat-

2194 827 2288 867 rus
2329 824 2441 881 est,
2472 817 2615 871 nulla
2667 821 2968 878 exsistente
2998 824 3191 879 nocte?
3220 823 3288 878 Et
3314 825 3520 881 virtutes
3542 828 3785 882 cartorum

2192 905 2671 990 commovebuntur;
2696 917 2752 965 et
2774 909 2897 980 jure
2922 911 3139 982 quidem
3157 954 3174 980 ,
3198 915 3551 971 mutationem
3580 925 3782 972 tamtam

2194 994 2455 1051 videntes.
2495 997 2630 1053 Nam
2656 999 2702 1054 si
2732 1002 2944 1071 quando
2971 1005 3140 1059 stellae
3180 1003 3332 1061 facta:
3379 1017 3501 1063 sunt
3524 1048 3547 1075 ,
3585 1009 3654 1063 ita
3684 1022 3781 1065 ex-

2196 1082 2518 1144 horruerunt
2567 1097 2620 1145 et
2662 1092 2870 1147 miratae
2912 1103 3038 1149 sunt
3063 1093 3230 1166 (nam
3265 1097 3480 1162 Quando
3504 1099 3639 1167 facta
3667 1110 3785 1154 sunt

2193 1185 2330 1231 astra
2354 1218 2369 1238 ,
2399 1176 2598 1249 inquit,
2630 1181 2963 1238 laudauerunt
2991 1201 3071 1239 me
3097 1202 3283 1257 magna
3322 1204 3439 1242 voce
3475 1206 3646 1245 omnes
3688 1208 3785 1244 an-

2191 1269 2290 1339 geli
2335 1266 2456 1342 [Job
2481 1272 2571 1328 58.
2604 1271 2695 1348 7])
2720 1292 2733 1329 a
2758 1275 2927 1331 multo
2965 1278 3136 1347 magis
3177 1294 3297 1334 cum
3342 1279 3572 1337 viderint
3604 1284 3781 1337 omnia

2192 1368 2412 1428 mutata,
2444 1373 2498 1418 et
2524 1379 2814 1421 conservos
2839 1383 2966 1423 suos
2995 1385 3185 1439 pinnas
3211 1370 3442 1439 dantes,
3473 1381 3644 1429 totum
3686 1392 3777 1431 or—

2190 1452 2311 1507 bem
2351 1465 2474 1510 ante
2505 1459 2840 1513 tremendum
2874 1461 3104 1529 tribunal
3131 1463 3431 1520 adstantem
3458 1483 3475 1531 ;
3501 1481 3688 1521 omnes
3712 1467 3782 1521 ab

2191 1546 2359 1601 Adam
2403 1562 2570 1618 usque
2597 1548 2669 1603 ad
2697 1551 2982 1606 adventum
3028 1568 3220 1619 suum,
3266 1556 3504 1609 omnium
3555 1570 3777 1627 operum

2190 1639 2454 1695 rationem
2506 1640 2814 1709 reddentes,
2860 1644 3133 1715 quomodo
3185 1661 3290 1702 non
3341 1647 3695 1716 horrescent,
3727 1660 3783 1705 ct

2188 1732 2705 1787 commovebuntur?

2260 1820 2486 1877 Christus
2526 1840 2675 1878 suum
2714 1826 2991 1880 secundum
3027 1827 3295 1883 adventum
3329 1829 3581 1886 describit.
3615 1832 3782 1898 Quare

2188 1928 2315 1967 crux
2327 1914 2784 1984 apparebit.——50.
2804 1915 2942 1971 Tunc
2956 1917 3229 1988 apparebit
3241 1918 3447 1989 signum
3468 1917 3595 1973 Filii
3607 1924 3748 1977 hami
3754 1957 3779 1969 ο

2188 2003 2268 2057 nis
2295 2004 2348 2057 in
2374 2005 2498 2059 caelo
2536 2021 2556 2060 :
2592 2006 2643 2062 id
2675 2017 2792 2073 est,
2825 2023 2954 2064 crux
2982 2010 3096 2065 sole
3122 2010 3487 2081 splendidior:
3517 2014 3777 2084 siquidem

2187 2095 2265 2150 Sol
2297 2096 2679 2153 obtenebratur
2704 2108 2757 2155 et
2783 2100 3145 2168 absconditur,
3169 2118 3307 2157 crux
3324 2112 3501 2158 autem
3522 2114 3776 2176 apparet:

2188 2201 2362 2256 neque
2391 2200 2700 2259 appareret,
2732 2192 2834 2247 nisi
2859 2193 3122 2249 solaribus
3153 2194 3312 2265 longe
3339 2196 3503 2253 radiis
3529 2198 3769 2267 splendi-

2187 2277 2304 2332 dior
2343 2289 2505 2335 esset.
2552 2279 2661 2335 Cur
2706 2293 2883 2338 autem
2936 2283 3037 2339 hoc
3073 2285 3282 2356 signum
3308 2288 3565 2356 apparet?
3596 2287 3660 2344 Ut
3689 2288 3777 2343 Ju-

2185 2371 2426 2428 decorum
2473 2373 2797 2443 impudentia
2847 2376 3003 2446 plane
3045 2378 3388 2445 reprimetur.
3431 2378 3779 2436 iustificatio-

2186 2481 2310 2521 nem
2333 2467 2527 2537 quippe
2552 2482 2800 2538 magnam
2821 2467 3022 2523 habens
3041 2468 3307 2535 Christus,
3330 2486 3524 2539 nempe
3539 2485 3775 2534 erucem,

2186 2556 2239 2611 in
2269 2556 2369 2613 hoc
2397 2557 2633 2612 tribunal
2658 2557 2878 2613 advenit
2911 2577 2922 2612 ε
2959 2574 3132 2630 neque
3164 2569 3365 2615 tantum
3398 2560 3617 2616 vulnera
3639 2603 3653 2626 ,
3683 2562 3775 2617 sed

2187 2648 2591 2718 ignominiosam
2619 2658 2849 2704 mortem
2875 2649 3129 2705 ostendit.
3165 2649 3305 2704 Tunc
3335 2650 3576 2721 plangunt
3595 2652 3773 2706 tribus.

2184 2741 2337 2797 Nulla
2365 2741 2650 2797 accusandi
2682 2742 2974 2797 necessitas
2998 2742 3120 2807 erit,
3147 2756 3269 2797 cum
3293 2743 3518 2798 viderint
3539 2758 3777 2805 crucem;

2186 2831 2436 2903 plangent
2457 2874 2472 2899 ,
2498 2832 2621 2903 quia
2648 2832 2738 2886 illo
2770 2841 3017 2901 mortuo,
3061 2833 3191 2888 nihil
3228 2832 3353 2889 inde
3389 2833 3619 2888 fructum
3649 2850 3776 2905 per-

2184 2933 2440 2995 ceperunt
2466 2942 2481 2979 :
2511 2925 2761 2994 quoniam
2790 2925 3170 2981 erucilixerunt
3199 2942 3326 2983 eum
3355 2942 3515 2997 quem
3548 2927 3777 2983 adorare

2182 3014 2481 3085 oportebat.
2526 3014 2714 3071 Viden’
2737 3031 2896 3086 quam
2930 3017 3239 3073 terribiliter
3282 3033 3440 3074 suum
3489 3019 3775 3074 adventum

2182 3104 2499 3161 describat?
2546 3106 2816 3175 quomodo
2865 3106 3248 3178 discipulorum
3303 3110 3513 3164 animos
3565 3110 3777 3181 erigat?

2181 3196 2387 3252 ldcirco
2428 3197 2597 3253 tristia
2631 3199 2803 3268 primo
2830 3200 3016 3269 ponit,
3048 3208 3102 3255 et
3139 3208 3261 3271 post
3288 3199 3403 3256 haec
3433 3199 3572 3256 bona
3603 3210 3658 3256 et
3690 3202 3777 3272 ju-

2181 3288 2375 3355 cuuda,
2431 3298 2488 3344 ut
2535 3290 2612 3346 sic
2660 3290 2785 3346 illos
2831 3291 3157 3349 consoletur.
3207 3292 3517 3348 Passionem
3563 3309 3776 3365 quoque

2180 3396 2390 3436 rursum
2418 3390 2824 3449 commemorat,
2856 3396 3065 3438 necnon
3092 3383 3545 3440 resurrectionem
3565 3426 3581 3452 ,
3611 3393 3772 3455 atque

2179 3472 2540 3543 splendidiore
2567 3472 2735 3529 modo
2752 3488 2968 3530 crucem
2995 3483 3294 3543 memorat,
3323 3491 3394 3532 ne
3423 3477 3593 3548 pudor
3624 3477 3772 3548 ipsos

2178 3564 2263 3621 vel
2306 3562 2460 3618 dolor
2488 3563 2731 3630 invadat,
2759 3580 2880 3620 eum
2900 3564 3011 3636 jam
3042 3567 3222 3621 veniat
3265 3567 3410 3622 illam
3465 3583 3562 3638 pro
3610 3569 3763 3639 signo

2181 3655 2467 3726 positurus.
2499 3655 2648 3710 Alius
2675 3672 2805 3712 vero
2833 3655 2996 3723 dicit,
3038 3656 3289 3712 Videbunt
3329 3658 3383 3712 in
3428 3675 3576 3730 quem
3606 3668 3773 3714 trans-

2176 3748 2396 3817 ﬁxerunt
2437 3744 2624 3815 (Zach.
2658 3748 2744 3803 12.
2780 3747 2891 3818 10).
2922 3747 3047 3803 Ideo
3074 3749 3324 3820 plangent
3350 3749 3518 3805 tribus
3538 3792 3553 3816 ,
3585 3751 3771 3805 viden-

2179 3849 2258 3895 tes
2301 3841 2548 3895 eumdem
2589 3843 2757 3910 ipsum
2802 3854 2941 3896 esse.
2988 3839 3275 3911 Postquam
3324 3849 3501 3896 autem
3552 3858 3766 3898 crucem

2175 3930 2636 3998 commemoravit,
2668 3930 2872 4001 adjicit,
2913 3929 3158 3986 Videbunt
3177 3929 3371 3986 Filium
3400 3932 3617 3987 hominis
3632 3933 3773 3987 υίιηὶε

2174 4032 2369 4091 entem,
2397 4038 2501 4079 non
2535 4023 2586 4078 in
2612 4039 2804 4090 cruce,
2837 4024 2962 4090 sed,
2989 4023 3054 4079 In
3083 4024 3294 4080 nubibus
3327 4025 3440 4079 cwli
3476 4043 3590 4080 cum
3620 4038 3764 4096 pote-

2172 4126 2300 4172 state
2324 4127 2371 4173 et
2394 4118 2656 4187 ntajestate
2680 4134 2865 4190 magna
2891 4116 3070 4189 (Joan.
3107 4117 3194 4175 l9.
3227 4117 3339 4192 57.).
3372 4117 3450 4174 Ne
3479 4118 3600 4190 quia
3632 4135 3761 4174 cru-

2171 4223 2288 4265 cem
2331 4208 2561 4276 audisti,
2592 4208 2787 4279 inquit,
2822 4219 2980 4281 putes
3006 4208 3199 4265 adesse
3236 4207 3363 4280 quid
3410 4209 3593 4276 triste;
3640 4225 3765 4273 nam

2170 4314 2291 4355 cum
2333 4307 2596 4370 potestate
2642 4308 2698 4356 et
2739 4300 3020 4371 majestate
3062 4314 3251 4371 magna
3294 4301 3491 4356 veniet.
3530 4299 3754 4356 Crucem

2169 4399 2349 4446 autem
2376 4399 2584 4462 gestat,
2618 4400 2674 4446 ut
2701 4400 2974 4462 peceatum
3007 4393 3241 4461 ipsorum
3275 4392 3378 4447 hoc
3406 4391 3522 4461 ipso
3564 4401 3616 4446 et
3663 4409 3758 4463 per

2169 4498 2228 4540 se
2255 4481 2644 4538 condemnetur
2676 4500 2691 4539 ς
2723 4493 2782 4538 ut
2810 4485 2854 4538 si
2886 4485 3004 4554 quis
3030 4481 3206 4553 lapide
3237 4496 3541 4552 percussus,
3582 4482 3757 4553 ipsum

2168 4575 2398 4647 lapidem
2425 4574 2767 4642 ostenderet,
2797 4575 2890 4630 vel
2931 4575 3241 4629 vestimenta
3288 4580 3583 4629 cruentata.
3611 4575 3678 4629 Et
3702 4574 3768 4629 in

2166 4666 2308 4723 nube
2352 4667 2551 4733 veniet,
2595 4666 2733 4722 sicut
2779 4674 3241 4736 assumptusest;
3272 4665 3491 4737 haecque
3516 4665 3772 4721 videntes.

2168 4761 2338 4816 tribus
2385 4759 2608 4814 ﬂebunt.
2655 4758 2839 4830 Neque
2887 4758 3023 4814 intra
3069 4757 3251 4814 ﬂetum
3279 4759 3536 4814 sistentur
3564 4759 3750 4813 mala:

2165 4852 2258 4907 sed
2286 4851 2407 4908 ideo
2436 4850 2590 4906 ﬂetus
2620 4850 2756 4917 erit,
2798 4847 3201 4905 ut'sententiam
3234 4849 3409 4905 ferant
3449 4858 3505 4904 et
3545 4850 3753 4919 seipsos

2163 4941 2436 4997 damnent.
2465 4940 2616 4996 Tunc
2642 4948 2818 4996 autem
2852 4954 3058 5007 rursus,
3080 4940 3170 4994 51.
3205 4939 3372 4994 Mittet
3397 4939 3604 5011 angelos
3633 4954 3753 4994 suos

2164 5049 2278 5087 cum
2299 5031 2418 5086 tuba
2442 5047 2669 5103 magna,
2704 5040 2749 5085 et
2785 5030 3159 5102 congregabunt
3208 5032 3389 5085 electos
3434 5048 3499 5085 ea:
3534 5040 3754 5100 quatuor
3844 5080 3851 5083 Α

2162 5125 2341 5192 uentis,
2381 5141 2413 5179 a
2451 5124 2662 5178 summis
2705 5125 2945 5178 caelorum
2970 5139 3129 5195 usque
3168 5124 3236 5177 ad
3278 5125 3516 5179 terminos
3554 5139 3747 5179 eorum.

2161 5220 2294 5273 Cum
2326 5217 2440 5277 haec
2469 5216 2702 5272 audieris
2722 5257 2736 5280 ,
2764 5215 2934 5286 cogita
2966 5229 3151 5271 eorum
3181 5215 3269 5286 qui
3302 5217 3599 5272 manebunt
3622 5230 3749 5285 sup-

2163 5310 2397 5381 plicium.
2425 5308 2704 5367 Nonenim
2735 5317 2937 5365 tantum
2964 5307 3082 5362 illas
3110 5322 3295 5378 plenas
3319 5308 3542 5370 dabunt.
3570 5306 3664 5363 sed
3694 5317 3756 5362 et

2163 5402 2297 5461 hanc
2327 5416 2558 5472 quoque.
2590 5401 2656 5456 Et
2681 5402 2822 5457 sicut
2849 5400 3064 5456 dicebat
3087 5414 3247 5472 supra
3272 5442 3288 5465 ,
3315 5400 3554 5457 dicturos
3582 5390 3744 5463 esse,

2158 5492 2457 5551 Benedictus
2483 5493 2566 5562 qui
2587 5493 2716 5546 venit
2744 5492 2798 5546 in
2821 5492 3023 5546 nomine
3042 5489 3248 5547 Domim
3268 5490 3482 5561 (Matth.
3503 5489 3593 5546 25.
3609 5489 3741 5560 Δἒ⁷ι9);

2158 5587 2236 5643 sic
2279 5587 2379 5642 hoe
2417 5587 2535 5641 loco
2577 5585 2734 5651 dicit,
2769 5583 3043 5658 Plungent.
3086 5584 3219 5653 Quia
3241 5584 3382 5638 enim
3408 5583 3475 5639 de
3493 5582 3745 5652 gravibus

2157 5679 2311 5736 bellis
2336 5680 2482 5746 ipsos
2508 5678 2812 5748 alloquutus
2838 5684 2922 5732 est
2940 5716 2956 5743 ,
2988 5685 3044 5731 ut
3067 5675 3306 5739 discant,
3336 5684 3459 5746 post
3480 5676 3636 5750 hujus
3659 5677 3743 5729 vi-

2162 5781 2229 5828 tae
2253 5770 2413 5839 mala,
2446 5768 2624 5825 futura
2648 5769 2768 5831 illos
2788 5777 3057 5834 tormenta
3082 5782 3323 5839 manere,
3353 5783 3406 5832 et
3431 5777 3748 5850 plangentes
