4128 6404
374 346 478 403 699

383 457 628 523 inducit,
676 466 732 514 et
759 457 826 512 ab
849 456 1036 512 electis
1061 464 1369 526 segregatos
1387 496 1403 521 ,
1437 464 1490 510 et
1516 453 1776 526 gehennae
1808 449 1971 505 tradi-

385 565 466 607 tos
501 569 514 606 :
549 551 778 621 hincque
809 563 1020 602 rursum
1051 548 1342 617 discipulos
1371 547 1666 612 suscitans,
1695 543 1928 599 ostendit
1955 584 1970 606 ,

381 659 412 695 a
464 641 678 712 quantis
724 638 1090 694 liberabuntur
1136 638 1331 704 malis,
1374 645 1430 692 et
1477 636 1689 707 quantis
1733 635 1974 690 fruentur

385 733 564 788 bonis.

451 824 506 878 ι.
557 822 626 877 Et
677 838 774 877 cur
829 836 925 892 per
975 821 1194 891 angelos
1244 829 1402 876 vocat
1446 819 1585 886 illos,
1617 819 1660 873 si
1689 818 1766 872 sic
1799 816 1971 885 palam

382 924 642 970 venturus
677 914 790 968 sit?
821 913 889 970 Ut
916 913 1017 968 illis
1051 913 1196 968 hunc
1221 927 1439 984 quoque
1465 912 1722 965 honorem
1756 909 1970 963 tribuat.

383 1007 580 1064 Paulus
623 1023 752 1064 vero
803 1008 878 1063 ait
908 1007 1053 1077 ipsos
1091 1007 1377 1076 rapiendos
1397 1021 1517 1060 esse
1545 1007 1594 1059 in
1625 1003 1873 1058 nubibus.
1909 1001 1976 1056 Et

387 1100 489 1155 hoc
532 1101 692 1155 etiam
739 1099 907 1165 dicit,
960 1113 1082 1155 cum
1130 1099 1198 1152 de
1253 1097 1646 1153 resurrectione
1695 1096 1972 1165 loquitur:

389 1190 508 1262 Ipse
532 1192 696 1252 enim.
727 1191 917 1262 inquit,
950 1189 1194 1244 Dominus
1216 1189 1477 1243 descendet
1499 1189 1561 1241 de
1579 1187 1702 1241 creto
1717 1187 1769 1240 in
1785 1187 1937 1256 jussu
1958 1225 1972 1250 ,

385 1286 439 1341 in
484 1301 601 1341 uoce
637 1284 932 1355 archangeli
973 1284 1049 1353 (1.
1082 1281 1265 1338 Thess.
1300 1283 1354 1336 4.
1387 1279 1498 1353 15).
1529 1279 1710 1349 Itaque
1735 1294 1855 1333 cum
1887 1293 1975 1332 reo

387 1380 753 1446 surrexerint,
781 1378 956 1448 angeli
985 1377 1132 1447 ipsos
1154 1375 1554 1446 congregabunt
1577 1415 1594 1440 ,
1625 1378 1977 1442 congregatos

386 1483 567 1530 autem
598 1473 766 1527 nubes
810 1472 1018 1542 rapient
1061 1480 1161 1526 :et
1210 1469 1324 1524 haec
1376 1469 1556 1523 omnia
1606 1467 1659 1521 in
1705 1474 1977 1520 momento

389 1566 544 1620 fiunt.
590 1565 774 1635 Neque
812 1565 954 1618 enim
1001 1578 1214 1618 sursum
1249 1577 1472 1616 manens
1501 1570 1656 1614 vocat
1687 1559 1836 1622 illos,
1883 1558 1976 1611 Sed

390 1661 505 1728 ipse
531 1659 674 1712 venit
707 1658 758 1711 in
793 1657 938 1711 tuba.
975 1655 1040 1709 Et
1065 1655 1191 1726 quid
1219 1653 1322 1709 sibi
1346 1654 1532 1707 volunt
1559 1651 1698 1705 tubae
1729 1659 1783 1705 et
1814 1649 1980 1704 soni?

390 1753 473 1807 Ad
517 1750 940 1815 suseitationem,
972 1747 1036 1800 ad
1066 1747 1332 1808 l:t:titiam,
1357 1744 1421 1799 ad
1444 1742 1819 1799 declarandum
1863 1749 1978 1794 stu-

403 1858 608 1913 porem,
627 1841 972 1909 doloremque
999 1853 1185 1894 eorum
1205 1836 1291 1906 qui
1307 1836 1693 1904 relinquentur.
1714 1833 1805 1887 Vae
1827 1832 1981 1886 nobis

392 1951 421 1990 ει
445 1935 532 1990 die
559 1935 648 1989 illo
678 1931 900 1987 terribili
926 1949 938 1982 :
963 1946 1083 1986 cum
1111 1937 1387 1999 oporteret
1409 1943 1504 1982 nos
1522 1927 1753 1998 gaudere
1768 1924 1982 1995 quando

394 2029 519 2083 talia
550 2027 821 2089 audimus,
850 2026 1116 2089 dolemus,
1145 2033 1196 2077 et
1217 2022 1396 2077 animo
1423 2021 1634 2091 dejecto
1663 2021 1846 2074 su'mus
1871 2057 1887 2085 ,
1918 2033 1982 2072 ac

393 2134 624 2173 maerore
655 2116 990 2171 Cottlicimur.
1021 2114 1155 2168 Nam
1187 2129 1284 2183 ego
1312 2113 1461 2166 solus
1489 2111 1604 2167 haec
1641 2110 1836 2181 patior,
1856 2125 1980 2164 vos—

391 2226 494 2280 que
523 2209 768 2280 gaudetis
793 2207 906 2261 haec
930 2205 1231 2271 audientes,
1259 2204 1384 2258 dum
1415 2217 1501 2258 me
1531 2213 1584 2257 et
1622 2201 1814 2256 horror
1835 2201 1982 2255 iuva-

389 2302 488 2368 dit,
512 2316 635 2356 cum
663 2299 782 2355 haec
805 2298 1078 2362 dicuntur,
1110 2306 1164 2350 ct
1193 2297 1429 2365 graviter
1456 2295 1632 2364 lugeo,
1662 2307 1838 2363 exque
1859 2291 2012 2346 inti--

391 2409 479 2450 mo
508 2393 672 2448 corde
699 2390 1034 2463 ingemisco?
1059 2389 1199 2445 Nihil
1231 2388 1345 2443 hrec
1369 2388 1433 2442 ad
1458 2403 1562 2453 me,
1593 2385 1689 2443 sed
1716 2401 1834 2457 quae
1859 2400 1981 2442 mox

390 2497 720 2558 sequuntur,
752 2500 871 2556 qua:
901 2485 1134 2555 virgines
1161 2490 1439 2553 spectant,
1477 2489 1532 2536 et
1571 2495 1688 2550 qure
1721 2479 1870 2534 illum
1893 2479 1983 2549 qui

389 2591 665 2649 acceptum
691 2579 946 2632 talentum
978 2575 1216 2640 defodit,
1258 2583 1308 2629 et
1337 2590 1454 2644 qua:
1481 2588 1692 2630 servum
1733 2587 1981 2643 nequam.

391 2673 516 2729 Ideo
544 2674 814 2743 lacrymor
837 2713 851 2736 ,
885 2670 1130 2741 cogitans
1165 2685 1229 2724 ex
1276 2676 1469 2739 quanta
1507 2665 1674 2738 gloria
1717 2665 1985 2736 delapsuri

391 2767 558 2822 simus
581 2807 597 2832 ,
627 2781 692 2819 ex
721 2775 1041 2836 quantorurn
1087 2777 1182 2831 spe
1214 2762 1473 2815 bonorum
1497 2801 1511 2827 ,
1544 2759 1701 2830 idque
1728 2767 1986 2828 perpetuo

378 2869 442 2914 ,et
467 2873 714 2928 semper,
768 2873 834 2913 ne
874 2870 1064 2927 parum
1107 2853 1265 2908 studii
1317 2852 1710 2923 impendamus.
1760 2850 1895 2905 Nam
1941 2849 1984 2903 si

393 2953 592 3006 multus
621 2959 766 3006 esset
796 2949 967 3014 labor,
1003 2946 1049 3001 si
1074 2946 1254 3016 gravis
1280 2945 1392 3009 lex,
1421 2945 1500 2999 sic
1521 2958 1732 3015 quoque
1773 2949 1988 3011 Oporte-

393 3049 476 3096 rct
506 3040 638 3097 nihil
683 3055 787 3094 non
818 3053 999 3110 agere.
1033 3038 1283 3092 Attamen
1312 3036 1555 3106 plerique
1583 3033 1797 3089 desides
1825 3048 1989 3088 excu-

393 3143 652 3189 sationem
671 3130 958 3204 quamdam
979 3129 1176 3185 habere
1197 3127 1505 3183 viderentur
1523 3143 1538 3192 ;
1559 3125 1800 3196 frigidam
1815 3133 1986 3192 certe,

393 3225 488 3281 sed
531 3235 706 3280 tamen
753 3223 1065 3281 viderentur
1092 3222 1331 3286 habere;
1363 3228 1750 3290 praeceptorum
1797 3232 1990 3286 nempe

395 3318 783 3384 difficultatem,
807 3316 950 3387 quod
975 3331 1197 3386 magnus
1225 3315 1294 3370 sit
1319 3314 1490 3379 labor,
1517 3312 1658 3382 quod
1679 3311 1987 3366 diuturnum

396 3421 607 3480 tempus
632 3449 648 3477 ,
680 3419 734 3463 et
763 3408 1100 3463 intolerabile
1124 3420 1260 3461 onus
1291 3424 1305 3459 :
1339 3420 1484 3459 nunc
1513 3412 1691 3458 autem
1724 3402 1856 3457 nihil
1886 3402 1990 3456 tale

396 3503 689 3559 obtendere
707 3515 1009 3571 possumus,
1023 3498 1166 3572 quod
1189 3507 1368 3552 tamen
1383 3496 1548 3568 magis
1572 3510 1728 3566 quam
1747 3494 1990 3565 gehenna

397 3610 496 3648 nos
539 3592 789 3648 corrodet
819 3593 870 3647 in
918 3599 1163 3661 tempore
1203 3589 1326 3654 illo,
1357 3603 1478 3642 cum
1520 3585 1589 3640 ob
1617 3585 1990 3640 brevissimum

401 3689 658 3759 temporis
684 3687 936 3758 spatium,
968 3695 1021 3740 et
1051 3684 1300 3738 sudorem
1335 3697 1575 3752 parvum,
1609 3695 1831 3750 regnum
1854 3678 1993 3733 ami-

399 3783 629 3836 serimus
658 3790 712 3836 et
734 3777 1019 3835 ineffabilia
1049 3777 1210 3832 bona.
1239 3775 1369 3830 Nam
1395 3783 1450 3830 et
1473 3781 1681 3843 tempus
1703 3772 1864 3827 breve
1889 3779 1992 3838 est,

401 3883 455 3928 et
484 3873 636 3929 labor
664 3871 940 3937 modicus;
973 3879 1026 3925 et
1054 3879 1228 3923 tamen
1262 3866 1579 3922 resolvimur
1599 3872 1653 3920 et
1677 3862 1993 3918 decidimus.

406 3965 460 4019 In
492 3973 633 4019 terra
658 3963 902 4019 decertas
921 4004 936 4030 ,
969 3971 1022 4017 et
1048 3960 1100 4016 iu
1127 3959 1275 4014 crelis
1301 3972 1498 4013 corona
1525 3965 1642 4022 est;
1675 3955 1742 4011 ab
1765 3953 1998 4010 homini-

405 4059 505 4113 bus
547 4053 834 4121 cruciaris,
885 4063 939 4109 et
980 4069 1008 4106 a
1057 4053 1164 4107 Deo
1213 4051 1470 4106 honorem
1521 4047 1749 4118 accipis;
1791 4046 1999 4102 duobus

407 4149 583 4205 curris
609 4147 799 4204 diebus
819 4188 834 4212 ,
866 4153 924 4201 et
942 4144 1008 4199 ad
1033 4143 1227 4199 saecula
1256 4143 1458 4198 infinita
1482 4141 1661 4196 bravia
1687 4139 1916 4209 accipis;
1945 4138 1998 4193 in

407 4251 664 4312 corrupto
704 4253 932 4311 corpore
974 4237 1114 4293 lucta
1135 4278 1150 4303 ,
1180 4245 1235 4290 et
1276 4235 1328 4290 in
1357 4235 1668 4304 incorrupto
1698 4234 1892 4289 honor.
1923 4234 2003 4288 Ac

408 4346 606 4410 praeter
637 4335 752 4390 lucc
783 4332 913 4389 illud
944 4331 1104 4387 etiam
1131 4331 1368 4400 cogitare
1395 4335 1628 4398 oportet,
1659 4326 1868 4382 etiamsi
1893 4341 2001 4380 non

410 4437 631 4503 prOpter
657 4426 926 4482 Christum
955 4421 1156 4493 aliquid
1190 4420 1294 4492 pati
1322 4419 1520 4474 doloris
1547 4418 1794 4485 velimus,
1819 4425 1874 4472 at
1896 4416 2005 4486 pati

411 4537 512 4582 nos
557 4519 780 4577 omnino
829 4531 1052 4573 necesse
1101 4515 1234 4570 fore.
1286 4512 1468 4583 Neque
1509 4511 1652 4567 enim
1695 4511 1741 4566 si
1785 4520 2008 4581 propter

413 4614 686 4672 Christum
711 4627 815 4667 non
839 4610 1105 4672 moriaris,
1140 4607 1258 4663 ideo
1290 4605 1605 4660 immortalis
1630 4604 1738 4659 eris
1778 4621 1792 4658 :
1832 4617 2007 4674 neque

413 4710 462 4766 si
488 4717 708 4782 propter
733 4705 1003 4761 Christum
1034 4703 1245 4757 divitias
1265 4715 1370 4755 non
1397 4697 1656 4762 effundas,
1688 4697 1804 4751 illas
1832 4705 2005 4750 tecum

416 4805 650 4863 auferes.
684 4803 730 4858 A
759 4811 811 4858 te
841 4801 928 4856 illa
956 4799 1138 4870 exigit,
1167 4814 1285 4870 quae
1311 4797 1470 4852 etiam
1491 4796 1606 4866 ipso
1631 4811 1736 4850 non
1763 4795 2010 4866 exigente

419 4898 642 4959 daturus
667 4911 726 4952 es
751 4937 766 4963 ,
794 4895 915 4965 quia
947 4891 1185 4948 mortalis
1225 4907 1322 4955 es;
1369 4891 1484 4944 lucc
1528 4898 1580 4944 te
1627 4888 1856 4944 libenter
1899 4887 2013 4942 vult

417 4989 617 5055 facere,
677 5003 796 5058 quas
855 4985 1155 5040 necessario
1204 4983 1440 5038 facturus
1483 4995 1560 5036 es.
1592 4979 1706 5036 Hoc
1741 4980 1912 5035 solum
1956 4989 2015 5033 ut

423 5082 564 5140 adsit
605 5088 749 5151 Optat
769 5121 782 5142 ,
832 5087 887 5132 ut
917 5086 1134 5147 propter
1177 5076 1352 5146 ipsum
1375 5072 1478 5128 hoc
1507 5072 1628 5136 fiat;
1659 5069 1801 5140 quod
1833 5079 2013 5125 autem

423 5176 539 5235 haec
569 5173 744 5230 omnia
775 5174 1084 5240 contingant
1109 5177 1160 5223 et
1189 5174 1480 5227 transeant.
1512 5180 1576 5219 ex
1602 5172 1802 5218 natura:
1830 5176 2016 5217 necesa

425 5271 582 5328 sitate
605 5266 681 5322 ﬁt.
717 5264 902 5322 Viden’
931 5278 1087 5333 quam
1119 5261 1272 5317 facile
1301 5257 1612 5316 certamen?
1640 5257 1768 5324 Qua:
1795 5256 2017 5311 omnino

430 5373 684 5429 passurus
711 5373 769 5416 es
791 5398 804 5420 ,
837 5355 1037 5424 inquit,
1068 5363 1285 5422 promer
1328 5366 1413 5405 me
1457 5359 1639 5420 patere
1670 5366 1682 5401 :
1711 5347 1815 5409 hoc
1842 5349 2017 5402 solum

429 5455 676 5525 addatur,
718 5461 773 5506 et
817 5450 865 5504 id
912 5463 1008 5520 pro
1049 5445 1240 5502 idonea
1266 5443 1610 5514 obsequentia
1643 5441 1834 5501 habeo.
1867 5439 2019 5512 Quod

432 5549 520 5606 alii
551 5555 887 5600 mutuaturus
911 5556 1098 5597 aurum
1127 5555 1188 5596 es
1211 5581 1227 5606 ,
1251 5537 1380 5592 mihi
1409 5544 1652 5591 mutuare
1677 5550 1798 5589 cum
1830 5533 2019 5603 majori

437 5642 641 5694 faenore
679 5652 744 5690 ac
767 5635 1054 5690 securitate
1083 5649 1098 5686 :
1129 5631 1272 5704 quod
1297 5643 1491 5699 corpus
1522 5627 1675 5680 alteri
1705 5625 1905 5680 militia:
1942 5624 2022 5680 vis

432 5727 770 5793 adscribere,
811 5743 943 5783 mea:
983 5725 1228 5780 adscribe
1259 5743 1271 5780 :
1304 5738 1423 5775 nam
1472 5717 1681 5774 labores
1723 5725 1842 5772 tuos
1870 5716 2022 5794 longe

427 5816 683 5878 excedam
721 5817 980 5874 mercedis
1008 5813 1388 5882 magnitudine.
1421 5810 1500 5865 Tu
1525 5823 1650 5863 vero
1678 5809 1729 5863 in
1755 5806 1874 5863 aliis
1899 5821 2021 5862 eum

1061 343 1117 399 S.
1157 339 1434 398 JOANNIS
1472 333 1949 395 CHRYSOSTOM!
1989 332 2305 389 ARCIllEP.
2345 330 2882 393 CONSTANTINOP.

3569 341 3672 399 700

2082 463 2296 518 semper
2323 449 2544 519 praifers
2564 492 2578 516 ,
2610 451 2701 522 qui
2732 452 2884 523 plura
2930 451 3208 521 retribuit,
3255 451 3308 510 in
3351 464 3536 512 mutuo
3558 502 3573 525 ,
3620 460 3672 514 in

2081 541 2381 610 emptione.
2411 543 2463 596 in
2491 543 2677 597 militia
2711 563 2726 599 :
2757 541 3028 599 Christum
3057 546 3230 602 solum
3259 562 3364 604 non
3392 551 3631 607 admittis
3657 595 3670 615 ,

2015 699 2028 710 δ
2081 633 2170 700 qui
2217 633 2335 702 plus
2382 641 2436 688 et
2485 634 2738 690 intinities
2776 635 2892 705 plus
2936 638 3138 706 praebet
3174 655 3332 710 quam
3359 644 3562 697 caeteri.
3611 644 3676 699 Et

2081 724 2224 792 quod
2260 725 2361 780 hoc
2388 725 2620 780 bellum?
2647 743 2764 798 qua;
2792 728 2908 784 haec
2938 729 3247 786 inimicitia?
3277 732 3548 790 Undenam
3576 739 3672 792 de-

2084 831 2228 870 mum
2261 819 2472 872 veniam
2502 831 2555 874 et
2580 821 2980 876 excusationem
3013 822 3235 880 habebis
3256 867 3272 893 ,
3299 842 3422 882 cum
3455 829 3506 883 in
3535 831 3673 886 iisin

2080 907 2274 976 quibus
2304 907 2548 963 homines
2587 910 2890 967 hominibus
2918 917 3232 984 anteponis,
3263 935 3330 974 ne
3360 919 3526 976 Deum
3551 923 3673 992 qui-

2081 998 2202 1054 dem
2230 1000 2309 1054 vis
2340 1000 2642 1056 hominibus
2669 1007 3032 1073 anteponere?
3055 1007 3164 1063 Cur
3183 1016 3342 1065 terrm
3365 1010 3674 1070 thesaurum

2083 1091 2287 1146 tradis?
2318 1091 2374 1146 lu
2401 1094 2644 1148 manibus
2674 1097 2809 1151 meis
2837 1112 3060 1166 repone,
3089 1099 3279 1172 inquit.
3311 1104 3504 1160 Annon
3530 1107 3677 1164 vide-

2083 1190 2170 1235 tur
2209 1182 2302 1238 tibi
2348 1183 2602 1239 Dominus
2649 1195 2805 1241 terrae
2833 1187 2998 1243 tutior
3035 1206 3157 1247 esse
3183 1207 3341 1263 quam
3371 1198 3554 1252 terra?
3579 1198 3674 1256 Illa

2081 1273 2381 1344 depositum
2426 1276 2635 1344 reddit,
2686 1295 2858 1348 neque
2901 1282 3073 1336 reddit
3122 1299 3381 1354 semper:
3411 1289 3500 1344 ille
3545 1305 3675 1346 vero

2082 1365 2240 1418 etiam
2290 1367 2590 1421 mercedem
2634 1383 2730 1438 pro
2765 1372 3002 1426 custodia
3030 1373 3099 1428 ab
3147 1389 3205 1430 se
3250 1374 3430 1432 habita
3476 1380 3671 1436 reddit.

2089 1456 2253 1512 Valde
2278 1458 2474 1528 quippe
2504 1475 2600 1515 nos
2626 1471 2788 1516 amat.
2821 1463 2944 1517 Ideo
2972 1466 3016 1520 si
3045 1478 3230 1522 mutuo
3251 1468 3379 1524 dare
3410 1473 3666 1542 volueris,

2087 1561 2299 1620 paratus
2325 1561 2407 1606 est
2431 1570 2444 1606 :
2475 1553 2518 1607 si
2547 1554 2815 1610 seminare
2835 1597 2850 1623 ,
2881 1557 2996 1627 ipse
3020 1574 3203 1614 semen
3221 1563 3449 1631 excipit;
3481 1566 3525 1620 si
3547 1567 3676 1622 :rdi-

2088 1644 2205 1697 licia
2229 1645 2466 1699 excitare
2487 1685 2500 1710 ,
2531 1654 2582 1700 te
2606 1646 2672 1700 ad
2700 1659 2760 1702 se
2787 1649 3046 1716 pertrahit
3071 1650 3255 1706 dicens
3274 1695 3288 1720 ,
3318 1653 3373 1708 In
3404 1670 3523 1710 meo
3550 1656 3672 1711 funo

2085 1736 2154 1790 do
2173 1736 2316 1792 aedes
2345 1748 2616 1794 construe.
2641 1739 2776 1807 Quid
2805 1741 2978 1796 curris
3005 1743 3070 1797 ad
3099 1759 3379 1814 pauperes,
3407 1747 3473 1801 ad
3505 1748 3676 1802 homi-

2087 1843 2180 1882 nes
2209 1827 2620 1884 mendicantcs?
2681 1830 2850 1886 Curre
2876 1831 2940 1886 ad
2970 1833 3135 1888 Deum
3163 1877 3178 1901 ,
3208 1837 3297 1906 qui
3323 1852 3421 1906 pro
3449 1839 3673 1895 modicis

2086 1934 2274 1989 magna
2299 1919 2392 1972 tibi
2421 1916 3049 1977 daturusest'.Attamen
3091 1923 3124 1977 h
3145 1941 3205 1979 rc
3233 1943 3298 1980 ne
3326 1929 3510 1984 auditu
3550 1932 3670 1999 qui-

2084 2009 2206 2064 dem
2235 2010 2486 2076 ferimus;
2517 2011 2612 2066 sed
2640 2025 2706 2066 eo
2725 2009 3040 2068 festinanter
3064 2017 3350 2086 pergimus,
3375 2021 3460 2073 ubi
3485 2037 3672 2091 pugna:

2083 2103 2232 2158 Sunt,
2256 2094 2420 2161 bella,
2450 2095 2572 2149 lites
2613 2096 2794 2149 omnis
2833 2097 3068 2166 generis,
3095 2100 3248 2166 rixa},
3275 2100 3672 2171 sycophantiae.

2157 2186 2210 2239 5.
2240 2183 2307 2238 In
2335 2184 2544 2239 Christo
2574 2187 2754 2240 omnia
2775 2187 2926 2242 nobis
2951 2191 3669 2259 suppeditarunt—Annon

2087 2278 2250 2349 igitur
2271 2294 2370 2335 nos
2391 2278 2538 2349 juste
2558 2290 2846 2334 aversatur
2869 2292 2922 2335 et
2944 2283 3250 2351 ulciscitur,
3275 2300 3398 2340 cum
3422 2284 3474 2340 in
3497 2287 3676 2342 omni-

2086 2371 2187 2427 bus
2207 2372 2445 2442 seipsum
2471 2371 2630 2428 nobis
2653 2372 2866 2440 offerat,
2894 2391 3103 2446 nosque
3129 2377 3279 2432 illum
3319 2379 3675 2449 rejieiamus?

2089 2463 2142 2519 Id
2173 2473 2319 2520 certe
2347 2478 2513 2520 nemo
2538 2481 2646 2519 non
2680 2467 2932 2521 fateatur.
2966 2466 3024 2522 Si
3059 2470 3243 2537 enitng,
3271 2471 3474 2542 inquit,
3506 2471 3674 2528 deco-

2087 2557 2195 2610 rari
2227 2557 2382 2622 velis,
2415 2559 2602 2627 aecipe
2624 2558 2879 2613 decorem
2915 2575 3139 2626 meum;
3179 2562 3224 2619 si
3265 2564 3491 2628 armari,
3520 2577 3676 2620 arma

2087 2663 2242 2716 mea;
2273 2649 2317 2703 si
2354 2649 2561 2716 vestiri,
2593 2651 2980 2705 vestimentum
3009 2667 3189 2707 meum
3210 2671 3226 2719 ;
3250 2654 3296 2708 si
3329 2655 3498 2721 vesci,
3523 2669 3678 2709 meno

2087 2756 2202 2797 sam
2235 2757 2449 2810 meam;
2477 2744 2522 2797 si
2560 2744 2659 2798 iter
2694 2742 2894 2812 facere,
2926 2746 3068 2801 viam
3110 2761 3327 2813 meam;
3370 2749 3414 2802 si
3447 2747 3679 2804 haeredi-

2089 2845 2225 2900 tare,
2257 2835 2628 2890 hmreditatem
2666 2852 2841 2892 meam
2872 2856 2886 2904 ;
2915 2838 2960 2893 si
2992 2839 3046 2893 in
3076 2840 3305 2908 patriam
3337 2839 3569 2910 ingredi,
3598 2840 3678 2896 ci-

2090 2928 2336 2994 vitatem,
2368 2928 2527 2998 cujus
2555 2943 2656 2999 ego
2681 2945 2803 2985 sum
2832 2930 3030 2986 artifex
3061 2943 3116 2984 et
3135 2931 3389 2986 conditor
3411 2933 3432 2964 ⁸
3461 2949 3478 3000 ;
3513 2933 3557 2989 si
3581 2933 3682 2989 do-

2089 3036 2235 3075 mum
2269 3021 2401 3078 velis
2431 3021 2718 3087 aediticare,
2757 3023 2964 3078 aedifica
2992 3025 3045 3078 in
3080 3025 3448 3082 tabernaculis
3482 3027 3622 3084 meis
3658 3044 3675 3082 :

2083 3129 2184 3184 ego
2222 3123 2368 3170 certe
2411 3129 2512 3183 pro
2562 3115 2630 3170 iis
2671 3131 2791 3186 qua:
2840 3115 3041 3171 dedero
3085 3118 3293 3172 nullam
3339 3134 3368 3172 a
3414 3127 3467 3173 te
3519 3135 3667 3173 mer-

2083 3208 2270 3264 cedem
2324 3210 2647 3280 requiram;
2700 3213 2812 3266 imo
2859 3212 2944 3267 vel
2987 3227 3055 3268 ex
3091 3227 3158 3268 eo
3205 3213 3326 3282 ipso
3364 3215 3671 3268 mercedem

2081 3301 2178 3358 tibi
2231 3303 2442 3369 debeo,
2488 3303 2535 3359 si
2585 3305 2722 3359 meis
2765 3305 3028 3361 omnibus
3081 3305 3158 3360 uti
3212 3305 3476 3360 volueris.
3529 3305 3674 3372 ριεξά

2079 3397 2208 3456 huic
2247 3397 2560 3456 liberalitati
2607 3415 2708 3468 par
2743 3409 2827 3456 est
2853 3402 2880 3454 .’
2928 3400 3040 3469 Ego
3087 3407 3238 3466 pater
3262 3438 3276 3460 ,
3309 3412 3408 3468 ego
3456 3396 3632 3455 frater
3657 3434 3674 3461 ,

2093 3495 2193 3550 ego
2220 3493 2468 3552 sponsus,
2494 3493 2596 3550 ego
2628 3481 2840 3545 domus,
2872 3493 2972 3550 ego
2997 3480 3334 3549 alimentum,
3365 3497 3465 3552 ego
3503 3482 3686 3550 vestis,

2095 3586 2193 3641 ego
2223 3570 2394 3634 radix,
2426 3585 2526 3640 ego
2551 3570 2976 3636 fundamentum,
3007 3586 3107 3642 ego
3132 3572 3385 3643 quidquid
3409 3573 3681 3640 volneris;

2098 3665 2240 3719 nulla
2267 3677 2394 3732 ergo
2411 3679 2468 3718 re
2489 3678 2668 3735 egeas.
2692 3663 2803 3734 Ego
2823 3665 2982 3718 etiam
3006 3665 3100 3718 tibi
3122 3665 3382 3731 serviam;
3406 3667 3524 3721 veni
3547 3667 3690 3721 enim

2098 3756 2416 3819 ministrare,
2452 3771 2558 3810 non
2589 3756 2880 3811 ministrari
2923 3754 3137 3829 (Matth.
3168 3757 3257 3812 20.
3279 3757 3396 3823 28).
3422 3758 3534 3829 Ego
3553 3759 3691 3813 ami-

2099 3864 2215 3915 cus,
2247 3847 2569 3915 membrum,
2615 3855 2793 3916 caput,
2841 3847 3024 3914 frater,
3075 3863 3248 3910 soror,
3296 3859 3483 3915 mater,
3515 3851 3690 3905 omnia

2102 3956 2202 4012 ego
2230 3955 2346 3995 sum
2371 3957 2384 3994 :
2411 3939 2584 3994 solum
2629 3938 2759 3993 mihi
2788 3939 2992 3994 amicus
3019 3949 3154 3994 esto.
3186 3940 3298 4010 Ego
3327 3956 3530 4011 pauper
3572 3956 3695 4011 pro-

2101 4043 2221 4107 pter
2249 4041 2322 4100 te,
2341 4031 2617 4086 mendicus
2645 4040 2861 4101 propter
2886 4041 2959 4098 te,
2994 4032 3046 4086 in
3068 4046 3281 4087 crucem
3307 4041 3457 4088 actus
3479 4041 3696 4104 propter

2106 4136 2176 4193 te,
2209 4125 2261 4180 in
2293 4123 2542 4194 sepulcro
2572 4123 2776 4193 positus
2803 4132 3021 4194 propter
3051 4133 3122 4190 te,
3156 4125 3207 4179 in
3227 4125 3374 4179 ca-lis
3396 4135 3616 4195 pr0pter
3642 4135 3694 4181 te

2107 4215 2250 4272 Patri
2279 4215 2545 4287 supplico,
2578 4215 2629 4269 in
2653 4224 2792 4269 terra
2819 4222 3040 4285 propter
3064 4225 3117 4269 te
3137 4224 3320 4270 orator
3337 4214 3530 4270 adveni
3556 4214 3697 4285 apud

2106 4308 2339 4364 Patrem.
2368 4304 2559 4360 Omnia
2609 4305 2738 4360 mihi
2782 4313 2840 4360 tu
2868 4321 2947 4372 es,
2982 4304 3166 4372 frater,
3198 4307 3442 4373 coheres,
3471 4309 3696 4374 amicus,

2108 4402 2428 4458 membrum.
2452 4399 2590 4467 Quid
2619 4400 2846 4471 amplius
2871 4398 3179 4456 desideras?
3205 4414 3304 4455 cur
3329 4414 3450 4455 eum
3473 4399 3563 4470 qui
3581 4408 3700 4455 tan-

2109 4505 2218 4551 tum
2243 4503 2296 4550 te
2319 4503 2463 4549 amat
2488 4492 2790 4549 aversaris?
2817 4492 2941 4560 quid
2966 4491 3164 4546 mundo
3191 4490 3317 4547 huic
3340 4491 3587 4546 laboras?
3608 4505 3703 4547 cur

2109 4588 2255 4643 dolio
2277 4588 2330 4642 in
2354 4594 2570 4657 pertuso
2599 4583 2812 4639 hauris?
2833 4582 2945 4637 Hoc
2967 4583 3110 4637 enim
3135 4591 3219 4638 est
3242 4597 3340 4652 pro
3357 4582 3608 4651 praesenti
3628 4581 3703 4636 vi-

2111 4689 2161 4735 ta
2207 4679 2473 4734 laborare.
2518 4675 2626 4732 Cur
2655 4676 2830 4746 ignem
2860 4671 3477 4729 verberas'?curaerem
3519 4687 3706 4742 percu-

2114 4772 2215 4826 tis?
2239 4786 2338 4825 cur
2357 4769 2550 4825 frustra
2577 4767 2780 4823 curris?
2803 4767 2990 4821 Annon
3013 4779 3100 4820 ars
3125 4779 3350 4834 quaeque
3370 4763 3529 4818 finem
3552 4779 3705 4818 suum

2115 4863 2309 4920 habet?
2339 4862 2393 4917 ld
2423 4876 2553 4916 sane
2579 4858 2827 4915 omnibus
2855 4859 3223 4928 COIISpicuum.
3253 4855 3489 4912 Ostende
3510 4857 3711 4912 mihiet

2117 4965 2173 5011 tu
2203 4955 2474 5012 saecularis
2503 4951 2664 5008 studii
2693 4953 2874 5006 ﬁnem.
2902 4949 3009 5005 Sed
3039 4964 3145 5004 non
3175 4959 3362 5019 potes:
3383 4964 3504 5003 nam
3550 4947 3712 5002 Vani-

2119 5059 2194 5102 tas
2220 5049 2521 5111 uanitatum,
2547 5053 2594 5099 et
2623 5045 2794 5098 omnia
2817 5042 3011 5096 vmtitas
3039 5039 3235 5112 (Eccle.
3279 5041 3330 5094 1.
3361 5039 3438 5109 1).
3486 5040 3707 5095 Profici-

2119 5153 2335 5195 scamur
2361 5137 2426 5192 ad
2472 5138 2740 5208 sepulcra,
2773 5131 2998 5189 ostende
3037 5132 3166 5186 mihi
3212 5141 3442 5202 patrem,
3485 5127 3706 5184 ostende

2121 5245 2364 5286 uxorem.
2398 5228 2498 5284 Ubi
2539 5236 2620 5283 est
2646 5225 2736 5298 qui
2762 5224 2939 5281 aureis
2977 5224 3213 5279 vestibus
3239 5217 3592 5278 induebatur?
3617 5217 3707 5287 qui

2123 5323 2176 5376 in
2203 5336 2361 5378 curru
2387 5319 2644 5375 sedebat?
2663 5317 2754 5389 qui
2779 5315 3047 5372 exercitus
3070 5313 3320 5378 habebat,
3343 5309 3431 5382 qui
3451 5308 3710 5374 balteum,

2124 5413 2212 5483 qui
2240 5409 2551 5483 praecones?
2579 5408 2670 5480 qui
2703 5408 2838 5463 alios
2867 5405 3161 5472 occidebat,
3194 5404 3329 5460 alios
3355 5401 3411 5457 in
3437 5415 3710 5462 carcerem

2168 5528 2186 5562 ⁸
2218 5543 2438 5608 Savilius
2459 5542 2748 5608 inmergine
2765 5543 3098 5608 haucvariam
3121 5538 3556 5608 lectionemaﬂ‘ert
3574 5551 3584 5584 :
3605 5537 3703 5605 Cu;

2111 5620 2204 5656 non
2231 5604 2476 5676 curris-ad
2504 5601 2663 5676 illum",
2689 5603 2774 5654 sed
2800 5603 2876 5676 ad
2893 5602 3110 5676 [3033151355
3134 5601 3300 5676 inopes
3319 5601 3516 5676 (primo
3531 5601 3702 5664 parvis

2113 5682 2287 5732 magna
2313 5667 2400 5718 tibi
2422 5666 2614 5735 negotia
2638 5662 2876 5730 facessunt
2896 5663 2920 5715 ?
2937 5667 3004 5735 γ.
3038 5663 3198 5721 Field,
3221 5662 3286 5732 ad
3310 5662 3361 5726 p.
3386 5662 3495 5711 758.

2176 5733 2196 5794 ξ
2223 5731 2382 5794 Morel
2408 5765 2422 5790 ,
2442 5742 2580 5794 culus
2602 5740 2693 5794 ego
2718 5741 2828 5794 sum
2847 5726 3033 5794 glarea:
3053 5731 3101 5780 et
3126 5723 3352 5776 conditor
3381 5725 3514 5778 Deus

2176 5793 2198 5825 ι
2223 5765 2828 5854 ἳῗίῑᾶιῖοἷῖ’¹ἔῖεῑᾶῖεῖιᾝῖ
2847 5765 3031 5843 535'."
3053 5765 3101 5780 ”’
3126 5765 3338 5776 ’⁷’““””
3381 5765 3542 5786 ”’””
