4128 6434
502 394 600 453 701

502 505 857 578 conﬁciebat?
886 503 976 575 qui
1002 498 1358 558 interﬂciebat
1376 509 1512 567 quos
1531 494 1709 559 vellet,
1732 489 2095 560 liberabatqu

501 600 571 656 ad
602 598 824 653 nutum?
843 594 982 650 Nihil
1003 593 1147 649 aliud
1177 590 1334 646 video
1361 601 1519 658 quam
1546 599 1690 650 ossa,
1721 596 1953 647 vermes,
1976 595 2098 635 ara-

503 707 670 748 neas:
701 689 881 745 omnia
913 688 1001 742 illa
1031 696 1171 741 terra
1201 693 1345 746 sunt,
1370 680 1548 735 omnia
1575 676 1772 743 fabula,
1800 674 1976 732 omnia
2004 687 2098 728 so-

505 783 730 847 mnium,
758 780 966 842 umbra,
989 793 1137 833 mera
1165 774 1399 831 narratio
1427 781 1482 828 et
1508 772 1708 842 pictura
1729 787 1744 836 ;
1765 769 1875 823 imo
1894 781 1994 822 nec
2014 766 2097 836 pi-

503 884 676 930 ctura.
708 873 977 929 Picturam
1003 870 1144 925 enim
1170 868 1360 922 saltem
1388 866 1440 920 in
1467 863 1696 933 imagine
1714 860 1984 923 videmus;
2013 857 2100 914 hic

505 982 636 1025 vero
678 982 748 1023 ne
790 964 1007 1037 quidem
1059 962 1366 1033 imaginem.
1401 960 1573 1029 Atque
1601 958 1801 1011 utinam
1832 955 1921 1009 hic
1959 952 2097 1007 mala

507 1058 954 1117 terminarentur!
981 1054 1131 1111 Nunc
1158 1068 1284 1108 vero
1304 1051 1494 1115 honor,
1525 1049 1751 1115 deliciae,
1774 1046 1962 1119 gloria,
1984 1060 2102 1100 um-

509 1153 604 1209 bra
636 1158 844 1207 tantum
870 1158 926 1203 et
955 1147 1115 1203 verba
1143 1154 1298 1201 sunt:
1328 1158 1448 1214 quae
1486 1157 1616 1198 vero
1654 1140 1745 1196 illa
1780 1147 2094 1209 sequuntur,

508 1258 615 1299 non
647 1240 859 1308 umbra,
891 1253 998 1294 non
1028 1237 1190 1293 verba
1219 1242 1373 1299 sunt;
1417 1232 1511 1288 sed
1552 1239 1790 1294 manent,
1820 1237 1877 1284 et
1914 1227 2099 1282 nobis-

509 1349 629 1390 cum
659 1332 752 1388 illo
779 1329 1103 1395 transibunt,
1131 1327 1485 1394 omnibusque
1515 1331 1638 1379 nota
1666 1328 1850 1387 erunt;
1875 1320 2098 1390 rapinae,

512 1425 754 1488 avaritia,
782 1421 1184 1486 fornicationes,
1208 1418 1487 1481 adulteria,
1517 1423 1571 1471 et
1592 1413 1738 1469 mille
1755 1412 1893 1467 mala
1920 1410 2104 1479 hujus-

512 1519 681 1584 rnodi,
712 1531 819 1571 non
851 1515 903 1570 in
931 1514 1159 1582 imagine
1185 1522 1239 1566 et
1262 1512 1315 1565 in
1342 1510 1561 1583 pulvere
1585 1515 1760 1570 erunt,
1789 1503 1885 1559 sed
1905 1502 2101 1572 scripta

513 1612 567 1666 in
597 1609 743 1665 caelis
773 1614 918 1673 sunt,
947 1619 1044 1660 seu
1064 1603 1229 1665 dicta,
1263 1617 1356 1656 seu
1385 1584 1568 1670 opera.
1593 1597 1799 1663 Quibus
1820 1609 1950 1662 ergo
1971 1606 2102 1647 ocu-

514 1701 579 1755 lis
608 1698 876 1754 Christum
906 1694 1240 1750 videbimus?
1264 1692 1394 1747 Natu
1441 1691 1484 1744 si
1530 1700 1732 1760 patrem
1780 1701 1887 1740 non
1928 1691 2104 1755 potest

514 1793 634 1862 quis
664 1789 906 1859 aspicere
950 1786 1050 1841 sibi
1077 1786 1325 1840 conscius
1353 1781 1553 1852 peccati
1583 1780 1634 1834 in
1667 1779 1836 1841 illum,
1866 1788 1989 1831 eum
2011 1773 2103 1845 qui

515 1893 663 1954 patre
695 1883 850 1950 longe
877 1878 1207 1934 mansuetior
1236 1884 1336 1936 est.
1369 1871 1637 1945 quomodo
1666 1880 1795 1926 tunc
1814 1868 2103 1938 respicere,

514 1972 783 2045 quomodo
809 1972 949 2026 ferre
976 1966 1304 2039 poterimus?
1328 1965 1460 2020 Nam
1490 1959 1743 2017 tribunali
1787 1958 1984 2015 Christi
2009 1955 2106 2011 ad-

516 2065 794 2128 stabimns,
817 2063 1163 2129 omniumque
1180 2063 1483 2112 accuratum
1506 2053 1609 2107 erit
1635 2065 1880 2106 examen.
1916 2048 1971 2104 Si
1988 2046 2107 2117 quis

517 2171 643 2210 vero
671 2153 911 2208 futurum
931 2152 1188 2223 judicium
1218 2165 1321 2202 non
1353 2145 1544 2211 credit,
1576 2142 1827 2214 respiciat
1868 2141 1956 2194 illa
1986 2153 2106 2209 quae

1363 383 1429 441 IN
1466 376 1874 438 MATTIIJEUII
1915 374 2144 432 HOMIL.
2188 372 2446 430 LXXVII.
2485 373 2558 432 al.
2600 372 2878 431 LXXVIII.

3682 377 3790 435 70')

2199 487 2287 542 hic
2311 499 2589 559 geruntur,
2619 488 2797 544 videat
2824 503 2920 546 eos
2942 489 3034 561 qui
3062 489 3116 546 in
3140 504 3379 560 carcere,
3409 490 3500 564 qui
3523 491 3578 549 in
3600 493 3791 548 metal-

2199 578 2289 648 lis,
2319 581 2409 651 qui
2439 581 2491 635 in
2519 593 2778 648 stercore,
2827 585 3075 641 respiciat
3125 586 3509 655 dmmoniacos,
3551 589 3790 655 insanos,

2200 673 2582 730 incurabilibus
2609 676 2809 731 morbis
2837 677 3161 745 laborantes,
3205 697 3326 736 cum
3372 691 3626 751 perpetua
3657 697 3791 751 pau-

2205 770 2419 832 perlate
2439 773 2767 835 pugnantes,
2792 765 2971 821 inedia
2990 774 3236 834 vexatos,
3266 770 3470 838 ingenti
3495 770 3643 822 luctu
3667 785 3794 823 sau-

2206 852 2403 920 ciatos,
2425 855 2692 927 captivos.
2717 854 2904 927 Neque
2925 859 3072 912 enim
3093 859 3168 913 illi
3188 860 3303 914 haec
3327 869 3660 928 paterentur,
3686 862 3792 915 nisi

2201 942 2336 996 alios
2361 942 2450 1013 qui
2476 943 2662 999 eadem
2691 960 2997 1013 peccavere,
3028 948 3158 1003 ultio
3176 957 3232 1004 et
3249 951 3566 1020 supplicium
3596 968 3791 1023 exape-

2203 1044 2393 1089 ctaret.
2421 1035 2475 1088 Si
2508 1051 2635 1091 vero
2677 1038 2856 1093 caeteri
2888 1039 3019 1093 nihil
3052 1040 3139 1097 hic
3169 1044 3307 1111 passi
3351 1055 3496 1112 sunt,
3544 1044 3650 1103 hoc
3695 1048 3792 1103 tibi

2203 1128 2411 1199 signum
2433 1144 2554 1184 esse
2581 1130 2760 1198 debet,
2788 1133 2986 1202 aliquid
3009 1134 3149 1190 aliud
3175 1151 3456 1206 superesse
3478 1151 3595 1210 post
3617 1141 3794 1211 profe-

2203 1222 2434 1277 ctionem
2456 1237 2521 1277 ex
2544 1221 2645 1278 hac
2670 1225 2795 1277 vita.
2828 1225 3008 1296 Neque
3028 1228 3167 1281 enim
3196 1229 3302 1297 ille,
3335 1246 3455 1285 cum
3483 1233 3551 1286 sit
3577 1235 3794 1289 univcr-

2205 1325 2386 1367 surum
2417 1313 2576 1379 Deus,
2600 1315 2735 1369 alios
2762 1316 2902 1371 ultus
2927 1328 3094 1384 esset;
3125 1320 3258 1376 alios
3289 1338 3433 1389 vero,
3475 1326 3562 1394 qui
3605 1324 3794 1383 eadem

2205 1403 2288 1457 vel
2314 1404 2476 1458 etiam
2520 1406 2765 1474 graviora
2795 1419 3010 1478 peccata
3049 1410 3392 1480 admiserant,
3431 1415 3648 1484 impune
3673 1433 3793 1475 esse

2208 1496 2529 1566 reliquisset,
2558 1500 2658 1553 nisi
2688 1501 2955 1570 quoddam
2986 1504 3114 1577 ipsis
3140 1507 3455 1577 supplicium
3492 1509 3560 1564 ibi
3594 1510 3797 1583 irroga-

2210 1596 2361 1642 turus
2389 1599 2553 1644 esset.
2586 1590 2665 1645 Ex
2698 1592 2782 1647 his
2812 1592 2969 1662 igitur
2991 1596 3289 1652 rationibus
3327 1608 3382 1653 et
3409 1601 3667 1671 exemplis
3698 1620 3796 1661 uos

2208 1679 2354 1749 ipsos
2385 1680 2728 1739 huutiliemus
2760 1703 2775 1742 :
2821 1695 2874 1741 et
2920 1687 3007 1757 qui
3056 1687 3314 1758 judicium
3347 1706 3452 1746 non
3484 1694 3793 1763 credebant,

2208 1770 2435 1826 credant
2456 1771 2592 1843 jam,
2622 1783 2677 1829 et
2705 1774 2955 1831 meliores
2982 1776 3304 1847 eﬁiciantur,
3336 1792 3391 1836 ut
3420 1799 3541 1837 cum
3583 1783 3799 1854 dignam

2215 1869 2385 1926 regno
2429 1857 2695 1913 caelorum
2740 1859 2907 1916 vitam
2955 1863 3311 1931 duxerimus,
3371 1864 3552 1921 futura
3602 1883 3800 1923 conse-

2212 1964 2450 2019 quamur
2496 1951 2658 2019 bona,
2713 1956 2889 2025 gratia
2948 1967 3003 2012 et
3050 1958 3385 2030 benignitate
3442 1960 3655 2016 Domini
3697 1978 3797 2016 no-

2209 2042 2309 2187 ;tri
2337 2039 2464 2097 Iesu
2497 2042 2702 2099 Christi
2726 2086 2741 2112 ,
2789 2047 2878 2101 cui
2915 2049 3086 2119 gloria
3130 2051 3185 2105 in
3212 2053 3412 2107 sarcula
3448 2055 3795 2109 saeculorum.

2261 2148 2404 2187 men.

2261 2148 2381 2189 men
2390 2176 2404 2190 .

1205 2269 3037 2295 —_______—_—————————-——————-———_

3049 2279 3811 2305 __________

1594 2352 1943 2415 HOMILIA
1986 2345 2308 2408 LXXVII.
2355 2346 2441 2412 al.
2488 2350 2838 2417 LXXVIII.

518 2511 643 2566 Car.
685 2509 776 2565 24.
831 2524 882 2562 v.
937 2507 1028 2561 52.
1067 2505 1145 2559 Ab
1195 2504 1373 2558 arbore
1403 2510 1571 2555 autem
1608 2498 1692 2568 ﬁci
1723 2495 1904 2550 discite
1949 2503 2109 2563 para-

591 2603 791 2666 bolam‘;
812 2617 930 2655 cum
944 2602 1060 2672 γαίη
1078 2613 1251 2651 ramus
1271 2596 1380 2665 ejus
1400 2605 1537 2647 tener
1558 2590 1727 2663 fuerit,
1754 2597 1799 2643 et
1814 2587 1941 2655 folia
1966 2592 2108 2649 nuta,

591 2696 729 2751 scitis
755 2695 873 2759 quia
901 2706 1059 2763 prope
1083 2699 1160 2745 est
1180 2697 1367 2751 astas;
1402 2687 1491 2741 55.
1528 2684 1601 2738 ita
1625 2693 1672 2736 et
1699 2696 1804 2746 vos,
1833 2693 1949 2733 cum
1973 2678 2114 2731 uide-

590 2788 702 2841 ritis
722 2786 829 2839 Iure
853 2784 1043 2849 Omnia,
1074 2783 1249 2836 scitote
1272 2778 1389 2850 quia
1411 2792 1570 2848 prope
1588 2784 1660 2828 est
1681 2775 1734 2827 in
1746 2772 1946 2843 jamtis.

593 2880 647 2936 1.
685 2877 819 2946 Quia
849 2875 1005 2942 dixit,
1028 2872 1216 2930 Statim
1245 2880 1355 2942 post
1375 2868 1747 2922 tribulationem
1771 2865 1968 2918 dierum
1998 2861 2115 2914 illo-

524 2989 658 3036 rum,
689 2970 788 3040 ipsi
814 2982 944 3024 vero
983 2963 1298 3037 quaerebant
1335 2971 1454 3032 post
1490 2967 1746 3029 quantum
1770 2953 2032 3024 temporis
2060 2951 2113 3005 id

527 3069 760 3124 futurum
788 3073 953 3127 esset,
976 3060 1225 3131 diemque
1244 3058 1384 3112 scire
1415 3051 1724 3123 cupiebant,
1754 3048 1875 3103 ideo
1900 3046 1992 3100 ille
2017 3060 2114 3099 ex-

526 3158 760 3229 emplum
783 3155 914 3211 ﬁcus
930 3154 1108 3219 aﬂ‘ert,
1126 3149 1416 3207 ostendens
1446 3161 1551 3201 non
1579 3158 1829 3215 magnum
1859 3141 2118 3195 interesse

531 3248 787 3321 temporis
829 3245 1083 3318 spatium,
1128 3257 1232 3298 nec
1268 3240 1361 3295 diu
1399 3246 1585 3309 postea
1624 3236 1800 3305 ipsum
1832 3239 2118 3286 venturum

529 3356 682 3398 esse:
710 3340 762 3395 id
789 3337 933 3411 quod
962 3352 1068 3392 non
1099 3334 1260 3390 modo
1292 3348 1387 3403 per
1415 3327 1747 3402 parabolam,
1797 3323 1892 3379 sed
1931 3331 1986 3377 et
2026 3335 2121 3390 per

530 3432 632 3489 alia
659 3430 803 3486 dicta
845 3437 1029 3500 postea
1060 3423 1342 3497 signiﬁcat,
1374 3431 1432 3476 ut
1461 3434 1582 3476 cum
1630 3417 1737 3471 ait:
1768 3414 1958 3470 Scitote
2003 3412 2121 3475 quia

533 3539 688 3595 prope
709 3532 782 3578 est
804 3521 860 3575 in
897 3518 1095 3591 jtmuis.
1140 3516 1278 3572 Hine
1305 3513 1467 3569 etiam
1496 3510 1653 3565 aliam
1688 3506 1927 3578 prtedicit
1950 3503 2125 3575 spiri—

535 3614 730 3670 ntalem
757 3615 1019 3677 aestatem,
1063 3619 1117 3664 et
1156 3605 1591 3676 tranquillitatem
1636 3609 1754 3670 post
1798 3597 1958 3667 hujus
2001 3595 2124 3649 vitm

533 3706 725 3762 ﬂuctus
750 3705 840 3761 illa
865 3704 952 3759 die
968 3700 1127 3774 justis
1142 3700 1399 3764 futuram;
1418 3693 1786 3766 peet-atoribus
1802 3698 1985 3745 contra
2008 3693 2126 3756 post

536 3806 778 3854 aestatem
804 3796 1037 3852 hiemem
1069 3790 1321 3849 indicavit
1343 3798 1547 3859 postea,
1575 3800 1697 3841 cum
1721 3783 1874 3846 dixit,
1910 3780 2012 3833 illis
2031 3777 2128 3832 dea-

539 3889 862 3952 liciantihns,
890 3886 1032 3943 diem
1061 3898 1182 3940 esse
1208 3890 1509 3937 venturam.
1541 3877 1727 3947 Neque
1768 3873 1889 3928 ideo
1920 3881 2123 3926 Lautum

543 3983 673 4039 ﬁcus
700 3980 1005 4051 exemplum
1037 3978 1232 4049 posuit,
1274 3985 1332 4030 ut
1376 3973 1602 4043 spatium
1632 3966 1893 4037 temporis
1921 3964 2126 4034 signiti-

543 4084 717 4141 earet;
746 4073 1003 4144 potuisset
1027 4069 1171 4127 enim
1221 4068 1328 4123 alio
1349 4065 1512 4121 modo
1540 4062 1671 4119 ill-nd
1698 4060 2006 4121 declarare;
2034 4054 2128 4110 sed

546 4178 605 4225 ut
628 4168 751 4224 inde
777 4181 892 4224 rem
919 4163 1142 4220 omnino
1165 4162 1392 4216 futuram
1429 4155 1794 4211 conﬁrmaret.
1819 4149 1968 4206 Sicut
1986 4146 2129 4202 enim

545 4276 766 4320 necesse
793 4269 876 4315 est
901 4259 1002 4313 hoc
1023 4255 1263 4319 evenire,
1286 4255 1358 4307 ita
1384 4262 1437 4306 et
1452 4249 1603 4305 illud.
1624 4246 1757 4301 Nam
1778 4244 1864 4299 ubi
1888 4258 1999 4298 rem
2017 4255 2133 4295 om-

547 4357 674 4412 nino
694 4354 929 4409 futuram
958 4351 1070 4405 vult
1090 4350 1481 4411 demonstrare,
1502 4340 1770 4397 naturales
1786 4334 2133 4392 necessitates

547 4449 599 4504 in
630 4445 865 4502 medium
891 4442 1067 4510 aﬂ'er‘l,
1099 4452 1205 4496 tam
1237 4440 1546 4509 ipse,qnam
1574 4426 2131 4505 ipsiusimitatorbea-

550 4549 632 4594 tus
659 4537 876 4595 Paulus.
899 4536 1101 4607 Idcirco
1123 4533 1194 4589 de
1214 4528 1605 4587 resurrectione
1630 4524 1854 4593 loquens
1879 4520 1953 4573 ait
1975 4536 1989 4572 :
2017 4515 2136 4571 Nisi

542 4646 763 4701 granum
782 4628 1020 4699 frumenti
1039 4624 1223 4680 cadens
1240 4623 1294 4677 in
1310 4632 1492 4677 terram
1511 4626 1761 4672 mortuum
1780 4611 1953 4684 fuerit,
1972 4610 2138 4679 ipsum

548 4725 714 4780 solum
734 4731 902 4777 manet
921 4737 940 4775 :
967 4720 1011 4775 si
1035 4728 1202 4773 autem
1220 4722 1476 4770 mortuum
1494 4709 1665 4783 fuerit,
1684 4705 1897 4761 multum
1917 4703 2139 4773 fructum

550 4815 699 4885 affert
728 4814 905 4888 (Joan.
932 4811 1002 4867 12
1042 4810 1134 4866 24.
1157 4809 1274 4878 35).
1301 4807 1437 4860 Hinc
1473 4802 1696 4858 edoctus
1727 4798 1915 4853 beatus
1946 4794 2141 4850 Paulus

550 4909 744 4983 eodem
770 4907 937 4962 utitur
960 4902 1230 4973 exemplo,
1256 4897 1471 4971 quando
1494 4891 1785 4951 Corinthiis
1809 4889 1878 4945 de
1903 4900 2144 4943 resurre-

553 4977 734 5060 ctione
762 4998 1029 5071 loquitur:
1056 5010 1182 5051 nam
1212 4995 1289 5048 ait
1311 5009 1325 5045 :
1348 4990 1536 5051 Stulte,
1559 4984 1694 5057 quod
1712 4982 1929 5045 seminus
1947 4995 2046 5033 non
2067 4977 2143 5032 oi-

556 5098 812 5168 υιβσιιιεν,
838 5070 943 5148 nisi
960 5100 1221 5146 mnum
1246 5085 1397 5159 facta
1432 5083 1509 5156 (ι.
1540 5079 1658 5136 Cor.
1686 5079 1773 5168 ιβ.
1799 5076 1914 5168 se).
1946 5070 2147 5129 Deinde

558 5164 629 5241 ne
660 5184 772 5239 cito
802 5193 993 5252 postea
1026 5179 1431 5247 interrogarent
1453 5168 1675 5242 quando
1705 5166 1758 5221 id
1792 5164 2148 5219 fnturumcs-

560 5284 691 5345 eet,
742 5277 799 5331 in
859 5271 1184 5329 memoriam
1239 5266 1377 5337 ipsis
1425 5262 1687 5335 praedicta
1740 5264 2007 5322 revocat,
2059 5254 2147 5309 di-

559 5381 724 5423 cens:
754 5364 842 5420 54.
877 5362 1038 5416 Amen
1082 5358 1198 5413 dico
1232 5357 1392 5419 vobis,
1438 5369 1542 5409 non
1587 5350 1858 5423 praeteribit
1895 5346 2151 5420 generatio

562 5457 689 5523 hac,
720 5455 879 5510 donec
894 5452 1065 5508 cautio
1080 5450 1188 5505 lateo
1202 5449 1347 5518 ﬁant.
1368 5445 1496 5500 Hec
1515 5444 1705 5508 omnia,
1722 5455 1989 5512 quanam,
2004 5454 2153 5510 qua:-

565 5549 661 5606 δοῖ
684 5547 814 5617 Quae
852 5543 1242 5612 Jerosolymam
1282 5537 1614 5609 Spectabant,
1645 5533 1803 5597 bella,
1837 5532 2025 5593 fames,
2055 5543 2151 5598 pe-

564 5640 682 5706 stis,
717 5649 875 5695 terra:
904 5642 1102 5701 motus,
1158 5625 1599 5702 pseudo-Christi,
1626 5619 2151 5696 pseudo-prophetae,

562 5731 909 5804 Evangelium
931 5728 1129 5798 ubique
1142 5723 1573 5788 disseminatum,
1602 5717 1912 5782 seditiones,
1941 5722 2154 5784 pertur-

563 5828 832 5891 bationes,
879 5831 1181 5895 creteraque
1218 5816 1419 5885 omnia,
1449 5828 1569 5887 qua:
1604 5811 1838 5870 diximus
1882 5819 2055 5878 usque
2082 5806 2149 5861 ad

2217 2495 2335 2564 ejus
2360 2495 2647 2552 adventum
2681 2498 2877 2555 futura.
2909 2500 3189 2569 Quomodo
3223 2505 3384 2575 igitur
3409 2507 3502 2574 ait,
3542 2506 3811 2565 Geueratio

2217 2588 2364 2643 Iuro?
2383 2589 2498 2645 Non
2527 2591 2593 2646 de
2617 2600 2746 2647 tunc
2766 2594 3064 2651 viventibus
3084 2595 3334 2667 loquitur,
3366 2598 3460 2655 sed
3486 2600 3553 2656 de
3583 2617 3808 2672 genera-

2219 2682 2364 2737 tione
2394 2682 2659 2751 ﬁdelium;
2691 2687 2828 2742 solet
2856 2688 2997 2743 enim
3028 2692 3429 2761 generationem
3470 2709 3575 2748 non
3612 2710 3640 2748 a
3670 2703 3808 2750 tent—

2220 2789 2350 2843 pore
2377 2775 2571 2843 solum,
2594 2777 2687 2833 sed
2718 2779 2878 2834 etiam
2911 2795 2940 2833 a
2977 2781 3250 2851 religionis
3273 2793 3324 2839 et
3350 2783 3470 2839 vita:
3494 2786 3696 2841 ratione
3712 2803 3780 2842 an
3797 2817 3813 2829 ο

2224 2876 2410 2921 notare
2431 2885 2444 2932 ;
2467 2877 2521 2922 ut
2544 2870 2757 2937 quando
2783 2870 2943 2925 dicit:
2973 2869 3099 2927 Hatc
3116 2883 3188 2928 est
3204 2877 3459 2945 generatio
3485 2879 3816 2945 qua’mttium

2223 2961 2498 3015 Dominum
2535 2959 2705 3032 (Psal.
2739 2960 2829 3016 25.
2872 2961 2928 3033 6)
2971 2964 3157 3035 :quod
3207 2981 3335 3036 ergo
3377 2980 3534 3036 supra
3582 2967 3815 3033 dicebat,

2222 3052 2436 3123 Oportet
2478 3054 2612 3108 enim
2652 3055 2823 3108 omnia
2862 3056 3005 3124 [ἱειὴ
3048 3072 3113 3112 ac
3154 3072 3388 3126 rursum,
3446 3059 3819 3116 Pra’dicabitur

2219 3147 2555 3218 Evangelium
2573 3166 2591 3203 :
2610 3148 2696 3203 hic
2719 3163 2932 3218 quoque
2961 3148 3227 3221 signiﬁcat
3254 3152 3460 3219 dicens,
3494 3152 3617 3208 Haec
3645 3156 3821 3209 omni-

2228 3254 2298 3292 no
2326 3238 2577 3293 evenient
2626 3240 2827 3305 omnia,
2872 3250 2927 3296 et
2971 3244 3245 3312 generatio
3290 3244 3564 3310 ﬁdelium,
3609 3262 3637 3302 a
3668 3247 3815 3304 nullo

2225 3331 2604 3402 pra-dictorum
2632 3331 2854 3387 discissa
2879 3375 2893 3396 ,
2921 3336 3292 3405 permanebit;
3339 3337 3447 3391 into
3476 3338 3636 3392 etiam
3663 3337 3819 3393 Jero-

2226 3426 2432 3496 Solyma
2480 3424 2712 3495 peribit,
2769 3435 2820 3480 et
2868 3425 3176 3482 Judmorum
3206 3445 3393 3500 magna
3445 3446 3567 3500 pars
3615 3431 3821 3487 delebi-

2228 3525 2334 3572 tur.
2362 3516 2509 3572 Ilanc
2528 3530 2659 3572 vero
2683 3517 2811 3573 nihil
2839 3520 3130 3588 superabit,
3157 3537 3262 3576 non
3288 3522 3475 3591 fames,
3504 3540 3606 3577 non
3635 3526 3818 3595 pestis,

2229 3626 2335 3665 non
2366 3619 2522 3666 terrae
2549 3618 2724 3667 motus
2749 3654 2763 3677 ,
2796 3628 2901 3668 non
2929 3613 3191 3669 bellorum
3231 3615 3678 3684 perturbationes,
3714 3633 3820 3673 nou

2229 3703 2646 3775 paeudmchristi
2668 3746 2683 3773 ,
2725 3718 2828 3760 non
2859 3706 3364 3778 pseudo-propheta:
3390 3752 3403 3773 ,
3434 3725 3540 3763 non
3571 3708 3823 3778 decepto-

2228 3810 2340 3863 res,
2368 3814 2474 3854 non
2500 3798 2535 3852 ii
2565 3801 2653 3869 qui
2687 3800 2936 3863 tradent,
2966 3814 3072 3855 non
3105 3799 3138 3853 ii
3171 3800 3259 3869 qui
3289 3799 3614 3856 oli‘endiculo
3639 3809 3820 3870 erunt,

2233 3906 2338 3944 non
2367 3888 2482 3944 falsi
2524 3889 2717 3945 fratres
2742 3907 2756 3955 ;
2786 3905 2893 3945 non
2921 3889 3039 3943 alia:
3070 3889 3274 3945 similes
3301 3892 3641 3946 teutationes.
3675 3892 3828 3946 Dein-

2234 3982 2302 4037 de
2329 3982 2474 4052 ipsos
2501 3983 2671 4052 magis
2696 3982 2761 4038 ad
2792 3980 2949 4037 ﬁdem
2979 3983 3251 4039 adducens
3280 3984 3354 4038 ait
3386 4002 3398 4037 :
3431 3983 3522 4040 55.
3555 3984 3747 4039 Cwlum
3778 3995 3826 4039 et

2234 4084 2370 4129 terra
2415 4074 2735 4141 transibunt,
2784 4073 2934 4129 verba
2981 4086 3149 4130 autem
3198 4093 3311 4130 mea
3361 4093 3461 4130 non
3512 4075 3823 4142 transibunt,

2235 4168 2339 4223 hoc
2365 4176 2465 4231 est,
2507 4168 2737 4223 Facilius
2764 4177 2925 4224 estut
2957 4169 3071 4223 haec
3097 4168 3167 4222 ita
3199 4168 3347 4223 ﬁrma
3392 4177 3447 4224 et
3486 4168 3701 4224 immota
3735 4169 3829 4224 de-

2237 4261 2448 4316 Ieantnr
2471 4302 2486 4326 ,
2520 4276 2677 4331 quam
2708 4269 2762 4315 ut
2812 4275 2877 4316 ex
2908 4260 3084 4317 verbis
3128 4260 3264 4315 meis
3294 4259 3568 4331 quidpiam
3599 4260 3829 4315 excidat.

2234 4350 2337 4422 Qui
2367 4366 2495 4407 vero
2538 4352 2887 4416 contradicit,
2919 4352 3097 4407 omnia
3140 4362 3387 4407 accurate
3431 4351 3732 4416 examinet;
3779 4360 3836 4415 et

2240 4466 2361 4505 cum
2390 4465 2509 4505 vera
2538 4463 2657 4504 esse
2688 4449 2949 4504 invenerit
2981 4448 2999 4521 (
3022 4448 3255 4502 inveniet
3284 4448 3427 4501 enim
3456 4445 3595 4500 haud
3627 4444 3832 4518 dubie),

2242 4559 2310 4600 ex
2360 4543 2751 4612 prmteritorum
2796 4550 2989 4597 eventu
3039 4540 3235 4595 futuris
3278 4540 3464 4595 credat
3504 4539 3835 4608 :omniaqtte

2244 4645 2493 4692 accurate
2519 4636 2822 4699 examinet,
2854 4633 3159 4704 videbilqne
3187 4649 3367 4688 rerum
3395 4634 3595 4689 exitum
3620 4633 3833 4688 veritati

2244 4731 2542 4805 prophetia:
2584 4729 2742 4785 ﬁdem
2784 4727 3088 4784 facientem.
3119 4728 3396 4783 Elementa
3436 4736 3613 4782 autem
3645 4727 3699 4781 in
3728 4742 3842 4780 tne-

2248 4825 2337 4881 dio
2368 4824 2581 4895 posuit.
2633 4832 2743 4877 tttm
2775 4830 2833 4876 ut
2879 4819 3212 4892 signiﬁcaret
3260 4820 3395 4875 CIIBIO
3439 4829 3492 4874 et
3523 4829 3663 4875 terra
3699 4834 3837 4889 prae-

2247 4917 2565 4972 stantiorem
2596 4913 2892 4970 Ecclesiam
2924 4926 3076 4979 esse;
3103 4924 3212 4966 tum
3246 4920 3303 4966 ut
3326 4927 3384 4967 se
3416 4912 3649 4967 universi
3676 4911 3845 4967 Crea-

2252 5023 2420 5066 torem
2472 5009 2801 5065 ostenderet.
2861 5005 2994 5074 Quia
3059 5006 3203 5061 enim
3257 5004 3325 5060 de
3378 5004 3844 5060 consummatione

2251 5100 2541 5168 disseruit,
2566 5116 2684 5171 qum
2707 5114 2793 5154 res
2823 5113 2853 5152 a
2877 5095 3060 5153 multis
3086 5113 3191 5152 non
3218 5095 3474 5159 creditur,
3502 5096 3621 5151 ideo
3648 5098 3841 5152 caelum

2251 5204 2306 5253 et
2329 5206 2526 5252 terram
2550 5195 2600 5249 in
2625 5193 2857 5249 medium
2884 5188 3125 5258 adduxit,
3149 5189 3473 5246 ineffabilem
3495 5204 3645 5246 suam
3664 5200 3819 5244 oaten

2254 5292 2387 5346 deus
2408 5288 2725 5361 potentiam,
2756 5294 2811 5342 et
2835 5301 3023 5355 magna
3044 5299 3165 5339 cum
3195 5291 3459 5354 potestate
3478 5299 3539 5361 se
3561 5282 3844 5338 Dominum

2255 5358 2488 5438 universi
2517 5378 2796 5435 declarans
2823 5395 2836 5431 :
2868 5376 3101 5446 hincque
3126 5375 3209 5430 vel
3235 5358 3523 5430 admoduni
3552 5372 3847 5428 dubitanti-

2256 5477 2357 5531 bus
2384 5474 2525 5530 dicta
2563 5487 2657 5527 sua
2686 5469 2791 5526 ﬁde
2812 5469 2969 5541 digna
3021 5466 3273 5523 reddens.
3314 5466 3401 5521 '56.
3449 5463 3529 5518 De
3572 5464 3654 5517 die
3680 5472 3849 5517 autem

2257 5568 2349 5621 illa
2373 5575 2419 5621 et
2446 5565 2572 5619 hora
2597 5563 2767 5618 nullus
2790 5560 2928 5616 novit
2949 5600 2963 5626 ,
3008 5575 3168 5632 neque
3192 5557 3363 5630 angeli
3393 5556 3655 5622 caelorum,
3688 5570 3848 5625 neque

2260 5657 2431 5714 Filius
2456 5658 2475 5690 ί
2492 5696 2508 5724 ,
2539 5656 2638 5711 nisi
2663 5652 2803 5708 solus
2828 5652 3000 5708 Pater.
3028 5648 3182 5720 Quod
3208 5662 3340 5719 ergo
3359 5647 3494 5702 dixit
3511 5689 3526 5714 ,
3564 5645 3737 5718 Neque
3755 5664 3841 5702 ιιηρ

2328 5811 2343 5842 ³
2369 5806 2568 5868 Quidam
2588 5804 2797 5866 habent,
2817 5813 2969 5871 neque
2992 5797 3145 5852 Filius
3168 5794 3393 5847 hominis.
