4128 6398
383 299 488 355 703

385 418 513 486 geli,
545 421 789 490 reprimit
813 437 939 488 eos,
985 438 1052 479 ne
1092 423 1302 478 discere
1347 432 1590 494 quaerant
1615 423 1666 478 id
1697 429 1838 494 quod
1879 439 1978 478 an-

385 511 483 576 geli
519 513 795 574 nesciunt;
829 529 949 568 cum
981 523 1160 569 autem
1191 515 1362 581 dicit,
1405 514 1584 585 Neque
1616 514 1814 582 Filius,
1849 530 1976 585 pro.

390 599 537 653 hibet
569 615 677 655 non
707 603 868 658 modo
917 621 984 658 ne
1009 605 1217 660 discant
1243 647 1258 672 ,
1308 607 1400 661 sed
1427 608 1584 660 etiam
1614 622 1683 662 ne
1710 615 1972 677 quierant.

386 688 540 754 Quod
567 693 706 746 enim
739 693 830 747 illo
868 697 1048 751 animo
1075 696 1124 751 id
1156 698 1388 764 dixerit,
1421 698 1559 760 vide,
1588 699 1710 769 quia
1745 709 1862 770 post
1893 715 1980 756 re-

388 783 775 837 surrectionem
826 784 946 839 illos
994 789 1315 842 curiosiores
1358 805 1478 844 esse
1508 791 1679 857 vidit,
1707 792 1977 861 quomodo

383 875 715 939 represserit.
771 876 921 932 Nunc
963 879 1106 932 enim
1154 882 1316 934 multa
1375 884 1763 953 iunumeraque
1821 885 1974 954 signa

383 959 549 1027 dixit;
586 975 711 1021 tunc
755 985 882 1024 vero
923 971 1235 1039 simpliciter
1258 1015 1272 1036 ,
1306 972 1425 1026 Non
1455 984 1526 1027 est
1567 985 1784 1028 vestrum
1832 991 1977 1030 nosse

383 1062 609 1125 tempora
637 1058 715 1111 vel
740 1073 989 1115 momenta
1014 1065 1032 1132 (
1054 1064 1163 1116 Act.
1197 1067 1248 1118 1.
1280 1064 1356 1137 7).
1389 1066 1588 1122 Deinde
1615 1083 1681 1120 ne
1711 1067 1970 1134 dicerent,

379 1144 515 1212 Quia
546 1147 870 1214 dubitamus,
906 1156 1223 1225 negligimur
1247 1197 1261 1219 ,
1292 1172 1464 1226 neque
1495 1157 1595 1213 hac
1621 1173 1679 1213 re
1708 1157 1852 1226 digni
1884 1173 1974 1212 su-

379 1237 543 1291 mus?
567 1241 674 1306 ait,
711 1241 838 1308 Qua:
865 1242 1020 1298 Pater
1043 1247 1210 1316 posuit
1254 1247 1308 1300 in
1345 1264 1438 1301 sua
1468 1257 1733 1318 potestate.
1769 1249 1970 1318 Magna:

378 1327 576 1396 quippe
599 1329 697 1399 ipsi
725 1345 868 1385 cura:
910 1335 1006 1387 iuit
1032 1335 1151 1388 illos
1178 1335 1474 1404 honorare,
1518 1337 1757 1407 nihilque
1785 1340 1969 1394 occul-

381 1424 497 1472 tare
527 1418 675 1488 ipsis.
703 1419 936 1492 Ideoque
982 1424 1126 1478 Patri
1171 1426 1296 1480 illud
1327 1427 1529 1491 tribuit,
1564 1427 1688 1483 hinc
1715 1445 1826 1484 rem
1854 1441 1966 1487 tre-

377 1509 624 1563 mendam
648 1512 955 1578 ostendens,
983 1515 1377 1588 prohibensque
1404 1535 1472 1574 ne
1503 1520 1588 1574 illa
1617 1521 1684 1576 de
1711 1537 1770 1577 re
1799 1523 1968 1578 inter-

375 1611 648 1670 rogarent.
681 1602 791 1657 Nisi
819 1609 962 1660 enim
994 1608 1121 1662 illud
1152 1609 1219 1662 ita
1249 1613 1350 1674 sit,
1398 1623 1452 1665 et
1481 1613 1524 1666 si
1556 1628 1681 1668 vere
1708 1613 1886 1704 Filius
1911 1615 1965 1670 id

376 1689 624 1760 ignorat,
654 1695 992 1763 quamlonam
1026 1698 1074 1751 id
1109 1700 1282 1754 sciet?
1310 1717 1375 1755 an
1423 1703 1743 1759 nobiscum?
1772 1699 1966 1776 Ecquis

376 1779 478 1834 hoc
507 1780 746 1839 dixerit?
778 1787 986 1842 Patrem
1015 1790 1158 1845 clare
1184 1792 1362 1858 novit,
1385 1803 1436 1848 et
1465 1803 1570 1848 tam
1599 1795 1775 1861 clare,
1803 1812 1962 1866 quam

379 1871 538 1927 Pater
567 1876 714 1928 novit
740 1876 954 1943 Filium,
977 1893 1028 1933 et
1055 1881 1197 1935 diem
1225 1883 1369 1937 illam
1403 1885 1705 1954 ignorabit?
1732 1887 1961 1943 Prester-

372 1979 435 2016 ea
465 1963 690 2034 Spiritus
733 1968 996 2039 investigat
1023 1973 1173 2024 etiam
1204 1975 1461 2045 profunda
1488 1974 1584 2029 Dei
1613 1977 1634 2046 (
1658 1977 1710 2030 1.
1741 1975 1859 2032 Cor.
1905 1978 1960 2032 2.

379 2053 520 2125 i0);
557 2057 648 2111 ille
692 2074 819 2113 vero
861 2076 929 2114 ne
962 2071 1172 2130 tempus
1217 2065 1430 2133 quidem
1479 2066 1666 2136 judicii
1718 2070 1961 2126 noverit?

370 2144 478 2200 Sed
529 2148 629 2201 scit
671 2157 724 2202 et
760 2151 1028 2218 quomodo
1067 2152 1310 2222 judicare
1357 2165 1604 2224 Oporteat
1644 2158 1659 2189 ¹
1691 2167 1958 2214 ctarcana

372 2235 734 2305 singulorum;
768 2240 906 2309 quod
935 2253 1111 2296 autem
1157 2245 1312 2315 longe
1346 2246 1568 2302 inferius
1595 2258 1707 2315 est,
1739 2249 1790 2305 id
1818 2251 1959 2321 igno-

368 2338 581 2384 raturus
624 2332 779 2386 erat?
825 2332 1139 2400 Quomodo,
1173 2337 1216 2391 si
1265 2336 1450 2392 Omnia
1481 2356 1570 2409 per
1621 2342 1784 2412 ipsum
1821 2344 1958 2413 facta

366 2430 520 2488 sunt,
549 2431 598 2475 et
626 2425 736 2478 sine
763 2423 874 2492 ipso
900 2428 1092 2496 factum
1118 2437 1192 2481 est
1235 2430 1367 2483 nihil
1398 2429 1577 2502 (Joan.
1622 2433 1673 2488 1.
1703 2435 1782 2504 5),
1812 2436 1955 2491 diem

368 2511 512 2565 illam
547 2513 856 2583 ignoravit?
885 2516 1014 2571 Nam
1039 2519 1129 2588 qui
1160 2521 1353 2574 saecula
1397 2521 1524 2577 fecit
1544 2564 1558 2589 ,
1588 2539 1718 2580 sane
1744 2525 1871 2580 fecit
1901 2537 1956 2584 et.

365 2611 638 2674 tempora;
691 2607 738 2661 si
789 2615 1024 2676 tempora
1050 2650 1066 2676 ,
1100 2612 1266 2665 etiam
1314 2612 1457 2667 diem
1488 2632 1501 2668 :
1532 2617 1800 2686 quomodo
1827 2634 1953 2690 ergo

361 2710 524 2765 quam
575 2696 698 2751 fecit
728 2699 936 2768 ignorat
953 2700 975 2752 Τ

429 2784 483 2839 2.
518 2786 584 2841 Et
607 2803 702 2844 vos
747 2789 961 2859 quidem
997 2791 1112 2860 ejus
1148 2809 1358 2865 quoque
1403 2797 1752 2854 substantiam
1783 2817 1945 2858 nosse

363 2875 539 2931 dicitis
561 2876 658 2950 (a),
688 2887 742 2932 et
769 2879 956 2935 Filium
985 2897 1157 2951 neque
1180 2883 1322 2939 diem
1355 2886 1493 2942 scire
1520 2889 1697 2956 vultis,
1730 2890 1944 2961 Filium,

359 2968 449 3038 qui
495 2983 708 3039 semper
731 2980 814 3026 est
856 2971 909 3026 in
939 2972 1057 3027 sinu
1090 2973 1293 3058 Patris,
1326 2994 1644 3049 quamquam
1673 2984 1845 3052 major
1867 2995 1950 3041 est

358 3057 454 3112 illa
475 3059 769 3114 substantia
796 3077 954 3132 quam
985 3063 1134 3130 dies,
1166 3057 1272 3121 imo
1300 3067 1554 3125 inﬁnities
1583 3072 1771 3142 major.
1799 3074 1945 3142 Quo-

359 3150 518 3205 modo
545 3152 703 3222 igitur
723 3153 847 3208 dum
879 3155 928 3210 id
958 3157 1098 3227 quod
1124 3159 1294 3228 majus
1315 3171 1396 3216 est
1427 3164 1578 3218 vobis
1604 3165 1853 3233 tribuitis,
1878 3184 1946 3225 ne

354 3240 407 3295 id
446 3242 662 3313 quidem
699 3245 842 3314 quod
887 3248 1062 3303 minus
1102 3258 1186 3304 est
1231 3250 1365 3307 Filio
1393 3255 1684 3311 conceditis
1709 3299 1722 3321 ,
1750 3257 1818 3313 In
1847 3277 1945 3330 quo

351 3344 468 3388 sunt
493 3334 774 3391 absconditi
813 3355 983 3395 omnes
1016 3343 1236 3397 thesauri
1271 3347 1535 3416 sapientia:
1559 3359 1607 3403 et
1646 3354 1944 3422 cognitionis

351 3425 490 3496 (Col.
517 3427 571 3482 2.
607 3432 658 3498 5)
677 3431 701 3483 ?
721 3431 825 3486 Sed
854 3448 1027 3503 neque
1054 3450 1150 3489 vos
1178 3438 1326 3493 scitis
1347 3455 1464 3509 quas
1489 3443 1558 3496 sit
1586 3443 1675 3498 Dei
1697 3446 1946 3502 substan-

352 3520 420 3573 tia
441 3562 455 3585 ,
487 3522 694 3576 etiamsi
723 3523 917 3580 millies
952 3525 1004 3580 id
1045 3528 1228 3583 insane
1250 3529 1547 3600 afﬁrmetis,
1580 3551 1751 3607 neque
1778 3538 1942 3598 Filius

351 3611 494 3667 diem
525 3614 751 3684 ignorat,
780 3617 874 3671 sed
905 3618 1069 3687 probe
1101 3621 1246 3675 novit
1275 3621 1437 3678 illam.
1464 3625 1588 3682 ideo
1613 3643 1733 3684 cum
1763 3633 1939 3688 omnia

349 3705 589 3772 dixisset,
623 3717 677 3764 ct
701 3717 940 3780 tempora
960 3754 974 3777 ,
1004 3721 1058 3767 et
1082 3725 1373 3782 momenta,
1407 3727 1461 3773 et
1488 3719 1551 3774 ad
1585 3721 1726 3790 ipsas
1749 3724 1940 3793 januas

348 3795 586 3854 duxisset
620 3798 778 3870 (nam
807 3803 879 3856 ait
906 3843 923 3871 ,
953 3802 1124 3874 Prope
1145 3815 1218 3860 est
1241 3807 1292 3861 in
1307 3807 1517 3882 januis)
1539 3853 1553 3876 ,
1583 3810 1724 3868 diem
1753 3817 1933 3871 tacuit.

347 3886 476 3943 Nam
505 3891 548 3944 si
575 3890 715 3945 diem
745 3903 799 3947 et
825 3891 1010 3947 horam
1040 3911 1273 3964 quaeras,
1307 3915 1412 3954 non
1449 3901 1633 3958 audies
1658 3919 1686 3958 a
1719 3921 1824 3970 me,
1857 3909 1939 3962 in-

346 3979 499 4048 quit;
531 3981 612 4034 sin
646 3990 883 4051 tempora
911 3994 964 4038 et
1000 3985 1146 4040 initia
1172 4029 1188 4054 ,
1222 3989 1352 4044 nihil
1377 3992 1565 4048 celabo
1589 4036 1603 4059 ,
1637 3997 1729 4052 sed
1757 4001 1935 4056 omnia

347 4072 439 4125 tibi
485 4081 732 4127 accurate
769 4075 964 4131 dicam.
1003 4079 1154 4145 Quod
1207 4084 1351 4138 enim
1392 4102 1498 4142 non
1544 4089 1781 4160 ignorem
1821 4095 1932 4165 jam

345 4162 527 4217 multis
550 4164 782 4234 ostendi,
809 4169 976 4235 spatia
1005 4161 1303 4240 temporum
1335 4185 1387 4229 et
1407 4194 1526 4248 quae
1555 4192 1782 4239 ventura
1808 4161 1933 4242 sunt

341 4252 521 4307 omnia
551 4253 658 4308 dixi
685 4298 699 4321 ,
723 4257 990 4328 etiamque
1029 4272 1285 4329 quantum
1327 4267 1400 4323 sit
1437 4270 1704 4330 interstitii
1733 4277 1801 4331 ab
1831 4278 1933 4336 hoc

341 4353 583 4413 tempore
607 4360 775 4417 usque
793 4349 860 4404 ad
882 4349 1022 4406 diem
1047 4352 1216 4409 illam.
1238 4356 1348 4413 Hoc
1365 4360 1506 4415 enim
1531 4365 1778 4432 parabola
1800 4369 1931 4426 ficus

337 4433 647 4502 declaravit,
677 4446 732 4491 et
763 4455 928 4509 usque
955 4441 1020 4496 ad
1055 4444 1164 4512 ipsa
1194 4445 1375 4503 limina
1399 4458 1450 4505 te
1477 4453 1694 4521 adduxi;
1724 4460 1862 4528 quod
1885 4461 1930 4517 si

330 4524 524 4595 januas
552 4542 656 4581 non
683 4527 777 4584 tibi
801 4533 1004 4600 aperui,
1025 4533 1126 4589 hoc
1145 4552 1356 4607 quoque
1381 4539 1449 4595 ad
1479 4524 1760 4601 utilitatem
1785 4559 1926 4606 tuam

340 4615 497 4672 facio.
522 4616 592 4674 Ut
615 4635 744 4674 vero
765 4621 980 4679 aliunde
1003 4623 1200 4691 discas,
1226 4644 1332 4684 non
1359 4647 1424 4686 ex
1459 4635 1754 4704 ignorantia
1783 4640 1926 4698 illius

328 4723 455 4764 esse
484 4710 626 4780 quod
653 4711 828 4781 sileat,
853 4713 971 4770 vide
996 4719 1266 4786 quomodo
1290 4735 1411 4776 cum
1437 4727 1756 4796 supradictis
1782 4731 1924 4789 aliud

330 4813 546 4870 quoque
572 4801 779 4872 signum
807 4805 1040 4873 adjiciat.
1065 4809 1154 4864 58.
1189 4811 1333 4866 Sicut
1360 4825 1528 4870 autem
1566 4831 1707 4874 erant
1735 4823 1788 4876 in
1816 4825 1926 4881 die-

332 4887 422 4942 bus
462 4887 576 4944 Noe
621 4894 935 4950 comedentes
989 4907 1038 4952 et
1091 4898 1309 4957 bibentes
1332 4946 1346 4966 ,
1383 4906 1622 4964 nubentes
1658 4921 1706 4966 et
1742 4919 1924 4986 nuptui

329 4979 585 5034 tradentes
601 5023 614 5044 ,
646 4999 802 5054 usque
828 4986 897 5040 ad
925 4986 1056 5042 diem
1080 5027 1098 5055 ,
1118 5007 1218 5061 qua
1245 4993 1498 5064 ingressus
1517 5010 1590 5054 est
1619 5000 1732 5057 Noe
1755 5006 1809 5060 in
1836 5024 1921 5060 ar-

327 5087 441 5124 cam
459 5109 480 5138 ,
500 5071 588 5126 59.
623 5081 667 5126 et
693 5091 794 5129 non
822 5091 1192 5150 cognoverunt,
1221 5083 1380 5140 donec
1400 5090 1531 5142 venit
1562 5091 1805 5149 diluvium
1824 5141 1838 5161 ,
1869 5109 1918 5153 et

323 5162 531 5216 abstulit
557 5180 728 5219 omnes
750 5181 768 5218 :
789 5167 860 5220 sic
897 5170 990 5223 erit
1031 5179 1077 5225 et
1111 5173 1354 5231 adventus
1384 5177 1512 5234 Filii
1548 5182 1786 5240 hominis.
1822 5187 1915 5246 llis

321 5265 486 5320 porro
509 5256 800 5313 declaravit
822 5275 881 5315 se
902 5273 1121 5332 repente
1136 5276 1191 5321 et
1215 5284 1320 5322 non
1339 5284 1698 5342 exspectatum
1719 5292 1913 5338 ventu-

319 5362 442 5402 rum
469 5361 587 5404 esse
610 5391 626 5416 ,
658 5349 783 5404 dum
812 5353 962 5408 multi
998 5355 1049 5410 in
1075 5356 1281 5415 deliciis
1311 5374 1488 5420 emat.
1516 5365 1670 5433 Quod
1700 5382 1752 5427 et
1778 5373 1914 5429 Pau-

387 5525 405 5601 ξ
432 5533 576 5601 prius,
601 5534 647 5601 et
669 5531 904 5601 quomodo
927 5531 1202 5601 dijudieare
1224 5546 1452 5601 oporteat.

380 5585 822 5676 (a)l_t=tic“disputat,
848 5585 990 5676 ut’et
1028 5585 1588 5676 alibiA‘p‘assimrvsbntra
1625 5608 1905 5676 Anomgsos,

320 5658 402 5715 qui
427 5649 736 5732 dieebant‘se
760 5649 967 5732 perinde
984 5671 1128 5711 nosse
1143 5649 1588 5729 substantiam—Dei

321 5706 426 5768 i
443 5708 575 5759 illam
591 5706 810 5765 noverat.

1186 307 1241 363 S.
1283 306 1560 364 JOANNIS
1596 304 2073 364 CHRYSOSTOMI
2113 310 2431 372 ARCHIEP.
2473 319 3004 385 CONSTANTINOP.

3581 341 3681 400 τοι

2089 425 2169 483 lus
2206 429 2286 485 sic
2326 431 2652 506 descripsit:
2681 437 2805 494 Cum
2843 458 3018 510 pacem
3046 445 3222 500 dicunt
3245 455 3294 502 et
3321 451 3671 521 securitatem,

2089 534 2208 578 tunc
2237 529 2524 598 repentinus
2543 533 2696 588 instat
2722 538 2949 592 interitus
2970 542 3047 608 (i.
3076 539 3252 597 Thess.
3276 544 3326 599 5.
3359 545 3448 615 51)
3473 563 3488 610 ;
3517 563 3676 616 quam

2087 614 2508 685 inexspectatum
2536 623 2810 681 declarans
2836 627 3048 684 dicebat
3073 650 3085 685 :
3111 633 3254 686 Sicut
3285 614 3436 688 dolori
3457 638 3509 690 in
3536 648 3675 692 utero

2085 707 2306 762 habenti.
2335 712 2616 778 Quomodo
2645 734 2770 788 ergo
2798 721 2927 775 dicit
2951 763 2966 785 ,
3000 722 3121 777 Post
3149 727 3525 783 tribulationem
3564 733 3673 786 die-

2083 815 2196 852 rum
2225 803 2426 856 illorum
2459 806 2670 876 (Matth.
2695 810 2786 866 24.
2808 805 2943 883 ‘29)?
2973 815 3098 870 Nam
3135 819 3178 871 si
3206 819 3432 888 deliciaa,
3464 834 3519 877 et
3549 841 3669 894 pax,

2081 900 2137 943 et
2161 894 2436 959 securitas,
2468 907 2523 950 ut
2551 897 2679 953 dicit
2708 901 2923 970 Paulus,
2951 910 3218 975 quomodo
3248 911 3394 976 dicit,
3429 913 3556 968 Post
3579 919 3662 970 tri-

2081 973 2386 1031 bulationem
2416 981 2610 1036 dierum
2635 985 2878 1042 illorum?
2903 973 3194 1048 Si‘delicia:
3217 1036 3231 1060 ,
3260 1001 3529 1066 quomodo
3575 1005 3671 1056 tri-

2079 1064 2321 1122 bulatio?
2353 1070 2566 1126 Deliciae
2591 1086 2646 1128 et
2672 1092 2772 1146 pax
2800 1091 2921 1134 sunt
2949 1083 3012 1136 iis
3041 1084 3129 1153 qui
3173 1088 3320 1142 nullo
3355 1104 3516 1146 sensu
3545 1103 3673 1150 sunt

2078 1156 2274 1212 aii'ecti.
2305 1159 2592 1232 Propterea
2623 1182 2729 1222 non
2755 1170 2925 1236 dixit,
2957 1174 3181 1242 Quando
3224 1194 3326 1248 pax
3365 1183 3470 1236 erit
3492 1224 3507 1250 ,
3535 1185 3628 1239 sed
3648 1229 3668 1254 ,

2082 1247 2298 1314 Quando
2337 1269 2512 1322 pacem
2537 1266 2581 1310 et
2605 1272 2922 1317 securitatem
2954 1267 3140 1334 dicent,
3170 1247 3515 1331 stoliditatem
3549 1279 3666 1334 illo-

2076 1353 2193 1393 rum
2224 1344 2546 1412 ostendens;
2573 1349 2709 1404 sicut
2739 1353 2815 1407 illi
2844 1355 2896 1408 in
2927 1367 3165 1428 tempore
3184 1360 3318 1424 Noe.
3351 1366 3440 1434 qui
3469 1368 3522 1422 in
3549 1377 3668 1424 tan-

2078 1430 2144 1484 tis
2171 1432 2343 1498 malis,
2374 1434 2580 1493 deliciis
2606 1455 2823 1511 operam
2855 1445 3050 1502 dabant
3079 1470 3093 1506 :
3117 1460 3168 1506 at
3195 1468 3301 1508 non
3331 1430 3454 1510 item
3483 1457 3612 1524 justi
3641 1503 3659 1526 ,

2073 1523 2164 1590 qui
2207 1523 2259 1578 in
2301 1530 2557 1584 aerumnis
2585 1540 2643 1586 et
2671 1549 2904 1592 moerere
2929 1541 3299 1599 versabantur.
3332 1545 3468 1604 Hinc
3497 1549 3659 1620 signi-

2073 1614 2281 1682 iicatur,
2307 1618 2626 1679 adveniente
2655 1626 3005 1696 Autichristo,
3035 1633 3247 1704 iniquos
3276 1647 3330 1692 et
3354 1655 3448 1694 eos
3477 1614 3570 1712 qui
3591 1643 3658 1700 de

2071 1705 2244 1762 salute
2271 1723 2368 1765 sua
2395 1711 2773 1782 desperabunt,
2805 1722 3045 1791 turpibus
3073 1726 3428 1797 voluptatibus
3543 1748 3660 1788 am-

2071 1795 2208 1864 plius
2233 1797 2508 1856 dedituros
2538 1819 2680 1862 esse.
2709 1807 2860 1864 Tunc
2889 1811 3168 1882 ingluvies,
3195 1795 3614 1878 comessationes
3636 1867 3653 1892 ,

2068 1888 2384 1948 ebrietates.
2435 1895 2772 1968 Quapropter
2822 1907 3068 1974 exemplo
3117 1910 3281 1964 utitur
3319 1918 3651 1984 congruenti.

2065 1975 2198 2033 Nam
2224 1985 2672 2051 quemadmodum
2692 2006 2816 2046 cum
2835 2009 2956 2048 arca
2984 1995 3150 2063 ﬁeret,
3188 2016 3292 2056 non
3325 2005 3648 2075 credebant,

2066 2069 2277 2141 inquit,
2311 2075 2406 2130 sed
2455 2077 2578 2134 licet
2624 2096 2746 2137 arca
2796 2083 2848 2138 in
2879 2088 3055 2143 medio
3097 2093 3264 2160 posita
3296 2093 3470 2150 futura
3511 2102 3649 2156 mala

2066 2168 2443 2232 prmuuntiaret
2468 2213 2480 2235 ,
2519 2172 2592 2226 illi
2621 2173 2862 2232 videntes
2899 2195 3016 2236 eam
3047 2224 3063 2248 ,
3105 2185 3174 2240 ita
3223 2187 3607 2246 deliciabantur
3631 2237 3646 2262 ,

2062 2257 2212 2325 quasi
2245 2257 2378 2314 nihil
2410 2265 2532 2318 mali
2561 2263 2794 2322 futurum
2824 2282 2966 2328 esset
2991 2293 3003 2327 :
3029 2276 3107 2331 sic
3135 2288 3187 2332 et
3215 2296 3354 2336 nunc
3380 2285 3650 2341 Antichri-

2061 2357 2176 2404 stus
2202 2355 2508 2422 apparebit,
2538 2371 2658 2428 post
2683 2380 2840 2432 quem
2865 2372 3253 2428 consummatio
3271 2416 3284 2436 ,
3314 2384 3371 2429 et.
3397 2392 3566 2447 paean
3594 2382 3644 2437 in

2059 2449 2520 2505 consummatione
2575 2451 2804 2521 futurae,
2857 2460 3112 2530 supplicia
3159 2465 3512 2526 intoleranda.
3564 2473 3652 2528 illi-

2059 2551 2186 2590 vero
2205 2580 2218 2603 ,
2243 2542 2331 2609 qui
2372 2545 2622 2614 nequitiae
2663 2549 2922 2607 ebrietate
2957 2557 3097 2624 capti
3128 2569 3284 2612 erunt
3305 2601 3321 2623 ,
3350 2577 3418 2617 ne
3442 2576 3642 2620 metum

2057 2629 2273 2696 quidem
2315 2632 2612 2692 futurorum
2661 2643 2912 2698 sentient.
2942 2646 3065 2702 ideo
3107 2650 3181 2704 ait
3217 2650 3443 2710 Paulus:
3481 2655 3644 2712 Veluti

2057 2719 2202 2774 dolor
2225 2722 2278 2776 in
2304 2734 2446 2780 utero
2472 2728 2674 2784 habenti
2696 2729 2744 2805 (l
2759 2773 2771 2787 .
2796 2732 2974 2791 Thess.
2991 2738 3043 2794 5.
3062 2739 3143 2812 3),
3161 2741 3237 2796 sic
3255 2743 3360 2799 illis
3383 2747 3639 2804 terribilia

2055 2821 2109 2867 et
2135 2813 2467 2873 intoleranda
2494 2822 2738 2880 aderunt.
2766 2827 2874 2883 Cur
2896 2839 3072 2887 autem
3101 2832 3456 2895 Sodomorum
3499 2843 3639 2898 mala

2053 2917 2160 2958 non
2186 2905 2357 2963 dixit?
2383 2909 2695 2972 Universale
2723 2919 2936 2976 volebat
2963 2927 3268 2997 exemplum
3298 2945 3601 3002 proponere
3619 2978 3635 3000 ,

2051 2996 2192 3066 quod
2240 3011 2519 3073 postquam
2568 3009 2878 3077 praedictum
2922 3013 3097 3073 fuerat
3125 2996 3246 3076 non
3294 2996 3635 3083 credebatur.

2052 3085 2256 3144 Idcirco
2275 3092 2398 3162 quia
2426 3097 2666 3170 plerique
2686 3103 2863 3158 futura
2891 3121 2997 3161 non
3024 3109 3269 3180 credunt,
3302 3129 3366 3169 ex
3401 3119 3638 3185 prtetcri-

2052 3179 2120 3234 tis
2157 3181 2269 3251 ipsa
2311 3185 2623 3256 confirmat,
2648 3194 2990 3268 animumque
3030 3201 3264 3271 ipsorum
3311 3221 3630 3268 commovet.

2048 3269 2128 3324 Ad
2169 3272 2284 3329 haec
2317 3276 2445 3332 illud
2471 3281 2631 3337 etiam
2674 3287 2970 3345 ostenditur
2999 3311 3012 3346 :
3040 3269 3210 3363 ipsum
3240 3312 3431 3369 nempe
3458 3302 3634 3371 priora

2047 3379 2261 3436 quoque
2313 3367 2569 3429 fecisse‘.
2600 3376 2724 3432 Post
2763 3377 2879 3436 haec
2923 3383 3065 3440 aliud
3104 3387 3311 3459 signum
3357 3367 3628 3462 ostendit,

2045 3456 2236 3522 quibus
2264 3461 2511 3516 omnibus
2539 3466 2705 3536 signis
2741 3471 2992 3539 probatur
3016 3456 3188 3546 ipsum
3219 3497 3322 3537 nou
3356 3456 3630 3555 ignorasse

2044 3545 2184 3602 diem
2205 3551 2365 3606 illam.
2383 3554 2535 3620 Quod
2555 3570 2729 3616 autem
2747 3574 2830 3619 est
2848 3545 3092 3637 signum?
3106 3572 3195 3628 40.
3219 3573 3358 3631 Tunc
3372 3545 3472 3632 duo
3486 3591 3630 3636 erunt

2043 3638 2096 3691 in
2123 3657 2246 3712 agro
2266 3684 2279 3706 ,
2311 3660 2443 3701 unus
2467 3663 2781 3722 assumetur,
2805 3667 2852 3710 et
2875 3659 3004 3714 alter
3030 3663 3334 3735 relinquetur
3355 3685 3375 3722 :
3394 3670 3482 3724 41.
3514 3673 3628 3728 duas

2042 3735 2284 3790 ntolentes
2323 3737 2376 3792 in
2410 3741 2575 3810 mola,
2609 3762 2710 3800 una
2738 3761 3052 3822 assumetur,
3081 3766 3126 3810 et
3166 3774 3270 3813 una
3297 3763 3622 3833 relinquetur.

2041 3826 2130 3881 42.
2175 3827 2386 3901 Vigilate
2409 3850 2546 3906 ergo,
2569 3839 2688 3908 quia
2712 3845 2911 3899 nescitis
2931 3863 3031 3914 qua
3050 3849 3176 3904 hora
3204 3826 3451 3910 Dominus
3471 3870 3627 3915 vester

2041 3930 2274 3978 venturus
2302 3927 2384 3979 sit.
2427 3927 2552 3984 Haec
2587 3935 2762 3990 omnia
2792 3950 3107 4007 argumento
3141 3953 3264 4000 sunt
3307 3947 3478 4017 ipsum
3519 3968 3624 4009 non

2041 4011 2289 4083 ignorare
2312 4061 2327 4083 ,
2367 4020 2763 4097 discipulosque
2805 4031 2874 4085 ab
2909 4033 3289 4108 interrogando
3327 4043 3621 4102 deterrere.

2039 4103 2164 4161 ideo
2193 4110 2324 4164 dixit
2362 4123 2418 4169 et
2453 4114 2569 4172 dies
2596 4117 2727 4187 Noe,
2759 4134 2834 4190 et,
2861 4123 2980 4180 Duo
3009 4129 3063 4182 in
3097 4103 3220 4202 agro
3240 4135 3282 4199 ³,
3310 4137 3619 4208 ostendens,

2040 4195 2210 4266 ipsum
2231 4201 2308 4256 sic
2333 4203 2773 4280 inexspectatum,
2804 4215 2906 4270 illis
2930 4216 3061 4272 nihil
3081 4224 3408 4292 curantibus,
3434 4239 3620 4283 ventu-

2036 4303 2152 4344 rum
2183 4308 2340 4359 esse;
2378 4308 2461 4364 et,
2504 4300 2634 4356 Duc
2675 4308 2944 4376 molentes,
2975 4311 3026 4365 id
3057 4315 3197 4382 quod
3225 4317 3382 4372 etiam
3420 4321 3617 4378 nullam

2035 4383 2446 4445 sollicitudinem
2477 4393 2706 4451 exhibet.
2736 4398 2819 4454 Ad
2847 4401 2980 4466 haec,
3005 4405 3146 4473 quod
3173 4416 3228 4462 et
3253 4409 3412 4472 servi,
3443 4423 3499 4468 et
3524 4414 3618 4468 do-

2033 4477 2185 4545 mini,
2217 4489 2272 4534 et
2294 4494 2633 4540 assumantur
2659 4499 2712 4543 et
2743 4490 3144 4563 relinquantur;
3173 4500 3260 4569 qui
3289 4499 3341 4554 in
3367 4503 3499 4568 otio,
3527 4506 3617 4576 qui

2035 4565 2086 4619 in
2116 4567 2317 4636 labore,
2344 4589 2409 4628 ex
2435 4574 2534 4630 hac
2561 4587 2616 4632 et
2642 4595 2707 4634 ex
2735 4583 2840 4638 alia
2868 4583 3122 4654 dignitate
3153 4608 3165 4644 :
3191 4565 3328 4645 sicut
3356 4593 3408 4648 in
3439 4594 3616 4652 Veteri

2030 4671 2244 4728 quoque
2281 4662 2551 4732 Scriptura
2578 4667 2793 4738 dicitur,
2826 4673 2870 4727 A
2906 4675 3110 4731 sedente
3132 4681 3184 4733 in
3213 4681 3340 4736 solio
3369 4699 3523 4754 usque
3550 4689 3616 4742 ad

2029 4751 2278 4820 captivam
2304 4771 2418 4825 quae
2444 4757 2498 4812 in
2530 4761 2666 4815 mola
2697 4772 2769 4819 est
2797 4765 3007 4835 (Exod.
3047 4770 3135 4825 11.
3178 4771 3212 4826 5
3232 4769 3271 4843 ).
3309 4751 3448 4842 Quia
3471 4779 3614 4835 enim

2028 4841 2179 4908 dixit,
2210 4845 2402 4903 divites
2425 4851 2643 4910 difﬁcile
2670 4857 2846 4914 salvos
2874 4859 3011 4930 ﬁeri,
3034 4841 3286 4931 ostendit,
3317 4883 3493 4940 neque
3518 4869 3614 4929 hos

2026 4947 2212 4989 omnes
2237 4940 2499 5006 perituros
2527 4958 2665 5013 esse,
2695 4963 2868 5019 neque
2893 4966 3151 5023 pauperes
3177 4971 3364 5015 omnes
3389 4963 3613 5020 salutem

2023 5040 2480 5100 consequuturos,
2526 5037 2618 5092 sed
2667 5055 2734 5095 ex
2781 5043 3020 5114 utrisque
3061 5049 3319 5117 quosdam
3367 5057 3570 5111 servari
3595 5096 3612 5122 ,

2023 5117 2280 5185 quosdam
2321 5123 2517 5190 perire.
2554 5126 2770 5184 Videtur
2803 5143 2982 5189 autem
3027 5137 3155 5192 mihi
3192 5141 3490 5211 signiﬁcare
3517 5117 3608 5200 ad;
3674 5217 3681 5225 ἱ

2020 5219 2236 5265 ventum
2265 5213 2316 5267 in
2339 5225 2493 5270 nocte
2514 5216 2745 5275 futurum
2767 5237 2907 5281 esse.
2934 5225 3066 5282 lllud
3087 5229 3231 5286 enim
3255 5235 3414 5288 etiam
3435 5233 3606 5290 Lucas

2019 5299 2169 5371 (Cap.
2203 5305 2287 5358 17.
2319 5307 2424 5378 51)
2463 5307 2612 5364 dicit.
2643 5310 2829 5370 Videu‘
2865 5320 3133 5386 quomodo
3157 5323 3334 5378 omnia
3353 5337 3605 5380 accurate

2019 5396 2207 5452 novit?
2243 5399 2475 5469 Deinde,
2508 5419 2575 5461 ne
2604 5406 3012 5480 interrogarent,
3039 5414 3310 5486 subjunxit
3339 5435 3352 5472 :
3390 5415 3609 5489 Vigilat:

2079 5616 2098 5690 ξ
2123 5617 2295 5690 aiore]:
2315 5619 2460 5690 addit,
2486 5629 2657 5686 etquae
2673 5626 2837 5690 futura
2859 5636 2985 5682 sunt.

2077 5679 2264 5764 'nsavil.
2282 5682 2333 5730 in
2372 5689 2541 5764 textu,
2780 5679 2915 5753 lecto,
2936 5679 2996 5744 et
3010 5694 3081 5746 sic
3102 5700 3208 5747 Mss.
3219 5701 3417 5764 plurimi
3443 5698 3596 5751 Morel

2019 5746 2070 5791 ct
2088 5741 2227 5792 savii.
2253 5745 2302 5794 in
2325 5741 2564 5810 margine,
2589 5747 2686 5799 duo
2707 5749 2758 5802 in
2777 5741 2912 5817 agro:
