4128 6444
361 424 468 480 705

362 557 500 615 ergo,
526 541 646 612 quia
665 542 867 597 nescitis
889 557 987 612 qua
1013 545 1137 594 liora
1156 539 1401 593 Dominus
1414 548 1570 594 uester
1595 547 1834 595 venturus
1859 536 1952 592 sit:

361 634 477 690 Non
507 632 664 699 dixit,
692 631 904 696 Nescio,
938 631 1054 699 sed,
1089 629 1329 685 Nescitis.
1356 628 1490 684 Cum
1531 629 1672 684 enim
1704 628 1847 698 ipsos
1883 625 1948 682 ad

359 722 507 778 illam
537 738 675 794 pene
704 723 888 776 horam
917 721 1224 777 deduxisset
1252 729 1306 774 et
1343 718 1736 782 constituisset,
1768 731 1949 771 rursus

358 813 427 869 ab
456 815 833 885 interrogando
860 822 1069 879 avocat,
1096 812 1237 883 quod
1264 813 1393 868 velit
1419 812 1564 881 ipsos
1591 825 1804 880 semper
1829 825 1950 866 esse

358 908 636 963 sollicitos.
681 908 969 977 Propterea
998 904 1148 971 dicit,
1187 903 1421 976 Vigilate,
1449 904 1736 960 ostendens
1765 920 1824 960 se
1851 903 1951 960 hac

359 996 431 1053 de
451 1012 615 1052 causa
643 999 826 1053 dicere
849 997 1105 1052 noluisse.
1134 997 1222 1053 45,
1248 996 1389 1051 Illud
1410 1005 1577 1050 autem
1601 998 1795 1065 scitote,
1818 1013 1948 1068 quo-

358 1092 496 1145 niam
522 1092 567 1145 si
593 1092 743 1146 sciret
768 1089 1133 1161 paterfamilias
1150 1107 1249 1160 qua
1273 1090 1399 1144 hora
1425 1092 1509 1162 fur
1535 1100 1775 1145 venturus
1798 1099 1944 1158 esset,

358 1182 590 1251 vigilaret
616 1183 805 1252 utique,
829 1191 876 1236 et
896 1199 996 1236 non
1016 1183 1198 1236 sineret
1221 1181 1421 1252 perfodi
1440 1182 1473 1235 d
1491 1197 1647 1235 unum
1668 1197 1830 1235 suam.
1855 1181 1945 1236 44.

360 1272 388 1327 1
397 1275 490 1329 deo
526 1284 573 1327 et
611 1290 701 1328 vos
741 1283 897 1328 estote
925 1275 1125 1343 parati,
1155 1274 1274 1344 quia
1300 1287 1398 1341 qua
1426 1272 1553 1327 lima
1584 1289 1685 1327 non
1718 1273 1905 1341 putatis
1929 1313 1945 1340 ,

360 1364 530 1421 Filias
559 1368 776 1421 hominis
810 1368 991 1421 veniet.
1024 1367 1309 1435 Propterea
1343 1367 1507 1433 dicit,
1539 1366 1652 1434 Qua
1679 1366 1809 1421 hora
1839 1382 1949 1421 non

359 1459 681 1526 exspectatis
706 1458 880 1512 veniet
907 1499 919 1521 ,
951 1467 1009 1512 ut
1036 1459 1294 1513 sollicitos
1319 1458 1506 1514 reddat
1532 1468 1587 1512 et
1614 1458 1824 1513 virtutis
1851 1474 1947 1514 co-

359 1546 530 1601 lenda:
560 1548 847 1604 studiosos.
877 1548 1009 1603 Illud
1036 1557 1210 1603 autem
1234 1549 1338 1603 sibi
1366 1549 1499 1615 vult,
1526 1549 1579 1604 Si
1609 1550 1808 1605 scirent
1837 1550 1948 1619 ple-

358 1638 511 1709 rique
540 1638 785 1695 homines
811 1641 1151 1711 quandonam
1177 1641 1283 1696 sint
1310 1643 1551 1697 morituri
1571 1684 1587 1711 ,
1617 1643 1942 1715 diligentiam

356 1744 507 1785 suam
532 1731 674 1785 circa
705 1731 847 1784 illam
868 1732 1060 1788 horam
1086 1732 1103 1764 ⁸
1131 1733 1474 1790 exhiberem.

428 1822 480 1876 5.
517 1820 618 1875 Cur
636 1819 869 1876 Christus
889 1821 1003 1876 vita
1020 1822 1264 1892 cujusque
1283 1823 1434 1891 fmem
1455 1822 1701 1877 incertum
1719 1823 1941 1895 reliquit.

356 1941 424 1952 --
453 1911 531 1967 Ne
557 1913 718 1981 igitur
744 1911 815 1968 de
839 1913 928 1968 illa
956 1912 1067 1967 sola
1107 1913 1317 1970 solliciti
1354 1922 1533 1968 essent
1552 1955 1567 1980 ,
1598 1929 1769 1984 neque
1792 1930 1942 1970 com-

356 2018 569 2058 munem
595 2004 735 2057 illam
757 2004 918 2068 diem,
948 2019 1119 2074 neque
1144 2004 1402 2073 cujusque
1424 2003 1607 2058 horam
1629 2005 1939 2071 declaravit,

355 2107 409 2153 ut
437 2111 652 2166 semper
676 2098 821 2152 illam
850 2108 1244 2167 exspectarent,
1273 2112 1590 2167 semperque
1614 2097 1805 2152 eodem
1830 2108 1943 2154 stuc

349 2188 441 2244 dio
479 2198 822 2256 tenerentur;
865 2189 986 2243 ideo
1023 2190 1282 2257 cujusque
1318 2188 1441 2242 vita:
1480 2186 1640 2243 ﬁnem
1678 2187 1938 2244 incertum

350 2277 586 2349 reliquit.
616 2279 813 2334 Deinde
837 2287 1021 2348 aperte
1047 2294 1104 2332 se
1129 2277 1407 2332 Dominum
1434 2287 1605 2341 vocttt,
1630 2293 1802 2348 neque
1823 2294 1942 2334 urn-

349 2386 510 2442 quam
540 2372 608 2426 ita
638 2372 780 2426 clare
808 2372 1037 2427 dixerat.
1066 2371 1163 2425 llic
1192 2379 1370 2425 autem
1398 2370 1608 2425 videtur
1636 2372 1763 2426 mihi
1794 2372 1938 2427 desi-

348 2464 444 2520 des
467 2460 706 2533 carpere,
737 2464 826 2533 qui
856 2478 960 2518 non
989 2473 1186 2518 tantum
1224 2461 1479 2518 adhibent
1508 2464 1698 2517 anima:
1729 2464 1938 2519 tuendae

346 2570 550 2619 curam,
574 2564 825 2626 quantam
849 2555 992 2611 circa
1022 2555 1274 2624 pecunias
1298 2563 1598 2608 monstrant
1619 2555 1651 2609 ii
1677 2557 1764 2624 qui
1790 2555 1940 2611 fures

347 2655 611 2707 metuunt.
640 2645 772 2700 Nam
800 2646 852 2699 hi
883 2647 926 2700 si
958 2646 1078 2700 illos
1103 2653 1453 2714 exspectent,
1490 2645 1745 2716 vigilant,
1775 2647 1935 2701 nihil—

344 2754 451 2810 que
469 2754 532 2794 ex
557 2737 848 2794 reconditis
866 2739 1047 2793 sinunt
1069 2736 1265 2793 auferri
1292 2755 1306 2793 :
1327 2752 1424 2793 vos
1443 2747 1644 2804 autem,
1665 2740 1937 2795 etsicerto

342 2831 528 2887 sciatis
553 2840 835 2897 venturum
864 2830 1012 2885 illum
1039 2845 1179 2896 esse,
1206 2846 1313 2884 non
1343 2829 1595 2900 vigilatis,
1621 2830 1808 2901 inquit,
1837 2847 1937 2888 nec

342 2924 514 2993 parati
561 2922 725 2987 estis,
767 2937 835 2976 ne
883 2920 999 2977 sine
1037 2921 1425 2993 praeparatione
1469 2923 1592 2976 hinc
1625 2922 1932 2981 discrdatis.

343 3017 678 3087 Quapropter
695 3031 817 3071 cum
838 3014 1074 3086 pernicie
1093 3015 1469 3069 dormientium
1488 3014 1604 3071 dies
1626 3017 1714 3071 illc
1735 3016 1929 3071 veniet.

342 3107 801 3175 Quemadmodum
833 3109 974 3163 enim
1002 3108 1092 3162 ille
1118 3106 1162 3161 si
1190 3108 1352 3163 sciret
1378 3106 1500 3161 furti
1532 3115 1740 3178 tempus
1758 3150 1775 3176 ,
1801 3109 1931 3164 illud

340 3199 531 3254 vitaret
557 3217 572 3252 :
600 3199 678 3253 sic
706 3208 761 3253 et
786 3213 912 3265 vos,
940 3199 985 3255 si
1016 3199 1183 3270 parati
1214 3199 1404 3252 essetis
1423 3240 1436 3263 ,
1467 3198 1787 3269 eﬂ'ugeretis.
1826 3201 1929 3256 Dc-

337 3290 462 3346 inde
481 3291 604 3361 quia
627 3290 811 3360 jndicii
839 3290 1165 3345 mentionem
1192 3290 1336 3354 fecit,
1360 3289 1424 3343 ad
1447 3289 1694 3346 doctores
1714 3291 1928 3347 demum

336 3396 639 3436 sermonem
661 3382 943 3445 convertit,
966 3397 1030 3436 ac
1049 3381 1117 3436 de
1140 3381 1414 3451 suppliciis
1437 3391 1490 3436 et
1514 3383 1747 3451 pruumis
1770 3383 1927 3438 verba

336 3471 483 3540 facit,
509 3483 564 3528 et
590 3488 713 3529 cum
741 3474 913 3544 primo
940 3474 1108 3528 bonos
1134 3481 1501 3537 memorasset,
1532 3474 1585 3527 in
1617 3484 1927 3542 peccatores

334 3563 550 3627 desiuit,
578 3579 642 3619 ac
668 3565 913 3620 timorem
946 3565 1207 3620 incutiens
1228 3567 1247 3596 ²
1278 3566 1438 3619 linem
1470 3565 1679 3619 dicendi
1707 3565 1852 3621 facit.

418 3654 589 3711 Verbis
613 3654 802 3711 Christi
828 3656 1018 3722 Deique
1043 3657 1095 3710 in
1125 3657 1347 3710 medium
1372 3657 1624 3723 adductis,
1651 3675 1765 3728 qua:
1782 3660 1926 3729 igno-

333 3749 553 3802 rantiam
594 3765 807 3820 arguere
854 3748 1123 3813 uidentur;
1167 3749 1448 3818 explicatur
1483 3765 1639 3819 quare
1677 3752 1750 3804 sic
1790 3751 1926 3806 Deus

332 3839 605 3895 identidem
625 3840 691 3894 sit
715 3840 932 3894 locutus.
958 3868 1028 3880 -—-
1053 3839 1253 3894 Idcirco
1283 3841 1454 3909 primo
1478 3839 1607 3894 dicit
1638 3858 1651 3894 :
1679 3841 1770 3896 45.
1799 3841 1924 3908 Quis

331 3947 451 4000 ergo
475 3942 546 3985 est
576 3931 741 4000 ﬁdelis
767 3947 941 3985 servus
969 3941 1013 3984 et
1052 3929 1305 3999 prudens,
1336 3946 1480 3999 quem
1518 3931 1774 3984 constituit
1822 3931 1925 3986 Do-

333 4025 498 4080 minus
524 4025 634 4096 ejus
660 4040 814 4095 super
848 4024 1097 4094 familiam
1133 4039 1281 4077 suam
1304 4063 1321 4089 ,
1348 4032 1402 4077 ut
1427 4025 1509 4076 det
1542 4021 1649 4077 illis
1676 4023 1842 4076 cibum
1866 4023 1923 4076 in

331 4128 553 4189 tentpore
571 4119 599 4173 1
623 4118 715 4172 46.
744 4115 935 4170 Beatus
962 4132 1137 4170 servus
1162 4115 1278 4178 ille,
1305 4131 1453 4185 quem
1540 4125 1660 4163 cum
1723 4113 1917 4165 venerit

334 4209 592 4264 Dominus
614 4253 628 4277 ,
689 4208 931 4263 invenerit
955 4209 1027 4263 sic
1054 4206 1340 4277 facientem.
1374 4207 1464 4261 47.
1495 4204 1654 4261 Amen
1694 4206 1806 4261 dico
1831 4222 1919 4261 uo-

330 4302 403 4353 bis
423 4340 437 4362 ,
465 4317 618 4369 super
654 4302 824 4355 omnia
851 4302 984 4355 bona
1014 4316 1115 4353 sua
1147 4299 1413 4353 constituet
1446 4314 1579 4353 eum.
1609 4297 1802 4366 Quarso
1833 4309 1917 4366 te,

330 4407 454 4445 num
497 4392 601 4447 hoc
638 4392 932 4462 ignorantis
968 4391 1094 4446 est?
1124 4389 1180 4446 Si
1217 4391 1359 4446 enim
1389 4390 1511 4461 quia
1538 4390 1708 4457 dixit,
1745 4390 1922 4461 Neque

329 4483 498 4538 Filius
524 4485 662 4539 novit
686 4525 700 4548 ,
731 4485 902 4554 ipsum
942 4486 1193 4554 ignorare
1225 4484 1360 4539 dicis
1392 4501 1408 4539 :
1436 4484 1559 4554 quia
1590 4483 1762 4549 dixit,
1794 4484 1919 4551 Quis

327 4587 405 4631 est
424 4593 562 4649 ergo,
590 4576 718 4648 quid
739 4576 973 4632 dixeris?
994 4592 1061 4632 an
1089 4577 1239 4631 illum
1266 4578 1515 4647 ignorare
1538 4578 1720 4632 dices?
1744 4577 1914 4633 Absit.

326 4670 404 4726 Ne
441 4669 657 4735 quidem
695 4683 762 4724 ex
801 4668 1195 4737 mente'captis
1231 4668 1496 4739 quispiam
1537 4666 1638 4723 hoc
1674 4667 1868 4723 dixerit
1898 4685 1917 4722 :

327 4760 535 4815 etiamsi
574 4759 645 4815 ibi
685 4774 902 4815 causam
943 4758 1183 4828 proferre
1212 4758 1516 4827 possimus,
1549 4756 1637 4812 hic
1662 4772 1789 4813 vero
1815 4761 1916 4814 mi-

330 4854 492 4907 nime.
523 4850 661 4921 Quid
692 4859 871 4905 autem
898 4864 1019 4905 eum
1050 4849 1206 4915 dicit,
1233 4848 1420 4915 Petra,
1449 4864 1592 4903 amas
1618 4865 1699 4902 me
1727 4847 1916 4921 (Joan.

327 4944 417 4999 2i.
452 4945 583 5015 l5)?
609 4958 735 4999 num
762 4943 891 5003 illud
917 4956 1129 5014 quoque
1157 4941 1479 5012 ignorabat?
1504 4949 1597 4996 aut
1620 4955 1744 4997 cum
1767 4941 1918 5008 dicit,

332 5039 430 5094 Ubi
468 5038 705 5110 posuistis
744 5053 859 5092 eum
896 5034 1073 5105 (Ibid.
1115 5036 1200 5090 ll.
1230 5033 1385 5105 34)?
1429 5033 1540 5088 lmo
1567 5043 1623 5088 et
1660 5033 1817 5088 Pater
1842 5034 1921 5088 sic

327 5132 470 5202 loqui
498 5126 939 5200 deprehenditur.
978 5127 1109 5182 Nam
1149 5138 1202 5182 et
1239 5126 1357 5197 ipse
1382 5127 1460 5180 ait
1490 5143 1503 5180 :
1530 5126 1729 5187 Adam,
1759 5124 1844 5178 ubi
1869 5142 1921 5180 es

327 5223 477 5293 (Gen.
508 5223 560 5278 ὅ.
590 5221 649 5293 9)
669 5221 695 5275 'l
723 5230 776 5276 et
793 5260 808 5285 ,
842 5219 1048 5275 Clamor
1089 5218 1431 5273 Sodomorum
1459 5217 1824 5287 multiplicatus
1849 5225 1921 5271 est

327 5315 465 5383 apud
489 5330 587 5367 me.
617 5311 940 5368 Descendens
960 5310 1114 5382 igitur
1133 5309 1328 5373 uidebo,
1355 5309 1400 5362 si
1425 5307 1701 5363 secundum
1731 5307 1919 5361 clamo-

328 5422 433 5461 rem
472 5422 665 5471 eorum,
695 5405 783 5475 qui
810 5404 942 5458 venit
968 5403 1036 5456 ad
1064 5418 1161 5466 me,
1191 5403 1423 5473 facium;
1452 5401 1493 5454 si
1521 5410 1687 5453 autem
1713 5414 1836 5463 non,
1862 5405 1918 5451 ut

326 5513 624 5567 cognoscam
649 5495 812 5571 (Ibid.
838 5496 926 5551 l8.
950 5493 1041 5550 30.
1067 5492 1179 5563 21).
1210 5494 1276 5546 Et
1298 5492 1420 5546 alibi
1447 5491 1521 5545 ait
1548 5509 1562 5546 :
1587 5490 1647 5546 Si
1674 5490 1804 5560 forte
1826 5506 1920 5544 au-

326 5591 505 5659 diunt,
531 5590 579 5644 si
605 5590 737 5661 forte
762 5587 1047 5659 intelligant
1067 5585 1277 5656 (Ezech.
1306 5584 1360 5638 2.
1390 5585 1466 5654 5).
1497 5585 1563 5639 Et
1589 5584 1642 5639 in
1678 5583 1920 5653 Evange-

326 5682 399 5739 ιω
418 5724 435 5749 ,
469 5682 623 5737 Forte
649 5679 1008 5737 reverebantur
1042 5676 1236 5732 Filium
1274 5692 1438 5732 meum
1468 5675 1634 5748 (Luc.
1663 5676 1757 5732 20.
1788 5676 1915 5748 l5).

388 5852 403 5882 ¹
430 5849 525 5899 Alii
568 5850 745 5899 habent
772 5844 923 5902 diem.
945 5857 1054 5907 pro,
1073 5842 1261 5892 horam.

388 5914 409 5946 ³
430 5911 551 5971 Alii,
583 5917 627 5963 el
651 5909 848 5961 utilitati
871 5909 1138 5961 consulens.

1276 422 1343 478 IN
1378 420 1792 480 MATTHIEUM
1832 420 2060 477 HOMIL.
2106 422 2359 479 LXXVII.
2399 424 2470 480 al.
2512 418 2786 478 LXXVIII.

3540 427 3644 488 706

2058 534 2191 603 Quia
2216 538 2392 591 omnia
2423 539 2736 608 ignorantiae
2761 540 2918 596 verba
2945 548 3116 596 erant.
3139 540 3336 599 Verum
3363 555 3467 598 non
3495 541 3646 613 igno—

2055 640 2180 681 rans
2208 626 2325 683 lnrc
2353 628 2558 683 diecbat
2582 671 2598 694 ,
2628 631 2723 685 sed
2750 642 2807 685 ut
2840 631 2904 686 iis
2928 648 3046 703 quae
3071 647 3206 701 opus
3237 643 3389 688 erant
3427 633 3640 705 prospi-

2053 730 2201 774 ceret
2231 737 2243 772 :
2273 720 2325 775 in
2356 721 2578 785 Adamn,
2610 733 2667 776 ut
2699 735 2814 791 post
2844 732 3116 793 peccatum
3143 725 3291 782 illum
3317 725 3385 781 ad
3414 740 3642 782 excusa-

2054 810 2253 865 tionem
2285 811 2594 874 induceret;
2628 816 2678 867 in
2718 813 3042 882 Sodomitis,
3078 825 3134 871 ut
3163 832 3261 872 nos
3288 818 3505 873 doceret
3534 834 3640 873 non

2053 903 2199 972 prius
2229 908 2549 960 sententiam
2577 921 2700 961 esse
2731 907 3027 974 ferendam,
3055 924 3212 979 quam
3241 909 3383 979 ipsas
3410 926 3497 966 res
3525 925 3635 979 per.

2052 995 2418 1063 spiccrcmus;
2452 996 2503 1050 in
2550 996 2809 1065 prephcta
2837 1007 3014 1053 autem
3051 999 3121 1052 ita
3163 999 3415 1070 loquitur,
3444 1016 3510 1055 ne
3541 1016 3633 1070 pu-

2054 1091 2164 1136 tent
2189 1085 2416 1154 imperiti
2441 1101 2469 1138 a
2496 1086 2838 1155 prazdictione
2862 1089 3231 1144 necessitatem
3253 1090 3536 1157 quamdam
3562 1091 3643 1146 in-

2052 1175 2177 1230 ferri
2209 1193 2315 1231 non
2343 1178 2624 1234 obedicndi
2650 1196 2665 1243 ;
2696 1180 2745 1234 in
2785 1180 3031 1250 parabola
3057 1187 3236 1236 autem
3258 1183 3553 1253 Evangelii,
3585 1192 3645 1239 ut

2053 1271 2301 1324 ostendat
2332 1272 2631 1339 eportnisse
2675 1272 2793 1327 illos
2828 1273 3024 1327 Filium
3055 1286 3208 1329 suum
3250 1274 3524 1339 revereri;
3558 1275 3642 1331 hic

2053 1374 2214 1424 vero,
2251 1377 2318 1417 ne
2356 1363 2617 1417 curiosius
2657 1364 2955 1433 inquirant,
3005 1373 3059 1419 ct
3107 1372 3162 1420 ut
3204 1366 3448 1420 ostendat
3494 1367 3639 1422 illam

2050 1452 2407 1520 cognitionem
2448 1452 2734 1509 admodum
2782 1469 2902 1510 esse
2944 1471 3118 1509 raram
3149 1464 3205 1511 et
3237 1456 3546 1526 pretiosam.
3580 1457 3641 1511 Et

2049 1542 2171 1596 vide
2204 1552 2453 1614 quautam
2485 1544 2835 1615 ignorantiam
2877 1546 2981 1602 hoc
3019 1546 3237 1602 verbum
3270 1549 3566 1613 indicaret,
3598 1551 3641 1603 si

2050 1631 2196 1687 illum
2242 1634 2511 1705 ignoraret
2554 1652 2712 1708 quem
2753 1639 3047 1692 constituit.
3081 1639 3210 1693 Nam
3253 1639 3396 1695 illum
3428 1640 3638 1694 beatum

2047 1726 2299 1793 prtedicat
2331 1745 2345 1780 :
2378 1720 2566 1783 Beatus
2595 1729 2758 1797 enim,
2794 1730 2982 1800 inquit,
3011 1748 3182 1787 servus
3206 1733 3329 1796 ille;
3360 1749 3533 1803 neque
3560 1735 3640 1787 di-

2044 1817 2139 1877 cit.
2167 1819 2286 1887 quis
2313 1820 2399 1875 ille
2421 1822 2490 1875 sit
2519 1839 2531 1874 :
2564 1838 2685 1877 nam
2716 1823 2810 1888 ait,
2843 1823 2969 1890 Quis
2996 1825 3127 1878 enim
3152 1834 3244 1885 est,
3275 1842 3422 1895 quem
3450 1827 3641 1880 consti-

2049 1919 2151 1963 tuet
2192 1911 2426 1968 dominus
2465 1916 2626 1969 suus?
2650 1926 2736 1983 et,
2768 1915 2953 1970 Beatus
2993 1933 3140 1987 quem
3178 1918 3418 1973 invenerit
3445 1920 3516 1974 sic
3553 1923 3638 1991 fa-

2047 2001 2274 2056 cientem.
2330 2004 2453 2058 Hmc
2493 2016 2668 2061 autem
2717 2022 2821 2061 non
2862 2007 2927 2061 de
2966 2010 3204 2077 pecuniis
3250 2020 3451 2065 tantum
3495 2012 3635 2068 dicta

2045 2104 2198 2157 sunt,
2230 2095 2324 2150 sed
2352 2097 2509 2150 etiam
2536 2097 2603 2153 de
2630 2098 2799 2155 verbo
2826 2108 2881 2153 et
2908 2099 2975 2154 de
3004 2101 3197 2155 virtute
3216 2143 3232 2167 ,
3264 2101 3331 2157 de
3360 2102 3515 2158 donis
3533 2105 3548 2135 ¹
3579 2114 3635 2158 et

2044 2183 2440 2252 dispensatione
2469 2189 2660 2258 cuique
2691 2192 2998 2245 commissa.
3034 2191 3155 2246 llaec
3185 2192 3431 2261 parabole
3463 2194 3633 2265 magi-

2044 2277 2295 2332 stratibus
2322 2293 2532 2349 quoque
2554 2281 2752 2350 optime
2778 2290 3064 2350 competat.
3095 2283 3331 2353 Quisque
3351 2285 3492 2339 enim
3521 2301 3633 2340 om-

2043 2367 2151 2432 nia,
2179 2383 2298 2437 qua:
2327 2384 2420 2424 sua
2451 2381 2594 2437 sunt,
2623 2372 2687 2424 ad
2711 2387 3053 2428 communem
3081 2374 3358 2428 utilitatem
3385 2375 3632 2431 conferre

2041 2457 2219 2513 debet.
2247 2458 2369 2513 Sive
2391 2461 2703 2531 sapientiam
2733 2462 2950 2529 habeas,
2979 2463 3093 2518 sive
3124 2464 3495 2535 principatum,
3520 2467 3632 2522 sive

2040 2551 2253 2606 divitias
2273 2594 2288 2619 ,
2317 2553 2428 2608 sive
2453 2553 2661 2624 quidvis
2691 2555 2832 2612 aliud
2854 2598 2869 2620 ,
2903 2572 2968 2611 ne
2994 2556 3061 2612 ad
3089 2557 3468 2614 detrimentum
3499 2574 3633 2614 con-

2040 2658 2340 2714 servorum,
2370 2662 2502 2701 ncve
2531 2647 2597 2702 ad
2625 2649 2913 2717 perniciem
2941 2649 3013 2703 sit
3041 2658 3204 2703 tuam.
3237 2648 3356 2705 Ideo
3382 2651 3541 2705 ambo
3564 2651 3632 2707 ab

2042 2736 2132 2790 illo
2163 2737 2418 2807 requirit,
2448 2747 2500 2792 et
2532 2731 2866 2807 prudentiam
2895 2750 2949 2794 et
2981 2740 3160 2795 (idem.
3192 2740 3323 2795 Nam
3358 2754 3631 2811 peccatum

2038 2826 2107 2880 ab
2127 2829 2359 2884 amentia
2381 2829 2640 2898 originem
2672 2829 2836 2884 ducit.
2867 2830 3102 2885 Fidelem
3134 2831 3278 2885 illum
3309 2841 3481 2892 vocat.
3508 2834 3631 2904 quia

2038 2933 2103 2973 cx
2133 2919 2290 2973 rebus
2316 2920 2515 2975 domini
2546 2921 2674 2976 nihil
2702 2921 2782 2975 vel
2816 2921 2865 2975 in
2897 2936 3009 2975 rem
3040 2936 3191 2975 suam
3223 2924 3519 2991 convertit,
3547 2925 3630 2980 vel

2037 3025 2314 3080 perperam
2344 3012 2633 3083 expendit;
2666 2996 2977 3082 prudentem
3006 3028 3131 3067 vero
3150 3055 3163 3077 ,
3194 3014 3314 3083 quia
3345 3014 3444 3069 sibi
3475 3030 3627 3070 com-

2036 3103 2197 3157 missa
2228 3114 2282 3156 ut
2312 3120 2409 3174 par
2433 3112 2549 3158 erat
2573 3104 2986 3159 administravit.
3020 3103 3256 3175 Utraque
3279 3106 3420 3161 enim
3446 3124 3503 3161 re
3530 3123 3630 3163 no-

2034 3193 2116 3247 bis
2152 3208 2289 3263 opus
2324 3204 2408 3250 est
2429 3236 2444 3259 ,
2475 3210 2541 3249 ne
2579 3195 2783 3249 scilicet
2813 3211 2932 3264 qua:
2962 3196 3160 3250 domini
3200 3205 3324 3252 sunt
3355 3196 3509 3252 nobis
3535 3212 3624 3253 ra-

2033 3285 2279 3355 piamus,
2308 3296 2363 3342 et
2408 3295 2464 3340 ut
2504 3296 2803 3355 opportune
2847 3286 2936 3340 illa
2977 3285 3366 3356 dispensemus.
3407 3287 3539 3344 Nam
3576 3289 3624 3343 si

2033 3380 2259 3435 alterum
2300 3380 2473 3446 absit,
2505 3381 2733 3435 alterum
2762 3380 3040 3435 claudicat.
3084 3380 3138 3437 Si
3184 3380 3355 3436 fidelis
3394 3382 3492 3447 sit,
3527 3397 3627 3438 nec

2032 3474 2237 3529 foretur
2255 3516 2271 3541 ,
2299 3474 2392 3529 scd
2420 3474 2690 3544 superflue
2716 3473 2782 3528 ad
2811 3473 2942 3527 nihil
2983 3473 3112 3528 utile
3143 3473 3412 3543 expendat
3439 3473 3576 3529 bona
3600 3516 3618 3540 ,

2032 3582 2283 3638 magnum
2306 3577 2386 3622 est
2414 3574 2689 3637 peccatum
2717 3581 2731 3629 ;
2764 3564 2809 3619 si
2839 3564 2971 3619 sciat
2998 3572 3141 3619 recte
3162 3564 3496 3633 dispensare,
3525 3565 3618 3619 sed

2030 3658 2251 3723 foretur,
2287 3673 2471 3713 rursus
2502 3671 2604 3712 non
2650 3658 2763 3712 leve
2801 3656 3004 3710 crimen
3044 3663 3145 3710 est.
3183 3654 3309 3711 Haec
3344 3655 3623 3710 audiamus

2029 3751 2119 3822 qui
2149 3751 2423 3821 pecuniosi
2455 3766 2656 3805 sumus.
2684 3749 2799 3804 Non
2826 3749 2968 3804 enim
2991 3748 3241 3803 doctores
3265 3756 3464 3803 tantum
3491 3750 3624 3803 allo-

2029 3844 2228 3914 quitur,
2258 3842 2352 3897 sed
2380 3843 2541 3897 etiam
2573 3841 2790 3895 divites.
2823 3839 3072 3908 Utrisque
3101 3839 3242 3892 enim
3273 3838 3470 3892 divitiae
3495 3855 3624 3893 con-

2028 3933 2246 3989 credita:
2277 3943 2441 3997 sunt;
2475 3930 2784 3986 doctoribus
2816 3930 2915 3984 illae
2940 3945 3058 3998 qua:
3097 3929 3265 4000 magis
3303 3931 3622 3986 necessaria:

2026 4033 2185 4090 sttnt;
2216 4022 2366 4078 vobis
2395 4038 2472 4077 ea:
2498 4038 2619 4093 qua:
2650 4021 2869 4076 minoris
2894 4028 3019 4074 sunt
3049 4020 3225 4091 pretii.
3258 4019 3344 4085 Si,
3371 4020 3496 4074 dum
3526 4021 3622 4077 do-

2025 4125 2203 4171 ctores
2232 4115 2432 4184 majora
2463 4116 2810 4185 dispergunt,
2840 4129 2935 4168 vos
2963 4129 3029 4168 nc
3061 4114 3111 4168 in
3142 4113 3375 4171 minimis
3401 4114 3617 4184 quidem

2026 4209 2201 4265 velitis
2230 4209 2601 4264 liberalitatem
2634 4208 2888 4263 exhibere
2912 4223 2928 4273 ;
2957 4206 3064 4262 imo
3088 4222 3192 4261 non
3223 4207 3615 4272 liberalitatem,

2027 4299 2120 4355 sed
2159 4311 2367 4371 gratum
2413 4301 2651 4354 animum
2687 4300 2708 4369 (
2725 4314 2844 4352 nam
2874 4298 3045 4352 aliena
3077 4296 3250 4367 datis)
3275 4339 3289 4361 ,
3317 4314 3436 4367 qua:
3466 4297 3621 4352 vobis

2024 4392 2128 4448 erit
2164 4391 2448 4448 defensio?
2484 4391 2587 4448 Sed
2639 4391 2849 4447 interim
2873 4431 2887 4457 ,
2923 4400 3046 4445 autc
3085 4390 3400 4458 supplicium
3433 4404 3617 4443 eorum

2023 4487 2114 4555 qui
2142 4485 2281 4540 male
2311 4493 2621 4553 operantur,
2653 4482 2768 4551 ejus
2803 4481 2892 4551 qui
2936 4479 3100 4550 probe
3137 4494 3195 4533 se
3224 4479 3389 4548 gessit
3418 4494 3620 4534 merce-

2023 4581 2144 4636 dem
2166 4579 2446 4633 audiamus
2469 4595 2482 4631 :
2506 4576 2663 4629 Amen
2690 4576 2802 4628 dico
2822 4573 2978 4638 vobis,
3003 4589 3155 4642 super
3179 4571 3347 4624 omnia
3377 4571 3506 4624 bona
3525 4589 3618 4626 sua

2023 4671 2290 4727 constituet
2318 4685 2454 4724 eum.
2486 4667 2621 4736 Quid
2653 4666 2772 4720 huic
2798 4664 2984 4719 henori
3015 4678 3110 4733 par
3134 4677 3254 4716 esse
3280 4663 3479 4733 possit?
3499 4679 3618 4733 quas

2022 4763 2195 4818 oratio
2238 4761 2375 4817 hanc
2413 4759 2765 4829 dignitatem,
2796 4756 2934 4810 hanc
2976 4754 3359 4809 beatitudinem
3401 4755 3617 4825 assequi

2023 4854 2212 4924 possit,
2245 4850 2461 4925 quando
2486 4850 2737 4905 caelorum
2764 4849 2901 4915 Rex,
2931 4846 3082 4916 cujus
3121 4855 3245 4899 sunt
3282 4847 3485 4911 omnia,
3516 4846 3616 4901 ho-

2024 4946 2225 5001 minem
2265 4960 2428 5016 super
2469 4943 2647 4998 omnia
2696 4941 2833 4994 bona
2880 4954 2975 4994 sua
3014 4936 3350 4993 constituet?
3382 4935 3617 5009 Ideoque

2028 5032 2352 5098 prudentem
2381 5030 2560 5099 ipsum
2585 5038 2765 5095 vocat,
2799 5030 2925 5098 quia
2962 5026 3116 5081 novit
3149 5042 3344 5097 magna
3374 5041 3472 5095 pro
3494 5046 3619 5099 par-

2027 5128 2112 5182 vis
2136 5141 2243 5180 nor.
2270 5124 2579 5189 dimittere;
2603 5121 2698 5178 sed
2727 5137 2852 5176 cum
2882 5121 2971 5177 hic
2998 5131 3367 5191 temperanter
3389 5124 3616 5195 egisset,

2027 5221 2200 5277 cados
2227 5226 2603 5288 consequutus
2631 5224 2733 5272 est.

2091 5310 2147 5366 4.
2174 5305 2376 5364 Deinde
2394 5346 2412 5373 ,
2440 5303 2493 5361 id
2518 5302 2659 5375 quod
2689 5316 2905 5372 semper
2932 5299 3057 5356 faeit
3076 5341 3095 5369 ,
3126 5317 3231 5357 non
3272 5317 3337 5358 ex
3378 5303 3613 5373 reposito

2020 5400 2176 5457 bonis
2205 5397 2449 5470 praemio,
2473 5396 2567 5451 sed
2597 5396 2673 5450 ex‘
2694 5393 3113 5450 comminatione
3153 5408 3326 5464 paenae
3357 5394 3614 5465 improbis

2020 5504 2218 5564 paratae
2252 5488 2549 5545 auditorem
2595 5485 2816 5557 corrigit
2846 5503 2861 5540 :
2892 5485 3118 5555 ideoque
3161 5485 3435 5555 subjunin
3469 5502 3484 5538 :
3517 5485 3611 5540 48.

2021 5586 2083 5642 Si
2108 5595 2273 5639 autem
2295 5583 2477 5638 dixerit
2500 5597 2713 5650 nequam
2738 5594 2911 5634 servus
2930 5578 3017 5633 ille
3034 5578 3087 5632 in
3106 5582 3258 5632 corde
3277 5593 3390 5644 suo,
3413 5574 3613 5632 Tardat

2019 5678 2252 5733 dominus
2279 5691 2419 5728 meus
2443 5673 2637 5737 venire,
2668 5670 2753 5747 49.
2780 5678 2827 5724 et
2856 5669 3095 5741 inceperit
3123 5669 3380 5723 verberare
3407 5685 3611 5723 conser-

2019 5787 2104 5825 vos
2126 5787 2260 5824 suos.
2291 5767 2560 5822 comederit
2584 5776 2752 5819 autem
2786 5774 2833 5819 et
2858 5764 3035 5818 biberit
3063 5780 3177 5818 cum
3198 5762 3351 5818 ebriis
3372 5778 3392 5816 :
3411 5764 3501 5818 50.
3526 5780 3612 5828 ne:

2014 5862 2252 5975 “illam,
2276 5862 2334 5915 de
2357 5862 2515 5925 donis,
2537 5876 2587 5913 ιιι
2629 5876 2731 5916 uno
2773 5859 2946 5913 codice
2978 5864 3179 5915 desunt.
3211 5864 3274 5914 Υ.
3300 5861 3524 5917 Fieldad
3543 5879 3596 5949 ρ.
