4128 6424
479 424 580 480 ’ῑοἹ

477 535 580 588 niet
608 532 840 586 dominus
866 528 992 586 servi
1019 527 1158 584 illius
1179 528 1232 584 in
1261 527 1343 582 die
1365 542 1464 597 qua
1492 541 1593 580 non
1617 532 1869 592 exspectat
1888 563 1902 585 ,
1935 530 1983 574 et
2008 521 2062 572 in

479 628 603 678 hora
631 642 730 697 qua
759 641 857 678 non
885 624 1052 690 novit,
1081 622 1170 679 51.
1201 631 1247 676 et
1276 621 1462 674 dividet
1489 635 1636 685 eum,
1667 630 1710 671 et
1739 627 1930 688 portent
1959 614 2068 685 ejus

476 735 590 771 cum
617 718 893 788 hypocritis
922 725 1089 780 ponet.
1121 713 1201 768 Ibi
1224 715 1317 768 erit
1347 715 1496 784 ﬂetus
1523 723 1568 766 et
1606 711 1793 766 stridor
1821 710 2064 763 dentiant.

475 810 532 864 Si
561 813 682 881 quis
711 826 838 864 vero
866 810 1064 866 dixerit
1097 826 1110 864 :
1139 807 1328 862 Viden'
1357 823 1475 877 quae
1515 806 1766 876 cogitatio
1803 803 2062 865 subierit,

474 901 615 969 quod
654 901 768 955 dies
799 902 883 955 illa
926 917 1032 955 non
1072 910 1194 954 nota
1225 899 1407 954 esset?
1440 897 1627 951 Tarda!
1658 897 1799 951 enim
1832 895 2068 948 dominus

475 1007 612 1046 meus
635 1033 650 1056 ,
695 991 866 1061 inquit
897 1010 908 1045 :
941 991 1385 1060 respondebimus
1419 1009 1431 1044 :
1460 988 1576 1044 Non
1617 987 1756 1057 quod
1801 986 1916 1040 dies
1958 1000 2065 1039 non

475 1093 598 1137 nota
623 1091 787 1146 esset,
811 1081 902 1137 sed
926 1081 1067 1153 quod
1094 1082 1364 1152 improbus
1384 1081 1455 1137 sit
1478 1095 1684 1144 servus,
1710 1078 1760 1133 id
1781 1078 2059 1133 accidisse.

474 1173 604 1229 Nam
631 1189 724 1229 cur
754 1174 1064 1244 prudentem
1095 1183 1149 1228 ct
1175 1171 1386 1228 ﬁdelem
1416 1188 1510 1243 par
1531 1171 1782 1242 cogitatio
1810 1184 1913 1224 nOn
1939 1168 2063 1224 sub-

474 1265 576 1320 iit?
601 1266 729 1331 Cur,
762 1267 946 1331 miser,
975 1265 1099 1337 quia
1137 1265 1310 1320 tardat
1337 1265 1620 1331 dominus,
1651 1263 1877 1336 sperasti
1919 1263 2064 1316 illum

475 1374 763 1427 numquam
792 1369 1076 1413 venturum
1093 1359 1118 1409 ?
1143 1373 1240 1413 cur
1264 1373 1368 1411 non
1395 1357 1653 1412 sollicitut
1683 1355 1779 1411 es?
1809 1355 1941 1418 Hinc
1973 1354 2069 1425 igi-

474 1461 561 1506 tur
581 1452 859 1517 discimus,
883 1467 987 1506 non
1012 1451 1224 1506 tardare
1251 1451 1558 1506 Dominum.
1582 1449 1705 1504 Hax
1727 1449 1921 1518 quippe
1946 1463 2069 1503 sen-

475 1541 640 1596 tentia
672 1555 776 1596 non
801 1541 1022 1606 domini,
1051 1542 1146 1597 sed
1181 1541 1406 1612 improbi
1436 1541 1576 1597 servi
1605 1550 1725 1604 est;
1759 1539 1988 1608 ideoque
2014 1538 2066 1592 in

475 1633 680 1688 crimen
711 1642 950 1688 vocatur.
978 1631 1096 1688 Non
1136 1632 1348 1687 tardare
1386 1632 1528 1686 enim
1568 1631 1691 1684 audi
1733 1629 1951 1683 Paulum
1981 1627 2067 1681 di-

476 1733 689 1778 centem
722 1742 735 1778 :
768 1723 1016 1778 Dominus
1047 1740 1203 1794 prape
1231 1732 1338 1789 est,
1371 1721 1502 1776 nihil
1534 1721 1739 1776 solliciti
1767 1721 1874 1774 sitis
1902 1717 2068 1789 (Phi-

477 1815 606 1884 lipp.
639 1815 691 1869 4.
722 1813 774 1869 5.
804 1814 858 1882 ϐ)
888 1831 903 1879 ;
935 1823 1008 1880 et,
1043 1814 1143 1881 Qui
1173 1823 1410 1868 venturus
1436 1824 1507 1867 est
1533 1813 1692 1867 veniet
1712 1854 1726 1877 ,
1755 1822 1803 1865 et
1830 1828 1932 1865 non
1958 1819 2067 1863 tar-

477 1908 616 1961 dabit
646 1904 842 1978 (Hebr.
873 1905 959 1960 10.
993 1907 1061 1960 57
1085 1909 1123 1974 ).
1154 1905 1231 1960 Τιι
1273 1920 1401 1959 vero
1436 1920 1555 1975 qua:
1585 1912 1882 1974 sequuntur
1907 1903 2028 1957 audi
2051 1943 2066 1968 ,

479 2007 532 2053 et
560 1999 707 2054 disce
733 1997 1210 2072 quaml'requenter
1224 1998 1620 2068 ignorationem
1638 1995 1742 2051 diei
1762 1996 1816 2050 in
1833 2002 2069 2050 mentem

483 2097 737 2156 revocet,
772 2091 945 2144 servis
984 2089 1274 2144 ostendens
1308 2088 1357 2142 id
1390 2087 1521 2142 utile
1551 2101 1672 2142 esse
1696 2128 1712 2153 ,
1745 2097 1797 2142 et
1824 2085 2071 2140 sufﬁcere

481 2193 536 2237 ut
568 2184 684 2238 illos
717 2198 744 2236 a
776 2197 966 2236 somno
995 2181 1189 2236 excitet
1213 2189 1268 2236 et
1295 2181 1481 2249 erigat.
1515 2178 1652 2246 Quid
1692 2179 1834 2232 enim
1864 2177 1908 2232 si
1940 2176 2069 2230 nihil

477 2277 690 2345 quidam
723 2274 846 2330 inde
874 2275 1062 2329 lucrati
1090 2274 1251 2329 sunt?
1281 2273 1464 2344 Neque
1487 2274 1628 2328 enim
1652 2271 1719 2326 ab
1743 2271 1861 2324 aliis
1882 2269 2074 2340 juvan-

479 2371 618 2424 tibns
659 2370 786 2440 quid
830 2368 1102 2438 assequnli
1145 2377 1269 2422 sunt
1299 2385 1311 2421 :
1347 2378 1578 2422 attamen
1628 2367 1714 2422 hic
1747 2381 1858 2440 non
1898 2373 2072 2418 cessat

477 2476 598 2531 qu:c
625 2477 717 2515 sua
749 2471 874 2515 sunt
900 2460 1093 2514 facere.
1123 2460 1258 2528 Quid
1286 2475 1435 2530 ergo,
1464 2459 1690 2529 inquies,
1723 2459 1772 2511 in
1801 2456 2073 2527 sequenti-

479 2553 616 2608 bus?
645 2551 819 2606 Veniet
843 2570 943 2623 qua
969 2553 1050 2606 die
1078 2570 1179 2606 non
1205 2562 1476 2623 exspectat,
1503 2561 1550 2607 et
1575 2553 1700 2606 hora
1723 2568 1822 2622 qua
1848 2552 2070 2622 ignorat,

478 2653 534 2700 et
561 2653 796 2698 extrema
834 2644 934 2713 ipsi
976 2643 1192 2699 inferet.
1225 2643 1390 2698 Vides
1426 2643 1698 2714 quomodo
1737 2643 1840 2698 hoc
1878 2642 2074 2712 ubique

481 2744 710 2805 repetat,
745 2735 1164 2805 ignorantizeque
1195 2735 1472 2790 utilitatem
1513 2742 1796 2801 monstret,
1826 2734 1903 2788 sic
1927 2734 2074 2789 solli-

478 2827 618 2880 citos
643 2840 856 2894 semper
883 2825 1154 2881 reddens?
1184 2825 1295 2881 Hoc
1325 2827 1468 2882 enim
1495 2834 1578 2882 est
1605 2825 1748 2898 quod
1780 2825 1947 2896 magis
1975 2840 2073 2879 cu-

481 2931 600 2988 rat,
631 2931 688 2976 ut
717 2936 932 2992 semper
957 2922 1234 2993 vigilemus
1259 2939 1272 2976 :
1302 2930 1357 2978 et
1381 2921 1504 2993 quia
1540 2937 1754 2991 semper
1784 2921 1836 2974 in
1866 2919 2074 2975 deliciis

482 3013 762 3080 cadimus,
814 3013 864 3067 in
907 3013 1300 3070 calamitatibus
1341 3027 1471 3069 vero
1507 3013 1910 3083 resipiscimus,
1952 3011 2075 3066 ideo

481 3105 680 3177 ubique
717 3104 820 3160 hoc
847 3103 1011 3170 dicit,
1042 3104 1255 3176 quando
1298 3105 1506 3161 remissi
1545 3105 1851 3176 inertesque
1886 3117 2075 3160 sumus

482 3210 609 3255 tunc
629 3199 764 3254 mala
789 3199 1052 3256 accidere.
1076 3200 1154 3254 Ac
1179 3198 1627 3270 quemadmodum
1655 3213 1816 3269 supra
1841 3213 1938 3268 per
1962 3196 2075 3252 Noe

481 3290 586 3346 hoc
609 3290 898 3346 declaravit
921 3307 936 3345 :
964 3291 1042 3347 sic
1060 3299 1116 3347 et
1137 3290 1223 3346 hic
1243 3291 1335 3358 ait,
1358 3289 1490 3347 Cum
1513 3306 1702 3346 servus
1729 3291 1820 3347 ille
1843 3289 2072 3350 inebria-

481 3395 600 3450 tur,
631 3401 752 3440 cnm
784 3386 1067 3451 verberat,
1099 3393 1224 3440 tunc
1259 3384 1578 3466 supplicium
1604 3393 1687 3438 est
1715 3383 2070 3438 intolerabile.

483 3475 678 3530 Verum
725 3491 792 3530 ne
837 3476 1154 3546 supplicium
1197 3475 1294 3544 ipsi
1333 3475 1657 3530 destinatum
1696 3473 2071 3541 solummodo,

482 3568 574 3623 sed
607 3567 734 3623 illud
763 3568 922 3622 etiam
948 3566 1382 3633 consideremus,
1414 3581 1483 3621 ne
1510 3564 1648 3620 forte
1677 3574 1731 3621 et
1757 3566 1857 3636 ipsi
1884 3563 2072 3621 eadem

479 3669 699 3729 agentes
727 3658 779 3714 id
812 3674 918 3713 non
947 3658 1306 3713 advertamns.

553 3748 939 3821 Eleemosynam
977 3748 1314 3804 commendat.
1345 3779 1417 3789 —
1447 3747 1660 3804 Etenim
1704 3747 1826 3803 huic
1868 3746 2074 3803 similes

479 3851 604 3896 sunt
636 3841 705 3895 illi
738 3843 826 3911 qui
861 3841 1114 3910 pecunias
1144 3839 1438 3906 habentes,
1465 3839 1650 3910 egenis
1687 3854 1793 3895 non
1833 3838 2073 3908 largiun-

481 3943 566 3989 tur
595 3952 608 3988 :
636 3934 677 3988 si
706 3932 920 4004 quidem
950 3940 1004 3988 et
1033 3940 1087 3986 tu
1116 3933 1465 4004 pecuniarum
1498 3940 1707 3986 tuarum
1735 3929 2075 4000 dispensator

479 4040 577 4089 cs,
611 4040 713 4078 non
755 4025 932 4078 minus
971 4041 1128 4094 quam
1161 4025 1206 4078 is
1234 4025 1323 4094 qui
1365 4023 1617 4079 Ecclesia:
1663 4024 1798 4079 bona
1839 4021 2073 4078 admini-

480 4123 634 4169 sti-at.
664 4114 733 4171 Ut
773 4116 916 4169 enim
962 4115 1046 4170 hic
1089 4129 1150 4168 ea
1194 4131 1313 4186 qua:
1352 4131 1380 4168 a
1419 4115 1572 4170 vobis
1609 4129 1708 4183 pro
1752 4114 2074 4184 pauperibus

479 4215 694 4278 erogata
733 4215 894 4274 sunt,
925 4223 1028 4261 non
1066 4217 1242 4277 potest
1280 4222 1378 4277 pro
1406 4207 1574 4261 lubito
1601 4215 1656 4261 et
1684 4215 1888 4262 temere
1915 4221 2073 4277 spar-

479 4313 607 4369 gere
631 4340 645 4365 ,
678 4299 799 4369 quia
846 4299 896 4352 in
949 4314 1238 4370 pauperum
1274 4299 1414 4354 datm
1450 4307 1574 4354 sunt
1602 4299 1912 4354 alimentum
1947 4317 1961 4353 :
1996 4298 2075 4354 sic

481 4406 581 4445 nec
608 4398 660 4444 tu
692 4398 802 4445 tua.
833 4390 1056 4444 Etiamsi
1083 4391 1226 4446 enim
1257 4400 1535 4462 paternam
1561 4391 1834 4460 acceperis
1863 4389 2074 4446 heredi-

479 4491 642 4538 tatem
663 4523 678 4547 ,
710 4490 870 4554 atque
898 4482 976 4538 sic
1006 4484 1184 4537 omnia
1227 4492 1312 4538 tua
1358 4482 1630 4552 possideas
1666 4499 1680 4536 :
1711 4491 1947 4538 attamen
1979 4482 2073 4538 Dei

479 4584 605 4628 sunt
632 4573 746 4628 haec
769 4574 969 4628 omnia.
999 4574 1138 4629 Sane
1168 4590 1286 4644 qua:
1316 4584 1368 4628 ιιι
1394 4574 1588 4630 dedisti
1618 4576 1698 4630 vis
1723 4584 1972 4630 accurate
1994 4575 2076 4630 di-

481 4666 722 4735 spensari
748 4681 761 4720 :
786 4680 964 4720 annon
990 4675 1142 4737 putas
1169 4667 1336 4721 Deum
1364 4682 1458 4722 sua
1487 4682 1516 4721 a
1544 4667 1697 4722 nobis
1724 4670 1928 4738 majore
1950 4684 2071 4724 eum

479 4758 814 4814 vehementia
843 4760 1213 4828 repetiturum,
1245 4760 1339 4815 sed
1368 4759 1471 4815 illis
1498 4767 1699 4814 temere
1729 4762 2075 4830 pereuntibus

481 4849 534 4903 id
560 4848 834 4904 laturum?
860 4848 976 4904 Non
1006 4849 1074 4903 ita
1109 4865 1194 4904 res
1218 4864 1276 4904 se
1305 4849 1485 4912 habet,
1517 4863 1621 4903 non
1650 4850 1720 4904 ita
1749 4857 1916 4906 certe.
1942 4849 2072 4905 Nam

484 4940 600 4994 huc
625 4940 746 4996 ideo
773 4941 913 5010 apud
947 4951 998 4996 te
1030 4941 1278 5012 reliquit,
1312 4951 1371 4996 ut
1399 4941 1494 4996 des
1519 4957 1697 4997 escam
1726 4943 1827 4998 illis
1855 4945 1908 4998 in
1941 4953 2075 4999 tem-

483 5047 613 5100 pore
651 5044 971 5102 opportuno.
1014 5034 1149 5104 Quid
1194 5044 1275 5088 est
1301 5077 1316 5100 ,
1359 5037 1408 5090 in
1451 5043 1692 5105 tempore
1730 5038 2075 5107 opportuno?

485 5123 678 5192 Egcnis
699 5164 714 5189 ,
747 5125 1125 5181 esurientibus.
1159 5126 1308 5181 Sicut
1338 5127 1497 5196 igitur
1528 5137 1582 5181 tu
1611 5141 1871 5182 conservo
1897 5128 1962 5182 ad
1993 5129 2076 5181 di-

481 5216 839 5286 spensandum
880 5215 1113 5285 dedisti,
1142 5219 1219 5273 sic
1261 5219 1516 5273 Doiuinus
1545 5227 1597 5275 te
1627 5219 1737 5273 vult
1773 5229 1828 5273 ut
1870 5235 1964 5289 par
1993 5229 2076 5274 est

480 5307 807 5378 expendere.
837 5307 981 5371 ldeo,
1006 5323 1126 5362 cum
1157 5310 1322 5378 possit
1345 5310 1576 5376 auferre,
1598 5309 1850 5381 relinquit
1872 5318 2070 5378 tamen,

481 5413 538 5454 ut
567 5401 774 5454 virtutis
802 5400 1114 5455 exercendze
1143 5401 1480 5456 occasionem
1521 5402 1750 5467 habeas;
1782 5411 1944 5472 utque
1974 5418 2072 5458 cu-

481 5491 650 5547 rando
681 5501 737 5547 ut
764 5493 898 5547 alter
927 5493 1093 5547 altero
1121 5503 1341 5562 egeret,
1380 5504 1616 5549 mutuam
1655 5495 1932 5550 caritatem
1964 5494 2073 5551 fer-

483 5587 775 5643 ventiorem
806 5586 1074 5642 redderet.
1100 5587 1178 5642 Tu
1207 5603 1333 5643 vero
1358 5595 1637 5658 postquam
1666 5589 1939 5658 accepisti,
1965 5603 2072 5642 non

481 5679 653 5733 solum
683 5695 788 5734 non
817 5678 934 5746 das,
965 5679 1058 5733 sed
1089 5681 1245 5734 etiam
1274 5682 1543 5736 verberas.
1569 5679 1722 5749 Quod
1749 5681 1794 5736 si
1819 5695 1922 5736 non
1947 5679 2074 5736 dare

477 5767 635 5837 culpa
661 5778 763 5836 est,
789 5786 909 5841 qua:
937 5770 1090 5826 venia
1119 5773 1222 5826 erit
1249 5772 1590 5828 verberanti?

547 5859 605 5916 ὅ.
647 5859 759 5915 Hoc
784 5874 962 5917 autem
989 5863 1121 5919 mihi
1147 5864 1323 5920 dicere
1348 5864 1556 5922 videtur
1577 5864 1629 5920 in
1650 5865 2072 5924 contumeliosos

1332 411 1391 465 S.
1430 409 1710 467 JOANNIS
1745 402 2224 464 CHRYSOSTOMI
2264 400 2583 458 ARCHIEP.
2625 398 3165 458 CONSTAN’I'INOP.

3665 401 3772 459 708

2177 525 2230 572 et
2249 531 2492 586 rapaces,
2511 515 2882 571 vehementem
2906 515 3173 568 intentans
3191 512 3612 578 accusationem,
3628 515 3776 584 quod

2174 621 2269 662 cos
2301 608 2586 661 verberent
2621 620 2758 676 quos
2800 606 2944 660 alere
2977 603 3114 674 jussi
3144 615 3289 658 sunt.
3335 602 3557 659 Videtur
3593 615 3772 660 autem

2174 699 2304 753 mihi
2334 698 2420 753 hic
2445 697 2564 753 illos
2589 696 2931 753 subindicare
2953 697 3042 767 qui
3069 711 3118 750 tn
3147 695 3353 750 deliciis
3375 698 3535 750 vitam
3574 709 3772 765 agunt;

2175 805 2297 845 nam
2326 790 2544 844 delicias
2576 803 2760 858 magna
2785 796 3058 857 exspectat
3084 802 3237 856 poena
3262 785 3557 854 :Comedat,
3581 787 3706 858 inqu
3733 799 3772 852 t,

2174 891 2218 935 et
2243 880 2376 934 bibat
2396 897 2510 934 cum
2533 880 2703 945 ebriis,
2729 879 2931 933 ventris
2952 878 3242 948 ingluviem
3268 879 3632 933 subindicans.
3657 881 3774 934 Non

2172 978 2315 1033 enim
2348 976 2468 1032 ideo
2497 975 2747 1043 accepisti
2773 1014 2788 1039 ,
2826 982 2885 1028 ut
2917 973 3222 1039 delieieris,
3252 972 3347 1028 sed
3387 984 3443 1028 ut
3471 973 3775 1047 eleemosy-

2177 1085 2298 1124 nam
2326 1083 2535 1138 eroges.
2561 1066 2697 1122 Num
2726 1076 2812 1121 tua
2842 1076 2892 1121 te
2915 1078 3070 1138 putas
3099 1067 3654 1136 habereiPaupernm
3679 1067 3774 1123 tibi

2176 1161 2314 1216 bona
2341 1159 2645 1215 concredita
2673 1166 2816 1222 sunt,
2846 1159 3054 1213 etiamsi
3083 1158 3350 1215 hereditas
3376 1163 3594 1227 paterna
3621 1154 3766 1224 sint;

2172 1250 2382 1307 etiamsi
2427 1267 2492 1306 ex
2521 1250 2681 1320 jussis
2708 1248 2979 1304 laboribus
3011 1259 3173 1318 parta:
3201 1250 3310 1303 sint
3335 1263 3489 1318 Opes.
3519 1253 3711 1304 Annon
3740 1265 3772 1305 a

2176 1355 2230 1400 te
2261 1345 2400 1400 Deus
2432 1343 2525 1398 has
2564 1341 2778 1398 auferre
2808 1341 3019 1412 potuit?
3046 1341 3152 1398 Sed
3183 1341 3305 1396 ideo
3341 1357 3444 1396 non
3474 1341 3648 1398 aufert
3667 1383 3682 1403 ,
3713 1350 3774 1398 nt

2177 1446 2232 1489 tu
2261 1434 2432 1504 possis
2455 1449 2581 1504 erga
2609 1448 2809 1504 egenos
2835 1433 3206 1488 liberalitatem
3233 1449 3507 1488 exercere.
3539 1433 3618 1488 Τιι
3645 1451 3774 1490 vero

2174 1529 2302 1584 mihi
2351 1530 2621 1599 perpende
2643 1569 2660 1595 ,
2690 1528 2961 1598 quomodo
2991 1529 3042 1583 in
3070 1528 3320 1583 omnibus
3354 1529 3624 1598 parabolis
3652 1529 3774 1586 illos

2174 1622 2370 1690 plectat
2393 1664 2407 1682 ,
2436 1621 2526 1692 qui
2565 1621 2757 1690 opibus
2795 1621 2906 1676 suis
2943 1620 3009 1675 ad
3039 1635 3238 1690 egenos
3265 1620 3487 1676 alendos
3514 1637 3619 1676 non
3650 1631 3775 1677 sunt

2174 1713 2274 1767 usi.
2311 1711 2490 1782 Neque
2517 1713 2657 1766 enim
2688 1713 2922 1781 virgines
2963 1712 3070 1765 illa:
3108 1713 3280 1766 aliena
3320 1721 3647 1782 rapuerunt,
3675 1713 3770 1768 sed

2175 1821 2270 1860 sua
2298 1820 2404 1859 non
2426 1805 2631 1874 largita:
2654 1815 2814 1867 sunt;
2845 1821 3019 1875 neque
3047 1806 3091 1859 is
3115 1807 3204 1876 qui
3246 1806 3500 1860 talentum
3531 1807 3770 1876 defodit,

2173 1897 2347 1952 aliena
2390 1899 2622 1963 invasit,
2660 1898 2754 1953 sed
2800 1899 2925 1952 illud
2967 1914 3073 1953 non
3113 1899 3436 1969 duplicavit;
3478 1917 3652 1972 neque
3679 1904 3769 1972 qui

2171 1989 2473 2044 esurientes
2506 1990 2799 2060 negligunt,
2836 1989 2956 2043 ideo
2983 1989 3293 2058 puniuntur,
3319 1991 3460 2061 quod
3488 1992 3656 2046 aliena
3685 2009 3772 2047 ra-

2174 2087 2385 2155 puerint
2404 2128 2418 2154 ,
2448 2086 2541 2142 sed
2571 2087 2711 2157 quod
2742 2102 2834 2142 sua
2866 2102 2970 2142 non
2998 2088 3382 2158 disperserint;
3413 2089 3770 2159 quemadmo-

2174 2175 2300 2231 dum
2340 2187 2396 2232 et
2433 2177 2520 2232 hic
2560 2191 2765 2232 servus.
2800 2179 3094 2234 Audiamus
3121 2179 3280 2250 igitur
3309 2191 3568 2252 quotquot
3599 2183 3770 2236 ventri

2175 2269 2530 2339 indulgemus,
2562 2281 2823 2341 quotquot
2850 2273 2900 2325 in
2931 2272 3101 2328 lautas
3128 2290 3313 2330 coenas
3345 2277 3602 2345 pecunias
3628 2276 3774 2330 insu-

2177 2362 2390 2430 mimns,
2413 2379 2532 2433 qnze
2557 2381 2662 2419 non
2696 2375 2914 2430 nostrzr,
2949 2367 3040 2421 sed
3073 2382 3362 2435 egenorum
3392 2377 3535 2423 sunt.
3571 2368 3646 2422 Ne
3675 2383 3773 2439 pu-

2179 2462 2258 2507 tes
2287 2454 2427 2507 enim
2460 2455 2581 2524 quia
2614 2470 2708 2524 per
2738 2457 2957 2510 multam
2990 2459 3410 2514 misericordiam
3453 2459 3568 2514 haec
3599 2469 3655 2515 ιιι
3685 2471 3775 2515 tua

2174 2543 2304 2598 dare
2328 2544 2508 2614 jussus
2537 2561 2616 2609 es,
2645 2547 2766 2602 ideo
2797 2548 2911 2602 haec
2937 2562 3058 2604 esse
3090 2558 3197 2603 tua.
3227 2549 3342 2605 Tibi
3375 2551 3768 2616 commodavit,

2177 2645 2236 2690 ut
2260 2637 2427 2706 probe
2465 2653 2623 2708 agere
2668 2653 2872 2710 posses.
2921 2640 2998 2695 Ne
3029 2649 3115 2696 tua
3153 2641 3313 2712 igitur
3338 2641 3467 2697 dare
3493 2653 3546 2698 te
3577 2651 3729 2712 putes
3750 2684 3766 2708 ,

2175 2728 2304 2783 dum
2337 2731 2436 2800 ipsi
2465 2747 2558 2786 sua
2590 2733 2820 2804 largiris.
2852 2733 3034 2804 Neque
3064 2735 3205 2790 enim
3237 2737 3281 2790 si
3313 2745 3365 2791 tu
3393 2737 3621 2808 cuipiam
3650 2753 3773 2792 rau-

2177 2828 2268 2875 tno
2295 2821 2472 2891 dares,
2504 2834 2562 2879 ut
2591 2825 2862 2896 profectus
2889 2827 3013 2882 inde
3041 2828 3233 2884 lucrari
3265 2839 3482 2900 posset,
3519 2831 3773 2901 pecunias

2177 2912 2297 2968 illas
2321 2914 2387 2969 ad
2420 2915 2592 2986 ipsum
2629 2919 2897 2987 pertinere
2921 2919 3150 2976 diceres.
3181 2920 3270 2977 Sic
3307 2922 3400 2976 tibi
3440 2922 3580 2978 Deus
3607 2937 3772 2994 pecu-

2177 3005 2319 3060 niam
2358 3005 2608 3068 tradidit,
2642 3017 2700 3062 ut
2725 3009 2916 3063 caelum
2953 3024 3121 3066 emas.
3153 3010 3234 3067 Ne
3261 3028 3390 3083 ergo
3429 3013 3772 3086 benignitatis

2176 3096 2541 3166 magnitudine
2587 3097 2756 3154 utaris
2798 3109 2858 3155 ιιι
2903 3100 3169 3172 ingratum
3212 3103 3466 3159 exhibeas
3509 3107 3765 3160 animum.

2174 3185 2358 3254 Cogita
2388 3204 2547 3258 quam
2577 3189 2811 3259 optabile
2845 3201 2964 3246 erat
3001 3202 3121 3259 post
3152 3193 3409 3264 baptisma
3441 3195 3510 3251 ad
3544 3197 3767 3253 eluend-i

2176 3282 2398 3342 peccata
2433 3287 2632 3328 novam
2666 3273 2904 3341 reperire
2942 3272 3109 3327 viam.
3150 3270 3214 3327 Ni
3245 3272 3499 3339 dixisset,
3531 3272 3611 3325 Da
3635 3271 3767 3325 elec-

2176 3385 2472 3439 mosynam,
2493 3376 2628 3438 quot
2649 3367 2901 3422 homines
2916 3366 3116 3422 dicturi
3135 3375 3314 3433 erant,
3338 3367 3555 3423 Utinam
3580 3383 3769 3437 posse-

2176 3478 2300 3518 mus
2324 3463 2573 3534 pecuniis
2597 3477 2627 3517 a
2652 3461 2851 3516 futuris
2875 3476 2972 3517 nos
2998 3463 3156 3517 malis
3176 3461 3446 3516 redimere
3473 3461 3485 3515 ι
3516 3459 3622 3516 Sed
3637 3462 3764 3530 quia

2177 3564 2354 3626 potest
2381 3555 2518 3622 ﬁeri,
2543 3571 2740 3611 rursus
2763 3555 2945 3624 supini
2973 3553 3178 3623 jacent.
3200 3553 3305 3609 Sed
3329 3553 3423 3618 do,
3449 3550 3769 3622 inquies.Et

2176 3649 2307 3718 quid
2322 3648 2455 3704 illud
2470 3649 2492 3702 ἲ
2505 3647 2757 3718 Nondum
2784 3655 2993 3702 tantum
3013 3646 3234 3714 dedisti,
3253 3656 3515 3716 quantum
3539 3645 3630 3699 illa
3654 3660 3776 3698 mn-

2177 3742 2278 3797 lier
2303 3759 2425 3814 qua:
2443 3743 2582 3798 duos
2609 3742 2853 3813 erogavit
2876 3741 3092 3807 obolos;
3113 3756 3221 3796 non
3246 3740 3552 3802 dimidiam,
3570 3742 3678 3794 imo
3700 3754 3768 3792 ne

2182 3825 2456 3877 minimam
2479 3825 2693 3893 quidem
2723 3835 2928 3895 partem
2951 3826 2966 3856 ⁸
2987 3825 3039 3879 in
3059 3825 3455 3894 comparatione
3480 3823 3654 3890 illius;
3677 3823 3770 3879 sed

2177 3917 2342 3970 multa
2383 3916 2437 3972 in
2475 3925 2718 3985 sumptus
2763 3917 2978 3972 inutiles
3027 3915 3304 3986 profundis
3329 3957 3342 3980 ,
3384 3917 3435 3971 in
3484 3917 3766 3979 convivia,

2177 4009 2510 4074 ebrietatem,
2541 4019 2941 4079 extremamque
2971 4009 3263 4079 ingluviem
3295 4026 3306 4061 :
3340 4023 3482 4064 nunc
3509 4009 3770 4073 invitans,

2178 4117 2319 4156 nunc
2344 4101 2625 4164 invitatus;
2657 4115 2798 4155 nunc
2817 4099 3110 4167 consumis,
3138 4114 3279 4155 nunc
3298 4100 3433 4154 alios
3453 4115 3773 4154 consumere

2177 4193 2353 4262 cogis;
2398 4193 2471 4247 ita
2513 4201 2571 4247 ut
2607 4191 2874 4262 duplicem
2907 4190 3000 4246 tibi
3042 4204 3198 4261 pares
3234 4191 3527 4246 crueiatum
3552 4233 3568 4258 ,
3604 4190 3673 4246 ab
3709 4192 3773 4247 iis

2179 4297 2298 4351 qua:
2341 4292 2396 4337 tu
2434 4280 2602 4350 facis,
2633 4291 2687 4337 et
2727 4282 2796 4338 ab
2839 4282 2904 4337 iis
2941 4296 3062 4352 quae
3102 4291 3158 4337 te
3189 4290 3405 4337 auctore
3431 4281 3522 4336 alii
3553 4280 3773 4337 faciunt.

2183 4371 2314 4431 Vide
2347 4388 2478 4444 ergo
2522 4374 2666 4429 hunc
2708 4372 2966 4428 famulum
3001 4373 3192 4428 eadem
3231 4372 3299 4428 de
3337 4389 3396 4427 re
3421 4384 3729 4429 accusatum
3756 4415 3772 4442 ,

2177 4463 2425 4528 Comedit,
2455 4463 2646 4535 inquit,
2671 4476 2720 4517 et
2742 4463 2863 4517 bibit
2886 4479 3001 4516 cum
3027 4462 3195 4517 ebriis.
3223 4461 3407 4533 Neque
3434 4463 3577 4518 enim
3597 4465 3794 4520 ebrios.

2182 4564 2386 4611 tantum
2413 4597 2429 4624 ,
2473 4556 2568 4611 sed
2609 4564 2664 4610 et
2701 4555 2912 4610 illorum
2944 4554 3122 4610 socios
3160 4554 3422 4624 supplicio
3460 4555 3691 4621 afﬁciet;
3722 4567 3778 4612 et

2175 4647 2298 4718 jure
2327 4647 2542 4717 quidem
2571 4665 2585 4702 :
2612 4662 2734 4702 nam
2775 4657 2832 4700 et
2867 4647 3073 4716 seipsos
3097 4655 3486 4715 corrumpunt,
3513 4653 3570 4701 et
3595 4646 3776 4715 proxi-

2179 4756 2392 4797 morum
2420 4741 2653 4796 salutem
2683 4739 2977 4811 negligunt.
3022 4739 3164 4794 Nihil
3192 4748 3369 4793 autem
3400 4739 3470 4794 ita
3500 4739 3670 4795 Deum
3700 4741 3776 4795 ir-

2179 4833 2341 4898 ritat,
2384 4841 2442 4888 ut
2479 4832 2524 4888 si
2563 4831 2792 4902 proximi
2835 4845 2922 4885 res
2961 4830 3313 4900 negligantur.
3357 4829 3696 4900 Quapropter
3722 4840 3780 4885 ut

2181 4925 2316 4979 iram
2347 4940 2498 4980 suam
2527 4923 2831 4993 exprimat,
2857 4921 3084 4978 discindi
3110 4936 3324 4976 servum
3353 4921 3528 4992 jussit.
3573 4921 3780 4979 Idcirco

2179 5017 2458 5072 caritatem
2487 5016 2869 5084 discipulorum
2908 5029 3127 5070 suorum
3164 5023 3426 5069 tesseram
3450 5013 3586 5070 dixit
3611 5027 3732 5070 esse
3757 5029 3774 5067 :

2180 5110 2303 5179 quia
2329 5124 2547 5164 necesse
2565 5110 2788 5163 omnino
2816 5116 2899 5162 est
2925 5107 3232 5176 diligentem
3255 5119 3344 5160 res
3364 5105 3543 5161 dilecti
3561 5117 3772 5163 utrave.

2184 5201 2330 5255 Hanc
2369 5201 2528 5270 igitur
2563 5182 2702 5252 viam
2749 5209 3026 5252 teneamus
3057 5214 3070 5250 :
3106 5212 3230 5252 nam
3273 5195 3388 5252 haec
3425 5194 3652 5252 maxime
3693 5206 3778 5249 est

2180 5309 2299 5363 qua:
2327 5293 2394 5346 ad
2431 5291 2618 5346 caelum
2652 5291 2832 5353 ducit,
2862 5305 2981 5359 qure
3009 5289 3208 5345 Christi
3249 5288 3537 5343 imitatores
3565 5284 3736 5340 efﬁcit
3763 5328 3779 5353 ,

2182 5398 2301 5453 qua:
2333 5383 2441 5436 Deo
2468 5381 2669 5435 similes
2704 5380 2898 5435 reddit.
2950 5379 3084 5435 Vide
3113 5395 3244 5449 ergo
3270 5393 3426 5448 quam
3457 5379 3781 5432 necessariae

2182 5474 2290 5528 sint
2329 5474 2412 5527 lue
2453 5472 2678 5525 virtutes
2704 5512 2718 5537 ,
2751 5486 2870 5540 quae
2909 5470 3060 5539 juxta
3099 5471 3241 5524 viam
3267 5469 3404 5524 hanc
3439 5468 3782 5523 tabernacula

2181 5571 2493 5636 posuerunt.
2517 5563 2574 5618 Si
2604 5563 2774 5631 placet
2803 5571 2981 5617 autem
3008 5601 3022 5625 ,
3059 5561 3176 5615 illas
3203 5560 3510 5630 diligentius
3536 5560 3784 5628 explore-

2182 5675 2320 5725 mus,
2355 5666 2411 5714 et
2438 5657 2733 5713 secundum
2762 5656 2856 5712 Dei
2892 5654 3144 5727 placitum
3171 5655 3492 5711 sententiam
3521 5653 3778 5710 feramus.

2168 5864 2200 5913 ά
2233 5805 2248 5835 ¹
2277 5802 2408 5867 Hac,
2435 5815 2529 5854 non
2577 5798 2859 5864 dimidiam,
2883 5815 3028 5854 0mm.
3074 5801 3422 5867 Mor.,ilont’f.,
3450 5805 3503 5851 et
3527 5811 3655 5849 unus
3673 5809 3762 5847 co-

2203 5879 2281 5913 ex.

2203 5879 2281 5915 ex.
