4128 6404
347 469 451 527 709

337 598 455 648 Sitit
477 610 605 664 ergo
629 596 646 628 ⁸
669 594 787 650 dum
811 595 878 650 ad
906 597 1069 650 vitam
1092 595 1346 665 optimam
1371 597 1488 662 via),
1513 612 1736 665 quarum
1761 597 1928 652 altera

335 690 596 743 viatorem
616 687 892 742 dumtaxat
921 689 1145 758 probum
1174 688 1390 754 reddat;
1423 688 1588 742 altera
1615 689 1773 744 etiam
1807 704 1931 757 pro—

337 785 558 840 limum.
609 782 1001 852 Videamusque
1041 799 1284 852 quamam
1322 785 1391 838 sit
1427 784 1750 853 perfectior,
1781 794 1835 840 ct
1861 786 1927 840 ad

334 877 547 930 virtutis
589 875 800 930 culmen
828 890 927 929 nos
951 875 1128 930 ducat.
1171 875 1263 930 llle
1289 886 1435 931 certe
1463 878 1552 946 qui
1581 893 1673 932 sua
1721 888 1926 932 tantum

336 978 505 1030 curat,
535 983 565 1021 a
593 968 759 1021 Paulo
781 967 1074 1036 saepissime
1093 969 1371 1036 culpatur;
1399 984 1520 1023 cum
1546 985 1574 1023 a
1598 968 1761 1025 Paulo
1783 971 1924 1038 dico,

334 1072 362 1110 a
391 1056 608 1111 Christo
636 1058 909 1127 intelligo;
940 1057 1090 1112 illum
1123 1075 1248 1113 vero
1275 1060 1364 1128 qui
1393 1062 1618 1129 proximi
1647 1077 1734 1116 res
1752 1071 1924 1127 curat,

334 1150 579 1203 laudibus
604 1158 656 1203 et
683 1150 898 1206 coronis
925 1161 1166 1204 exornat.
1200 1150 1466 1206 Ubinam?
1495 1153 1630 1207 Audi
1658 1154 1927 1224 quomodo

297 1295 301 1318 τ
335 1240 478 1302 huic,
505 1241 770 1310 quomodo
792 1241 866 1294 illi
893 1241 1156 1310 loquatur.
1183 1241 1346 1297 Nemo
1367 1243 1501 1314 quod
1525 1261 1674 1299 suum
1697 1257 1769 1301 est
1790 1263 1928 1318 qua:-

286 1309 300 1395 jl
334 1342 434 1395 rat,
469 1309 555 1384 set!
582 1332 717 1402 quod
742 1343 816 1387 est
840 1309 1058 1403 proximi
1086 1309 1427 1407 unusquisque
1449 1336 1524 1406 (1.
1553 1337 1673 1391 Cor.
1699 1338 1786 1394 10.
1803 1309 1922 1411 Ἃ).

339 1424 524 1478 Viden’
552 1425 821 1494 quomodo
850 1426 1076 1481 alterum
1106 1428 1262 1497 ejecit
1284 1470 1300 1494 ,
1333 1431 1558 1485 alterunt
1587 1431 1829 1487 induxit?
1857 1433 1926 1488 Et

333 1531 568 1578 rursum,
591 1515 941 1588 Unusquisque
961 1529 1177 1573 uestrum
1199 1522 1431 1590 proximo
1452 1523 1647 1591 placeat
1667 1525 1718 1578 iii
1739 1524 1925 1580 bonum

331 1608 400 1661 ad
425 1609 814 1678 tva'iﬁcationem
847 1609 866 1679 (
893 1608 1044 1666 Rom.
1073 1612 1159 1668 15.
1187 1613 1222 1666 2
1244 1614 1286 1684 ).
1316 1614 1519 1671 Deinde
1541 1617 1780 1686 sequitur
1811 1619 1924 1674 laus

334 1701 618 1756 inetfabilis
651 1719 772 1758 cum
802 1704 1166 1761 admonitione
1199 1701 1504 1777 conjuncta.
1540 1710 1678 1765 Nam
1704 1722 1749 1766 et
1777 1713 1924 1767 Chri-

332 1805 438 1848 stus
466 1812 565 1849 non
595 1798 689 1850 sibi
717 1798 818 1867 ipsi
848 1797 1039 1868 placuit
1067 1801 1082 1867 (
1093 1798 1118 1851 Ι
1128 1800 1230 1854 bid.
1260 1817 1306 1854 υ.
1333 1802 1413 1871 5).
1441 1802 1557 1858 Jam
1587 1806 1924 1862 satisesseiit

335 1889 417 1940 ha:
446 1890 725 1944 sententia:
760 1889 827 1944 ad
860 1891 1130 1946 victoriam
1159 1895 1506 1951 asserendam
1537 1916 1550 1951 :
1580 1908 1638 1953 ut
1663 1907 1838 1954 tamen
1871 1901 1922 1956 id

332 1979 521 2048 majori
545 1982 758 2034 cumulo
785 1982 874 2036 tiat
893 2024 908 2048 ,
942 1983 1217 2039 videamus
1245 2002 1363 2056 quae
1393 2004 1456 2043 ex
1486 1988 1643 2046 bouis
1671 1992 1922 2061 operibus

334 2071 387 2124 in
415 2072 565 2128 nobis
596 2075 975 2142 terminentur,
1000 2093 1118 2146 qua:
1140 2094 1268 2134 vero
1287 2095 1316 2134 a
1341 2082 1494 2137 nobis
1517 2083 1569 2137 in
1591 2085 1724 2140 alios
1748 2095 1922 2144 trans-

331 2177 477 2223 eant.
503 2169 754 2238 chunare
783 2171 960 2240 igitur,
995 2171 1140 2226 humi
1167 2175 1364 2230 cubare
1384 2219 1397 2240 ,
1427 2178 1782 2248 virginitatem
1808 2197 1922 2237 ser-

334 2276 458 2316 vare
502 2271 661 2332 atque
703 2266 1124 2332 continentiam,
1173 2267 1304 2338 ipsis
1347 2270 1752 2330 observantibus
1796 2288 1921 2333 sunt

333 2353 510 2418 utilia;
543 2370 658 2423 qua:
687 2371 815 2411 vero
850 2372 880 2410 a
913 2359 1064 2412 nobis
1097 2361 1150 2414 in
1183 2362 1453 2430 proximos
1490 2374 1768 2422 transeunt
1794 2378 1919 2423 sunt

331 2445 688 2517 elecmosyna,
713 2448 974 2517 doctrina,
998 2454 1208 2508 caritas.
1242 2454 1338 2510 llic
1360 2458 1520 2512 etiam
1547 2461 1669 2514 audi
1698 2461 1918 2518 Paulum

330 2535 597 2592 dicentem
629 2556 641 2592 :
673 2540 734 2595 Si
767 2544 936 2596 omnia
961 2561 1078 2613 qua:
1103 2547 1260 2601 habeo
1293 2549 1346 2604 in
1376 2551 1512 2604 cibos
1538 2569 1817 2623 pauperum
1841 2557 1920 2610 di-

331 2630 572 2684 stribuant
592 2673 605 2695 ,
638 2634 682 2685 si
701 2651 888 2705 corpus
913 2653 1077 2692 meum
1105 2640 1303 2694 tradam
1331 2653 1386 2696 ut
1411 2654 1628 2710 uratur,
1663 2650 1920 2704 caritatem

327 2731 494 2775 autem
523 2739 622 2776 non
650 2725 888 2792 habeam,
923 2729 1053 2782 nihil
1083 2731 1206 2785 mihi
1231 2734 1433 2802 prodest
1461 2736 1536 2806 (1.
1573 2737 1690 2792 Cor.
1720 2740 1805 2794 15.
1835 2741 1915 2811 5).

402 2814 454 2866 6.
490 2811 724 2869 Proximi
744 2819 1071 2887 wdiﬁcationi
1090 2825 1260 2876 omnia
1282 2829 1650 2896 postponeiida.
1687 2830 1919 2903 Virgines

329 2911 488 2976 fatua:
511 2910 624 2964 ideo
651 2928 714 2966 ei:
743 2914 967 2969 thalamo
997 2918 1246 2986 exclustc,
1277 2922 1396 2990 quia
1425 2924 1790 2994 cleemosynam
1819 2944 1921 2984 non

330 3001 592 3059 dederant.
620 3033 692 3047 —--
722 3006 908 3062 Viden'
945 3011 1219 3066 caritatem
1264 3029 1360 3082 per
1385 3030 1442 3069 se
1472 3017 1747 3085 Splendiile
1780 3035 1917 3088 prte-

329 3091 554 3148 dicatam
585 3107 635 3151 et
660 3102 1004 3155 coronatam?
1030 3102 1132 3158 Sed
1160 3105 1204 3159 si
1232 3106 1400 3174 placet
1431 3109 1586 3163 tertio
1607 3113 1922 3180 congredia-

331 3201 468 3243 mur.
503 3189 636 3245 llinc
666 3192 801 3247 alius
827 3204 1112 3265 statuatur,
1139 3201 1227 3269 qui
1252 3200 1477 3270 jejunet,
1505 3204 1592 3273 qui
1619 3207 1919 3263 castitatem

330 3294 540 3348 servet,
575 3286 663 3354 qui
695 3290 1004 3359 martyrium
1033 3291 1257 3358 subeat,
1292 3305 1346 3350 et
1374 3296 1719 3352 comburatur
1743 3342 1756 3364 ,
1785 3301 1920 3356 alios

328 3388 458 3429 vero
493 3376 562 3430 ad
599 3377 1004 3435 a'dilicationem
1047 3385 1272 3454 proximi
1312 3393 1622 3461 martyrium
1669 3393 1918 3463 differat,

331 3486 430 3525 nec
458 3472 616 3527 modo
645 3476 958 3546 martyrium
989 3477 1200 3534 diﬂ'erat
1220 3522 1235 3546 ,
1268 3483 1360 3536 sed
1393 3483 1510 3539 sine
1536 3489 1792 3559 martyrio
1823 3489 1920 3544 de-

327 3563 481 3617 cedat
512 3583 526 3618 :
553 3567 671 3636 quis
713 3577 834 3636 post
875 3569 1150 3625 decessum
1193 3589 1260 3628 ex
1304 3573 1405 3630 hac
1434 3577 1540 3631 vita
1580 3581 1921 3649 praestantior

327 3657 468 3711 erit?
512 3657 628 3713 Non
676 3660 834 3731 longo
875 3662 962 3718 hic
1006 3679 1139 3733 opus
1177 3677 1259 3721 est
1296 3683 1546 3724 sermone
1572 3715 1585 3736 ,
1622 3689 1719 3727 nec
1761 3672 1918 3746 longa

327 3752 615 3806 verborum
643 3754 993 3822 circuitione;
1037 3758 1189 3813 adest
1216 3761 1356 3815 enim
1391 3762 1576 3818 beatus
1602 3764 1799 3820 Paulus
1828 3768 1915 3836 qui

327 3845 642 3899 sententiam
670 3845 824 3910 ferat,
853 3859 906 3904 et
932 3849 1074 3904 dicat
1099 3870 1111 3906 :
1136 3852 1358 3907 Dissolvi
1383 3865 1429 3907 et
1454 3873 1565 3908 cum
1593 3856 1790 3912 Christo
1815 3875 1920 3912 esse

327 3938 503 3993 iiielius
526 3951 596 3994 est
616 3958 634 3993 :
663 3944 714 3994 in
743 3957 894 3996 carne
922 3955 1087 3997 autem
1117 3963 1426 4013 permanere,
1460 3961 1664 4018 propter
1694 3967 1781 4004 vos
1809 3967 1919 4003 ma-

322 4031 402 4100 gis
431 4034 765 4086 necessarium
792 4046 862 4087 est
895 4035 914 4107 (
937 4035 1169 4106 Philipp.
1202 4039 1251 4093 1.
1283 4039 1372 4094 25.
1403 4041 1472 4096 24-
1497 4045 1534 4111 ).
1571 4043 1737 4098 Audis
1767 4043 1914 4098 illum

325 4121 729 4178 aediﬁcationem
769 4127 991 4193 proximi
1026 4129 1192 4196 pluris
1229 4128 1406 4187 facere
1430 4173 1445 4198 ,
1475 4150 1631 4203 quani
1660 4137 1723 4191 ad
1756 4137 1914 4192 Chri-

325 4221 463 4266 stum
508 4215 811 4284 prolicisci?
844 4219 972 4273 lllud
1002 4222 1140 4274 enim
1170 4225 1402 4279 maxime
1431 4235 1512 4280 est
1553 4245 1671 4282 eum
1702 4231 1913 4289 Christo

323 4319 483 4371 esse,
531 4307 644 4377 ejus
687 4309 862 4364 facere
899 4313 1262 4381 voluntatem;
1307 4319 1547 4373 voluntas
1590 4331 1766 4377 autem
1797 4325 1913 4393 ejus

325 4399 592 4467 praecipue
636 4410 756 4467 est,
805 4412 860 4456 ut
905 4405 1129 4472 proximi
1177 4409 1456 4464 utilitatem
1500 4429 1675 4470 cures.
1726 4415 1818 4470 Vis
1859 4427 1914 4473 et

323 4499 564 4557 quartam
606 4491 1114 4552 demonstrationem
1154 4499 1415 4556 afferam?
1454 4501 1644 4571 Pctre,
1689 4510 1732 4562 si
1771 4525 1912 4566 amas

322 4597 402 4635 me
421 4623 435 4647 ,
467 4583 636 4652 inquit
657 4625 672 4650 ,
705 4603 854 4656 pasce
880 4605 993 4643 oves
1022 4607 1156 4647 meas
1188 4592 1383 4664 (Joau.
1411 4595 1498 4650 21.
1524 4598 1641 4673 ,15)
1668 4618 1680 4650 :
1711 4611 1763 4655 et
1791 4618 1910 4658 cum

322 4673 478 4726 tertio
503 4674 674 4743 ipsum
705 4677 1121 4750 interrogasset,
1153 4682 1256 4741 hoc
1281 4701 1401 4742 esse
1431 4689 1567 4745 dixit
1591 4693 1790 4747 amoris
1823 4710 1915 4749 ar—

323 4778 653 4834 gumentum.
693 4770 877 4842 Neque
917 4774 982 4829 ad
1027 4779 1332 4834 sacerdotes
1377 4790 1579 4837 tantum
1620 4785 1672 4840 id
1713 4786 1909 4843 dictum

324 4856 417 4910 luit
440 4900 453 4921 ,
497 4855 602 4914 scd'
634 4861 701 4915 ad
741 4873 980 4921 nostrum
1021 4869 1292 4938 singulos,
1326 4875 1519 4940 quibus
1548 4877 1629 4931 vel
1659 4880 1911 4936 minimus

239 4995 244 5000 .
321 4963 448 5016 grex
475 4955 794 5011 commissus
819 4959 907 5012 sit.
941 4961 1017 5016 Ne
1045 4964 1185 5017 enim
1213 4967 1355 5035 quod
1387 4983 1582 5036 parvus
1606 4973 1705 5040 sit,
1736 4974 1908 5044 ipsum

315 5041 581 5110 despicias
609 5065 622 5099 :
655 5066 776 5103 nam
811 5051 970 5107 Pater
992 5073 1151 5122 meus,
1184 5058 1372 5130 inquit,
1399 5066 1702 5136 complacuit
1729 5071 1782 5121 in
1809 5071 1911 5126 illis

316 5133 487 5204 (Luc.
525 5139 610 5192 12.
644 5140 713 5195 52
734 5140 773 5211 ).
810 5145 1013 5216 Singuli
1043 5161 1284 5207 nostrum
1312 5170 1464 5210 ovem
1497 5133 1728 5228 habent;
1773 5163 1912 5221 hanc

317 5225 384 5278 ad
407 5231 776 5287 convenientia
805 5251 999 5305 pascua
1029 5240 1244 5296 ducant.
1277 5245 1344 5300 Et
1366 5247 1447 5300 vir
1465 5264 1498 5305 e
1524 5250 1660 5307 lecto
1682 5225 1908 5325 surgens

318 5330 387 5370 ne
412 5319 550 5374 aliud
577 5335 810 5393 quzerat,
843 5345 998 5398 quam
1029 5339 1088 5385 ut
1115 5335 1241 5402 quid
1283 5337 1438 5393 faciat
1469 5342 1553 5396 vel
1590 5344 1732 5400 dicat
1757 5319 1908 5418 ,‘quo

315 5407 383 5459 ad
414 5410 668 5479 majorem
700 5418 946 5486 pietatem
972 5421 1189 5479 domum
1219 5435 1274 5482 et
1307 5429 1559 5489 familiam
1589 5448 1727 5507 agat.
1762 5440 1910 5498 Uxor

381 5568 396 5595 ³
424 5564 588 5619 Morel.
615 5572 763 5632 aild't,
789 5575 887 5625 tibi.

1266 482 1329 537 ΙΝ
1369 479 1772 538 ΜᾹΤΤΗίΕυΜ
1818 484 2044 540 1103111..
2092 483 2341 544 LXXVII.
2387 493 2454 545 al.
2503 492 2779 552 LXXVIII.

3526 507 3628 562 710

2036 614 2248 671 quoque
2283 604 2500 661 domum
2529 613 2826 678 custodiat;
2868 615 2962 670 sed
3006 632 3114 686 pra:
3147 617 3244 674 hac
3271 621 3430 676 aliain
3461 628 3628 688 magis

2036 697 2392 752 necessariam
2419 701 2829 759 sollicitudinem
2864 707 3057 762 habeat
3077 751 3090 775 ,
3117 715 3389 780 quomodo
3417 732 3478 770 ea
3507 734 3627 787 qua:

2034 787 2100 839 ad
2146 805 2364 858 regnum
2404 795 2654 850 cmiorum
2696 811 2938 868 spectant
2967 811 3074 857 tota
3117 806 3312 862 familia
3352 820 3622 877 operetur.

2035 879 2090 932 Si
2133 883 2273 934 enim
2319 883 2370 937 in
2415 887 2574 942 rebus
2612 891 2986 960 saecularibus,
3019 906 3304 967 antequam
3336 902 3626 955 domestica

2033 969 2379 1039 diSponamus
2403 1017 2418 1041 ,
2452 993 2574 1046 qua:
2606 981 2814 1048 publice
2846 986 3074 1054 persolvi
3115 989 3310 1045 debent
3336 1008 3584 1048 curamus
3610 1033 3624 1058 ,

2034 1075 2101 1114 ne
2141 1062 2225 1117 his
2266 1067 2524 1135 neglectis
2561 1072 2893 1141 vinciamur,
2930 1078 2982 1131 in
3023 1078 3195 1134 furum
3241 1084 3545 1148 trahantur,
3574 1099 3629 1140 et

2033 1154 2298 1213 dedecore
2327 1178 2518 1231 magno
2543 1165 2840 1224 afficiantur
2868 1189 2880 1224 :
2910 1173 3080 1227 multo
3108 1178 3272 1245 magis
3301 1179 3350 1232 in
3378 1181 3628 1249 spiritua-

2032 1248 2172 1304 libus
2197 1252 2244 1304 id
2267 1268 2454 1310 curare
2476 1269 2708 1327 oportet,
2737 1274 2790 1315 ut
2815 1264 2960 1331 prius
2981 1282 3098 1336 qua:
3125 1270 3232 1340 regi
3257 1248 3627 1330 universorum

2029 1338 2141 1393 Deo
2171 1341 2435 1399 debentur
2474 1351 2886 1420 persolvuntur;
2935 1363 2992 1409 ut
3032 1373 3100 1412 ne
3138 1375 3204 1414 eo
3242 1360 3503 1419 ducamur
3537 1368 3624 1421 ubi

2030 1431 2229 1486 stridor
2253 1432 2512 1493 dentium.
2553 1439 2660 1495 llas
2687 1457 2991 1512 quieranms
3031 1449 3256 1506 virtutes
3280 1493 3294 1516 ,
3326 1471 3442 1523 qmc
3473 1457 3626 1511 nobis

2029 1522 2290 1579 salutares
2329 1536 2382 1581 et
2430 1532 2673 1598 proximo
2706 1537 2960 1602 perutiles
2995 1550 3140 1594 sunt.
3187 1522 3446 1600 Talisicst
3485 1549 3623 1604 elec-

2028 1629 2251 1684 mosyna
2274 1657 2287 1683 ,
2329 1620 2452 1674 talis
2488 1624 2689 1688 oratio;
2734 1625 2840 1680 imo
2871 1644 2998 1684 vero
3031 1631 3145 1686 hinc
3181 1633 3247 1687 ab
3284 1636 3370 1690 illa
3405 1640 3543 1694 vires
3573 1653 3628 1696 ct

2027 1706 2136 1759 alas
2183 1710 2394 1778 accipit.
2455 1711 2756 1783 Orationes,
2791 1721 2994 1792 inquit,
3027 1735 3159 1788 tiiie,
3195 1738 3242 1780 et
3300 1729 3629 1804 cleriiiosyiiaz

2029 1803 2365 1857 ascenderunt
2394 1807 2445 1859 in
2470 1813 2763 1865 memoriam
2787 1815 2837 1868 in
2861 1831 3128 1886 conspectu
3154 1819 3248 1876 Dei
3270 1824 3407 1894 (Act.
3439 1829 3520 1884 10.
3547 1832 3624 1899 ιι).

2027 1889 2142 1944 Non
2191 1894 2350 1950 modo
2393 1899 2602 1967 oratio,
2632 1903 2725 1956 sed
2771 1906 2931 1960 etiam
2969 1908 3230 1977 jejunium
3279 1916 3402 1971 inde
3433 1935 3626 1976 nervos

2027 1987 2237 2058 accipit.
2273 1990 2328 2044 Si
2359 1993 2561 2064 absque
2587 1998 2928 2072 eleemosyna
2953 2005 3183 2073 jejuncs,
3211 2008 3260 2063 id
3297 2028 3392 2078 pro
3419 2013 3624 2083 jejunio

2027 2092 2132 2134 non
2179 2081 2440 2151 habetur;
2475 2086 2570 2143 sed
2613 2090 2912 2160 hujusmodi
2961 2097 3122 2154 homo
3149 2117 3340 2160 vorare
3370 2112 3621 2178 quopiam

2026 2179 2080 2224 et
2108 2175 2403 2231 temulento
2429 2178 2663 2236 deterior
2690 2196 2774 2239 est
2796 2228 2809 2249 ,
2845 2197 3096 2260 tantoque
3125 2193 3391 2262 deterior,
3425 2215 3624 2270 quanto

2024 2263 2313 2321 crudelitas
2336 2269 2541 2327 deliciis
2567 2275 2718 2344 pejor
2738 2287 2839 2332 est.
2875 2279 2934 2335 Et
2960 2299 3055 2336 cur
3081 2283 3146 2339 de
3166 2287 3372 2357 jejunio
3398 2292 3446 2347 lo
3468 2297 3625 2362 mor?

2027 2353 2248 2412 Etiamsi
2272 2371 2451 2416 castus
2474 2366 2565 2431 sis,
2591 2370 2688 2422 etsi
2713 2370 3066 2440 virginitatem
3091 2392 3293 2443 serves,
3321 2385 3362 2436 si
3388 2386 3623 2442 elcemo-

2025 2459 2210 2516 synam
2241 2467 2346 2506 non
2378 2455 2523 2510 colas
2551 2498 2564 2520 ,
2598 2468 2744 2515 extra
2779 2463 3067 2520 thalamum
3094 2475 3274 2538 sponsi
3309 2491 3390 2529 es.
3420 2480 3620 2543 Quam-

2026 2551 2184 2606 quam
2211 2542 2336 2610 qiiid
2368 2545 2653 2616 virginitati
2687 2566 2800 2620 par,
2833 2571 2949 2624 qua:
2979 2575 3151 2629 neque
3181 2563 3229 2616 in
3263 2564 3410 2619 Now»
3439 2571 3623 2627 Τίθει]-

2025 2643 2209 2687 mento
2231 2636 2298 2689 ob
2316 2640 2656 2696 eminentiam
2682 2659 2830 2700 suam
2864 2648 2976 2718 lege
3001 2663 3191 2708 statuta
3216 2657 3307 2711 luit
3329 2661 3350 2712 ?
3373 2663 3618 2716 AttaIm-i-

2026 2721 2115 2777 illa
2142 2725 2370 2795 cjicitur,
2397 2732 2497 2787 nisi
2525 2735 2863 2804 conjunctam
2897 2740 3087 2798 habeat
3117 2747 3513 2823 eleemosyuam
3566 2759 3620 2810 Si

2027 2831 2188 2886 porro
2213 2821 2464 2892 virgines,
2492 2829 2633 2896 quod
2662 2830 2803 2884 illam
2830 2849 2934 2887 non
2957 2847 3038 2890 sat
3067 2838 3287 2909 largiter
3307 2821 3618 2916 coluissent,

2026 2911 2344 2980 ejiciantur,
2375 2922 2492 2987 quis
2533 2925 2725 2991 poterit
2753 2926 2837 2980 illa
2877 2928 3162 2989 destitutus
3192 2940 3399 2994 veniam
3432 2959 3624 3000 consc-

2026 3005 2156 3073 qui?
2194 3006 2362 3064 Nemo
2393 3028 2519 3068 sane
2545 3058 2558 3082 ,
2589 3017 2680 3072 sed
2709 3034 2829 3073 cum
2859 3023 2944 3092 qui
2987 3025 3128 3084 illam
3163 3047 3264 3086 non
3295 3036 3420 3090 colit
3450 3043 3623 3108 perire

2027 3113 2246 3166 prorsus
2272 3118 2491 3159 necesse
2517 3118 2615 3162 est.
2646 3109 2775 3163 Nam
2807 3113 2848 3166 si
2880 3114 2930 3168 in
2959 3120 3305 3179 s:rcularibus
3335 3145 3490 3185 nemo
3520 3137 3619 3188 sibi

2028 3191 2127 3262 ipsi
2159 3195 2307 3261 vivit,
2339 3197 2431 3252 sed
2460 3201 2643 3255 artifex
2667 3247 2679 3268 ,
2716 3206 2902 3269 miles,
2940 3213 3172 3280 agricola
3196 3260 3208 3279 ,
3239 3235 3521 3294 meri-ator,
3551 3232 3616 3286 ad

2027 3283 2098 3350 id,
2131 3293 2270 3354 quod
2302 3289 2526 3357 publica:
2555 3294 2765 3350 ulilitati
2793 3309 2845 3352 et
2869 3306 3150 3359 commodo
3175 3311 3408 3379 coofcrt,
3441 3283 3620 3374 se’dc;

2026 3375 2161 3430 dunt
2190 3396 2202 3428 :
2231 3380 2399 3434 multo
2428 3387 2595 3453 magis
2628 3386 2678 3440 in
2720 3391 3082 3458 spiritualihus
3124 3397 3172 3451 id
3205 3401 3613 3468 observandum.

2026 3467 2160 3524 llltid
2196 3482 2279 3527 est
2321 3476 2549 3531 maxime
2581 3480 2760 3537 vivere
2791 3501 2805 3537 :
2833 3501 2950 3539 cum
2980 3501 3162 3546 contra
3195 3493 3237 3547 is
3264 3499 3351 3566 qui
3384 3501 3480 3555 sibi
3519 3505 3616 3573 ipsi

2030 3572 2234 3619 tantum
2267 3566 2422 3630 vivit,
2449 3584 2739 3642 omnesque
2766 3573 3024 3647 despicit,
3053 3581 3250 3640 inutilis
3279 3601 3331 3642 ct
3361 3607 3615 3661 superva-

2025 3670 2223 3710 caneus
2252 3658 2338 3724 sit,
2370 3676 2474 3714 non
2504 3661 2684 3727 homo,
2710 3683 2883 3737 neque
2908 3675 3118 3741 generis
3143 3681 3332 3733 nostii.
3357 3682 3490 3750 Quid
3523 3687 3618 3757 igi-

2027 3756 2111 3802 tur
2138 3751 2242 3805 erit
2266 3793 2280 3817 ,
2315 3753 2521 3823 inquies
2543 3799 2557 3823 ,
2589 3757 2635 3811 si
2669 3774 2786 3814 mea
2817 3761 3105 3831 despiciam
3132 3810 3145 3834 ,
3183 3771 3353 3825 aliena
3386 3791 3567 3832 curem
3594 3781 3616 3832 ?

2023 3840 2138 3894 Non
2173 3854 2346 3912 potest
2375 3855 2522 3902 certe
2544 3891 2558 3912 ,
2594 3865 2697 3903 non
2730 3861 2903 3919 potest
2930 3857 3016 3924 qui
3048 3858 3273 3916 aliorum
3307 3881 3391 3919 res
3421 3882 3572 3922 curat
3601 3912 3612 3930 ,

2023 3947 2147 3986 suas
2175 3935 2460 4006 negligere.
2497 3938 2594 4006 Qui
2624 3942 2764 3994 enim
2793 3944 3021 3999 aliorum
3046 3965 3130 4003 res
3153 3963 3319 4020 curat,
3348 3959 3611 4014 neminem

2023 4025 2243 4079 otl'endit
2267 4069 2279 4087 .
2314 4043 2501 4084 omnes
2529 4032 2847 4102 miseratur,
2888 4047 2941 4092 et
2970 4055 3065 4106 pro
3094 4045 3228 4098 virili
3257 4047 3405 4113 juvat
3431 4070 3442 4115 ;
3484 4055 3615 4110 nihil

2023 4115 2112 4170 ille
2153 4120 2323 4189 rapiet
2347 4163 2360 4186 ,
2395 4136 2500 4176 non
2545 4124 2804 4180 iurabitur
2831 4172 2842 4193 ,
2879 4143 2981 4183 lltltl
3025 4133 3213 4190 falsum
3249 4142 3610 4200 testiinonium

2021 4207 2161 4264 dicet
2194 4229 2206 4265 :
2236 4212 2302 4267 ab
2331 4215 2475 4270 omni
2508 4218 2793 4274 abstinebit
2818 4225 3050 4291 nequitia
3077 4271 3088 4292 ,
3120 4244 3334 4288 onmem
3364 4237 3612 4294 virtu'cin

2021 4303 2404 4373 amplectetur,
2453 4325 2550 4377 pro
2594 4312 2820 4368 inimicis
2861 4318 3196 4385 precabitur,
3241 4322 3614 4384 insidiantibus

2021 4394 2122 4450 sibi
2153 4397 2467 4454 beneﬁcium
2499 4405 2808 4473 ριίιξδιιιιιίις
2844 4412 3038 4464 nemini
3073 4416 3488 4487 convicialiitur,
3525 4441 3616 4479 ue-

2021 4490 2149 4544 mini
2181 4493 2462 4550 maledicet
2483 4538 2495 4562 ,
2526 4500 2733 4554 etiamsi
2774 4503 3052 4559 innumera
3079 4508 3259 4563 audiat
3285 4514 3567 4571 maledicta
3597 4563 3611 4584 ,

2021 4582 2114 4635 sed
2158 4583 2273 4639 haec
2303 4589 2591 4654 apostolica
2623 4593 2783 4646 verba
2817 4596 3051 4664 proferet
3078 4617 3092 4653 :
3124 4600 3250 4664 Quis
3286 4604 3575 4673 inﬁrmatur
3600 4654 3613 4676 ,

2021 4683 2066 4726 et
2090 4691 2180 4744 ego
2203 4693 2301 4730 non
2325 4678 2598 4746 inﬁrmor?
2620 4685 2730 4749 quis
2757 4687 3157 4755 scandalizatur,
3185 4705 3230 4746 et
3255 4711 3343 4767 ego
3370 4715 3469 4751 non
3493 4717 3618 4754 uror

2021 4765 2096 4836 (2.
2124 4766 2242 4824 Cor.
2269 4771 2356 4824 11.
2383 4770 2518 4844 29)?
2548 4773 2603 4829 Si
2633 4790 2762 4831 vero
2787 4790 2967 4834 nostra
2999 4765 3334 4851 qumramus.
3365 4806 3469 4845 non
3503 4811 3617 4846 oni-

2019 4861 2148 4915 nino
2184 4861 2252 4916 de
2289 4863 2478 4920 alienis
2514 4867 2836 4924 curabimus.
2882 4871 2978 4927 llis
3008 4876 3256 4933 omnibus
3282 4896 3485 4938 morem
3521 4901 3612 4955 ge-

2017 4965 2201 5008 rentes
2227 4963 2280 5010 et
2311 4959 2583 5025 persuasi,
2616 4975 2720 5015 non
2752 4978 2908 5030 posse
2934 4980 3033 5020 nos
3061 4967 3283 5024 salutem
3314 4979 3569 5048 consequi
3603 5021 3618 5044 ,

2017 5045 2118 5099 nisi
2137 5060 2476 5103 communem
2505 5053 2783 5107 utilitatem
2814 5067 3136 5126 spectemus,
3163 5061 3301 5118 hunc
3327 5065 3608 5127 disciSSuin

2015 5141 2259 5196 videntes
2287 5185 2299 5205 ,
2334 5143 2587 5215 illumque
2626 5149 2827 5216 pariter
2855 5152 2945 5220 qui
2984 5153 3238 5212 talentum
3282 5160 3572 5219 sull'odcrat
3595 5210 3608 5228 ,

2017 5232 2158 5286 illam
2189 5235 2364 5302 potius
2391 5235 2648 5308 eligamus
2671 5239 2829 5308 viam,
2861 5251 2915 5296 ut
2941 5255 2993 5299 et
3017 5245 3176 5302 vitam
3206 5261 3460 5308 :rternam
3486 5274 3613 5310 ron.

2016 5339 2303 5392 sequamur
2332 5346 2345 5381 :
2373 5345 2531 5397 quam
2575 5331 2774 5386 utinam
2807 5351 2994 5391 omnes
3024 5341 3415 5409 nanciscamur,
3443 5353 3609 5417 gratia

2015 5426 2068 5470 et
2099 5417 2424 5487 benignitate
2462 5419 2672 5476 Domini
2715 5429 2880 5479 nostri
2909 5426 3036 5484 .lesu
3066 5431 3259 5488 Christi
3285 5475 3301 5501 ,
3330 5437 3414 5491 cui
3444 5422 3608 5508 gloria

2016 5510 2068 5560 iu
2101 5510 2294 5562 siceiila
2327 5512 2663 5568 sa-culorum.
2700 5517 2890 5572 Amen.

2045 5806 2541 5876 ¢£c>a-~

624 6026 893 6088 Parum.
935 6032 1052 6090 (in.
1103 6034 1316 6096 LHll.

3143 5999 3265 6099 ita
