4128 6420
499 448 611 509 ,τιι

1272 438 1349 496 "S.
1389 438 1668 496 JOANNIS
1705 433 2177 494 CHRYSOSTOMI
2216 433 2532 491 ARCHIEP.
2573 431 3108 489 CONSTANTINOP.

1559 651 1928 714 'HOMILIA
1960 601 2323 710 LXXVIII.
2369 647 2457 708 al.
2500 645 2798 706 LXXIX.

517 805 648 861 Car.
673 804 766 859 ‘25.
797 818 851 856 γ.
886 803 936 856 1.
965 799 1107 855 Tunc
1158 799 1320 854 simile
1353 801 1446 854 erit
1487 815 1698 871 regnum
1725 797 1969 852 ctelornm
2011 797 2102 849 de-

585 913 694 950 cem
722 894 1013 965 virginibus,
1039 907 1152 962 quia
1175 892 1478 962 accipientes
1511 888 1773 958 lampades
1801 904 1940 947 suns,
1974 887 2105 940 exie-

584 1002 703 1044 runt
723 988 920 1042 obviam
939 1002 1145 1056 sponso.
1177 987 1231 1040 2.
1263 985 1499 1054 Quinque
1514 995 1681 1037 autem
1711 992 1852 1036 eram
1878 980 2103 1049 pruden-

587 1092 659 1136 tes
685 1091 732 1134 et
751 1081 968 1148 quinque
1013 1082 1188 1150 fatute,
1215 1079 1267 1133 5.
1310 1092 1424 1146 qua:
1449 1093 1549 1130 non
1580 1083 1881 1144 acceperunt
1913 1073 2104 1128 oleum.

584 1176 640 1228 4.
690 1172 976 1227 Prudentes
1015 1187 1132 1224 vero
1176 1178 1476 1240 acceperunt
1521 1168 1687 1222 oleant
1731 1167 1785 1220 in
1825 1181 1955 1220 vasis
2004 1165 2109 1217 suis

587 1283 706 1321 cum
755 1263 1075 1335 lampadibus
1124 1264 1252 1318 suis.
1303 1262 1358 1318 5.
1425 1261 1626 1315 Moram
1678 1270 1847 1313 autem
1896 1259 2110 1329 faciente

589 1373 775 1428 sponso
797 1399 810 1424 ,
835 1365 940 1412 etc.
979 1355 1081 1428 (a).

590 1517 645 1570 1.
675 1513 937 1568 Parabola
972 1511 1034 1566 de
1081 1511 1362 1582 virginibus
1403 1526 1516 1564 cum
1543 1509 1658 1562 aliis
1689 1507 1966 1562 secundum
1990 1500 2110 1575 quid

519 1606 766 1660 similibus
783 1615 1129 1674 comparatur,
1153 1602 1333 1656 deinde
1357 1602 1674 1666 explanatur.
1689 1598 1839 1653 Nihil
1851 1601 1959 1652 sine
1983 1596 2114 1650 elec-

518 1716 747 1770 mosyna,
755 1698 974 1768 prodest.
1003 1697 1143 1750 Mors
1167 1712 1393 1750 somnus.
1417 1693 1618 1748 Futura
1637 1691 1953 1747 resurrectio.
1979 1688 2030 1743 Ν
2037 1690 2115 1743 ul-

523 1793 601 1846 lus
627 1793 679 1847 in
701 1792 784 1847 die
811 1792 993 1858 iudicii
1029 1801 1292 1860 patronus.
1323 1819 1394 1828 —
1420 1788 1513 1843 Ha:
1544 1787 1810 1857 parabolae
1857 1784 2020 1853 priori
2046 1783 2114 1838 de

523 1885 667 1939 fideli
695 1899 852 1938 servo
881 1891 935 1938 et
963 1882 1030 1936 de
1059 1881 1304 1952 improbo
1324 1922 1340 1948 ,
1370 1880 1460 1950 qui
1492 1879 1631 1933 bona
1658 1877 1860 1933 domini
1888 1876 2114 1931 devora-

525 1981 622 2042 vit,
657 1978 859 2034 similes
880 1986 1024 2032 sunt.
1057 1977 1295 2045 Quatuor
1319 1975 1464 2029 enim
1491 1980 1616 2028 sunt
1641 1972 1706 2027 ad
1729 1970 2113 2027 rem-eamdem

528 2071 656 2125 licet
683 2069 898 2125 diverso
941 2067 1099 2123 modo
1149 2067 1462 2131 hortantes;
1517 2065 1638 2120 dico
1668 2074 1845 2119 autem
1899 2063 2013 2118 illas
2049 2061 2119 2117 de

527 2162 867 2234 eleemosyna
915 2160 1179 2231 eroganda
1207 2201 1223 2227 ,
1252 2175 1316 2214 ac
1357 2158 1702 2229 deproxime
1727 2174 1824 2227 pro
1869 2155 2120 2211 facultate

527 2266 710 2310 nostra
726 2253 963 2325 juvando
989 2294 1002 2316 ,
1029 2254 1178 2323 quasi
1211 2267 1314 2306 non
1361 2252 1624 2322 possimus
1653 2250 1757 2304 alio
1785 2249 1944 2304 modo
1978 2248 2120 2302 salu-

529 2360 635 2400 tem
662 2345 940 2415 consequi.
971 2344 1076 2400 Sed
1121 2345 1171 2398 in
1201 2344 1305 2398 illis
1327 2344 1540 2415 quidem
1570 2343 1893 2413 generaliter
1921 2341 1988 2396 de
2014 2341 2119 2394 uti-

526 2439 670 2492 litate
707 2435 914 2502 quavis,
946 2451 1117 2504 quam.
1132 2449 1416 2505 possumus
1449 2436 1715 2504 proximo
1748 2442 2039 2502 prmstare;
2069 2431 2120 2484 in

531 2527 782 2599 parabota
833 2544 961 2582 vero
1007 2528 1074 2582 'de
1119 2528 1411 2598 virginibus
1439 2527 1507 2582 de
1533 2527 1884 2596 eleemOsyna
1915 2525 2027 2578 sive
2056 2525 2123 2577 de

531 2619 773 2696 paenula:
815 2620 1097 2690 largitione
1146 2621 1338 2690 agitur,
1385 2629 1440 2672 et
1484 2617 1696 2687 quidem
1754 2615 2125 2672 vehementius

529 2709 768 2777 quamin
787 2713 1064 2783 superiore
1095 2711 1366 2782 parabola.
1398 2711 1510 2765 lllic
1531 2711 1672 2765 enim
1705 2709 2117 2779 percutientem,

527 2800 829 2870 ebriosum,
848 2802 1160 2872 dominique
1184 2803 1319 2857 bona
1342 2801 1693 2870 dissipantem
1711 2812 1764 2856 et
1788 2800 2120 2870 perdentem,

527 2897 794 2967 supplicio
827 2893 986 2951 allicit
1016 2911 1032 2961 ;
1075 2894 1162 2949 hic
1203 2909 1331 2948 vero
1357 2894 1517 2948 etiam
1558 2909 1679 2948 eum
1705 2894 1794 2964 qui
1826 2891 2124 2962 proximum

537 3007 645 3046 non
670 2991 842 3062 juvat,
876 3003 1049 3059 neque
1071 2987 1286 3057 largiter
1305 2988 1488 3058 egenis
1510 3001 1604 3039 sua
1634 2985 1924 3040 distribuit.
1951 2983 2123 3051 Virgi-

537 3102 633 3140 nes
650 3085 824 3140 oleum
849 3082 1062 3154 quidem
1090 3081 1377 3146 habebant,
1407 3080 1500 3135 sed
1525 3096 1629 3134 non
1655 3079 1952 3150 copiosum,
1981 3077 2130 3132 ideo-

537 3192 643 3246 que
669 3175 979 3246 puniuntur.
1029 3171 1139 3229 Cur
1177 3187 1303 3243 ergo
1328 3173 1427 3228 sub
1457 3187 1681 3242 persona
1708 3172 1973 3243 virginum
1994 3169 2131 3228 hanc

538 3267 745 3338 profert
804 3264 1150 3336 parabolam,
1197 3279 1297 3320 nec
1343 3265 1786 3334 qualemcumque
1850 3278 2130 3331 personam

539 3357 827 3413 adhibuit?
853 3357 1036 3425 Magna
1067 3355 1135 3411 de
1162 3356 1462 3427 virginitate
1503 3355 1714 3410 dixerat
1751 3373 1764 3410 :
1804 3353 1938 3409 Sunt
1973 3369 2134 3407 eunu-

539 3449 643 3515 chi,
677 3448 766 3518 qui
804 3450 994 3518 seipsos
1049 3457 1393 3500 castrarerunt
1427 3457 1633 3514 propter
1658 3462 1866 3517 regnum
1893 3443 2134 3500 ctelorum

545 3539 761 3614 (Matth.
792 3538 880 3594 19.
915 3537 1046 3609 11),
1073 3548 1144 3602 et,
1203 3539 1302 3605 Qui
1331 3547 1492 3607 potest
1513 3554 1694 3606 capere
1715 3580 1731 3606 ,
1761 3539 1950 3608 capiat.
1983 3539 2135 3594 Alio-

543 3633 670 3704 quin
693 3645 820 3687 vero
867 3629 1070 3684 sciebat
1120 3630 1401 3699 plerosque
1443 3644 1687 3698 magnam
1715 3628 1784 3684 de
1813 3629 1897 3684 illa
1924 3630 2134 3699 opinio-

545 3741 674 3782 nem
702 3723 922 3780 ha‘bcre.
951 3722 1085 3779 Nam
1114 3738 1202 3778 res
1233 3732 1315 3777 est
1356 3735 1546 3778 natura
1573 3738 1667 3778 sua
1695 3723 1857 3778 ardua
1880 3767 1894 3790 ,
1929 3735 1987 3778 ut
2013 3724 2137 3780 inde

547 3820 719 3890 palam
750 3829 854 3886 est,
879 3817 1021 3890 quod
1049 3821 1102 3874 in
1131 3817 1302 3873 veteri
1334 3818 1450 3888 lege
1485 3833 1554 3872 ne
1585 3817 1752 3874 sancti
1781 3818 1997 3889 quidem
2020 3835 2132 3874 ma-

546 3917 743 3986 gnique
770 3915 869 3969 viri
913 3913 1058 3969 illam
1089 3913 1424 3968 exercuerim
1445 3954 1462 3978 ,
1496 3920 1550 3967 et
1577 3913 1627 3966 in
1669 3928 1804 3968 nova
1835 3913 1975 3967 nulla
2002 3913 2137 3984 legis

549 4009 875 4066 necessitate
895 4006 1167 4077 jubeatur.
1197 4005 1383 4075 Neque
1425 4007 1567 4061 enim
1596 4007 1700 4063 hoc
1725 4010 2010 4078 przeccpit;
2043 4007 2136 4063 sed

549 4099 880 4158 audientium
921 4098 1144 4154 arbitrio
1183 4098 1312 4154 illud
1357 4099 1586 4168 reliquit.
1633 4099 1756 4154 Ideo
1779 4101 1853 4154 ait
1886 4100 2082 4155 Paulus
2123 4118 2137 4156 :

549 4196 632 4250 De
677 4191 951 4264 uirginibus
1005 4199 1178 4245 autem
1225 4199 1533 4260 praeceptum
1571 4189 1779 4244 Domini
1834 4207 1936 4245 non
1983 4191 2140 4246 habeo

548 4292 635 4364 (1.
667 4286 787 4344 Cor.
815 4286 867 4341 7.
900 4285 974 4341 25
994 4282 1040 4357 ).
1070 4283 1255 4340 Laudo
1284 4283 1500 4354 quidem
1529 4283 1659 4339 illud
1687 4294 2013 4350 servantem,
2046 4284 2142 4340 scd

551 4382 822 4438 nolentem
852 4393 962 4434 non
988 4391 1146 4449 cogo,
1171 4391 1344 4446 neque
1373 4384 1704 4448 praeceptum
1735 4377 1786 4432 id
1820 4377 1976 4433 facio.
2007 4378 2139 4447 Quia

551 4476 712 4546 igitur
739 4486 928 4544 magna
959 4484 1048 4526 res
1076 4476 1212 4534 erat,
1242 4477 1297 4523 et
1324 4469 1376 4524 in
1402 4485 1592 4540 magna
1631 4469 1773 4540 apud
1813 4471 2008 4526 multos
2029 4481 2146 4526 erat

548 4566 986 4630 existimatione;
1020 4578 1098 4619 .ne
1137 4563 1256 4633 quis
1303 4561 1448 4618 illam
1489 4578 1740 4631 servans,
1773 4565 1924 4636 quasi
1967 4567 2144 4622 omnia

557 4665 864 4721 servasset,
892 4657 1034 4711 circa
1081 4664 1275 4710 caetera
1321 4655 1594 4726 negligens
1623 4667 1785 4722 esset,
1817 4658 1953 4713 hanc
1997 4658 2148 4728 ponit

552 4750 884 4821 parabolam,
915 4763 1034 4819 quae
1063 4747 1288 4805 suadere
1313 4749 1517 4820 possit,
1542 4749 1900 4819 virginitatem
1930 4751 2143 4820 aliaque

553 4844 693 4898 bona
715 4842 916 4906 omnia,
947 4839 1307 4913 eleemosynte
1330 4839 1592 4895 fructibus
1613 4855 1947 4906 vacua,4cum
1979 4841 2145 4896 forni-

561 4933 834 4988 catoribus
858 4931 978 5002 ejici
1029 4939 1128 4987 :et
1167 4931 1517 4986 inhumanum
1560 4931 2146 5003 immisericordemque

557 5039 681 5077 eum
699 5023 804 5080 illis
830 5022 1078 5078 collocari
1108 5040 1122 5080 :
1147 5022 1445 5094 idquejure
1475 5023 1666 5078 merito
1688 5025 1705 5056 ⁸
1729 5041 1742 5078 :
1773 5024 1858 5079 ille
1875 5025 2016 5080 enim
2030 5041 2152 5080 cor-

551 5123 749 5178 porum
803 5124 992 5165 amore
1038 5108 1217 5164 victus
1272 5120 1396 5172 est,
1454 5106 1619 5162 fatua:
1676 5117 1856 5164 autem
1912 5110 2155 5180 virgines

552 5213 748 5255 amore
811 5199 1192 5270 pecuniarum.
1265 5197 1385 5253 Non
1444 5207 1529 5254 est
1601 5209 1784 5254 autem
1856 5216 2155 5271 corporum

549 5301 606 5348 et
658 5281 1018 5362 pecuniarum
1066 5307 1168 5362 par
1228 5292 1548 5363 cupiditas;
1596 5295 1691 5350 sed
1746 5295 1929 5349 acrior
1982 5298 2155 5348 multo

548 5401 616 5441 ac
667 5383 960 5440 violentior
1013 5400 1331 5455 corporum.
1395 5386 1614 5454 Quanto
1665 5397 1846 5443 autem
1900 5389 2152 5443 imbecil-

548 5473 655 5532 lior
683 5487 768 5533 est
802 5477 1082 5542 inimicus,
1117 5486 1268 5533 tanto
1301 5479 1484 5535 minus
1525 5480 1632 5534 illa:
1664 5495 1787 5551 qua:
1814 5481 1970 5536 victae
2000 5493 2150 5546 sunt,

549 5574 770 5628 veniam
804 5580 1121 5638 merentur;
1157 5571 1390 5643 ideoque
1420 5572 1601 5629 fatuas
1629 5575 1752 5629 illas
1789 5584 1947 5630 vocat
1972 5616 1986 5640 ,
2020 5577 2149 5644 quia

549 5665 748 5734 majori
777 5675 1036 5736 superato
1061 5667 1266 5732 labore,
1297 5666 1676 5736 permitterem
1704 5676 1874 5723 totum
1906 5669 2154 5740 perdide-

614 5771 708 5842 "In
733 5771 909 5842 litorei.
933 5773 1225 5842 legitur“...
1251 5788 1362 5842 cum
1389 5771 1768 5842 [m-rticatoribtts
1786 5774 1904 5842 ejici
1915 5783 1962 5828 et
1988 5775 2150 5827 inuni—

549 5833 900 5908 sericordibus,
927 5833 1200 5908 idquejnre
1225 5833 1648 5908 merito,_g_omissls.
1657 5833 1990 5908 interpositis.

613 5903 682 5965 tu)
710 5898 768 5967 ln_
786 5897 1260 5967 aliqupt'tlodtcibus
1283 5901 1390 5950 haec
1411 5897 1668 5967 Evangelii
1690 5897 1990 5967 lectio_._ante
2014 5900 2151 5967 prin-

550 5958 736 6070 ;titliitgn
756 5958 976 6008 homilise
999 5962 1156 6022 po;.ita
1185 5966 1328 6026 longe
1359 5958 1573 6025 amplior
1596 5963 1934 6014 elfet'tu1'.Cfr.
1963 5958 2144 6015 Aduot.

575 6033 712 6070 ειειιι.

2215 800 2357 846 runt.
2409 789 2710 860 Lampades
2762 801 2940 844 autem
2991 790 3078 845 hic
3123 789 3254 843 dicit
3283 789 3456 858 ipsum
3483 787 3815 860 virginitatis

2213 885 2434 949 donum,
2459 882 2756 935 sanctitatis
2782 882 3072 952 puritatem
3101 899 3114 933 :
3144 880 3320 935 oleum
3346 895 3475 936 vero
3505 880 3816 951 benignitao

2217 984 2362 1038 tem,
2421 975 2857 1044 eleemosynam,
2923 973 3184 1027 auxilium
3245 975 3427 1042 egenis
3487 975 3814 1043 praestitum.

2214 1067 2269 1121 5.
2302 1065 2504 1118 Moram
2539 1077 2705 1119 autem
2728 1065 2943 1136 faciente
2966 1082 3154 1136 sponso
3175 1108 3192 1133 ,
3216 1066 3610 1120 dormitauerunt
3635 1083 3819 1121 omna

2217 1167 2264 1211 et
2321 1156 2657 1210 dormierunt.
2709 1154 2808 1210 Hic
2850 1155 3087 1210 ostendit
3128 1171 3234 1210 non
3278 1172 3499 1226 parvum
3552 1157 3819 1226 temporis

2216 1251 2446 1320 spatium
2494 1249 2833 1320 interjectum
2859 1290 2874 1316 ,
2908 1249 3199 1318 discipulos
3239 1249 3512 1305 abducens
3543 1265 3612 1305 ne
3639 1265 3817 1320 expe-

2216 1354 2360 1400 ctent
2377 1357 2598 1414 regnum
2619 1342 2734 1414 eius
2750 1343 2934 1398 statim
2952 1351 3232 1397 venturum
3249 1357 3388 1397 esse.
3415 1341 3547 1397 Nam
3569 1342 3670 1396 hoc
3683 1356 3820 1412 Spe-

2216 1435 2438 1503 rabant,
2474 1435 2699 1505 ideoque
2723 1433 3033 1505 frequenter
3058 1434 3180 1489 illos
3209 1433 3286 1488 ab
3300 1433 3401 1488 hac
3425 1449 3520 1503 spe
3547 1443 3816 1489 removet.

2217 1526 2299 1582 Ad
2321 1527 2436 1581 haec
2455 1525 2590 1582 illud
2601 1541 2814 1596 quoque
2826 1524 3145 1590 subindicat,
3164 1534 3390 1579 mortem
3405 1539 3525 1579 esse
3540 1539 3815 1579 somnum.

2219 1621 2568 1686 Dormierunt,
2595 1621 2783 1690 inquit.
2805 1619 2859 1675 6.
2890 1617 3067 1673 Media
3085 1628 3254 1672 autem
3267 1627 3411 1672 nocte
3437 1618 3629 1672 clamor
3647 1622 3822 1689 [actus

2222 1724 2314 1769 est.
2339 1714 2434 1768 Vel
2457 1715 2508 1768 in
2543 1712 2796 1783 parabole
2827 1712 3062 1778 insistit;
3087 1711 3172 1766 vel
3197 1708 3362 1765 docet
3390 1717 3551 1764 nocte
3579 1708 3820 1764 futuram

2221 1808 2671 1863 resurrectionem
2693 1820 2833 1861 esse.
2866 1803 3166 1860 Clamorem
3197 1803 3356 1858 etiam
3383 1801 3581 1858 Paulus
3611 1817 3824 1857 memo-

2224 1910 2326 1966 rat,
2359 1901 2545 1955 dicens
2580 1917 2593 1954 :
2625 1897 2692 1952 In
2726 1900 2902 1969 jussu,
2930 1899 2986 1952 in
3034 1914 3152 1952 voce
3193 1893 3524 1966 archangeli,
3552 1897 3604 1948 in
3638 1896 3825 1950 ultima

2224 1995 2342 2046 tuba
2383 1993 2644 2046 descendet
2687 1991 2751 2045 de
2781 1993 2905 2045 aeto
2937 1989 3029 2062 (1.
3066 1988 3245 2043 Thess.
3275 1989 3330 2044 4.
3379 1987 3506 2054 16).
3555 1987 3691 2055 Quid
3717 1989 3824 2043 sibi

2227 2087 2410 2141 volunt
2436 2086 2596 2152 tubae,
2621 2085 2746 2155 quid
2774 2084 3016 2139 clamor?
3049 2083 3282 2153 Sponsus
3307 2083 3457 2136 venit.
3493 2080 3544 2136 7.
3576 2079 3704 2135 Cum
3729 2099 3825 2136 or-

2226 2189 2428 2233 nassent
2454 2194 2572 2248 ergo
2599 2176 2883 2247 lampades,
2921 2175 2976 2230 8.
3005 2175 3162 2244 fatum
3185 2173 3497 2244 sapientibus
3541 2173 3775 2226 dixerunt
3807 2189 3829 2225 :

2229 2273 2357 2326 Date
2385 2271 2527 2325 nobis
2547 2272 2609 2324 de
2633 2270 2742 2324 oleo
2769 2278 2954 2324 vestro.
2997 2267 3231 2322 Rursum
3275 2265 3595 2321 illas-fatuas
3620 2278 3777 2322 vocat
3810 2309 3826 2330 ,

2229 2364 2519 2419 ostendens
2549 2362 2684 2416 nihil
2720 2361 2934 2416 stultius
2954 2374 3076 2415 esse
3101 2360 3166 2414 iis
3191 2360 3393 2430 quihic
3435 2360 3687 2429 pecunias
3707 2359 3828 2412 col-

2230 2456 2400 2524 ligunt
2424 2496 2438 2520 ,
2472 2463 2528 2508 et
2568 2451 2695 2507 nudi
2729 2451 2854 2506 illuc
2886 2450 3122 2516 abeunt,
3173 2449 3259 2505 ubi
3289 2449 3444 2504 nobis
3498 2450 3832 2519 benignitate

2237 2547 2414 2618 magis
2448 2561 2588 2617 opus
2626 2556 2746 2613 est,
2790 2544 3234 2615 multoqueoleo
3264 2545 3306 2600 ¹.
3346 2543 3467 2597 Non
3522 2542 3644 2597 ideo
3689 2551 3821 2598 tan-

2235 2647 2354 2694 tum
2383 2637 2588 2704 stultae,
2607 2637 2704 2693 sed
2731 2638 2878 2708 quod
2909 2633 3251 2706 expectarint
3281 2649 3342 2688 se
3371 2634 3484 2687 illic
3507 2633 3686 2688 oleum
3714 2647 3822 2685 ae-

2232 2741 2478 2802 cepturas
2499 2744 2618 2785 esse
2639 2739 2692 2784 et
2711 2727 2851 2798 quod
2877 2726 3246 2796 intempestive
3269 2726 3607 2796 quaesierint:
3644 2739 3836 2796 qnam-

2231 2839 2390 2895 quam
2421 2822 2554 2877 nihil
2596 2823 2879 2876 humanius
2919 2820 3025 2875 illis
3075 2819 3390 2890 virginibus,
3447 2834 3566 2889 qua:
3620 2818 3720 2873 hac
3777 2820 3836 2873 iu

2235 2926 2386 2986 parte
2413 2915 2645 2970 maxime
2673 2914 2977 2984 conspicuae
3007 2911 3243 2968 fuerunt.
3269 2910 3452 2981 Neque
3477 2920 3645 2966 totum
3675 2921 3834 2981 pete-

2235 3010 2364 3064 bant
2408 3027 2420 3060 :
2475 3007 2606 3061 Date
2649 3007 2790 3060 nobis
2825 3005 2888 3060 de
2936 3005 3046 3059 oleo
3097 3013 3298 3069 uestro;
3351 3004 3839 3074 necessitatemque

2235 3099 2608 3160 ostendebant.
2625 3097 2863 3153 dicentes
2887 3115 2900 3152 :
2923 3095 3212 3166 Lampades
3232 3105 3418 3151 nostra:
3443 3097 3833 3167 extinguuntur.

2235 3190 2341 3249 Sed
2368 3193 2412 3246 si
2433 3190 2594 3246 etiam
2623 3189 2892 3260 repulsam
2923 3188 3191 3243 tulerunt:
3222 3201 3284 3242 ac
3315 3202 3488 3256 neque
3511 3187 3836 3245 humanitas

2237 3297 2422 3338 earum
2451 3297 2479 3335 a
2507 3281 2704 3352 quibus
2743 3279 3015 3350 petebant,
3045 3293 3220 3348 neque
3269 3277 3544 3348 petitionis
3581 3277 3838 3334 facilitas.

2241 3393 2415 3447 neque
2446 3375 2761 3440 necessitas,
2793 3373 3068 3444 quidpiam
3099 3372 3472 3442 impetrarunt.
3494 3369 3690 3424 Verum
3709 3369 3844 3439 quid

2241 3469 2364 3524 inde
2391 3466 2691 3522 discimus?
2715 3465 2996 3520 Neminem
3025 3463 3134 3518 illic
3161 3463 3334 3526 nobis,
3358 3475 3494 3531 quos
3523 3476 3686 3530 Opera
3709 3476 3844 3531 pro-

2243 3563 2517 3629 diderunt,
2542 3562 2742 3616 auxilio
2769 3562 3039 3625 futurum;
3066 3573 3174 3614 non
3205 3557 3334 3628 quid
3353 3558 3545 3624 nolint,
3571 3558 3665 3613 sed
3695 3558 3844 3628 quod

2243 3673 2351 3713 non
2374 3655 2597 3726 possint.
2642 3653 2778 3709 Nam
2807 3663 2860 3708 et
2902 3653 3004 3707 illa:
3049 3651 3117 3706 ad
3151 3651 3477 3721 impossibile
3506 3650 3843 3720 confugiunt.

2245 3751 2356 3806 lloc
2369 3759 2425 3805 et
2444 3749 2630 3805 beatus
2647 3747 2914 3802 Abraham
2933 3744 3166 3800 ostendit
3182 3743 3365 3801 dicens
3386 3760 3399 3796 :
3426 3742 3480 3796 M
3485 3760 3672 3813 agnum
3689 3744 3848 3797 chaos

2243 3847 2376 3901 inter
2400 3861 2486 3900 vos
2515 3853 2560 3898 et
2607 3859 2701 3898 nos
2725 3851 2802 3896 est
2823 3885 2838 3909 ,
2870 3850 2926 3894 ut
2952 3856 3014 3896 ne
3039 3839 3261 3894 uolentes
3308 3837 3510 3910 quidem
3538 3838 3847 3909 pertransiit

2247 3942 2441 4013 possint
2469 3937 2618 4011 (Luc.
2653 3938 2742 3994 16.
2787 3937 2903 4008 26).
2939 3937 2994 3993 9.
3033 3935 3114 3992 Ite
3135 3947 3304 3990 autem
3350 3937 3417 3989 ad
3452 3940 3715 3991 uendentes
3741 3977 3753 3999 ,
3800 3946 3849 3990 et

2247 4035 2411 4089 emite.
2453 4033 2552 4101 Qui
2605 4031 2940 4088 vendentes?
2990 4031 3280 4100 Paupcres.
3340 4030 3565 4086 Ubinam
3602 4029 3850 4085 illiillic

2249 4137 2400 4183 erant
2429 4143 2441 4179 :
2477 4126 2562 4181 hic
2587 4141 2830 4196 quaerere
2855 4125 3155 4196 oportebat,
3187 4139 3360 4194 neque
3386 4124 3438 4178 in
3473 4122 3842 4193 temporeillo.

2319 4220 2376 4274 2.
2409 4219 2594 4274 Viden‘
2621 4219 2892 4290 quomodo
2922 4217 3010 4272 ﬁat
3039 4217 3196 4272 nobis
3221 4232 3288 4270 ex
3319 4217 3640 4287 pauperibus
3681 4232 3848 4288 nego-

2255 4315 2439 4369 tiatio?
2463 4314 2516 4369 Si
2549 4314 2647 4370 hos
2673 4314 2957 4370 sustuleris
2975 4355 2988 4378 ,
3024 4330 3271 4386 magnam
3309 4313 3494 4368 salutis
3513 4327 3666 4382 spem
3691 4311 3848 4370 nobis

2252 4407 2551 4461 sustuleris.
2601 4405 2724 4462 Ideo
2771 4405 2860 4462 hic
2907 4415 3120 4475 oportet
3145 4406 3319 4461 oleum
3345 4404 3614 4475 colligere,
3658 4414 3714 4458 ut
3745 4404 3848 4458 illic

2251 4498 2405 4553 nobis
2427 4497 2558 4552 utile
2587 4499 2676 4564 sit,
2710 4512 2830 4552 cum
2865 4505 3076 4568 tempus
3102 4511 3199 4552 nos
3229 4497 3526 4552 vocaverit.
3557 4495 3673 4551 Non
3695 4497 3841 4550 enim

2255 4601 2466 4661 tempus
2493 4590 2777 4661 colligendi
2805 4590 2934 4645 illud
2964 4601 3046 4645 est
3071 4609 3084 4646 :
3119 4591 3213 4646 sed
3233 4590 3334 4644 hoc
3357 4600 3586 4660 tempus.
3618 4589 3697 4645 Ne
3719 4603 3847 4658 ergo

2253 4700 2381 4752 epes
2408 4692 2526 4737 tuas
2557 4681 2749 4736 frustra
2777 4680 3057 4752 impendas
3081 4682 3132 4736 in
3159 4681 3401 4748 delicias,
3434 4681 3484 4734 in
3514 4695 3704 4736 vanam
3731 4679 3847 4751 glo-

2255 4777 2410 4830 riam.
2443 4774 2608 4829 Multo
2635 4775 2833 4844 quippe
2862 4774 2983 4830 oleo
3013 4775 3106 4828 tibi
3149 4774 3257 4829 illic
3283 4789 3418 4842 Opus
3462 4783 3565 4829 cst.
3605 4772 3730 4828 Haec
3757 4787 3848 4827 an-

2254 4869 2462 4922 dientes
2483 4867 2587 4921 illa:
2617 4867 2863 4922 abierunt
2887 4908 2902 4931 ,
2938 4865 3032 4922 sed
3059 4865 3190 4920 nihil
3221 4865 3468 4920 utilitatis
3498 4873 3843 4934 acceperunt.

2257 4959 2369 5015 lloc
2420 4973 2584 5030 porro
2631 4960 2707 5014 ait
2754 4967 2848 5013 aut
2891 4958 2943 5013 in
2983 4959 3236 5029 parabole
3267 4959 3542 5028 insistens,
3601 4959 3842 5028 illamque

2257 5059 2475 5116 texens;
2521 5058 2610 5105 aut
2641 5060 2699 5105 ut
2723 5049 2990 5115 ostendat,
3037 5049 3246 5105 etiamsi
3276 5050 3496 5105 humani
3537 5051 3704 5106 simus
3729 5054 3838 5118 post

2257 5146 2535 5202 decessum
2562 5155 2803 5200 nostrum
2820 5185 2836 5210 ,
2866 5159 2965 5199 nos
2993 5145 3125 5200 nihil
3147 5143 3272 5200 inde
3297 5144 3516 5200 subsidii
3543 5154 3837 5213 accepturos

2255 5238 2325 5294 ad
2355 5238 2674 5308 supplicium
2705 5236 3090 5308 etiugiendum.
3127 5237 3309 5307 Itaque
3351 5233 3486 5291 nihil
3510 5236 3616 5293 illis
3640 5231 3843 5307 prolicit

2255 5330 2489 5384 studium
2515 5345 2529 5394 ;
2555 5329 2673 5398 quia
2694 5344 2799 5384 non
2824 5327 2909 5384 hic
2931 5328 3141 5384 iverunt
3163 5329 3231 5383 ad
3252 5327 3568 5395 vendentes,
3596 5328 3692 5384 sed
3711 5325 3846 5390 illic;

2258 5437 2432 5491 neque
2458 5420 2609 5475 diviti
2660 5419 2880 5493 profuit,
2910 5419 3126 5492 quando
3154 5421 3224 5475 ita
3256 5421 3520 5475 humanus
3560 5420 3763 5483 evasit,
3795 5428 3850 5473 ut

2259 5513 2420 5568 etiam
2445 5511 2512 5566 de
2539 5511 2788 5568 afﬁnibus
2813 5512 2927 5566 suis
2955 5513 3212 5567 sollicitus
3241 5521 3408 5567 esset.
3433 5512 3569 5567 Nam
3601 5512 3648 5568 is
3674 5511 3763 5583 qui
3786 5509 3848 5564 a.l

2259 5601 2744 5672 ostiumjacentem
2775 5603 3100 5672 praeteribat,
3132 5617 3225 5656 eos
3245 5643 3262 5668 ,
3291 5617 3427 5673 quos
3458 5617 3742 5673 numquam
3774 5601 3853 5654 vi-

2260 5695 2433 5761 derat,
2466 5711 2531 5750 ex
2577 5696 2828 5765 periculis
2859 5705 2913 5751 et
2937 5709 3002 5751 ex
3034 5695 3276 5764 gehenna
3303 5696 3511 5767 eripere
3535 5695 3771 5761 festinat,
3804 5703 3854 5749 et

2261 5797 2416 5858 rogat
2443 5787 2579 5843 mitti
2605 5788 2886 5859 quosdam,
2909 5785 2999 5859 qui
3029 5785 3081 5842 id
3106 5786 3210 5844 illis
3234 5789 3552 5845 attuuntient
3583 5786 3735 5859 (Luc.
3771 5786 3854 5844 l6.

2327 6018 2342 6046 ³
2376 6015 2514 6062 Unus
2548 6013 2701 6062 habet
2726 6011 2971 6074 multaque
2997 6005 3357 6058 miseriwrtiiu.
