4128 6402
313 314 417 371 ἐιδ

309 429 426 494 ‘28).
472 427 720 482 Attamen
766 424 897 480 nihil
947 424 1035 479 ille
1064 425 1187 479 hinc
1231 425 1362 478 lucri
1395 422 1575 478 retulit
1602 440 1616 487 ;
1648 431 1705 476 ut
1730 437 1903 493 neque

310 520 564 593 virgines.
585 517 872 588 Postquam
895 518 1033 571 enim
1063 518 1144 570 bis
1171 516 1365 571 auditis
1392 517 1659 578 abierunt,
1685 517 1770 571 tt).
1809 514 1903 570 Ve-

307 616 382 668 nit
410 628 626 685 sponsus
650 626 670 676 ;
700 622 744 665 et
767 626 879 682 qua:
906 620 1097 679 parata:
1139 618 1300 673 erant,
1333 610 1641 663 intraverant
1670 626 1786 662 cum
1813 626 1904 674 eo;

306 712 390 767 lue
414 725 541 765 vero
561 709 794 764 exclusa:
820 718 965 764 sunt.
988 708 1115 769 Post
1145 708 1343 764 multos
1371 709 1603 773 labores,
1636 718 1754 778 post
1777 710 1900 764 inﬁ-

305 806 447 858 nitos
487 801 735 862 sudores,
789 810 910 873 post
958 810 1230 855 certamen
1287 800 1417 855 illud
1462 801 1813 866 intolerabile,
1849 810 1904 858 et

305 908 503 968 tropum
529 912 651 969 quas
670 906 859 951 contra
889 894 1149 952 furentem
1188 908 1431 951 naturam
1459 909 1766 964 erexerant,
1798 916 1898 969 pu-

304 990 436 1044 dure
459 987 676 1044 sull‘usa:
697 1001 818 1042 cum
839 988 1087 1041 extinctis
1112 987 1444 1056 lampadibus
1463 986 1697 1043 demisso
1724 991 1900 1058 capite

305 1081 648 1138 recedebant.
677 1080 817 1136 Nihil
838 1081 978 1135 enim
1003 1080 1284 1135 obscurius
1305 1090 1569 1151 estquam
1594 1083 1896 1153 virginitas,

302 1174 646 1246 elcemosyna
673 1187 868 1230 carens
894 1173 909 1204 '
937 1188 952 1203 ο
982 1171 1059 1227 sic
1074 1172 1226 1228 multi
1253 1172 1425 1227 solent
1446 1173 1897 1229 tmmisericordes

303 1279 502 1322 vocare
543 1263 879 1321 tenebrosos.
927 1262 1028 1319 Ubi
1085 1278 1213 1333 ergo
1258 1262 1577 1333 virginitatis
1605 1262 1814 1319 utilitas
1848 1266 1894 1332 ²,

302 1355 517 1423 quando
545 1369 644 1410 nec
673 1368 929 1424 sponsum
950 1353 1164 1424 quidem
1190 1353 1457 1421 viderunt,
1492 1368 1592 1407 nec
1619 1354 1895 1423 pulsantes

222 1490 237 1499 .
300 1446 498 1519 aliquid
528 1446 901 1514 impetrarunt,
933 1445 1024 1500 sed
1051 1445 1191 1500 illam
1221 1444 1511 1500 terribilem
1542 1443 1763 1499 audiere
1795 1462 1891 1499 vo-

299 1554 439 1605 cem,
478 1537 560 1592 12.
586 1536 749 1599 Abite,
775 1537 940 1589 nescio
970 1535 1101 1590 vos?
1131 1535 1264 1590 Cum
1289 1543 1468 1589 autem
1502 1534 1590 1589 ille
1614 1537 1713 1589 hoc
1742 1536 1891 1592 dixe-

298 1629 385 1691 rit,
422 1628 552 1683 nihil
584 1625 726 1680 aliud
754 1641 915 1697 quam
940 1626 1181 1696 gehenna
1209 1626 1531 1697 relinquitur
1551 1636 1603 1679 et
1636 1627 1890 1681 intolera-

301 1722 407 1777 bile
427 1718 783 1792 supplicium;
813 1721 919 1773 into
945 1718 1104 1772 etiam
1132 1717 1236 1771 hoc
1273 1717 1474 1771 dictum
1505 1717 1746 1787 gcheuna
1780 1720 1890 1789 ipsa

298 1814 514 1885 gravius
539 1823 639 1867 est.
666 1811 777 1868 lloc
807 1812 966 1866 etiam
996 1811 1130 1865 dixit
1153 1812 1496 1881 operantibus
1522 1813 1886 1881 iniquitatem:

301 1907 388 1960 15.
431 1903 642 1976 Vigilate
668 1903 836 1974 itaque
861 1942 878 1967 ,
932 1903 1051 1972 quia
1092 1901 1293 1955 nescitis
1328 1902 1461 1955 diem
1503 1918 1661 1971 neque
1689 1902 1886 1956 harant.

298 1997 485 2052 Vidcn'
530 2010 687 2066 quam
720 1994 1024 2064 frequenter
1055 1992 1137 2047 his
1183 1994 1361 2048 verbis
1393 1995 1567 2057 liniat,
1601 1994 1888 2049 ostendens

296 2088 648 2160 ignorantiam
678 2088 851 2140 exitus
877 2102 941 2141 ex
980 2085 1080 2140 hac
1106 2086 1215 2139 vita
1243 2085 1430 2140 utilem
1462 2102 1581 2140 esse
1606 2086 1628 2139 ?
1659 2085 1886 2141 Ubinam

294 2190 420 2234 sunt
451 2178 524 2233 illi
549 2193 643 2248 per
669 2186 833 2230 totam
860 2178 1021 2230 vitam
1044 2176 1276 2240 desides,
1311 2177 1549 2245 quicum
1579 2178 1889 2231 iucusantur

294 2288 324 2323 a
364 2270 519 2326 nobis
557 2268 780 2323 dicunt:
822 2266 1007 2323 Mortis
1034 2276 1274 2337 tempore
1315 2269 1499 2338 egenis
1553 2268 1887 2338 relinquam?

296 2362 529 2417 Audiant
557 2361 672 2416 haec
700 2361 885 2427 verba,
913 2369 966 2416 et
984 2360 1359 2416 emendentur.
1391 2361 1521 2416 Nam
1556 2363 1607 2416 in
1640 2363 1731 2419 illo
1754 2371 1889 2416 tctu-

295 2471 425 2526 pore
452 2456 601 2509 nutlli
624 2453 673 2511 id
692 2470 795 2509 non
822 2462 1128 2526 potuerunt,
1153 2455 1330 2510 subito
1354 2455 1595 2525 abrepti,
1617 2471 1714 2511 nec
1733 2455 1887 2526 quid-

293 2562 451 2616 quam
481 2547 593 2600 suis
625 2543 692 2601 de
741 2559 989 2615 suprema
1038 2544 1310 2599 voluntate
1352 2545 1590 2601 indicare
1637 2555 1880 2615 potuere.

294 2637 418 2692 ιιςυο
448 2638 625 2708 itaque
648 2638 897 2707 parabola
932 2638 1072 2692 circa
1120 2638 1517 2710 elecmosynam
1549 2638 1690 2693 illam
1723 2654 1883 2709 pecu-

293 2730 513 2783 niariam
541 2728 682 2784 dicta
728 2738 848 2785 est:
880 2746 998 2801 qua:
1024 2741 1201 2785 autem
1234 2732 1370 2785 hanc
1399 2732 1661 2799 sequitur,
1694 2741 1881 2786 contra

289 2841 386 2879 eos
405 2824 493 2895 qui
516 2840 621 2880 non
650 2826 908 2894 pecuniis,
930 2841 1035 2880 non
1063 2826 1249 2887 verbo.
1281 2842 1385 2881 non
1414 2826 1737 2897 patrocinio,
1771 2839 1876 2879 non

291 2916 395 2969 alio
424 2917 672 2986 quopiam
704 2916 979 2985 proximos
1001 2916 1190 2986 juvarc
1223 2918 1432 2981 volunt,
1464 2917 1556 2971 sed
1580 2917 1756 2971 omnia
1782 2918 1886 2971 ab-

292 3006 576 3061 scendunt.
616 3005 727 3062 Cur
764 3014 943 3061 autem
977 3008 1091 3061 hinc
1140 3008 1390 3077 parabola
1441 3022 1645 3077 regem,
1682 3022 1883 3076 prmce-

291 3097 425 3155 deus
488 3113 619 3153 vero
683 3112 936 3168 sponsum
988 3098 1238 3153 inducit?
1282 3098 1353 3154 Ut
1401 3100 1576 3154 discas
1626 3108 1883 3169 quantum

290 3185 534 3243 Christus
562 3187 759 3243 hmreat
785 3188 1078 3261 virginibus
1102 3232 1119 3254 ,
1150 3204 1269 3259 quae
1299 3204 1417 3244 sese
1444 3189 1598 3243 bonis
1628 3190 1738 3244 suis
1760 3203 1883 3259 Spo-

290 3281 503 3335 liarunt.
563 3281 687 3335 llaec
727 3289 811 3336 est
857 3282 999 3336 enim
1043 3282 1336 3352 virginitas.
1387 3281 1722 3352 Quapropter
1746 3282 1884 3337 Pau—

289 3372 374 3427 lus
399 3372 536 3428 hanc
567 3374 717 3444 ponit
745 3373 821 3428 rei
856 3373 1220 3429 definitionem
1253 3393 1265 3427 :
1304 3373 1532 3441 lunupta
1565 3375 1784 3429 sollicita
1808 3384 1882 3430 est

288 3466 351 3516 de
377 3464 441 3519 iis
465 3481 579 3535 qua:
606 3465 797 3519 domini
827 3475 945 3520 sunt
967 3507 980 3531 ,
1010 3477 1062 3519 ut
1090 3467 1153 3520 sit
1185 3466 1411 3520 modesta
1432 3508 1446 3532 ,
1472 3479 1713 3537 quantum
1742 3467 1882 3521 decet

203 3554 213 3563 ’
287 3553 453 3619 iitum,
497 3570 610 3625 quia
662 3554 878 3612 Domino
907 3556 1095 3610 assidet
1123 3569 1363 3628 perpetuo
1408 3557 1482 3627 (l.
1529 3558 1648 3612 Cor.
1684 3559 1735 3614 7.
1789 3560 1881 3613 54.

288 3647 359 3703 35
380 3648 420 3716 ).
471 3647 598 3703 llarc
627 3649 1002 3714 admonemus,
1039 3650 1229 3721 inquit.
1259 3649 1411 3719 Quod
1440 3651 1482 3705 si
1510 3652 1649 3718 apud
1683 3652 1878 3707 Lucam

290 3736 311 3807 (
340 3737 467 3807 Cap.
498 3738 588 3795 l9.
627 3740 711 3793 12.
742 3756 881 3810 seqq.
918 3737 938 3810 )
964 3740 1282 3795 talentorum
1315 3742 1561 3812 parabola
1584 3744 1688 3797 alio
1720 3743 1880 3798 modo

290 3839 549 3895 narratur,
585 3830 712 3884 illud
738 3831 1041 3896 dicendum,
1062 3832 1193 3886 alias
1221 3841 1275 3887 et
1304 3832 1542 3887 diversas
1568 3849 1687 3889 esse
1716 3850 1875 3904 para-

291 3921 457 3975 bolas.
487 3921 545 3977 in
585 3922 674 3978 illa
719 3923 863 3978 enim
885 3939 950 3979 ex
979 3940 1080 3978 una
1120 3939 1327 3979 summa
1353 3926 1546 3981 diversi
1581 3927 1726 3982 luere
1753 3943 1877 3996 pro-

284 4023 477 4067 Ventus
509 4030 523 4067 :
554 4030 675 4069 nam
706 4030 771 4070 cx
804 4032 906 4070 una
939 4032 1064 4072 mna
1084 4017 1220 4071 alius
1247 4018 1501 4088 quinque,
1531 4019 1665 4074 alius
1690 4020 1875 4075 decem

288 4122 442 4163 muas
490 4107 817 4173 obtulerunt,
870 4109 1093 4181 ideoque
1134 4125 1237 4165 non
1293 4111 1479 4166 eadem
1527 4113 1700 4167 sortiti
1753 4121 1879 4168 sunt

285 4200 425 4254 dona
460 4218 473 4253 :
502 4199 589 4255 hic
616 4216 746 4256 vero
776 4209 966 4256 contra
990 4245 1004 4266 ,
1032 4201 1260 4272 ideoque
1300 4217 1458 4273 pares
1487 4219 1700 4258 corona:
1729 4213 1873 4259 sunt.

284 4291 416 4346 Nam
445 4300 499 4346 ut
534 4291 578 4346 is
604 4292 693 4363 qui
724 4292 831 4348 duo
857 4293 1084 4364 accepit,
1113 4293 1212 4349 alia
1230 4295 1337 4350 duo
1357 4294 1607 4361 reddidit,
1632 4296 1877 4352 similiter

281 4382 447 4437 etiam
476 4383 564 4453 qui
603 4384 839 4454 quinque
865 4385 1073 4454 accepit
1100 4400 1115 4439 :
1146 4385 1219 4440 ibi
1262 4401 1389 4441 vero
1418 4402 1483 4441 ex
1509 4386 1698 4442 eadem
1726 4395 1873 4443 sorte

282 4477 419 4531 alius
446 4477 726 4546 majorem,
759 4478 892 4532 alius
926 4479 1184 4533 minorem
1216 4490 1528 4549 proventum
1552 4481 1736 4535 habuit
1772 4499 1786 4537 :
1815 4480 1869 4536 in

283 4568 517 4638 praemiis
536 4582 746 4638 quoque
761 4570 883 4636 jure
909 4584 1011 4622 non
1037 4584 1131 4638 par
1151 4570 1254 4624 erit
1281 4585 1509 4627 merces.
1540 4571 1674 4626 Vide
1693 4582 1870 4644 autem

286 4661 434 4714 illum
462 4660 657 4730 ubique
687 4676 793 4715 non
837 4660 1017 4716 statim
1044 4662 1278 4733 exigere.
1323 4663 1457 4719 Nam
1488 4667 1699 4721 vineam
1724 4665 1874 4722 dedit

282 4754 550 4823 agricolis,
597 4762 652 4809 et
691 4769 917 4825 peregre
949 4756 1223 4826 prolectus
1246 4765 1361 4822 est;
1405 4757 1487 4812 sie
1526 4767 1580 4812 et
1614 4757 1717 4813 hoc
1754 4758 1872 4814 loco

285 4844 401 4901 iure
420 4845 711 4913 commisit,
740 4855 794 4902 et
821 4848 1184 4919 peregrinatus
1200 4858 1279 4904 est
1301 4891 1317 4913 ,
1344 4857 1402 4903 ut
1429 4850 1603 4905 discas
1624 4865 1869 4921 magnam

285 4935 403 5006 ejus
431 4937 761 5007 patientiam.
809 4936 936 4991 Mihi
985 4946 1162 4994 autem
1191 4939 1402 4995 videtur
1446 4939 1561 4996 bace
1589 4940 1787 5007 dicere,
1813 4951 1873 4997 ut

282 5024 730 5085 resurrectionem
759 5029 1080 5086 subindicet.
1119 5031 1311 5087 Verum
1356 5034 1443 5089 hic
1472 5048 1577 5088 non
1621 5035 1871 5105 agricola:

277 5129 335 5175 et
360 5121 533 5185 vinea,
575 5121 669 5176 sed
696 5137 895 5178 omnes.
913 5124 1144 5192 operarii
1175 5133 1321 5181 sunt.
1351 5125 1464 5179 Non
1494 5125 1635 5179 enim
1664 5126 1867 5196 princi-

279 5225 375 5278 pes
403 5221 626 5279 tantum,
660 5227 760 5269 nec
779 5211 994 5269 Judmos
1013 5254 1029 5278 ,
1060 5214 1155 5269 sed
1180 5229 1367 5271 omnes
1393 5215 1695 5286 alloquitur.
1727 5216 1870 5272 Olfe-

282 5311 462 5358 rentes
509 5314 685 5359 autem
715 5307 945 5376 ingenue
1003 5304 1236 5362 fatemur
1274 5314 1329 5362 et
1373 5321 1492 5381 qua:
1533 5323 1628 5361 sua
1668 5316 1723 5362 et
1751 5323 1869 5377 qua:

283 5389 493 5447 Domini
519 5406 661 5450 sunt.
690 5396 944 5467 Aliusque
962 5395 1117 5463 dicit,
1147 5396 1237 5453 20.
1268 5397 1504 5463 Domine,
1535 5399 1753 5470 quinque
1779 5409 1862 5453 ta-

281 5481 421 5535 lenta
456 5485 711 5541 tradidisti
738 5487 906 5553 ntihi;
932 5488 1069 5543 alius
1100 5531 1115 5555 ,
1143 5490 1256 5545 Duo
1282 5508 1295 5540 :
1328 5498 1693 5546 monstrantes
1715 5505 1774 5546 se
1799 5491 1868 5548 ab

278 5572 374 5629 illo
428 5579 753 5647 operationis
801 5579 1140 5636 occasionem
1193 5582 1484 5653 accepisse,
1535 5583 1869 5655 multamque

233 5709 258 5777 φ
341 5708 497 5777 {ab},
512 5710 625 5777 eteo
645 5725 836 5765 carens.

342 5771 373 5805 ⁸
389 5772 489 5823 Atii
510 5772 713 5833 habent,
735 5778 917 5844 gloria,
946 5793 1053 5844 pro,
1072 5781 1284 5857 militare
1350 5800 1353 5805 '

1027 5976 1042 5983 -ι
1054 5975 1109 5983 ..ν-

1106 354 1111 361 .
1203 309 1267 366 lN
1307 305 1713 363 M.\TTII.£U.\1
1755 305 1982 361 liOilll..
2025 307 2303 363 LXXVIII.
2347 311 2417 366 al.
2460 311 2694 369 LXXIXK

3499 321 3619 376 7H

2009 422 2108 494 ipsi
2133 426 2356 496 gratiam
2383 427 2599 493 habere,
2624 438 2679 484 ct
2704 438 2869 484 totum
2898 431 2995 500 ipsi
3045 443 3310 503 reputare.
3340 434 3477 501 Quid
3507 437 3610 505 igi-

2011 525 2096 568 tur
2130 517 2416 573 duminus?
2440 520 2530 575 9.].
2560 520 2719 590 Euge,
2749 539 2887 579 serve
2906 524 3052 591 bene,
3086 527 3256 596 inquit
3280 526 3431 596 (illud
3463 529 3615 583 enim

2010 607 2133 661 boni
2158 608 2260 662 viri
2289 618 2389 675 Cal,
2435 625 2497 663 ea
2523 628 2642 680 qua:
2674 613 2903 681 proximi
2931 626 3051 669 sunt
3082 618 3349 685 respicere
3374 620 3393 689 )
3421 660 3435 684 ,
3469 622 3607 686 et/i-

2010 699 2139 752 detis
2168 715 2199 753 :.
2216 717 2367 771 super
2396 719 2559 769 pauca
2579 704 2720 771 fuisti
2748 705 2935 773 fidelis,
2968 722 3125 778 super
3146 709 3307 762 mtdta
3337 717 3382 762 te
3409 712 3607 763 consti-

2005 778 2141 843 tuant
2164 808 2178 857 ;
2206 792 2343 845 intra
2370 794 2421 846 in
2442 795 2686 864 gaudium
2714 796 2908 850 domini
2928 798 3020 853 tui.
3052 796 3278 854 Omnem
3318 799 3605 855 beatitudi~

2006 898 2128 937 nem
2153 899 2247 954 per
2276 885 2376 939 hoc
2401 886 2601 940 dictum
2618 889 2870 944 ostendit.
2890 892 2957 945 At
2986 906 3089 945 non
3107 891 3192 946 ille
3215 893 3311 959 sic,
3333 893 3425 950 sed
3463 911 3601 967 quo-

2004 974 2201 1029 modo“!
2226 975 2316 1030 ει.
2346 977 2578 1031 Sciebam
2600 981 2721 1052 quia
2747 981 2897 1035 homo
2922 993 3155 1037 austeras
3184 1002 3256 1051 es,
3303 996 3491 1040 metens
3517 988 3601 1041 ubi

2002 1083 2103 1121 non
2132 1070 2410 1131 scmiuasti,
2448 1080 2492 1125 et
2526 1089 2836 1144 congregans
2864 1076 2950 1129 ubi
2995 1093 3094 1129 non
3126 1079 3358 1146 sparsisli
3381 1080 3513 1135 :25.
3548 1090 3598 1133 et

2002 1159 2181 1213 timens
2205 1159 2444 1214 abscondi
2475 1164 2718 1217 talentum
2749 1174 2908 1219 ttmm.
2946 1165 3076 1229 Ecce
3105 1168 3256 1222 habes
3283 1171 3420 1239 quod
3456 1181 3598 1225 tuum

2000 1263 2093 1308 est.
2114 1254 2249 1320 Quid
2280 1270 2408 1324 ergo
2434 1256 2726 1311 dominus?
2750 1258 2841 1313 26.
2892 1258 3047 1313 Serve
3071 1277 3306 1330 nequam,
3336 1272 3599 1333 Oportebat

1998 1353 2046 1398 te
2091 1345 2340 1414 deponere
2392 1357 2654 1418 argentum
2707 1366 2871 1403 meum
2916 1353 3267 1408 nuntnmluriis
3319 1369 3337 1408 .'
3381 1354 3434 1409 id
3488 1367 3591 1418 est,

1997 1434 2245 1505 Oportuit
2272 1446 2323 1492 te
2369 1440 2662 1503 monuisse,
2699 1441 3054 1497 ennsuluisse.
3106 1442 3211 1498 Sed
3253 1460 3357 1499 non
3386 1446 3595 1502 obtem-

1998 1528 2225 1597 perant?
2255 1528 2395 1583 Nihil
2421 1530 2519 1583 hoc
2546 1530 2610 1583 ad
2634 1540 2703 1583 te.
2730 1532 2865 1599 Quid
2896 1532 2986 1586 illo
3015 1536 3384 1590 mansuetius?

2068 1620 2121 1673 5.
2156 1619 2412 1675 ilmniucs
2439 1632 2583 1676 certe
2613 1620 2715 1676 hoc
2745 1639 2849 1677 non
2881 1623 3114 1691 faciunt,
3146 1626 3239 1680 scd
3269 1628 3337 1681 ab
3364 1627 3479 1697 ipso
3507 1632 3594 1699 qui

1997 1710 2185 1764 fmuori
2216 1711 2395 1775 dedit,
2430 1713 2678 1781 exigendi
2721 1714 2955 1769 officium
2996 1726 3271 1786 expetunt.
3312 1717 3434 1789 Ipse
3469 1735 3596 1776 vero

1994 1817 2099 1854 non
2132 1803 2209 1856 sic
2256 1820 2270 1860 :
2317 1802 2446 1867 sed,
2498 1803 2575 1857 Te
2618 1806 2900 1873 oportebat
2948 1806 3250 1876 deponere,
3296 1809 3498 1879 inquit,
3543 1822 3595 1866 et

1992 1896 2324 1948 exactionem
2366 1895 2492 1949 mihi
2539 1897 2863 1967 relinquere.
2913 1898 2981 1952 Et
3018 1915 3118 1969 ego
3154 1916 3274 1955 cum
3309 1919 3466 1957 usura
3498 1919 3595 1960 ex—

1993 1984 2256 2053 egissem;
2287 2000 2501 2039 usurant
2531 1988 2805 2042 concinuis
2836 1990 2951 2043 sive
2975 1991 3187 2046 auditus
3210 2008 3407 2049 vocans
3430 2011 3593 2066 Opem

1998 2075 2111 2145 ipsa
2144 2076 2399 2130 exhibita.
2429 2077 2506 2132 Te
2532 2079 2764 2147 oportuit
2794 2080 2843 2134 id
2871 2079 3010 2150 quod
3042 2081 3249 2139 facilius
3276 2094 3389 2139 erat
3412 2102 3590 2157 agere,

1992 2169 2230 2240 mihique
2260 2170 2399 2239 quod
2432 2180 2544 2226 erat
2586 2172 2852 2227 difﬁciiius
2896 2174 3215 2246 relinquere.
3257 2177 3389 2245 Quia
3434 2179 3593 2251 igitur

1992 2260 2095 2316 hoc
2121 2277 2225 2316 non
2259 2263 2415 2329 fecit,
2448 2264 2548 2329 ait,
2580 2264 2670 2320 28.
2702 2267 2925 2338 Accipite
2950 2269 3012 2322 ab
3036 2285 3094 2323 eo
3123 2271 3381 2338 talentum,
3409 2284 3454 2327 et
3475 2274 3593 2327 date

1990 2353 2036 2407 ei
2061 2355 2148 2423 qui
2175 2353 2346 2409 decem
2377 2356 2564 2410 talenta
2590 2358 2756 2412 habet.
2799 2360 2890 2413 29.
2926 2358 3067 2414 Nam
3096 2365 3233 2416 οηιηὶ
3263 2364 3468 2418 habenti
3493 2366 3590 2419 da-

1989 2444 2141 2512 bitur,
2168 2453 2214 2499 et
2243 2444 2548 2511 abundabit;
2580 2447 2641 2502 ab
2671 2465 2727 2503 eo
2755 2459 2921 2504 autem
2945 2453 3029 2521 qui
3060 2468 3159 2506 non
3187 2454 3352 2519 habet,
3380 2465 3427 2509 et
3455 2458 3601 2527 quod

1990 2536 2168 2589 Itabet'
2195 2541 2459 2607 auferetur
2475 2538 2536 2591 ab
2564 2554 2642 2593 eo.
2670 2538 2807 2605 Quid
2838 2550 3014 2596 autem
3048 2543 3147 2597 hoc
3177 2545 3472 2614 signiﬁcat?
3493 2547 3592 2615 Qui

1988 2630 2209 2699 gratiam
2235 2630 2384 2684 verbi
2413 2639 2466 2684 et
2496 2631 2755 2685 doctrina:
2781 2633 2846 2685 ad
2876 2633 3157 2688 utilitatem
3181 2635 3407 2690 aliorum
3437 2650 3594 2693 acce-

1989 2723 2099 2791 pit,
2150 2737 2247 2776 nec
2287 2722 2372 2776 illa
2414 2738 2542 2777 usus
2572 2731 2687 2787 est,
2732 2724 2954 2793 gratiam
3000 2724 3169 2794 ipsam
3216 2726 3402 2795 perdet
3447 2746 3460 2781 :
3501 2729 3602 2800 qui

1986 2822 2164 2868 autem
2209 2813 2442 2868 studium
2485 2828 2638 2868 suum
2679 2815 2955 2881 adhibuit,
3002 2817 3175 2884 majus
3217 2818 3318 2874 sibi
3356 2823 3593 2877 attrahet

1985 2905 2215 2971 donum;
2248 2921 2368 2961 cum
2410 2919 2595 2961 contra
2638 2907 2728 2962 ille
2767 2909 2908 2978 quod
2951 2920 3235 2979 acceperat
3279 2913 3589 2982 perdiderit.

1990 2997 2184 3051 Verum
2215 2997 2388 3051 otioso
2420 3013 2524 3052 non
2557 2998 2609 3052 id
2635 3000 2808 3053 solum
2842 2999 3024 3053 damni
3053 3002 3176 3064 l'uit,
3210 3003 3304 3056 sed
3336 3005 3590 3060 intolera-

1987 3088 2093 3144 bile
2123 3089 2442 3158 supplicium
2464 3131 2479 3155 ,
2513 3099 2567 3144 et
2596 3105 2716 3144 cum
2748 3092 3009 3161 supplicio
3036 3096 3298 3148 sententia
3328 3097 3587 3151 crimina-
3624 3104 3625 3115 ‘

1988 3182 2148 3236 tionis
2178 3182 2351 3251 plena.
2389 3182 2476 3237 50.
2514 3181 2757 3236 luntilem
2787 3199 3010 3249 servum,
3045 3186 3245 3255 inquit,
3274 3189 3507 3259 projicite
3536 3190 3588 3243 in

1987 3273 2213 3327 tenebras
2250 3274 2557 3338 anteriores;
2598 3273 2669 3328 ibi
2710 3274 2803 3328 erit
2842 3276 2991 3344 ﬂetus
3026 3287 3074 3331 et
3115 3277 3302 3333 stridor
3341 3280 3587 3337 dentium.

1987 3363 2174 3419 Viden‘
2202 3366 2469 3435 quomodo
2498 3381 2604 3420 non
2634 3367 2807 3420 solum
2845 3376 3026 3439 raptor
3063 3379 3113 3425 et
3156 3371 3247 3441 qui
3287 3373 3426 3427 mala
3460 3389 3585 3443 per-

1988 3466 2195 3526 petrat,
2227 3458 2321 3513 sed
2360 3460 2521 3514 etiam
2563 3461 2607 3514 is
2642 3461 2732 3529 qui
2763 3460 2900 3516 bona
2948 3478 3050 3518 non
3093 3477 3366 3534 operatur,
3406 3478 3589 3524 extre-

1985 3567 2129 3605 mum
2160 3552 2477 3621 supplicium
2517 3552 2659 3607 luat?
2690 3554 2984 3611 Audiamus
3022 3556 3182 3628 igitur
3225 3557 3339 3615 haec
3379 3562 3584 3627 verba;

1984 3642 2110 3697 dum
2141 3651 2350 3713 tempus
2377 3654 2491 3709 est,
2526 3653 2765 3700 nostram
2796 3661 3103 3703 asset-amns
3145 3649 3369 3706 salutem
3392 3693 3409 3720 ,
3446 3653 3590 3708 acci-

1986 3737 2195 3805 piamus
2223 3737 2402 3793 oleum
2431 3739 2482 3792 iu
2510 3738 2844 3808 lampadibus
2862 3783 2878 3807 ,
2909 3740 3168 3796 talentum
3197 3743 3263 3797 ad
3295 3742 3470 3801 faenus
3493 3746 3592 3802 de-

1986 3845 2103 3883 mus
2136 3847 2150 3883 :
2181 3831 2226 3884 si
2255 3831 2411 3885 enim.
2430 3830 2517 3884 hic
2542 3831 2698 3886 otiosi
2726 3839 2778 3885 et
2808 3833 2938 3901 pigri
2971 3832 3260 3900 fuerimus,
3292 3851 3454 3893 nemo
3486 3853 3584 3894 no-

1982 3921 2077 3974 stri
2109 3920 2218 3975 illic
2250 3921 2611 3985 miserebitur,
2639 3921 2849 3976 etiamsi
2877 3923 3071 3978 millies
3099 3924 3362 3997 lacrymas
3392 3926 3581 3983 funda-

1981 4027 2121 4066 mus.
2167 4010 2416 4081 Scipsum
2462 4012 2737 4067 damnavit
2783 4014 2946 4069 etiam
2988 4015 3037 4069 is
3074 4016 3164 4086 qui
3208 4018 3421 4075 sordida
3466 4029 3584 4078 erat

1981 4112 2145 4169 reste,
2178 4111 2233 4159 et
2256 4103 2389 4158 nihil
2418 4105 2623 4175 accepit
2648 4104 2911 4161 utilitatis.
2946 4107 3199 4164 Reddidit
3225 4110 3311 4166 hic
3329 4115 3589 4170 commis-

1981 4210 2100 4250 sum
2130 4196 2230 4250 sibi
2261 4196 2521 4250 talentum
2541 4239 2557 4262 ,
2594 4205 2649 4253 et
2687 4197 2764 4252 sic
2792 4197 3075 4255 damnatus
3107 4210 3208 4257 est.
3238 4201 3582 4273 Rogaveruut

1982 4288 2108 4342 item
2148 4288 2418 4358 virgines,
2465 4300 2841 4354 accesserunt,
2893 4291 3204 4359 pulsarunt;
3246 4294 3339 4349 sed
3386 4294 3583 4353 frustra

1980 4386 2034 4432 et
2062 4379 2329 4433 incassum
2360 4379 2563 4433 omnia.
2587 4380 2711 4435 Hzrc
2727 4397 2856 4452 ergo
2876 4397 2994 4437 cum
3020 4384 3272 4453 sciamus,
3302 4386 3578 4455 pecunias,

1980 4472 2246 4540 studium,
2277 4473 2628 4541 patrocinium
2655 4483 2709 4529 et
2731 4477 2910 4531 omnia
2939 4473 3230 4531 oﬂeramus
3255 4477 3319 4531 ad
3346 4479 3586 4547 proximi-

1983 4564 2285 4618 utilitatem.
2333 4563 2557 4619 Talenta
2601 4565 2744 4621 enim
2794 4566 2881 4621 hic
2918 4575 3193 4632 vocantur,
3225 4584 3345 4639 quae
3388 4571 3445 4627 in
3487 4586 3580 4628 eu-

1973 4656 2169 4726 jusque
2206 4665 2470 4725 potestate
2498 4666 2651 4718 sunt,
2694 4658 2807 4712 sive
2843 4659 3227 4727 patrocinium,
3258 4660 3370 4717 sive
3407 4676 3576 4733 pecu-

1983 4748 2082 4802 nia:
2102 4790 2117 4813 ,
2159 4750 2272 4803 sive
2300 4748 2542 4804 doctrina
2562 4789 2579 4814 ,
2610 4749 2726 4805 sive
2751 4749 2897 4805 aliud
2925 4750 3209 4821 quidquam
3244 4750 3578 4823 huiusmodi.

1978 4837 2148 4893 Nemo
2178 4840 2356 4909 itaque
2381 4840 2555 4905 dicat,
2585 4838 2759 4896 Unum
2792 4840 2965 4896 habeo
3001 4842 3289 4911 talentum,
3334 4845 3581 4916 nihilque

1980 4945 2197 4999 possum
2234 4931 2425 4987 facere.
2458 4931 2619 4987 Potes
2648 4932 2790 4986 enim
2827 4948 2948 4987 cum
2978 4950 3086 4988 uno
3119 4952 3233 4991 rem
3275 4937 3440 5005 [robe
3476 4955 3576 5009 ge-

1978 5039 2117 5078 rere.
2158 5023 2337 5092 Neque
2379 5026 2522 5079 enim
2553 5040 2614 5081 es
2639 5025 2794 5079 vidua
2826 5026 2912 5080 illa
2942 5028 3241 5097 pauperior,
3275 5045 3380 5085 non
3414 5032 3576 5089 Petro

1978 5124 2031 5169 et
2058 5114 2266 5170 Joanne
2302 5115 2511 5182 rudior,
2550 5116 2641 5186 qui
2677 5115 2854 5170 idiota:
2879 5128 2933 5171 et
2964 5115 3193 5171 illitrrnti
3220 5129 3395 5176 erant.
3426 5123 3583 5178 Atta-

1978 5221 2100 5261 men
2128 5206 2255 5277 quin
2288 5207 2521 5260 studium
2554 5220 2709 5262 suum
2749 5206 3141 5274 exbibuerunt,
3184 5212 3472 5284 omniaque
3509 5215 3587 5269 ad.

1976 5313 2316 5353 communem
2366 5297 2609 5355 lecermit
2645 5297 2968 5366 utilitatem,
3009 5300 3144 5354 caelo
3180 5301 3385 5372 dignati
3428 5313 3576 5359 sunt;

1974 5391 2113 5445 Nihil
2136 5391 2280 5446 enim
2312 5391 2382 5443 ita
2418 5390 2528 5444 Deo
2548 5402 2754 5460 gratum
2778 5400 2879 5454 est,
2912 5404 2971 5447 ut
2992 5393 3038 5448 si
3060 5394 3221 5449 vitam
3243 5396 3308 5451 ad
3331 5411 3577 5452 commit-

1975 5497 2094 5537 nem
2118 5481 2399 5536 utilitatem
2421 5481 2643 5539 ducas'.
2669 5482 2794 5543 ldco
2813 5483 3066 5555 loquendi
3096 5486 3400 5543 facultatem
3424 5489 3578 5546 nobis

2038 5657 2055 5688 ί
2083 5655 2139 5705 In
2171 5653 2333 5706 uin-el.
2360 5661 2413 5706 et
2445 5656 2615 5718 paucis
2652 5662 2759 5706 Mss.
2787 5655 2987 5719 legitur,
3018 5663 3066 5709 et
3101 5659 3231 5722 quod
3273 5658 3451 5712 habere
3495 5659 3563 5711 t-i-

1973 5718 2196 5841 “quibi,
2222 5785 2271 5830 πε
2294 5778 2337 5831 si
2357 5776 2621 5841 communis
2644 5785 2892 5844 qttteratur
2919 5778 3098 5831 utilitas

2011 5981 2037 5988 ε»
