4128 6414
519 351 628 410 715

517 462 668 521 dedit
697 464 858 524 Deus.
890 477 1109 528 manus,
1136 461 1319 531 pedes,
1357 462 1520 516 robur
1548 460 1808 530 corporis,
1841 466 2076 513 mentem
2098 496 2115 521 ,

522 556 961 626 intelligentiam,
990 562 1048 609 ut
1068 554 1152 609 his
1178 553 1427 609 Omnibus
1448 566 1501 609 et
1528 553 1593 607 ad
1624 552 1850 607 salutem
1880 559 2117 604 nostram

519 658 575 704 et
599 647 667 703 ad
693 647 922 702 aliorum
953 646 1239 701 utilitatem
1269 656 1501 701 utamur.
1532 641 1766 715 Loquela
1794 644 1936 698 enim
1965 640 2120 695 nobis

520 755 623 795 uoo
651 739 717 794 ad
747 739 975 811 hymnos
1012 738 1360 793 celebrandas
1398 749 1447 791 et
1475 738 1674 808 gratias
1706 732 2005 790 reddendas
2035 748 2123 786 so-

519 834 626 889 lum
657 832 780 888 data
811 844 925 900 est,
955 831 1049 887 sed
1081 832 1242 887 etiam
1274 831 1340 886 ad
1368 832 1668 885 doctrinam
1700 828 1843 882 utilis
1870 837 1950 881 est
1974 836 2029 881 et
2052 825 2119 879 ad

517 926 956 980 admonitionem.
998 924 1065 979 Et.
1101 924 1146 978 si
1181 924 1246 979 ad
1290 924 1394 978 hoc
1435 923 1520 976 illa
1559 932 1793 987 utamur,
1838 918 2120 973 Dominum

520 1021 829 1086 imitamur;
860 1019 906 1075 si
937 1034 1072 1074 vero
1099 1017 1168 1073 ad
1205 1018 1503 1082 contraria,
1543 1015 1835 1070 diabolum.
1867 1010 2123 1081 Quando-

518 1113 735 1184 quidem
762 1122 816 1168 et
844 1112 1040 1168 Petrus
1064 1126 1187 1170 cum
1210 1109 1481 1164 Christum
1505 1109 1778 1162 confessus
1805 1115 1909 1170 est,
1936 1105 2125 1157 beatus

517 1206 839 1277 praedicatus
882 1204 1015 1271 fuit,
1064 1212 1124 1258 ut
1159 1204 1251 1273 qui
1287 1218 1318 1256 a
1359 1202 1513 1256 Patre
1543 1201 1732 1254 doctus
1768 1198 2074 1268 loqueretur
2105 1213 2118 1246 :

517 1314 639 1354 eum
667 1313 798 1354 vero
827 1312 1043 1353 crucem
1073 1294 1328 1351 horrebat
1365 1301 1420 1349 et
1448 1293 1774 1363 repellebat,
1819 1292 2123 1360 increpatus

519 1403 606 1445 est
630 1391 1006 1455 vehementer,
1036 1398 1093 1445 ut
1119 1388 1209 1460 qui
1238 1404 1298 1443 ea
1326 1403 1446 1458 quae
1476 1386 1672 1440 diaboli
1707 1393 1862 1440 erant
1888 1389 2119 1453 saperet.

519 1483 577 1538 Si
621 1499 751 1553 ergo
790 1482 879 1537 ubi
921 1498 985 1537 ex
1027 1480 1323 1552 ignorantia
1366 1479 1698 1548 loquebatur,
1745 1485 1849 1530 tam
1888 1474 2123 1545 graviter

520 1577 886 1647 reprehensus
912 1586 995 1632 est
1027 1592 1041 1630 :
1074 1575 1288 1647 quando
1331 1573 1560 1629 libenter
1600 1571 1765 1625 multa
1809 1582 2118 1641 peccamus,

518 1684 678 1739 quam
700 1668 1016 1724 habebimus
1082 1664 1401 1724 veniam‘?
1462 1663 1613 1721 Talia
1665 1662 1822 1734 igitur
1841 1661 2122 1731 loquamur

518 1771 578 1815 ut
623 1762 746 1817 hinc
776 1761 980 1816 Christi
1014 1775 1133 1814 esse
1173 1759 1331 1813 verba
1374 1756 1545 1826 palam
1591 1754 1680 1810 sit.
1730 1753 1845 1809 Non
1888 1752 2030 1806 enim
2074 1748 2121 1803 si

518 1854 729 1921 dixero,
757 1854 983 1925 Surgeet
1004 1851 1210 1906 ambula
1230 1850 1439 1922 (Matth.
1459 1848 1514 1904 9.
1538 1848 1618 1919 5),
1644 1862 1818 1918 neque
1844 1847 1889 1900 si
1910 1845 2114 1908 dixero,

517 1941 773 1999 Thabitha
790 1985 806 2011 ,
836 1960 986 2015 surge
1010 1942 1158 2014 (Act.
1181 1941 1237 1998 9.
1256 1940 1369 2012 Ml),
1395 1950 1518 1994 tunc
1540 1938 1713 1993 solum
1735 1935 1931 1992 Christi
1958 1934 2119 1989 verba

518 2040 744 2111 loquor;
777 2038 869 2093 sed
902 2038 1071 2091 multo
1101 2037 1269 2107 magis
1299 2035 1341 2089 si
1373 2033 1630 2089 conviciis
1656 2032 1927 2100 impetitus
1958 2028 2118 2083 bene-

518 2133 731 2200 dicam,
773 2131 855 2187 vel
880 2132 923 2186 si
950 2131 1131 2194 laesus,
1166 2145 1355 2200 precer
1385 2143 1481 2197 pro
1500 2126 1743 2182 laedente.
1770 2124 1950 2195 Nuper
1975 2132 2121 2177 certe

506 2225 760 2282 'dicebam
783 2266 800 2292 ,
835 2226 1068 2296 linguam
1101 2232 1339 2278 nostram
1369 2236 1491 2276 esse
1519 2236 1763 2284 manum,
1797 2234 1918 2288 qua:
1959 2214 2121 2286 pedes

519 2319 617 2374 Dei
654 2319 874 2389 attingat
913 2335 925 2369 :
956 2331 1095 2371 nunc
1124 2331 1251 2371 vero
1279 2314 1394 2386 plus
1420 2312 1573 2380 dico,
1612 2313 1844 2382 linguam
1882 2320 2120 2364 nostram

517 2410 714 2466 Christi
748 2410 979 2481 linguam
1010 2408 1242 2474 imitari,
1274 2408 1318 2462 si
1345 2407 1627 2477 diligenter
1647 2405 1860 2460 studeat
1883 2419 1974 2467 ea,
2002 2417 2121 2473 qua:

517 2506 633 2577 ipse
659 2522 756 2561 nos
784 2506 933 2571 vult,
964 2505 1132 2575 loqui.
1172 2504 1302 2572 Qum
1333 2517 1461 2557 vero
1489 2513 1614 2557 sunt
1643 2500 1772 2556 illa?
1800 2499 1973 2555 Verba
2002 2513 2120 2553 tuo-

519 2598 708 2654 destite.
750 2596 1285 2665 mansuetudinisque
1314 2595 1467 2665 plena
1490 2634 1506 2659 ,
1537 2602 1595 2647 ut
1633 2594 1746 2662 ipse
1786 2591 2119 2661 loquebatur,

518 2690 706 2746 dicens
738 2691 803 2745 iis
828 2689 917 2760 qui
947 2687 1269 2744 contumelia
1301 2687 1473 2755 ipsum
1505 2684 1844 2747 al'liciebant,
1875 2681 1987 2753 Ego
2012 2683 2121 2736 αω-

518 2781 746 2835 ntoniznu
769 2796 869 2833 non
893 2779 1051 2834 habeo
1072 2776 1250 2849 (Joun.
1269 2777 1322 2833 8.
1346 2778 1461 2849 49);
1486 2785 1541 2832 et
1564 2790 1769 2842 rursus,
1795 2775 1855 2831 Si
1879 2774 2011 2829 male
2040 2775 2121 2829 lo-

518 2885 706 2945 quutus
722 2889 855 2939 sum,
884 2872 1223 2926 testimonium
1240 2870 1439 2940 perhibe
1458 2870 1521 2924 de
1546 2870 1681 2923 malo
1706 2867 1870 2938 (Ibid.
1896 2868 1982 2923 18.
1999 2867 2118 2940 9.5);

518 2965 652 3021 disci
662 2964 893 3034 poloque
912 2978 973 3019 se
996 2962 1245 3029 tradenti,
1268 2962 1462 3028 Amice,
1483 2962 1549 3014 ad
1568 2962 1692 3032 quid
1710 2961 1886 3016 venisti
1903 2960 2118 3032 (illatth.

517 3058 612 3114 9.6.
643 3057 775 3129 50)?
796 3058 849 3112 Si
874 3068 928 3111 tu
950 3058 1028 3111 sic
1050 3055 1303 3126 loquaris,
1327 3055 1372 3109 si
1392 3054 1459 3109 ad
1480 3053 1906 3110 emenda-tionem
1937 3052 2124 3123 proxi-

520 3150 630 3216 mi,
664 3150 895 3221 linguam
927 3148 1093 3204 habes
1124 3147 1197 3202 illi
1227 3146 1476 3202 similem.
1507 3145 1633 3201 Haec
1661 3147 1773 3216 ipse
1797 3146 1935 3201 Deus
1956 3145 2120 3200 dicit:

523 3242 626 3308 Qui
655 3242 820 3296 educit
857 3241 1131 3311 pretiosum
1158 3255 1190 3293 a
1221 3239 1335 3305 vili,
1378 3238 1508 3292 sicut
1547 3253 1603 3291 os
1644 3253 1812 3291 meum
1848 3236 1940 3290 erit
1971 3235 2120 3306 (Jer.

522 3333 767 3405 15.19).
801 3333 935 3388 Cum
964 3347 1095 3402 ergo
1136 3331 1314 3402 lingua
1348 3338 1439 3385 tua
1476 3330 1670 3399 liugme
1698 3328 1895 3383 Christi
1931 3327 2127 3384 similis

524 3426 713 3491 fuerit,
744 3433 798 3480 et
826 3439 888 3478 os
918 3432 1064 3478 tuum
1098 3422 1233 3477 sicut
1257 3436 1318 3477 os
1357 3420 1549 3486 Patris,
1590 3429 1645 3474 et
1684 3419 1912 3489 Spiritus
1951 3419 2123 3473 sancti

526 3518 782 3587 templum
812 3516 1005 3583 fueris,
1029 3515 1150 3586 quis
1172 3515 1340 3570 honor
1370 3514 1490 3568 huic
1519 3529 1613 3583 par
1632 3528 1752 3569 esse
1780 3514 1982 3583 possit?
2006 3512 2122 3566 Non

526 3612 572 3668 si
609 3626 679 3667 ex.
709 3625 843 3665 auro
874 3609 1073 3663 factum
1112 3623 1176 3662 os
1204 3607 1463 3671 haberes,
1512 3622 1618 3661 non
1663 3606 1708 3661 si
1752 3621 1818 3661 ex
1859 3605 2126 3677 lapidibus

525 3703 799 3776 pretiosis,
832 3705 901 3758 ita
932 3701 1175 3772 fulgeret,
1206 3710 1264 3755 ut
1295 3715 1416 3755 cum
1455 3699 1729 3755 modestia:
1762 3708 1951 3753 ornatu
1990 3713 2123 3754 cou-

526 3800 768 3869 Spieuum
790 3807 893 3854 est.
910 3795 1045 3865 Quid
1062 3796 1204 3853 enim
1223 3794 1506 3866 optabilius
1529 3810 1624 3850 ore
1644 3794 1787 3864 quod
1808 3795 1977 3849 nescit
1998 3809 2125 3848 rou-

525 3890 776 3947 tumelias
803 3887 1065 3960 proferre,
1088 3888 1182 3944 sed
1205 3886 1522 3944 benedicere
1536 3888 1707 3943 solum
1730 3886 1945 3941 studet?
1971 3886 2124 3955 Quod

528 3985 572 4040 si
607 3999 717 4038 non
761 3991 915 4053 potes
943 3980 1262 4037 benedicere
1302 3979 1667 4047 maledicenti,
1700 3988 1815 4034 tace
1860 3998 1873 4033 :
1916 3977 2126 4049 hocque

528 4075 744 4132 interim
777 4073 962 4141 facito,
989 4073 1322 4143 ulteriusque
1347 4087 1681 4143 progressus,
1708 4072 1756 4128 si
1776 4070 2005 4127 utdecet
2030 4085 2125 4124 eo-

531 4168 696 4229 neris,
715 4165 783 4221 ad
801 4166 925 4220 illud
947 4166 1246 4236 pervenies,
1275 4174 1329 4220 et
1357 4181 1417 4221 os
1446 4164 1667 4221 habebis
1689 4164 1846 4235 quale
1866 4162 2127 4218 diximus.

601 4264 663 4318 4..
687 4259 959 4316 Dominica
973 4276 1092 4315 caro
1111 4260 1166 4315 in
1187 4258 1531 4314 Eucharistia.
1556 4257 1742 4314 Christi
1759 4258 1994 4324 imitatio,
2020 4273 2130 4311 mo-

530 4355 823 4426 deratioque
841 4362 887 4408 et
904 4352 1151 4408 modestia
1163 4348 1755 4406 commendantur.—Ne
1772 4358 1924 4420 putes
1953 4348 2130 4404 audax

529 4461 651 4502 esse
675 4445 907 4501 dictum:
927 4444 1185 4516 benignus
1196 4442 1666 4514 quippellominus
1685 4450 1785 4507 est,
1802 4449 1856 4499 et
1874 4441 2133 4497 bonitatis

534 4540 653 4607 ejus
678 4548 761 4595 est
789 4539 987 4594 donum
1032 4537 1358 4609 huiusmodi.
1395 4536 1645 4592 Audacius
1663 4543 1829 4599 esset,
1852 4550 1912 4591 os
1931 4534 2131 4591 habere

534 4632 730 4687 diaboli
762 4632 841 4687 ori
872 4630 1083 4696 simile,
1125 4630 1319 4701 [iugum
1345 4628 1608 4684 dmmonis
1634 4627 1853 4699 maligni
1894 4628 2127 4699 linguam

534 4724 735 4780 habere
761 4724 991 4779 similem
1015 4764 1028 4789 ,
1058 4737 1182 4778 eum
1223 4720 1463 4777 maxime
1498 4720 1588 4791 qui
1619 4720 1801 4776 talium
1841 4723 2129 4791 mysterio-

533 4832 653 4871 rum
683 4830 908 4872 consors
937 4815 1038 4881 sit,
1064 4821 1120 4870 et
1147 4813 1314 4883 ipsius
1337 4810 1621 4868 dominica:
1641 4811 1818 4867 carnis
1843 4811 2129 4881 particeps.

535 4908 662 4963 llaec
692 4918 867 4963 tecum
901 4915 1191 4979 reputans,
1223 4905 1395 4976 ipsum
1423 4918 1523 4975 pro
1558 4903 1761 4958 viribus
1801 4902 2031 4958 imitare.
2075 4900 2131 4956 Si

534 5002 659 5056 talis
701 5000 970 5067 eftieiaris,
1013 5016 1084 5056 ne
1124 5008 1176 5054 te
1217 4998 1487 5068 respicere
1513 4996 1731 5069 quidem
1761 4997 1900 5052 ultra
1939 4998 2134 5067 poterit

532 5093 798 5149 diabolus.
831 5091 991 5148 Novit
1013 5092 1214 5162 quippe
1248 5091 1449 5161 regiam
1488 5098 1705 5155 notam;
1752 5089 1903 5143 novit
1933 5087 2133 5144 Christi

537 5200 689 5241 arma
709 5226 723 5248 ,
753 5185 947 5255 quibus
972 5184 1145 5238 victus
1169 5191 1272 5238 est.
1301 5180 1556 5249 Quaenam
1578 5180 1668 5235 illa
1690 5180 1853 5236 sunt?
1874 5178 2130 5236 Modestia

534 5288 591 5334 et
620 5275 996 5333 mansuetudo.
1029 5274 1160 5329 Nam
1190 5288 1311 5328 cum
1340 5273 1488 5328 illum
1526 5273 1581 5327 in
1620 5283 1803 5328 monte
1841 5285 1901 5327 se
1943 5286 2133 5343 aggre-

535 5371 770 5426 dientem
800 5368 1074 5438 superavit
1095 5376 1256 5436 atque
1280 5366 1588 5437 prostravit,
1611 5366 1854 5420 Christus
1878 5380 2001 5421 esse
2028 5379 2135 5419 non

535 5461 998 5535 eoguoscebatur?
1027 5460 1132 5516 Sed
1161 5460 1342 5515 verbis
1365 5461 1536 5531 ipsum
1562 5458 1713 5529 quasi
1751 5472 1947 5528 sagena
1971 5457 2135 5527 cepit,

539 5556 801 5613 modestia
833 5555 1011 5623 cepit,
1044 5552 1453 5608 mansuetudine
1480 5550 1701 5622 fugavit.
1733 5551 1848 5606 Hoc
1876 5561 1933 5607 et
1977 5560 2030 5605 tu
2061 5548 2140 5605 fa-

535 5648 684 5715 cito,
722 5649 770 5704 si
809 5645 1009 5701 videris
1052 5645 1322 5701 hominem
1365 5642 1637 5698 diabolum
1662 5642 1947 5710 eﬂ‘ectum,
1977 5650 2139 5713 tellue

596 5806 614 5839 λ
636 5807 789 5871 Editi,
815 5820 961 5874 quam
984 5807 1263 5861 habebimus
1281 5803 1683 5861 excusationem?

1264 338 1320 405 Β.
1361 340 1640 404 JOANNIS
1674 338 2155 400 CHRYSOSTOMI
2195 338 2518 397 ARCHIEP.
2559 340 3095 400 GONSTANTISOP.

3723 343 3841 402 7T5

2229 454 2537 521 adeuntem,
2570 472 2646 513 sic
2674 470 2723 514 et
2758 468 2812 514 tu
2843 461 3060 517 vincito.
3096 459 3249 515 Dedit
3280 458 3369 514 tibi
3402 459 3644 517 Christus
3674 473 3834 532 pote-

2230 556 2420 603 statem
2452 558 2509 603 ut
2537 566 2631 620 pro
2659 552 2858 606 \‘ll‘ibtlS
2887 553 2989 622 ipsi
3019 554 3206 609 similis
3232 553 3503 611 efliciaris.
3530 554 3608 610 Ne
3639 556 3837 611 timeas

2232 639 2334 696 hoc
2360 642 2603 698 audiens.
2636 644 2953 700 Timeudum
2996 648 3201 715 potius,
3246 663 3313 703 ne
3357 663 3462 703 non
3508 649 3698 702 similis
3727 649 3837 717 ipsi

2231 735 2347 789 fias.
2395 735 2640 806 Loquere
2685 754 2814 809 ergo
2864 748 2928 793 ut‘
2969 740 3078 799 ille.
3129 750 3183 794 et
3253 736 3307 810 ilu
3348 736 3454 790 hoc
3485 738 3594 791 eris
3624 737 3822 793 similis

2232 827 2326 893 illi,
2357 838 2416 882 ut
2444 844 2565 885 esse
2596 841 2764 899 potest
2812 833 2990 887 homo.
3027 831 3348 903 ldeomajor
3383 843 3467 888 est
3496 849 3583 904 qui
3623 833 3703 889 sic
3744 834 3835 889 lo-

2231 919 2431 989 quitur,
2465 937 2622 990 quam
2652 924 2747 994 qui
2774 925 3077 993 prophetat.
3110 923 3245 979 Illud
3271 928 3413 980 enim
3443 940 3509 981 ex
3539 925 3708 996 gratia
3738 936 3831 980 to-

2233 1021 2341 1065 tum
2374 1025 2459 1068 est
2489 1032 2500 1067 :
2536 1014 2622 1069 hic
2651 1031 2780 1072 vero
2819 1018 2978 1071 etiam
3024 1008 3173 1072 labor
3205 1018 3475 1089 sudorque
3504 1027 3647 1075 tuus.
3684 1019 3842 1074 Doce'

2231 1104 2463 1159 animam
2496 1116 2673 1173 tuam,
2705 1117 2762 1163 ut
2787 1125 2848 1163 os
2879 1118 3027 1165 tuum
3059 1108 3141 1165 sic
3170 1109 3444 1178 efl‘ormet,
3474 1122 3531 1166 ut
3563 1111 3632 1165 sit
3665 1111 3824 1166 Chri-

2229 1198 2296 1253 sti
2325 1199 2407 1253 ori
2435 1200 2629 1255 simile.
2671 1201 2856 1257 Potest
2883 1203 3025 1257 enim
3054 1203 3155 1259 hoe
3183 1203 3426 1270 efticere,
3454 1205 3501 1258 si
3537 1204 3684 1259 velit.
3711 1202 3825 1257 No-

2229 1293 2307 1346 vit
2335 1292 2472 1347 hanc
2501 1304 2669 1349 artem
2692 1336 2707 1360 ,
2742 1295 2842 1349 nisi
2875 1305 3098 1365 torpeat.
3129 1296 3193 1348 Et
3221 1296 3490 1365 quomodo
3514 1295 3833 1350 ell'ormatur

2230 1401 2290 1440 os
2320 1386 2448 1440 illud
2468 1387 2493 1439 ?
2519 1388 2760 1458 inquies;
2794 1389 2989 1459 quibus
3009 1389 3318 1444 coloribus?
3344 1405 3408 1444 ex
3434 1405 3538 1459 qua
3566 1388 3833 1444 materia?

2230 1477 2515 1532 Coloribus
2550 1479 2763 1548 quidem
2804 1489 2859 1534 et
2898 1480 3119 1535 materia
3152 1480 3324 1545 nulla,
3354 1482 3448 1535 sed
3481 1482 3677 1534 virtute
3702 1490 3826 1534 tan-

2232 1580 2341 1625 tum
2362 1613 2376 1635 ,
2408 1570 2691 1639 modestia,
2714 1571 3033 1628 humilitate.
3061 1572 3348 1628 Videanms
3367 1573 3526 1627 etiam
3555 1573 3835 1643 quomodo

2227 1679 2290 1719 os
2305 1663 2499 1719 diaboli
2521 1662 2851 1732 efl'ormetur,
2871 1681 2938 1720 ne
2959 1664 3086 1720 illud
3107 1665 3266 1719 etiam
3287 1664 3441 1720 nobis
3466 1678 3825 1720 assumamus.

2227 1756 2510 1825 Quomodo
2538 1772 2668 1826 ergo
2709 1757 3053 1812 etlormatur?
3089 1755 3415 1823 Maledictis,
3448 1757 3821 1825 contumeliis,

2228 1850 2485 1922 periurio,
2516 1849 2731 1906 invidia.
2763 1850 2897 1906 Cum
2923 1853 3067 1906 enim
3097 1851 3237 1905 illius
3265 1849 3407 1905 dicta
3435 1851 3554 1922 quis
3583 1866 3824 1920 pronun-

2228 1944 2345 2010 tiat,
2382 1943 2545 2014 ipsius
2572 1944 2802 2015 linguam
2824 1942 3064 1999 assumit.
3080 1943 3249 2011 Quam
3272 1957 3401 2014 ergo
3419 1943 3625 1998 veniam
3650 1945 3824 2014 impe-

2229 2036 2526 2093 trahimus?
2555 2037 2664 2091 imo
2694 2036 2839 2107 quod
2868 2051 2973 2091 non
3000 2036 3319 2106 supplicium
3347 2035 3578 2101 luemus,
3609 2035 3824 2104 quando

2228 2127 2463 2198 linguam
2485 2169 2499 2194 ,
2531 2144 2634 2199 qua
2664 2127 2947 2199 dignamur
2972 2128 3294 2184 dominicam
3323 2142 3539 2183 carnem
3570 2134 3784 2198 gustare
3804 2166 3833 2193 ν

2227 2221 2424 2277 diaboli
2456 2223 2617 2278 verba
2646 2223 2787 2294 loqui
2815 2223 3081 2278 sinimus?
3104 2221 3182 2277 Ne
3207 2222 3463 2286 sinamus,
3493 2236 3693 2292 quaeso,
3726 2221 3825 2277 sed

2226 2329 2388 2369 omne
2429 2315 2660 2370 studium
2699 2314 3075 2377 adhibeamus,
3118 2322 3176 2369 ut
3212 2314 3500 2369 doceamus
3538 2313 3679 2368 illam
3717 2328 3837 2384 quo

2226 2420 2383 2479 pacto
2414 2408 2693 2465 Dominum
2724 2425 2881 2466 suum
2913 2409 3167 2465 imitetur.
3200 2407 3258 2465 Si
3285 2410 3426 2465 enim
3456 2403 3600 2464 illam
3625 2408 3690 2462 ad
3723 2409 3829 2464 hoc

2229 2501 2570 2559 instituamus
2589 2546 2605 2570 ,
2635 2518 2757 2559 cum
2790 2519 2980 2575 magna
3011 2502 3200 2558 ﬁducia
3231 2519 3329 2558 nos
3356 2503 3509 2559 sistet
3542 2502 3608 2557 ad
3650 2502 3824 2556 trihu-

2229 2595 2317 2650 ual
2346 2595 2569 2652 Christi.
2596 2595 2705 2649 Nisi
2735 2596 2856 2665 quis
2881 2596 2951 2650 ita
2980 2595 3121 2665 loqui
3153 2595 3316 2661 sciat,
3338 2593 3501 2664 judex
3534 2608 3637 2647 non
3670 2594 3835 2648 illum

2228 2686 2427 2742 audiet.
2457 2686 2606 2742 Sicut
2632 2686 3002 2765 euimlquanto
3031 2686 3306 2740 Romanus
3333 2693 3414 2740 est
3451 2683 3614 2755 judex
3634 2727 3649 2752 ,
3691 2700 3826 2740 eau-

2228 2798 2343 2838 sam
2370 2781 2634 2838 dicentem
2667 2796 2772 2836 non
2806 2780 3083 2851 intelliget,
3116 2779 3218 2834 nisi
3251 2780 3295 2835 is
3321 2774 3510 2834 Latine
3548 2779 3834 2848 loquatur;

2228 2877 2300 2932 ita
2328 2884 2381 2931 et
2408 2875 2672 2937 Christus,
2705 2875 2747 2927 si
2778 2888 2883 2928 non
2912 2872 2978 2928 ad
3005 2872 3147 2927 illius
3173 2871 3389 2926 modum
3416 2871 3647 2942 laquaris
3667 2913 3683 2937 ,
3713 2887 3822 2927 non

2228 2967 2486 3037 intelliget
2517 2975 2604 3031 te,
2637 2980 2807 3036 neque
2834 2963 3074 3019 attendet
3113 2962 3226 3017 tibi.
3263 2962 3538 3017 Diseamus
3579 2956 3708 3032 ergo
3747 2963 3831 3017 ita

2228 3058 2410 3128 loqui,
2454 3065 2511 3111 ut
2554 3057 2692 3110 solet
2727 3054 2915 3109 audire
2956 3054 3064 3108 Rex
3106 3064 3323 3120 noster;
3367 3053 3677 3108 studeamus
3703 3053 3824 3120 ejus

2228 3150 2462 3221 linguam
2492 3148 2707 3204 imitari.
2740 3146 2796 3203 Si
2826 3146 2879 3200 in
2909 3146 3107 3201 luctum
3137 3144 3408 3212 incideris,
3439 3159 3568 3199 eave
3592 3161 3657 3199 ne
3688 3157 3826 3199 tum-

2228 3244 2367 3299 roris
2410 3241 2491 3296 vis
2534 3250 2679 3295 tuam
2717 3241 2990 3295 subvertat
3030 3239 3266 3309 lingttam
3311 3254 3325 3291 :
3366 3237 3460 3293 sed
3510 3239 3727 3308 loquere
3764 3248 3826 3293 ut

2228 3334 2475 3390 Christus
2506 3333 2755 3404 loquutus
2780 3340 2884 3387 est.
2909 3331 3069 3386 Luxit
3096 3331 3237 3385 enim
3267 3339 3323 3385 et
3349 3329 3442 3385 ille
3466 3329 3723 3384 Lazarum
3768 3339 3826 3383 et

2228 3429 2442 3485 Judam.
2473 3429 2529 3484 Si
2563 3428 2615 3482 in
2648 3435 2848 3481 metum
2878 3425 3081 3480 incidas
3101 3469 3115 3495 ,
3150 3424 3222 3479 ita
3251 3423 3396 3493 loqui
3431 3422 3585 3478 stude
3615 3432 3671 3476 ut
3698 3422 3785 3476 ille
3807 3422 3824 3453 ί

2229 3524 2483 3595 loquitur.
2512 3521 2568 3577 lu
2600 3530 2803 3575 metum
2829 3520 2971 3575 enim
2997 3528 3052 3573 et
3078 3519 3193 3588 ipse
3212 3516 3396 3572 incidit
3422 3526 3637 3587 prOpter
3666 3525 3715 3570 te
3739 3532 3827 3571 se—

2230 3617 2464 3674 cundum
2492 3614 2904 3686 diSpensationis
2934 3614 3217 3668 rationem.
3259 3610 3353 3666 Dic
3377 3618 3431 3665 et
3460 3620 3513 3665 tu
3550 3628 3564 3664 :
3608 3607 3825 3664 Verum-

2231 3722 2397 3764 tamen
2428 3726 2528 3763 non
2558 3709 2685 3762 sicut
2713 3724 2803 3777 ego
2830 3706 2962 3770 uolo,
2993 3704 3081 3760 sed
3104 3704 3233 3758 sicut
3262 3712 3315 3755 tu
3344 3702 3566 3773 (Matth.
3589 3700 3679 3757 26.
3708 3701 3823 3774 59).

2230 3805 2284 3861 Si
2315 3802 2528 3858 ﬂeveris
2547 3842 2562 3866 ,
2595 3799 2872 3855 moderate
2899 3798 3195 3869 lacrymare
3227 3803 3284 3850 ut
3314 3795 3447 3865 ipse.
3478 3792 3687 3848 lusidiis
3714 3794 3831 3848 cir-

2231 3903 2548 3951 cmnventus
2572 3906 2665 3960 es,
2694 3891 2780 3946 vel
2807 3890 2859 3945 in
2887 3889 3128 3945 dolorem
3157 3886 3427 3943 incidisti?
3453 3885 3577 3941 llaec
3597 3896 3654 3940 ut
3673 3885 3831 3940 Chri—

2233 3999 2344 4043 stus
2373 3986 2577 4057 aceipe.
2607 3983 2740 4039 Nam
2765 3992 2820 4038 et
2840 3983 2954 4054 ipse
2979 3980 3187 4038 insidiis
3212 3980 3483 4050 impetitus
3512 3977 3610 4033 fuit
3630 4020 3642 4041 ,
3675 3978 3828 4032 dolo-

2231 4097 2399 4152 reque
2423 4080 2667 4145 allectus,
2699 4078 2880 4148 aitque
2912 4094 2926 4131 :
2953 4074 3137 4130 Tristis
3164 4084 3233 4129 est
3260 4075 3434 4128 anima
3460 4089 3568 4126 mea
3583 4090 3739 4143 usque
3759 4075 3832 4128 ad

2234 4185 2445 4231 mortem
2493 4172 2666 4244 (Ibid.
2708 4188 2756 4226 υ.
2805 4170 2931 4240 58).
2969 4169 3265 4239 Omniaque
3314 4168 3403 4225 ille
3442 4169 3536 4223 tibi
3581 4169 3826 4237 exempla

2235 4267 2481 4339 praebuit,
2514 4276 2572 4321 ut
2599 4264 2846 4322 eumdem
2876 4277 3061 4319 serves
3089 4261 3331 4328 modum,
3355 4269 3411 4316 et
3437 4259 3589 4315 datas
3618 4260 3708 4314 tibi
3739 4277 3832 4315 re-

2234 4364 2385 4435 gulas
2408 4376 2516 4417 non
2543 4361 2730 4416 violes.
2758 4359 2849 4415 Sic
2877 4356 3081 4428 poteris
3115 4371 3179 4412 os
3215 4355 3411 4410 habere
3450 4354 3591 4409 illius
3630 4355 3706 4408 ori
3752 4358 3831 4409 si-

2236 4456 2362 4512 mile
2390 4473 2404 4509 :
2435 4454 2592 4512 sicin
2627 4463 2768 4509 terra
2795 4452 3066 4523 gradiens,
3108 4465 3323 4504 sursum
3366 4448 3599 4504 sedentis
3634 4448 3833 4518 lingua:

2236 4550 2392 4606 nobis
2415 4548 2646 4605 similem
2677 4547 2912 4617 linguam
2942 4544 3193 4600 ostendes
3213 4584 3227 4607 ,
3270 4543 3485 4598 modum
3515 4557 3734 4596 serratis
3777 4544 3830 4597 in

2236 4656 2503 4708 maerore,
2534 4641 2587 4696 in
2614 4640 2715 4708 ira,
2744 4640 2799 4693 in
2827 4639 2992 4702 luctu,
3016 4639 3068 4692 in
3091 4637 3352 4707 angustia.
3378 4636 3522 4702 Quot
3549 4645 3786 4690 vestrum
3809 4638 3834 4668 '

2236 4735 2354 4805 ejus
2382 4736 2606 4789 formam
2636 4732 2819 4788 videre
2839 4730 3181 4787 desiderant?
3208 4729 3346 4784 Ecce
3371 4744 3483 4784 non
3507 4728 3685 4784 videre
3712 4744 3833 4783 mo-

2237 4829 2330 4896 do,
2355 4828 2449 4884 sed
2476 4836 2534 4884 et
2555 4827 2761 4883 similes
2795 4824 2896 4892 ipsi
2931 4823 3071 4879 effici
3102 4822 3263 4888 licet,
3307 4821 3353 4877 si
3390 4820 3723 4876 Studeamus.
3753 4820 3836 4876 Ne

2237 4921 2546 4978 dill‘eramus
2575 4934 2723 4991 ergo.
2764 4918 2878 4973 Non
2926 4918 2997 4972 ita
3047 4916 3271 4972 libenter
3312 4914 3691 4985 prephetarum
3738 4930 3834 4970 ora

2216 5016 2529 5082 osculatur,
2553 5023 2611 5068 ut
2630 5013 2992 5068 modestornm
3011 5016 3515 5078 niansuetorumque
3533 5007 3826 5061 hominum.

2240 5109 2296 5164 Μ
2304 5109 2395 5163 ulti
2438 5109 2573 5163 enim
2601 5106 2766 5161 dicent
2793 5104 2950 5170 mihi,
2984 5102 3182 5172 inquit,
3218 5101 3404 5156 Nonne
3430 5101 3483 5153 in
3510 5101 3716 5154 nomine
3742 5109 3824 5150 tuo

2242 5202 2690 5276 prophetauimus?
2719 5200 2786 5255 Et
2816 5197 3126 5267 respondebo
3160 5195 3253 5264 eis,
3297 5193 3483 5249 Nescio
3524 5210 3613 5249 vos
3658 5191 3830 5264 (ibid.

2243 5297 2295 5350 7.
2326 5295 2416 5349 ‘22.
2442 5293 2571 5365 25).
2598 5291 2673 5348 Os
2698 5306 2825 5346 vero
2851 5288 3078 5362 Moysis,
3117 5288 3238 5356 quia
3268 5285 3358 5340 ille
3389 5283 3678 5340 admodum
3712 5298 3841 5336 ino—

2242 5388 2428 5443 destas
2454 5395 2572 5443 erat
2598 5394 2653 5441 et
2680 5392 2991 5439 mansuetus
3018 5379 3256 5453 (Moyses
3296 5377 3460 5443 enim,
3513 5376 3704 5446 inquit.
3732 5382 3844 5430 erat

2242 5481 2539 5537 mitissimus
2579 5478 2807 5534 omnium
2854 5476 3116 5530 hominum
3159 5472 3245 5543 qui
3290 5480 3405 5527 sunt
3451 5487 3605 5542 super
3647 5480 3851 5523 terrain

2245 5574 2268 5650 ί
2289 5575 2452 5630 Num.
2480 5569 2568 5629 12.
2599 5569 2670 5645 '5]
2693 5572 2743 5643 ),
2775 5568 2850 5624 ita
2874 5566 3128 5640 diligebat
3154 5574 3209 5621 et
3232 5563 3596 5630 osculabatur,
3620 5568 3679 5616 ut
3697 5577 3844 5631 prin—

2335 5753 2351 5816 ?
2376 5746 2535 5816 Sat'il:
2564 5744 2712 5816 legit,
2739 5744 2980 5816 Christus,
3006 5758 3116 5807 pro,
3144 5739 3249 5793 ille.

2335 5812 2547 5863 ’Μοιιυὶ
2574 5816 2629 5860 et
2640 5810 2793 5859 Savil.
2816 5817 3055 5858 nostrum.

3461 5884 3535 5892 ,ν
3616 5883 3629 5887 -
3668 5876 3755 5887 κά..-
