4128 6424
412 360 516 415 τΙἹ

410 487 619 538 sentem
672 488 735 531 os
777 471 845 528 ad
893 486 955 528 os
996 469 1377 539 alloqueretur,
1433 464 1583 536 quasi
1630 462 1834 519 amicus
1878 477 2000 517 cum

409 573 602 629 amico.
633 567 784 626 Nunc
807 565 1140 622 dmmonibus
1168 577 1273 619 non
1304 560 1558 630 imperas,
1590 555 1682 611 sed
1716 555 2002 622 imperabis

412 677 537 721 tunc
563 662 826 735 gehennae
853 659 991 731 igni,
1034 656 1081 712 si
1120 669 1182 710 os
1224 652 1422 707 habeas
1450 650 1531 704 ori
1570 647 1764 703 Christi
1807 646 2000 700 simile.

410 754 702 826 lmperabis
743 753 939 824 abysso
985 749 1153 820 ignis,
1199 755 1253 803 et
1291 744 1475 810 dices,
1520 741 1679 805 Tace,
1726 739 2006 794 obtumesce

410 849 615 925 (Marc.
646 848 701 903 4.
731 844 872 918 59);
901 852 956 898 et
981 856 1102 897 eum
1131 840 1298 894 multa
1330 835 1519 891 ﬁducia
1547 834 1600 888 in
1628 832 1788 887 caalos
1807 844 1999 885 ascen-

810 963 2054 993 ___________________

1300 348 1364 404 lN
1414 345 1822 403 MATTIUEUM
1862 345 2094 403 HOMlL.
2134 345 2373 404 LXXIX.
2412 351 2483 409 al.
2526 351 2741 410 LXXX.

3606 361 3707 418 7|8

2107 460 2203 517 des
2222 503 2239 528 ,
2270 479 2543 535 regnoque
2574 465 2767 522 frueris
2798 484 2812 520 :
2843 466 2984 537 quod
3014 468 3215 523 utinam
3240 484 3428 526 omnes
3453 485 3707 541 assequa-

2107 571 2247 618 mur.
2280 558 2444 627 gratia
2475 568 2529 613 et
2556 558 2880 630 benignitate
2910 560 3118 616 Domini
3142 564 3309 617 nOstri
3335 563 3463 620 .lcsu
3485 563 3706 631 Christi.

2107 647 2192 700 cui
2217 662 2336 701 cum
2368 647 2514 704 Patri
2552 666 2654 705 una
2685 667 2806 707 cum
2837 662 3023 708 sancto
3052 653 3253 721 Spiritu
3295 654 3464 724 gloria
3485 697 3499 722 ,
3533 656 3708 726 impo-

2109 737 2246 792 rium
2268 781 2282 803 ,
2317 739 2510 808 honor,
2544 759 2687 801 nunc
2711 754 2764 800 et
2795 760 3030 818 semper,
3060 756 3113 801 et
3148 747 3199 801 in
3241 748 3441 803 saecula
3479 750 3707 805 smculoo

2109 846 2249 885 rum.
2279 834 2474 890 Amen.

2059 963 3676 996 ______________________________

1483 1041 1833 1106 HOMILIA
1874 1036 2172 1100 LXXIX.
2218 1041 2304 1102 al.
2349 1043 2616 1108 LXXX.

402 1203 535 1259 CAP.
567 1201 659 1256 25.
687 1216 739 1255 v.
764 1201 854 1253 5|.
899 1198 1032 1255 Cum
1062 1207 1239 1251 autem
1262 1194 1453 1248 venerit
1482 1189 1657 1245 Filius
1680 1189 1905 1243 hominis
1936 1189 1993 1243 in

474 1296 644 1367 gloria
665 1292 847 1347 Patris
864 1294 1053 1356 διήκει
1070 1306 1246 1345 omnes
1268 1286 1440 1342 sancti
1456 1285 1629 1356 angeli
1641 1301 1759 1338 cum
1772 1300 1852 1349 eo,
1870 1294 1995 1337 tunc

475 1384 660 1440 sedebit
686 1400 838 1454 super
869 1381 1053 1436 solium
1088 1378 1265 1449 gloriae
1299 1391 1439 1439 suae;
1469 1384 1523 1429 et
1561 1372 1833 1441 separabit
1867 1386 1995 1426 oves

475 1478 542 1532 ab
566 1476 769 1531 haedis:
802 1482 857 1528 et
882 1474 981 1527 hos
1007 1470 1219 1541 quidem
1247 1466 1567 1537 acceptabit,
1602 1465 1722 1535 quia
1748 1465 1993 1519 esurien-

478 1581 581 1623 tem
613 1568 786 1638 ipsum
813 1566 1143 1629 cibaverunt,
1174 1569 1229 1616 et
1264 1559 1461 1615 sitienti
1490 1565 1672 1628 potum
1706 1555 1990 1620 dederunt,

474 1672 528 1716 et
574 1660 836 1730 hospitem
887 1657 1239 1725 collegerunt,
1282 1662 1335 1708 et
1364 1650 1565 1705 nudum
1598 1650 1909 1714 vestierunt,
1942 1657 1995 1702 et

474 1753 830 1807 intirmantem
876 1749 1246 1809 visitavcrunt,
1296 1752 1349 1799 et
1395 1744 1446 1797 in
1491 1756 1712 1798 carcere
1760 1742 1989 1812 positum

474 1847 803 1908 inviserunt;
833 1851 887 1897 et
928 1841 1074 1896 dabit
1119 1852 1337 1909 regnum
1371 1835 1519 1905 ipsis.
1564 1835 1711 1889 Alios
1736 1849 1863 1888 vero
1895 1849 1993 1903 pro

473 1937 753 1994 contrariis
782 1934 995 1990 delictis
1034 1931 1209 1987 mittet
1250 1930 1302 1984 in
1356 1929 1532 1997 ignem
1577 1935 1860 1992 aeternum,
1901 1925 1993 1995 qui

470 2041 686 2102 paratus
705 2037 788 2085 est
810 2027 1023 2083 diabolo
1052 2034 1107 2080 ct
1139 2023 1339 2094 angelis
1368 2022 1505 2093 ejus.

473 2127 525 2180 1.
555 2123 880 2181 Suavissima
920 2120 1036 2176 btec
1078 2119 1263 2185 verba,
1302 2132 1422 2187 quae
1460 2116 1513 2171 in
1552 2130 1647 2171 ore
1690 2130 1988 2181 versamus,

400 2232 543 2273 nunc
570 2232 690 2272 cum
721 2213 898 2268 studio
942 2221 997 2267 et
1035 2208 1449 2282 compunctioue
1494 2208 1643 2263 onmi
1691 2205 1989 2273 audiamus,

400 2319 560 2380 atque
588 2318 858 2380 postrema
889 2305 1051 2360 verba
1083 2305 1134 2358 in
1167 2318 1285 2376 quae
1312 2316 1491 2357 sermo
1514 2302 1637 2372 jure
1662 2300 1842 2356 desiit.
1883 2299 1993 2353 Ma-

400 2418 502 2471 gna
529 2401 669 2455 enim
702 2399 777 2454 illi
825 2395 1174 2452 immanitatis
1214 2404 1268 2451 et
1309 2392 1690 2449 misericordia:
1718 2407 1845 2447 cura
1888 2399 1990 2447 est.

399 2494 604 2550 Idcirco
646 2492 809 2546 multa
850 2489 1094 2560 superius
1127 2489 1195 2543 de
1222 2487 1322 2542 hac
1358 2487 1572 2541 diverse
1613 2487 1862 2557 loquutus
1887 2493 1989 2549 est,

402 2587 594 2655 hicque
638 2584 851 2639 demum
907 2582 1106 2637 clarius
1152 2595 1215 2634 ac
1260 2579 1651 2640 vehementius,
1704 2593 1809 2631 non
1858 2575 1993 2632 duas

399 2689 658 2747 personas
683 2676 763 2729 vel
791 2683 898 2728 tres
923 2673 1007 2727 vel
1034 2672 1270 2743 quinque
1307 2670 1585 2731 inducens,
1632 2668 1727 2724 sed
1772 2667 1991 2723 univer-

400 2782 517 2822 sum
547 2767 753 2821 orbem.
780 2764 895 2819 Etsi
940 2765 993 2818 in
1029 2763 1398 2833 superioribus
1437 2760 1654 2831 quando
1691 2759 1824 2815 duas
1863 2774 1991 2830 pcr-

398 2873 559 2913 sonas
614 2856 927 2920 inducebat,
984 2870 1111 2908 non-
1147 2853 1280 2908 duas
1335 2866 1591 2921 personas
1643 2851 1986 2918 signiﬁcaret,

398 2951 492 3008 sed
536 2949 669 3005 duas
714 2957 926 3019 partes;
972 2947 1195 3002 alteram
1245 2959 1350 2999 non
1405 2943 1806 3013 obedientium,
1858 2942 1993 2997 alte-

398 3057 512 3098 ram
553 3040 917 3096 obedientium
954 3057 969 3097 :
1014 3054 1200 3093 verum
1234 3037 1321 3092 hic
1360 3036 1670 3091 horribilius
1726 3035 1841 3091 luce
1894 3046 1993 3090 tra-

399 3144 542 3203 ctat,
585 3145 640 3191 et
691 3134 905 3188 clarius.
952 3132 1287 3203 Quapropter
1325 3146 1428 3185 non
1474 3128 1603 3183 dicit
1654 3128 1789 3182 ultra
1818 3171 1830 3193 ,
1895 3128 1986 3183 Si-

398 3228 516 3282 mile
543 3236 614 3282 est
666 3242 874 3299 regnum
906 3225 1165 3290 cartorum,
1216 3223 1310 3278 sed
1361 3223 1597 3291 seipsum
1645 3220 1881 3275 ostendit
1928 3234 1991 3275 ac

396 3321 620 3386 revelat,
649 3320 872 3375 dicens:
898 3318 1026 3372 Cum
1059 3327 1228 3371 autem
1264 3316 1450 3370 venerit
1489 3314 1537 3368 F
1540 3315 1658 3369 ilius
1687 3313 1904 3368 hominis
1937 3314 1991 3367 in

398 3413 562 3485 gloria
603 3428 717 3468 sua.
747 3411 898 3466 Nunc
923 3411 1065 3466 enim
1094 3410 1240 3464 venit
1280 3410 1331 3463 in
1376 3407 1688 3479 ignominia,
1720 3406 1771 3461 in
1804 3415 1991 3461 contu-

399 3505 593 3570 mellis,
627 3504 679 3559 in
706 3503 1010 3575 opprobriis
1035 3521 1047 3556 :
1073 3511 1197 3556 tunc
1226 3510 1402 3556 autem
1436 3498 1645 3555 sedebit
1670 3514 1831 3569 super
1848 3499 1993 3553 thro-

399 3611 524 3652 num
555 3595 740 3667 gloriae
790 3610 919 3648 sua).
962 3595 1037 3649 Ac
1068 3593 1373 3662 frequenter
1417 3592 1647 3662 gloriam
1703 3597 1986 3645 memorat.

397 3689 528 3757 Quia
558 3689 700 3745 enim
727 3703 858 3744 crux
884 3701 1048 3757 prope
1083 3695 1220 3752 erat,
1251 3700 1368 3756 qure
1406 3699 1492 3740 res
1525 3682 1755 3738 maxime
1784 3682 1993 3751 vitupe-

397 3782 579 3837 rabilis
607 3779 913 3845 videbatur;
942 3777 1063 3833 ideo
1092 3777 1249 3847 erigit
1281 3774 1602 3836 auditorem,
1630 3782 1683 3827 et
1708 3780 1833 3827 ante
1865 3787 1994 3827 ocu-

400 3873 482 3929 los
506 3873 604 3944 ipsi
625 3871 884 3942 judicium
909 3870 1077 3940 ponit,
1109 3868 1401 3938 orbemque
1425 3874 1594 3920 totum
1622 3865 1783 3920 sistit.
1809 3864 1993 3935 Neque

401 3962 503 4018 hoc
550 3960 920 4018 tantummodo
969 3959 1262 4016 terribilem
1306 3957 1483 4013 reddit
1525 3970 1854 4022 sermonem,
1897 3956 1990 4010 sed

400 4056 540 4128 quod
586 4071 781 4111 vacuos
827 4055 990 4110 caelos
1039 4052 1305 4108 ostendat.
1335 4049 1533 4106 Omnes
1574 4049 1771 4120 quippe
1816 4047 1993 4118 angeli

402 4163 521 4203 cum
548 4148 664 4218 ipso
690 4157 867 4214 erunt,
910 4155 967 4202 et
995 4145 1095 4216 ipsi
1138 4143 1506 4207 testiﬁcantes,
1537 4151 1792 4210 quantum
1824 4138 1995 4194 admi-

402 4240 744 4296 nistraverint
767 4238 914 4293 missi
938 4253 967 4292 a
998 4236 1225 4291 Domino
1254 4234 1320 4289 ad
1349 4234 1624 4287 haminum
1653 4233 1901 4287 salutem.
1927 4232 1994 4286 Et

408 4332 638 4402 undique
659 4330 897 4386 horroris
930 4329 1121 4402 plenus
1151 4326 1240 4382 ille
1265 4326 1380 4380 dies
1415 4324 1622 4385 futurus
1656 4333 1756 4380 est.
1790 4324 1994 4379 Deinde

405 4423 493 4482 52.
538 4422 1006 4496 Congregabuntur,
1048 4419 1239 4491 inquit,
1280 4434 1451 4473 omnes
1497 4427 1703 4489 gentes;
1748 4416 1850 4470 hoc
1891 4422 1992 4480 est,

404 4519 653 4573 universa
682 4516 956 4570 hominum
985 4523 1194 4568 natura.
1238 4510 1302 4566 Et
1340 4510 1618 4583 segregabit
1656 4526 1738 4564 eos
1765 4508 1833 4562 ad
1861 4509 1996 4563 invi-

402 4627 530 4677 cem,
560 4608 690 4664 sicut
716 4617 891 4679 pastor
913 4613 1116 4674 separat
1151 4619 1286 4659 oves.
1329 4602 1480 4657 Nunc
1501 4603 1642 4657 enim
1683 4616 1787 4656 non
1817 4615 1999 4671 segre-

402 4701 530 4774 gati,
570 4699 664 4756 sed
707 4698 859 4754 mixti
908 4705 1034 4753 sunt
1074 4710 1306 4750 omnes:
1338 4693 1606 4764 separatio
1652 4701 1831 4748 autem
1873 4701 1998 4747 tunc

402 4792 803 4851 accuratissime
836 4790 961 4855 ﬁet;
1004 4790 1322 4860 interimque
1347 4803 1413 4843 ex
1442 4789 1554 4857 ipsa
1586 4788 1813 4841 statione
1854 4787 1997 4855 ipsos

405 4888 680 4958 distinguit
707 4895 761 4942 et
784 4884 1102 4954 conspicuos
1128 4882 1303 4939 reddit
1333 4898 1348 4936 :
1378 4880 1572 4937 deinde
1600 4896 1663 4935 ex
1696 4880 1999 4936 nominibus

406 4980 733 5051 singulorum
765 4992 942 5033 mores
971 4976 1207 5043 exhibet,
1241 4975 1361 5030 illos
1391 4974 1593 5041 haedos,
1628 4974 1725 5029 bos
1751 4989 1880 5030 oves
1900 4988 1999 5044 ap-

408 5073 632 5143 pellans,
662 5082 717 5126 ut
756 5070 968 5125 illorum
1006 5067 1342 5124 sterilitatem
1378 5065 1578 5124 iudicet
1601 5084 1614 5120 :
1641 5066 1819 5121 nullus
1854 5066 1998 5120 enim

405 5182 473 5221 ex
501 5165 668 5221 haedis
695 5165 896 5219 fructus
920 5161 1311 5235 proﬁciscitur;
1343 5161 1534 5219 horum
1563 5176 1689 5217 vero
1711 5170 2001 5232 proventus

408 5258 606 5313 multus
634 5258 722 5329 qui
754 5273 820 5312 ex
863 5256 1051 5310 ovibus
1092 5255 1313 5325 paritur,
1354 5265 1410 5308 ut
1451 5256 1596 5323 lana,
1634 5255 1716 5310 lac
1759 5263 1813 5309 et
1843 5255 2031 5319 fetus,'

411 5351 600 5420 quibus
627 5350 876 5406 omnibus
906 5364 1106 5404 vacuus
1133 5358 1217 5403 est
1242 5348 1448 5403 haedus.
1484 5348 1677 5404 Verum
1711 5350 1861 5403 bruta
1891 5349 2007 5404 ani-

413 5444 609 5497 mantia
638 5460 702 5498 cx
740 5454 927 5499 natura
971 5458 1063 5497 sua
1104 5444 1187 5497 vel
1229 5443 1454 5497 fructum
1498 5443 1745 5509 all‘eruut,
1792 5445 1873 5499 vel
1918 5461 2008 5498 se.

411 5548 536 5597 cus;
571 5534 640 5589 illi
669 5551 796 5592 vero
835 5551 901 5591 ex
943 5533 1254 5599 voluntate;
1295 5532 1522 5604 ideoque
1566 5535 1640 5590 illi
1682 5536 2004 5607 plectuntur,

412 5626 466 5687 hi
495 5639 844 5687 coronantur.

491 5818 507 5850 ί
536 5817 662 5868 ΥΜε
684 5819 1027 5879 Adnolaltones
1048 5821 1293 5876 Friderici
1316 5822 1482 5890 Field,
1504 5825 1564 5877 ad
1584 5841 1700 5892 pag.
1726 5827 1837 5879 757.

2180 1188 2546 1250 Misericordia:
2579 1214 2733 1268 opera
2771 1202 3071 1268 necessaria,
3119 1202 3315 1272 facilia,
3365 1213 3413 1256 et
3460 1219 3523 1258 ex
3568 1202 3701 1255 nm!-

2106 1282 2169 1337 tis
2217 1286 2466 1355 capitibus
2514 1288 2833 1360 obligatoria.
2866 1324 2938 1333 —
2964 1292 3149 1363 Neque
3201 1295 3345 1364 prius
3399 1294 3519 1349 illos
3570 1310 3700 1363 sup-

2106 1377 2261 1445 plicio
2284 1378 2466 1447 allicit,
2493 1397 2650 1452 quam
2680 1399 2799 1437 cum
2842 1384 2944 1438 illis
2970 1385 3020 1438 in
3041 1385 3246 1453 judicio
3276 1387 3649 1456 disceptaverit
3683 1404 3698 1441 :

2102 1466 2225 1523 ideo
2250 1478 2529 1542 postquam
2579 1473 2698 1529 illos
2730 1476 2781 1529 in
2829 1476 2946 1530 loco
2992 1492 3090 1531 suo
3135 1478 3430 1543 constituit,
3470 1478 3697 1531 crimina

2102 1561 2323 1631 profert.
2355 1562 2439 1625 llli~
2462 1580 2589 1621 vero
2615 1567 2857 1622 modeste
2891 1567 3249 1637 respomlent;
3279 1568 3371 1622 sed
3405 1568 3546 1621 nulla
3576 1567 3700 1621 hinc

2100 1652 2232 1721 ipsis
2274 1654 2509 1711 utilitas:
2542 1667 2595 1712 et
2625 1657 2748 1728 jure
2772 1658 3005 1729 quidem,
3052 1659 3173 1728 quia
3223 1674 3359 1725 rem,
3400 1673 3559 1727 quam
3608 1658 3699 1712 ille

2098 1745 2385 1802 admodum
2438 1750 2676 1816 curabat,
2731 1753 3098 1821 neglexerunt.
3155 1752 3284 1806 Nam
3328 1761 3379 1807 et
3425 1750 3699 1821 propheta:

2101 1838 2201 1894 hoc
2230 1855 2443 1910 semper
2476 1850 2532 1897 et
2573 1844 2767 1914 ubique
2800 1843 3068 1913 dicebant,
3109 1843 3517 1898 Misericordiant
3558 1844 3694 1910 volo,

2098 1948 2199 1986 non
2224 1935 2530 2003 sacriﬁcium
2562 1936 2716 2007 (Osee
2767 1936 2820 1990 6.
2852 1936 2906 2006 6)
2933 1954 2947 2001 ;
2987 1945 3042 1990 et
3081 1937 3350 2007 legislator
3377 1945 3482 1990 tam
3511 1936 3694 1991 verbis

2100 2040 2256 2094 quam
2287 2025 2447 2081 rebus
2472 2027 2540 2082 ad
2585 2027 2687 2083 hoc
2717 2029 2909 2099 ubique
2941 2028 3205 2095 hortatur,
3250 2028 3469 2098 ipsaque
3509 2032 3701 2085 uatura’

2100 2115 2152 2170 id
2178 2116 2354 2172 docet.
2384 2119 2765 2175 Animadverte
2791 2130 2966 2175 autem
2995 2121 3112 2175 illos
3136 2136 3243 2175 non
3271 2137 3435 2175 unum
3460 2121 3541 2176 vel
3564 2122 3693 2189 duo,

2098 2209 2190 2264 sed
2217 2211 2396 2264 omnia
2419 2214 2843 2281 prietermisisse.
2871 2214 2985 2267 Non
3022 2214 3183 2268 modo
3209 2215 3349 2269 enim
3370 2214 3695 2271 esurientem

2098 2318 2204 2357 non
2247 2304 2511 2371 cibarunt,
2545 2306 2745 2361 nudum
2780 2321 2883 2361 non
2927 2316 3210 2371 texerunt;
3246 2308 3339 2362 sed
3387 2323 3502 2373 nec,
3548 2310 3694 2380 quod

2100 2403 2275 2450 tamen
2305 2395 2474 2451 levius
2499 2406 2553 2451 et
2594 2395 2797 2451 facilius
2824 2407 2957 2464 erat,
3001 2398 3267 2453 inﬁrmum
3301 2400 3598 2454 visitaruut.
3629 2399 3696 2455 Et

2098 2487 2369 2557 perpende
2398 2503 2556 2559 quam
2588 2488 2724 2545 levia
2748 2491 3044 2561 prmcipiat.
3070 2491 3189 2546 Non
3215 2493 3365 2558 «lixit,
3399 2492 3456 2548 In
3479 2508 3695 2550 carcere

2097 2595 2266 2645 eram,
2295 2590 2348 2636 et
2370 2581 2639 2638 liberastis
2667 2600 2774 2650 me,
2806 2585 3068 2652 inﬁrmus,
3097 2595 3150 2640 et
3179 2587 3426 2641 erexistis
3453 2602 3572 2654 me;
3600 2587 3695 2643 sed

2106 2674 2359 2731 Visitastis
2394 2695 2492 2744 me,
2526 2687 2599 2744 et,
2661 2678 2878 2734 Venistis
2922 2680 2991 2734 ad
3032 2697 3130 2735 me.
3173 2680 3279 2736 Sed
3327 2697 3501 2752 neque
3551 2682 3694 2737 circa

2098 2769 2420 2824 esurientem
2452 2770 2734 2825 molestum
2760 2772 3030 2841 quidpiam
3061 2772 3298 2842 jubetur.
3329 2773 3512 2844 Neque
3550 2776 3693 2830 enim

2098 2860 2295 2916 lautam
2318 2863 2541 2932 requirit
2568 2879 2828 2928 mensam,
2854 2865 2945 2919 sed
2970 2866 3330 2920 necessarium
3354 2867 3696 2922 solummodo

2096 2954 2295 3018 cibum,
2328 2956 2688 3025 idquemodo
2724 2957 2789 3012 ad
2830 2958 3251 3013 misericordiam
3288 2971 3556 3015 movente.
3586 2958 3695 3014 Ita-

2095 3061 2201 3115 que
2230 3046 2407 3101 omnia
2439 3047 2647 3102 illorum
2679 3048 2996 3118 supplicium
3042 3059 3298 3119 expetunt
3331 3067 3347 3104 :
3385 3051 3460 3105 rei
3506 3059 3695 3121 pastu-

2096 3136 2217 3191 lata!
2262 3135 2503 3198 facilitas.
2551 3154 2671 3191 nam
2720 3140 2871 3207 panis
2921 3147 3121 3193 tantum
3175 3150 3322 3207 erat;
3373 3140 3694 3195 miserabilis

2098 3228 2326 3298 petentis
2352 3229 2607 3295 conditio,
2638 3229 2911 3284 mendicus
2937 3230 3081 3285 enim
3113 3240 3257 3292 erat;
3297 3232 3696 3286 commiseratio

2100 3328 2327 3387 natum,
2351 3334 2470 3374 nam
2495 3319 2656 3374 homo
2686 3330 2765 3376 est
2791 3322 2877 3389 qui
2909 3322 3066 3391 petit;
3091 3323 3461 3392 promissionis
3486 3323 3694 3393 magni-

2099 3411 2247 3476 tudo,
2290 3426 2412 3466 nam
2441 3426 2659 3481 regnum
2705 3412 3024 3481 pollicetur;
3073 3413 3320 3482 supplicii
3369 3423 3560 3479 terror,
3600 3429 3696 3484 ge-

2098 3502 2331 3557 hennam
2360 3503 2500 3558 enim
2528 3502 2917 3569 comminatur;
2946 3503 3175 3575 dignitas
3200 3504 3526 3573 accipientis,
3554 3505 3697 3561 Deus

2098 3595 2240 3649 enim
2269 3604 2384 3650 erat
2413 3595 2499 3664 qui
2529 3609 2623 3665 per
2660 3595 2936 3649 mendicos
2978 3594 3307 3664 accipiebat;
3343 3595 3562 3652 honoris
3591 3611 3697 3652 cu-

2099 3687 2293 3751 mulus,
2331 3684 2473 3755 quod
2508 3693 2708 3739 tantum
2735 3685 3062 3740 descendere
3091 3686 3339 3756 dignatus
3365 3687 3463 3754 sit;
3490 3676 3695 3756 iustitia

2098 3776 2444 3847 erogationis,
2474 3791 2595 3830 nam
2619 3791 2686 3830 ex
2704 3776 2861 3831 bonis
2888 3777 3000 3830 suis
3029 3776 3240 3845 accipit.
3266 3776 3460 3831 Verum
3489 3776 3555 3831 ad
3580 3777 3697 3833 hate

2097 3870 2277 3923 omnia
2306 3883 2460 3922 amor
2490 3867 2727 3937 pecuniae
2758 3867 2876 3922 illos
2901 3869 3206 3933 cxcaecavit,
3230 3876 3281 3922 et
3303 3867 3419 3923 hsce
3439 3878 3556 3938 post
3590 3878 3696 3923 tan-

2099 3971 2207 4017 tam
2234 3964 2725 4019 comminationcm.
2759 3963 2891 4019 Nam
2913 3978 3074 4034 supra
3100 3963 3249 4029 dicit,
3276 3964 3417 4031 illos,
3439 3966 3526 4036 qui
3563 3981 3693 4036 pau-

2098 4068 2255 4123 peres
2300 4068 2406 4108 non
2445 4055 2738 4125 excipiunt,
2783 4055 3027 4128 graviora
3070 4069 3321 4129 passuros
3362 4069 3501 4118 esse,
3535 4071 3693 4127 quam

2098 4144 2434 4213 Sodomitas;
2482 4154 2538 4201 et
2585 4146 2670 4200 hic
2699 4147 2773 4202 ait
2807 4145 2914 4203 :In
2957 4156 3199 4216 quantum
3235 4164 3337 4203 non
3376 4147 3563 4216 fecistis
3607 4147 3698 4202 uni

2099 4238 2279 4292 Irarum
2322 4237 2645 4292 minimarum
2672 4240 2891 4309 fratrum
2932 4254 3178 4303 meorum,
3227 4253 3317 4292 nec
3342 4237 3466 4291 nti/ti
3511 4237 3699 4309 fecistis

2100 4332 2315 4406 (Matth.
2344 4331 2436 4388 25.
2465 4332 2581 4403 45).
2606 4331 2742 4401 Quid
2770 4331 2884 4386 ais?
2908 4330 3102 4386 fratres
3129 4329 3201 4385 tui
3232 4337 3391 4392 sunt;
3430 4328 3697 4398 quomodo

2099 4425 2350 4480 minimos
2379 4424 2653 4494 appellas?
2683 4422 2805 4478 Ideo
2848 4432 2994 4479 certe
3022 4421 3231 4486 fratres,
3264 4422 3385 4493 quia
3431 4420 3695 4486 humiles,

2099 4532 2384 4590 pauperes,
2413 4516 2626 4587 abjecti.
2656 4515 2763 4572 Hos
2798 4516 2939 4571 enim
2962 4514 3192 4573 maxime
3211 4513 3277 4568 ad
3312 4512 3696 4568 fraternitatem

2100 4620 2257 4667 vocat
2305 4628 2320 4665 :
2371 4610 2615 4680 ignotos,
2661 4617 3035 4677 contemples;
3084 4621 3185 4661 nec
3236 4605 3526 4660 monachos
3571 4604 3701 4660 dicit

2103 4713 2329 4781 tantum,
2353 4703 2577 4773 illosque
2599 4700 2690 4771 qui
2720 4700 2773 4755 in
2804 4698 3073 4754 montibus
3102 4697 3364 4765 habitant,
3395 4696 3492 4751 sed
3517 4696 3700 4751 ﬁdeles

2103 4797 2366 4867 singulos,
2407 4793 2616 4850 etiamsi
2652 4792 2935 4847 saeculares
2988 4789 3115 4853 sint,
3154 4789 3198 4844 si
3227 4789 3333 4843 sint
3366 4789 3699 4854 esurientes,

2104 4888 2356 4954 famelici,
2385 4886 2533 4953 nudi,
2558 4885 2815 4954 hospites,
2843 4881 2988 4941 nulla
3006 4897 3115 4937 non
3145 4880 3289 4951 ipsos
3317 4894 3443 4935 cura
3466 4880 3580 4934 vult
3610 4895 3695 4935 εχ.

2105 4981 2229 5053 cipi.
2265 4981 2502 5038 Fratrem
2531 4978 2674 5035 enim
2702 4984 2758 5032 et
2778 4975 3076 5046 baptismus
3104 4973 3287 5036 efﬁcit.
3313 4981 3369 5029 et
3399 4973 3703 5031 divinorum

2106 5075 2481 5147 mysteriorum
2512 5070 2860 5129 consortium.

2178 5171 2234 5227 2.
2264 5171 2456 5226 Postea
2482 5176 2540 5222 ut
2575 5164 2792 5221 aliunde
2831 5162 2992 5221 etiam
3029 5162 3310 5218 sententiae
3334 5161 3593 5231 justitiam
3622 5161 3705 5216 vi-

2109 5264 2257 5327 deas,
2289 5262 2463 5333 primo
2484 5260 2604 5316 illos
2633 5258 2721 5329 qui
2747 5258 2886 5312 bene
2907 5270 3021 5310 rem
3044 5270 3260 5326 gessere
3286 5253 3489 5320 laudat,
3514 5260 3571 5308 et
3589 5252 3665 5307 ait
3698 5268 3711 5305 :
3752 5320 3755 5329 ,

2111 5363 2201 5418 54.
2241 5358 2434 5419 Venite.
2479 5353 2719 5412 benedicti
2768 5351 2941 5409 Patris
2993 5351 3126 5417 mei,
3173 5350 3450 5405 hereditate
3498 5347 3708 5416 accipite
3744 5418 3748 5431 ‘

2113 5463 2350 5526 paratum
2371 5450 2508 5505 vobis
2533 5463 2745 5519 regnum
2772 5461 2803 5505 α
2838 5443 3196 5505 constitutione
3223 5440 3418 5495 mundi.
3442 5439 3532 5494 55.
3567 5436 3709 5491 Esu-

2113 5546 2209 5601 rivi
2237 5544 2393 5609 enim,
2419 5550 2467 5597 et
2491 5539 2702 5599 dedistis
2726 5537 2853 5595 mihi
2879 5535 3206 5599 manducare,
3238 5541 3295 5588 et
3318 5546 3437 5601 quas
3470 5544 3711 5599 sequun-

2115 5646 2202 5691 tur
2227 5634 2427 5692 omnia.
2456 5631 2537 5689 Ne
2579 5630 2824 5689 dicerent
2854 5626 3023 5692 enim.
3067 5640 3125 5682 se
3169 5638 3273 5680 non
3325 5619 3596 5681 habuisse,
3645 5632 3709 5679 ex

2114 5740 2500 5784 cntiservorum
2521 5720 2677 5781 factis
2702 5720 2923 5783 damnat
2945 5733 3077 5783 eos;
3109 5725 3168 5778 ut
3193 5714 3425 5784 virgines
3455 5727 3524 5768 ex
3552 5710 3712 5780 virgi-

2118 5818 2298 5883 nibus,
2354 5830 2570 5875 servum
2610 5812 2819 5883 ebrium
2860 5825 2926 5867 ac
2975 5806 3145 5867 ventri
3199 5803 3455 5873 deditum,
3500 5817 3531 5857 a
3569 5801 3714 5860 tidcli
