4128 6410
433 372 540 435 νη

439 505 617 552 servo,
648 494 701 544 et
727 502 850 545 eum
881 485 968 558 qui
1005 482 1257 538 talentum
1291 481 1599 545 sull'oderat,
1631 479 1698 534 ab
1719 494 1784 532 eo
1809 477 1897 548 qui
1928 475 2036 530 duo

435 587 636 639 talenta
675 583 945 646 attulerat,
977 587 1031 634 et
1068 586 1378 647 peccatores
1425 571 1663 645 singulos
1685 588 1715 627 a
1747 571 2035 642 proborum

437 677 703 746 exemplo.
739 673 803 729 Et
825 675 937 728 haec
963 671 1291 740 comparatio
1320 682 1718 738 nonnumquam
1751 680 1817 721 ex
1845 663 2035 732 :equali

436 768 668 833 ducitur,
701 775 759 820 ut
793 774 850 821 et
877 765 963 819 hic
988 772 1043 818 et
1083 764 1134 818 in
1165 762 1415 825 parabola
1444 761 1512 816 de
1546 758 1868 828 virginibus;
1903 771 2038 809 non-

439 876 726 930 numquam
755 875 782 913 a
813 858 1023 924 majori,
1053 869 1112 911 ut
1152 873 1272 913 cum
1313 856 1441 911 dicit
1473 872 1486 907 :
1523 853 1629 907 Viri
1659 851 1900 906 Ninivin
1925 867 2038 903 sur-

434 962 572 1023 gent,
607 965 654 1006 et
685 952 1090 1005 condemnubunt
1127 951 1503 1021 generationem
1541 948 1692 1012 hanc,
1724 945 1842 1013 quia
1871 943 2036 999 credi-

436 1043 618 1096 derunt
648 1045 699 1096 in
723 1043 1086 1113 praedicatione
1109 1041 1261 1094 Jona:
1291 1056 1310 1094 :
1337 1050 1382 1094 et
1409 1056 1523 1094 ecce
1551 1039 1665 1107 plus
1693 1054 1843 1106 quant
1870 1034 2035 1090 Jonas

438 1137 538 1188 hic.
576 1134 642 1188 Et
673 1136 847 1203 regina
887 1134 1060 1187 Austri
1088 1133 1440 1186 condemnabit
1468 1131 1838 1201 generationem
1879 1129 2032 1192 hanc,

434 1229 556 1298 quia
597 1230 729 1281 venit
770 1228 950 1281 audire
995 1227 1294 1297 sapientiam
1338 1223 1676 1280 Salomonis:
1715 1234 1761 1276 et
1788 1237 1897 1274 cccc
1925 1219 2037 1288 plus

437 1337 590 1390 quam
615 1320 862 1375 Salomon
895 1320 974 1371 hic
1005 1318 1218 1385 (Matth.
1257 1316 1342 1370 12.
1385 1317 1474 1370 Η.
1508 1315 1619 1380 42).
1653 1313 1720 1367 Et
1745 1313 1811 1366 ab
1847 1311 2036 1381 :rquali

439 1426 660 1472 rursus;
709 1411 842 1476 Quia
880 1411 979 1480 ipsi
1015 1410 1216 1480 judiccs
1260 1407 1577 1462 vestrierunt
1611 1404 1770 1477 (Ibid.
1815 1420 1861 1457 υ.
1905 1402 2032 1472 27);

437 1513 491 1558 ct
515 1517 545 1555 a
577 1501 766 1570 majori
799 1502 1012 1566 iterum,
1041 1499 1260 1554 Nescitis
1289 1499 1407 1570 quia
1433 1499 1638 1568 angelos
1657 1493 2039 1567 judicabiutus?

439 1605 626 1664 quanto
655 1595 817 1664 magis
842 1594 1110 1647 sweularia
1146 1593 1219 1665 (l.
1246 1591 1360 1646 Cor.
1401 1591 1452 1646 ﬁ.
1485 1591 1578 1660 5)?
1605 1591 1670 1644 Et
1701 1589 1787 1642 hic
1825 1603 2037 1659 quoque

441 1687 508 1740 ab
534 1684 727 1754 aequali
753 1685 944 1738 divites
973 1684 1246 1749 divitibus,
1273 1697 1530 1751 pauperes
1562 1679 1882 1751 pauperibus
1904 1695 2036 1733 con-

441 1779 564 1833 l'crt.
595 1778 777 1846 Neque
817 1778 916 1832 hoc
950 1775 1315 1831 tantummodo
1357 1776 1542 1844 probat
1568 1775 1712 1842 jus-te
1739 1772 1862 1826 ferri
1909 1787 2037 1826 sen-

443 1871 684 1934 tentiam,
709 1869 847 1939 quod
875 1868 1118 1923 conservi
1164 1869 1401 1938 ipsorum
1447 1867 1498 1920 in
1537 1865 1650 1935 pari
1682 1880 1860 1919 rerum
1894 1873 2036 1918 statu

440 1963 609 2034 probe
631 1979 688 2016 se
713 1963 993 2032 gesserint,
1030 1960 1121 2015 sed
1160 1959 1301 2030 quod
1341 1975 1511 2030 neque
1539 1958 1590 2012 in
1623 1959 1728 2012 illis
1759 1959 2038 2026 obtempe-

441 2056 630 2120 rarint,
679 2055 766 2108 ubi
802 2063 1088 2123 paupertas
1141 2053 1284 2106 nullo
1327 2061 1445 2108 erat
1502 2051 1886 2121 impedimento
1930 2068 1942 2102 :
1981 2059 2039 2104 ut

442 2156 624 2214 potum
655 2145 783 2200 dare
815 2147 1033 2209 sitienti,
1065 2145 1297 2198 vinctum
1325 2145 1565 2208 visitare,
1597 2144 1869 2197 inﬁrnmm
1904 2143 2039 2196 invi-

438 2254 576 2293 sere.
632 2239 914 2308 Postquam
969 2248 1148 2292 autem
1213 2237 1410 2306 probos
1470 2235 1747 2301 laudavit,
1805 2235 2040 2288 ostendit

437 2341 632 2401 quant.»
659 2332 766 2398 jam
797 2332 922 2386 olim
953 2331 1098 2400 ipSos
1131 2332 1355 2385 caritate
1396 2331 1844 2398 complecteretur
1872 2346 1884 2380 :
1917 2343 2037 2382 nam

438 2426 512 2478 ait
545 2442 558 2478 ε
600 2422 793 2488 Venite,
842 2424 1091 2478 benedicti
1121 2423 1297 2476 Patris
1327 2423 1442 2481 mei,
1490 2422 1763 2475 [meditate
1792 2421 2041 2490 possidete

441 2527 678 2586 paratum
705 2516 840 2568 vobis
865 2532 1079 2584 regnum
1118 2525 1235 2568 ante
1256 2514 1663 2567 constitutionem
1693 2513 1888 2565 mundi.
1928 2511 2042 2566 Hoc

441 2625 637 2662 nomen
667 2615 796 2677 quot
823 2607 1142 2675 quantisque
1169 2605 1324 2658 bonis
1345 2605 1658 2672 :rquiparari
1684 2611 1876 2672 potest,
1900 2601 2040 2671 quod

441 2701 706 2756 benedicti
751 2701 877 2764 sint,
925 2708 976 2752 et
1023 2713 1050 2750 a
1095 2697 1253 2752 Patre
1297 2695 1604 2752 benedicti?
1660 2695 1721 2748 Et
1773 2694 2039 2748 undenam

443 2805 590 2848 tanto
614 2793 816 2846 honore
846 2790 1044 2862 dignati
1072 2789 1235 2842 sunt?
1269 2804 1512 2857 quamam
1539 2802 1701 2841 causa
1731 2785 1868 2840 fuit?
1903 2786 2038 2839 Esu-

441 2888 537 2940 rivi
559 2888 710 2946 enim.
745 2896 789 2939 et
819 2884 1029 2937 dedistis
1059 2883 1184 2935 mihi
1210 2882 1559 2943 manducare;
1589 2881 1742 2943 sitivi,
1776 2889 1822 2933 et
1865 2889 2042 2949 potum

441 2979 650 3032 dedistis
675 2978 818 3043 mihi,
865 2987 970 3031 etc.
1003 2975 1198 3040 Quanti
1243 2973 1480 3037 honoris,
1513 2982 1724 3042 quanta:
1756 2972 2041 3026 beatitudi-

439 3069 526 3122 ius
557 3068 760 3122 verba?
786 3067 901 3122 Non
931 3065 1077 3129 dicit,
1114 3065 1374 3134 Accipite,
1405 3062 1520 3128 sed,
1555 3062 1844 3116 Hereditote
1882 3063 2043 3132 possi-

442 3162 570 3224 dete,
617 3160 766 3229 quasi
815 3159 1109 3228 proprium,
1163 3155 1312 3226 quasi
1363 3163 1640 3224 paternum
1684 3162 1739 3207 et
1774 3163 2035 3217 vestrum,

438 3253 547 3321 jam
577 3251 702 3305 olim
739 3250 888 3304 vobis
915 3248 1176 3304 debitum.
1206 3247 1508 3316 Antequam
1533 3245 1673 3299 cnim
1703 3244 1916 3308 essetis,
1952 3244 2036 3296 iu-

442 3345 578 3413 quit,
614 3343 728 3397 hzec
749 3342 901 3394 vobis
933 3349 1112 3409 parata
1156 3349 1328 3402 erant,
1363 3338 1485 3407 quia
1525 3335 1760 3390 sciebam
1791 3350 1884 3388 vos
1909 3334 2043 3390 tales

443 3448 562 3487 esse
591 3432 814 3485 futuros.
847 3429 909 3485 Et
943 3445 1038 3499 pro
1063 3429 1255 3498 quibus
1283 3427 1400 3481 lucc
1422 3425 1733 3494 accipiunt?
1755 3424 1857 3479 Pro
1880 3433 2041 3488 tecto,

444 3539 541 3594 pro
563 3523 815 3586 vestibus,
855 3536 950 3590 pro
982 3535 1138 3589 pane,
1174 3535 1269 3589 pro
1295 3533 1430 3588 aqua
1475 3516 1686 3586 frigida,
1735 3531 1832 3583 pro
1861 3517 2044 3569 visita-

445 3617 609 3679 tione,
646 3629 743 3684 pro
767 3615 1008 3684 ingressu
1045 3614 1095 3665 in
1126 3627 1417 3666 carcerem.
1453 3609 1662 3679 Ubique
1688 3610 1829 3664 enim
1860 3618 1916 3663 ut
1946 3625 2044 3664 ne-

443 3707 692 3761 cessariis
741 3704 1087 3776 providentur
1127 3702 1369 3772 requirit,
1416 3702 1522 3755 imo
1568 3700 1888 3770 quandoque
1937 3715 2044 3754 non

446 3797 786 3853 necessariis.
817 3795 1001 3865 Neque
1031 3796 1196 3858 enim,
1231 3793 1413 3864 utjam
1441 3793 1569 3856 dixi,
1589 3800 1822 3862 :egrotus
1850 3802 1905 3847 et
1929 3791 2046 3846 vine

445 3899 562 3943 ctus
593 3887 796 3942 visitari
843 3888 1015 3942 solum
1046 3888 1254 3950 volunt,
1285 3885 1378 3940 sed
1407 3885 1543 3939 alius
1573 3882 1798 3949 exsolvi,
1829 3891 1881 3936 et
1909 3883 2046 3938 alius

445 3999 476 4036 a
503 3982 692 4036 morbo
719 3981 897 4035 sanari
937 3990 1174 4050 exoptat.
1206 3979 1403 4033 Verum
1446 3977 1552 4037 ille.
1585 3986 1892 4029 mansuetus
1921 3990 2045 4028 eum

446 4073 534 4135 sit,
567 4073 653 4126 illa
678 4080 882 4125 tantum
911 4072 1136 4140 requirit
1173 4084 1291 4139 quae
1343 4067 1609 4122 facultatis
1649 4075 1846 4120 nostra)
1877 4075 2042 4130 sunt;

447 4166 556 4219 imo
584 4165 758 4219 minus
793 4179 952 4234 quam
998 4161 1224 4217 facultas
1255 4169 1438 4216 nostra
1488 4159 1626 4214 ferre
1656 4159 1847 4228 possit,
1887 4157 2045 4212 nobis

448 4258 758 4327 relinquens
801 4265 859 4310 ut
887 4255 953 4309 ad
993 4255 1197 4321 majora
1243 4265 1547 4322 pergamus.
1591 4250 1699 4304 Illis
1725 4265 1855 4305 vero
1892 4249 2042 4317 dicit,

447 4349 707 4404 Discedite
727 4367 760 4402 a
787 4364 886 4413 me,
915 4346 1174 4401 maledicti
1197 4362 1216 4398 :
1236 4361 1342 4399 non
1371 4359 1400 4396 a
1433 4343 1618 4407 Patre;
1652 4357 1758 4395 non
1784 4341 1928 4396 enim
1958 4341 2048 4396 ille

447 4440 580 4508 ipsis
601 4439 896 4503 maledixit,
921 4437 1015 4493 sed
1040 4451 1201 4506 opera
1228 4435 1463 4504 ipsorum
1492 4433 1738 4504 propria;
1781 4431 1847 4484 In
1881 4433 2049 4503 ignem

447 4540 713 4595 aeternum,
741 4539 1000 4601 paratum,
1027 4543 1138 4582 non
1161 4527 1336 4591 vobis,
1378 4523 1474 4580 sed
1501 4523 1734 4588 Diabolo,
1783 4533 1828 4576 et
1854 4523 2047 4594 angelis

447 4638 578 4692 ejus.
625 4620 758 4675 Nam
802 4635 924 4675 cum
956 4619 1023 4675 de
1053 4634 1219 4690 regno
1263 4618 1488 4683 diceret,
1554 4615 1730 4669 Venite
1778 4615 2044 4684 benedicti,

447 4719 723 4772 hereditate
751 4715 1002 4782 possidete
1030 4729 1258 4784 regnum,
1311 4709 1576 4780 adjunxit,
1617 4707 1863 4761 Paratum
1903 4707 2048 4770 tabis

447 4819 568 4864 ante
614 4807 1022 4862 constitutionem
1060 4802 1372 4858 mundi:de
1415 4802 1536 4872 igne
1565 4814 1694 4855 vero
1741 4814 1846 4853 non
1893 4801 2046 4867 item,

448 4901 567 4968 sed,
611 4900 862 4956 Paratum
908 4897 1133 4963 diabolo,
1165 4906 1214 4950 et
1255 4893 1450 4967 angelis
1493 4894 1626 4964 ejus.
1675 4893 1786 4962 Ego
1816 4907 2048 4962 namque

449 5009 670 5064 regnum
701 4993 854 5048 vobis
883 4993 1082 5064 paravi,
1138 4991 1315 5061 ignem
1360 5002 1514 5053 vero,
1562 5000 1669 5041 non
1728 4984 1901 5049 vobis,
1950 4983 2048 5040 εαι

450 5088 662 5143 diabolo
684 5095 738 5141 et
775 5085 980 5156 angelis
1008 5085 1123 5155 ejus
1155 5099 1170 5135 :
1198 5083 1322 5152 quia
1353 5095 1485 5136 vero
1509 5094 1607 5132 vos
1638 5078 1690 5131 in
1723 5078 1896 5148 ipsum
1924 5091 2050 5131 con-

451 5179 673 5250 jecistis,
713 5177 765 5232 id
792 5177 1076 5247 vobisipsis
1117 5182 1382 5244 reputate.
1413 5171 1528 5227 Non
1579 5170 1663 5225 his
1694 5178 1920 5233 tantum,
1952 5169 2046 5224 sed

451 5279 609 5328 etiam
643 5273 695 5328 in
727 5271 1091 5342 sequentibus,
1123 5265 1275 5338 quasi
1305 5280 1426 5320 sese
1469 5277 1701 5333 purgans
1726 5259 1863 5330 apud
1908 5260 2046 5324 illos,

449 5383 665 5422 causam
693 5367 822 5435 ipsis
862 5362 1116 5418 adscribit
1148 5379 1161 5414 :
1194 5359 1287 5416 42.
1315 5357 1522 5413 Esurivi
1548 5358 1702 5422 enim,
1751 5366 1797 5409 ct
1827 5373 1926 5408 non
1958 5355 2049 5408 de-

455 5460 598 5513 distis
626 5458 750 5512 mihi
781 5455 1108 5510 manducare.
1148 5450 1371 5507 Etiamsi
1423 5449 1566 5504 enim
1614 5448 1863 5502 inimicus
1906 5457 2052 5500 esset

458 5550 504 5603 is
557 5552 644 5620 qui
677 5547 991 5608 accedebat,
1025 5559 1203 5600 annon
1235 5541 1368 5595 satis
1405 5548 1561 5594 erant
1611 5554 1868 5593 aerumna:
1924 5538 2049 5604 illa',

457 5649 517 5692 ut
545 5642 628 5694 vel
669 5636 1150 5694 inmisericordem
1194 5631 1475 5687 ﬂecterent
1525 5639 1579 5684 et
1618 5630 1946 5699 frangerent,
1975 5628 2054 5682 fa-

461 5743 597 5796 mes,
631 5731 819 5801 l'rigus.
858 5729 1091 5795 vincula,
1123 5723 1359 5787 auditas,
1390 5719 1693 5788 inﬁrmitas,
1725 5719 1906 5791 vagari
1935 5721 2054 5775 sine

456 5823 635 5878 tecto?
662 5822 787 5877 Περ
812 5819 1140 5877 inimicitiam
1166 5817 1375 5875 Solvere
1403 5823 1667 5885 poterant.
1701 5815 1769 5870 At
1802 5827 1900 5869 vos
1935 5813 2052 5870 haec

1159 366 1220 427 5.
1257 361 1540 426 JOANNlS
1577 358 2054 421 CHRYSOSTOMI
2091 359 2409 420 ARClllEP’.
2450 355 2962 424 CONSTANTl-NOP

3631 367 3736 432 72h

2145 491 2252 530 non
2277 479 2608 542 praestabatis
2637 481 2831 546 amico,
2857 497 2961 535 non
2993 475 3347 552 benefactori,
3373 502 3478 541 non
3510 487 3735 544 liotuino

2143 578 2342 625 vestro.
2378 570 2433 626 Si
2461 587 2648 626 canent
2678 573 2955 628 videamus
2979 575 3326 642 esurientem,
3350 591 3493 647 sirpe
3535 579 3733 648 frangi:

2127 679 2298 744 .mur;
2334 666 2439 719 imo
2478 667 2520 720 si
2563 665 2703 722 feras
2745 662 3020 722 videamus
3052 671 3368 734 esurientes,
3423 670 3729 728 nectinutr'.

2141 768 2340 814 etcum
2387 758 2666 815 Dominum
2697 769 2842 815 tuum
2874 761 3042 824 vides,
3075 777 3180 817 non
3227 762 3489 818 ﬂecteris?
3517 777 3617 834 qua
3648 776 3732 819 ra:

2143 853 2286 906 tione
2312 851 2426 906 lucc
2457 861 2706 921 poterunt
2732 855 2976 909 excusari
2999 855 3022 908 ?
3046 853 3178 910 Nam
3219 857 3262 910 si
3293 857 3342 910 id
3367 855 3540 911 solum
3567 868 3730 922 esset,

2141 959 2319 999 nonne
2341 945 2608 1000 sufficeret
2639 945 2704 998 ad
2756 946 3100 1001 mercedem?
3141 961 3244 1000 non
3285 947 3424 1010 dico,
3475 955 3532 1001 ut
3571 949 3730 1002 talem

2141 1050 2324 1089 vocem
2347 1036 2476 1090 orbe
2505 1046 2771 1105 praesente
2799 1037 2869 1090 ab
2888 1051 2954 1091 eo
2979 1038 3068 1108 qui
3095 1037 3244 1092 sedet
3273 1037 3324 1091 in
3348 1038 3485 1092 solio
3509 1049 3732 1107 paterno

2140 1129 2346 1193 audias,
2374 1140 2426 1183 et
2471 1145 2693 1199 regnum
2726 1132 3091 1200 consequaris,
3125 1133 3218 1186 sed
3247 1130 3348 1186 hoc
3385 1135 3555 1200 ipsum
3588 1133 3730 1202 quod

2142 1221 2332 1278 feceris
2358 1239 2533 1278 nonne
2561 1225 2693 1278 satis
2720 1238 2864 1278 esset
2903 1224 2968 1278 ad
3017 1224 3526 1280 mercedenﬂNnnc
3551 1228 3729 1281 autem

2139 1315 2272 1369 orbe
2318 1325 2601 1385 prmseute,
2653 1324 2707 1369 et
2752 1314 3006 1370 inell‘abili
3061 1315 3148 1370 illa
3201 1326 3491 1386 apparente
3540 1318 3728 1387 gloria,

2141 1409 2395 1477 prazdieat
2419 1418 2473 1463 et
2516 1419 2737 1462 coronat
2777 1417 2850 1472 te,
2901 1409 3306 1480 promnlgatque
3345 1409 3628 1464 nutricium
3673 1420 3730 1465 et

2142 1499 2403 1570 hospitem
2437 1518 2449 1554 :
2482 1516 2655 1571 neque
2683 1501 2951 1555 erubescit
2973 1501 3087 1555 haec
3116 1501 3318 1566 dicens,
3353 1511 3409 1556 ut
3440 1501 3532 1556 tibi
3554 1501 3732 1571 splen-

2140 1587 2403 1646 didiorem
2428 1606 2685 1647 coronam
2721 1591 2932 1646 reddat.
2968 1590 3044 1646 Ex
3073 1592 3260 1662 gratia:
3294 1591 3612 1647 liberalitate
3637 1607 3730 1648 eo-

2141 1700 2270 1738 rona
2302 1684 2480 1739 datur.
2510 1684 2634 1739 Ideo
2675 1685 2746 1738 illi
2772 1685 2914 1753 juste
2959 1685 3271 1756 puniuntur,
3321 1681 3374 1738 bi
3403 1693 3732 1740 coronantur

2142 1790 2236 1844 per
2264 1777 2508 1846 gratiam.
2538 1774 2653 1829 Etsi
2685 1774 2826 1829 enim
2869 1776 3031 1828 millia
3065 1775 3201 1830 bona
3252 1791 3414 1845 Opera
3454 1775 3725 1842 fecissent,

2140 1868 2324 1938 gratiae
2354 1867 2645 1922 liberalitas
2677 1877 2780 1930 est,
2811 1867 2952 1938 quod
2992 1867 3060 1920 ita
3096 1882 3195 1937 pro
3219 1867 3453 1920 minimis
3479 1863 3733 1936 Operihus

2144 1971 2346 2014 tantum
2376 1960 2588 2024 caelum,
2622 1970 2825 2013 tantum
2871 1973 3094 2029 regnum
3141 1958 3297 2014 detur
3338 1959 3389 2014 in
3423 1961 3723 2028 praemium.

2146 2053 2293 2125 (Cap.
2317 2053 2510 2122 XXVI)
2540 2053 2593 2107 1.
2624 2051 2691 2105 Et
2717 2054 2906 2122 factum
2933 2063 3005 2105 est
3026 2065 3140 2104 cum
3169 2062 3560 2105 consummasset
3580 2050 3732 2105 Jesus

2141 2147 2232 2202 hos
2261 2164 2534 2209 sermones,
2568 2147 2697 2201 dixit
2730 2144 2992 2214 discipulis
3019 2146 3123 2199 suis
3153 2142 3248 2198 :2.
3281 2142 3434 2199 Scitis
3470 2141 3588 2215 quia
3622 2154 3730 2212 post

2142 2241 2350 2296 biduum
2381 2242 2568 2310 pascha
2603 2241 2704 2306 ﬁet,
2739 2249 2785 2294 et
2815 2237 2981 2293 Filius
3011 2239 3226 2292 hominis
3269 2238 3494 2292 tradetur
3533 2246 3586 2289 ut
3615 2253 3734 2288 cru-

2141 2335 2398 2405 ciﬁgatnr.
2457 2334 2658 2388 Rursus
2714 2341 3016 2402 Opportune
3061 2331 3130 2385 de
3177 2331 3425 2400 passione
3475 2329 3726 2398 loquitur,

2143 2427 2356 2496 quando
2386 2426 2454 2479 dc
2480 2441 2663 2495 regno,
2690 2424 2757 2478 de
2785 2423 3135 2478 retributione
3166 2421 3359 2488 futura,
3389 2429 3441 2475 et
3467 2419 3534 2474 de
3570 2429 3736 2472 atter-r

2145 2523 2227 2574 nis
2247 2519 2566 2575 cruciatibus
2591 2518 2747 2572 verba
2777 2517 3005 2582 fecerat;
3033 2533 3094 2570 ac
3116 2517 3157 2568 si
3175 2515 3378 2570 diceret
3404 2532 3417 2566 :
3441 2512 3546 2568 Cur
3577 2512 3732 2566 time-

2147 2614 2216 2667 tis
2229 2613 2296 2667 de
2317 2611 2678 2681 temporaueis
2700 2610 2874 2674 malis,
2895 2597 3014 2663 cum
3047 2608 3166 2662 talia
3187 2622 3280 2661 vos
3301 2605 3695 2660 maneanthona
3711 2604 3742 2654 ?'

2217 2707 2268 2761 5.
2305 2705 2380 2760 Tn
2409 2720 2535 2758 vero
2559 2703 2687 2757 mihi
2714 2701 3022 2756 consideres
3048 2700 3208 2754 velim
3231 2697 3498 2769 quomodo
3521 2695 3571 2750 id
3594 2694 3739 2763 quod

2146 2799 2268 2852 illos
2298 2798 2528 2851 maxime
2553 2795 2801 2864 angebat,
2836 2809 2961 2848 cttm
2991 2801 3107 2846 arte
3137 2806 3268 2844 nova
3298 2787 3531 2857 quadam
3559 2788 3608 2838 in
3640 2800 3734 2838 su-

2147 2891 2444 2962 perioribus
2475 2887 2892 2943 adumbraverit.
2920 2885 3035 2940 Non
3066 2885 3206 2938 enim
3235 2881 3385 2939 dixit.
3417 2879 3581 2934 Scitis
3613 2877 3737 2946 quia

2149 2993 2267 3052 post
2288 2981 2424 3036 duos
2451 2981 2567 3034 dies
2599 2979 2813 3041 tradar;
2861 2977 2954 3032 sed
2983 2974 3144 3046 quid?
3192 2973 3344 3028 Scitis
3379 2973 3498 3042 quia
3529 2979 3636 3039 post
3663 2965 3741 3022 bié

2147 3075 2305 3128 duum
2336 3074 2522 3142 pascha
2551 3073 2658 3138 ﬁet,
2689 3081 2737 3125 et
2770 3069 2939 3123 Filius
2981 3067 3196 3122 hominis
3233 3063 3501 3125 tradetur;
3530 3071 3586 3141 et
3614 3071 3739 3114 tunc

2146 3167 2347 3237 adjicit,
2382 3164 2449 3220 Ut
2479 3165 2804 3235 cruci/igatur
2826 3180 2844 3227 ,'
2870 3159 3162 3216 ostendens
3194 3155 3507 3228 mysterium
3536 3168 3656 3208 esse
3686 3147 3756 3206 Μ’

2146 3260 2289 3332 quod
2322 3259 2499 3325 ﬁebat,
2534 3257 2726 3312 festum
2755 3266 2809 3312 et
2837 3254 3200 3310 celebritatem
3225 3249 3290 3302 ad
3321 3247 3548 3302 salutem
3592 3245 3744 3299 orbis

2147 3355 2360 3418 laetam,
2387 3363 2442 3407 et
2469 3367 2528 3406 se
2572 3366 2849 3421 passurum
2880 3363 3023 3413 esse,
3069 3360 3188 3400 cum
3217 3342 3394 3397 omnia
3435 3338 3742 3409 pncscivis‘

2147 3456 2248 3502 set.
2277 3445 2401 3500 Ideo
2426 3445 2576 3516 quasi
2603 3444 2705 3497 hoc
2741 3442 2872 3496 satis
2905 3449 3048 3496 esset
3076 3437 3141 3493 ad
3167 3435 3590 3492 consolationem
3620 3432 3747 3486 illu-

2147 3554 2286 3599 rum.
2325 3536 2456 3591 nihil
2496 3535 2600 3590 illis
2637 3550 2780 3589 nunc
2809 3534 2938 3588 dicit
2965 3532 3033 3587 de
3079 3526 3474 3584 resurrectione
3507 3541 3520 3577 :
3552 3540 3744 3593 snper-

2147 3628 2312 3683 lluum
2335 3627 2478 3681 enim
2499 3624 2709 3689 fuisset,
2731 3634 3009 3693 postquam
3030 3630 3102 3675 tot
3125 3627 3370 3686 tantaque
3388 3616 3738 3675 disseruerat,

2148 3721 2216 3776 de
2265 3719 2350 3774 illa
2405 3718 2599 3772 iterum
2630 3717 2829 3771 dicere.
2872 3713 3120 3782 Alioquin
3177 3723 3327 3774 vero,
3362 3716 3416 3760 ut
3443 3706 3554 3775 jam
3607 3705 3742 3770 dixi,

2149 3811 2388 3869 ostendit
2413 3811 2581 3880 ipsam
2605 3808 2907 3879 passionem
2939 3821 2968 3860 a
2997 3804 3138 3858 mille
3165 3799 3316 3856 malis
3347 3799 3593 3851 homines
3612 3797 3744 3850 libe-

2149 3920 2291 3965 rare.
2345 3903 2473 3959 dum
2507 3917 2602 3972 per
2646 3899 2840 3969 pascha
2872 3907 3053 3953 vetera
3095 3891 3350 3949 beneﬁcia
3401 3889 3452 3943 in
3510 3887 3751 3958 Δίωνι)ιο

2151 3999 2385 4072 ιιτωειίω
2417 4002 2818 4051 commemorat.
2849 3993 2904 4046 ’5.
2940 3989 3078 4044 Tunc
3126 3983 3408 4056 congregati
3454 3992 3569 4034 sunt
3607 3981 3747 4049 prino

2149 4095 2286 4164 cipes
2329 4089 2660 4152 sacerdotum,
2689 4085 2886 4151 scribat,
2931 4093 2976 4138 et
3026 4081 3244 4136 seniores
3289 4072 3464 4147 populi
3513 4075 3566 4126 in
3611 4073 3750 4126 atrio

2149 4184 2333 4240 suinmi
2359 4180 2650 4245 sacerdotis,
2697 4179 2781 4247 qui
2811 4176 3080 4231 uocabatur
3121 4169 3360 4239 Caiphas,
3400 4167 3454 4221 4.
3500 4175 3545 4217 et
3575 4165 3749 4219 consi—

2152 4277 2276 4331 lium
2309 4274 2528 4328 inierunt
2566 4281 2618 4324 ut
2651 4269 2828 4323 Jesum
2866 4267 2984 4320 dolo
3011 4272 3252 4325 tenerent,
3280 4269 3324 4313 et
3351 4255 3653 4311 occiderent.
3684 4255 3744 4311 5.

2151 4367 2397 4422 Dicebant
2426 4374 2611 4428 autem,
2646 4359 2767 4415 Non
2795 4361 2848 4413 in
2879 4359 2960 4413 die
2986 4361 3130 4430 festo,
3165 4371 3228 4408 ne
3259 4350 3496 4405 tumultus
3523 4349 3663 4418 ﬁeret
3691 4350 3749 4404 in

2152 4460 2364 4532 papula.
2409 4456 2600 4511 Vidisti
2629 4456 2918 4509 maximam
2964 4449 3304 4505 Judaicarum
3348 4459 3526 4498 rerum
3556 4458 3750 4497 corru.

2153 4547 2430 4624 ptionem?
2463 4549 2566 4604 Res
2596 4548 2805 4616 iniquas
2831 4543 3222 4614 aggredientes,
3261 4535 3326 4591 ad
3354 4550 3622 4590 sununum
3653 4551 3749 4590 sa-

2152 4642 2427 4702 cerdotem
2456 4640 2694 4704 veniunt,
2724 4637 2848 4692 dum
2879 4633 3002 4690 inde
3027 4632 3210 4686 volunt
3253 4636 3568 4699 poteStatem
3596 4627 3749 4681 acci-

2153 4752 2284 4810 pere
2311 4734 2452 4789 unde
2484 4728 2728 4800 impediri
2764 4726 3066 4799 Oportebat.
3104 4722 3174 4777 Et
3202 4728 3330 4790 quot
3369 4726 3521 4773 erant
3549 4718 3763 4773 summi“

2152 4809 2499 4885 sacerdotes?
2524 4821 2635 4877 Lex
2664 4821 2808 4875 enim
2829 4833 2991 4873 unum
3015 4829 3134 4872 esse
3158 4813 3268 4868 vult
3293 4830 3305 4865 :
3329 4809 3422 4864 sed
3447 4821 3571 4863 tunc
3594 4810 3760 4866 multi

2152 4931 2326 4979 erant.
2356 4917 2508 4975 Unde
2537 4915 2710 4986 palam
2729 4922 2832 4977 est,
2862 4910 3081 4965 Judaica
3105 4908 3215 4977 jam
3246 4904 3463 4960 dissolvi
3489 4905 3752 4973 coepisse.

2153 5013 2364 5085 Moyses
2393 5009 2559 5073 enim,
2591 5015 2652 5061 ut
2678 5005 2808 5068 dixi,
2835 5016 2998 5057 unum
3025 5014 3145 5054 esse
3169 4998 3327 5068 jussit
3355 5014 3369 5050 :
3401 5009 3508 5066 quo
3535 5004 3750 5049 mortuo

2154 5105 2318 5160 alium
2371 5101 2555 5171 deligi,
2599 5098 2651 5151 in
2702 5095 2965 5165 bujusque
3004 5092 3112 5145 vita
3153 5090 3396 5145 exsilium
3441 5086 3747 5143 terminavit

2154 5212 2340 5255 eorum
2390 5195 2481 5264 qui
2546 5187 2900 5246 involuntarie
2965 5199 3152 5238 necem
3209 5181 3369 5236 alicui
3423 5178 3744 5234 intuliSsent.

2155 5287 2438 5360 Quomodo
2483 5285 2643 5352 igitur
2691 5290 2817 5334 tunc
2869 5277 3018 5332 multi
3067 5273 3371 5329 sacerdotes
3409 5270 3531 5342 (a)?
3572 5270 3748 5324 Animi

2155 5385 2412 5451 deinceps
2437 5379 2558 5433 facti
2589 5383 2733 5430 sunt.
2769 5371 2880 5426 Hoc
2904 5367 3221 5439 signiﬁcavit
3245 5364 3592 5434 evangelista,
3627 5378 3751 5418 cum

2157 5479 2224 5533 de
2253 5474 2510 5530 Zacbaria
2556 5471 2886 5540 loqueretur,
2915 5465 3101 5518 dicens
3131 5460 3280 5515 illum
3329 5457 3491 5511 fuisse
3537 5455 3612 5510 De
3653 5457 3758 5508 rice

2223 5631 2296 5694 (α)
2323 5629 2378 5678 In
2402 5635 2566 5676 ανωοο
2587 5625 2772 5694 legit“?
2794 5634 2988 5694 δαημῐςε
3003 5617 3086 5694 ΑΨ-
3100 5609 3756 5694 ἕξιὶἕηῗῖέέίίξθὶίέῗξῗέδ

2159 5672 2530 5756 ειὲἆέὁέίόίὶξὶῖἐ
2543 5672 2605 5736 θυι
2618 5672 2765 5756 Fam
2805 5672 3756 5756 §”@55§3‘29"EPE‘§.1.E‘E’1‘1'.}3€”3

2159 5731 2741 5810 Sitiﬁiﬁiﬁﬁié'aiplgié
2753 5731 2951 5807 patrem
2967 5731 3392 5810 summula
3417 5731 3752 5810 acerde

2155 5802 2260 5877 Alit
2283 5831 2430 5871 secus
2466 5802 2776 5867 existimant:
2817 5810 2872 5861 ν.
2900 5807 3079 5859 Δάηοι.
3105 5803 3266 5867 Field,
3287 5805 3347 5854 ad
3365 5817 3416 5868 p.
3441 5802 3556 5856 761.
