  <div class='ocr_page' id='page_1' title='image "/cluster/home/n/w/nwhite01/storage/ocr_20150623/58:no.7:pt.2/coo.31924054869585/264.png"; bbox 0 0 4128 6412; ppageno 0'>
   <div class='ocr_carea' id='block_1_1' title="bbox 453 452 555 515">
    <p class='ocr_par' dir='ltr' id='par_1_1' title="bbox 453 452 555 515">
     <span class='ocr_line' id='line_1_1' title="bbox 453 452 555 515; baseline 0.029 -3"><span class='ocrx_word' id='word_1_1' title='bbox 453 452 555 515; x_wconf 64' lang='lat'><strong>77.1</strong></span> 
     </span>
    </p>
   </div>
   <div class='ocr_carea' id='block_1_2' title="bbox 454 570 2046 647">
    <p class='ocr_par' dir='ltr' id='par_1_2' title="bbox 454 570 2046 647">
     <span class='ocr_line' id='line_1_2' title="bbox 454 570 2046 647; baseline -0.001 -20"><span class='ocrx_word' id='word_1_2' title='bbox 454 573 582 627; x_wconf 79' lang='lat' dir='ltr'><strong>Abiu</strong></span> <span class='ocrx_word' id='word_1_3' title='bbox 605 571 760 647; x_wconf 83' lang='lat' dir='ltr'><strong>(Luc.</strong></span> <span class='ocrx_word' id='word_1_4' title='bbox 793 574 844 631; x_wconf 79' lang='lat' dir='ltr'><strong>l.</strong></span> <span class='ocrx_word' id='word_1_5' title='bbox 877 573 953 645; x_wconf 78' lang='lat'><strong>5).</strong></span> <span class='ocrx_word' id='word_1_6' title='bbox 998 570 1276 644; x_wconf 73' lang='lat' dir='ltr'><strong>Principes</strong></span> <span class='ocrx_word' id='word_1_7' title='bbox 1314 572 1475 644; x_wconf 77' lang='lat' dir='ltr'><strong>igitur</strong></span> <span class='ocrx_word' id='word_1_8' title='bbox 1515 571 1849 627; x_wconf 79' lang='lat' dir='ltr'><strong>sacerdotum</strong></span> <span class='ocrx_word' id='word_1_9' title='bbox 1884 571 2046 626; x_wconf 78' lang='lat' dir='ltr'><strong>fuisse</strong></span> 
     </span>
    </p>
   </div>
   <div class='ocr_carea' id='block_1_3' title="bbox 455 662 2042 737">
    <p class='ocr_par' dir='ltr' id='par_1_3' title="bbox 455 662 2042 737">
     <span class='ocr_line' id='line_1_3' title="bbox 455 662 2042 737; baseline -0.001 -20"><span class='ocrx_word' id='word_1_10' title='bbox 455 664 585 719; x_wconf 91' lang='lat' dir='ltr'><strong>dicit</strong></span> <span class='ocrx_word' id='word_1_11' title='bbox 632 680 748 732; x_wconf 87' lang='lat' dir='ltr'><strong>eos,</strong></span> <span class='ocrx_word' id='word_1_12' title='bbox 798 666 888 737; x_wconf 75' lang='lat' dir='ltr'><strong>qui</strong></span> <span class='ocrx_word' id='word_1_13' title='bbox 933 664 1003 721; x_wconf 90' lang='lat' dir='ltr'><strong>de</strong></span> <span class='ocrx_word' id='word_1_14' title='bbox 1044 664 1376 734; x_wconf 88' lang='lat' dir='ltr'><strong>principibus</strong></span> <span class='ocrx_word' id='word_1_15' title='bbox 1423 664 1759 720; x_wconf 73' lang='lat' dir='ltr'><strong>sacerdotum</strong></span> <span class='ocrx_word' id='word_1_16' title='bbox 1814 662 2042 718; x_wconf 81' lang='lat' dir='ltr'><strong>fuerant.</strong></span> 
     </span>
    </p>
   </div>
   <div class='ocr_carea' id='block_1_4' title="bbox 454 756 2048 826">
    <p class='ocr_par' dir='ltr' id='par_1_4' title="bbox 454 756 2048 826">
     <span class='ocr_line' id='line_1_4' title="bbox 454 756 2048 826; baseline -0.001 -15"><span class='ocrx_word' id='word_1_17' title='bbox 454 758 608 825; x_wconf 88' lang='lat' dir='ltr'><strong>Quod</strong></span> <span class='ocrx_word' id='word_1_18' title='bbox 640 766 817 812; x_wconf 89' lang='lat' dir='ltr'><strong>autem</strong></span> <span class='ocrx_word' id='word_1_19' title='bbox 847 757 1128 812; x_wconf 80' lang='lat' dir='ltr'><strong>consilium</strong></span> <span class='ocrx_word' id='word_1_20' title='bbox 1161 756 1429 812; x_wconf 88' lang='lat' dir='ltr'><strong>inierunt?</strong></span> <span class='ocrx_word' id='word_1_21' title='bbox 1459 764 1517 810; x_wconf 91' lang='lat' dir='ltr'><strong>ut</strong></span> <span class='ocrx_word' id='word_1_22' title='bbox 1557 770 1677 811; x_wconf 91' lang='lat' dir='ltr'><strong>eum</strong></span> <span class='ocrx_word' id='word_1_23' title='bbox 1714 756 1848 811; x_wconf 91' lang='lat' dir='ltr'><strong>clam</strong></span> <span class='ocrx_word' id='word_1_24' title='bbox 1891 771 2048 826; x_wconf 87' lang='lat' dir='ltr'><strong>cape-</strong></span> 
     </span>
    </p>
   </div>
   <div class='ocr_carea' id='block_1_5' title="bbox 453 846 2043 917">
    <p class='ocr_par' dir='ltr' id='par_1_5' title="bbox 453 846 2043 917">
     <span class='ocr_line' id='line_1_5' title="bbox 453 846 2043 917; baseline -0.001 -15"><span class='ocrx_word' id='word_1_25' title='bbox 453 849 612 903; x_wconf 88' lang='lat' dir='ltr'><strong>rent?</strong></span> <span class='ocrx_word' id='word_1_26' title='bbox 633 857 724 903; x_wconf 88' lang='lat' dir='ltr'><strong>aut</strong></span> <span class='ocrx_word' id='word_1_27' title='bbox 757 848 1132 903; x_wconf 85' lang='lat' dir='ltr'><strong>utoccidcrcnt</strong></span> <span class='ocrx_word' id='word_1_28' title='bbox 1153 849 1177 902; x_wconf 88' lang='lat'><strong>?</strong></span> <span class='ocrx_word' id='word_1_29' title='bbox 1198 847 1494 917; x_wconf 85' lang='lat' dir='ltr'><strong>Utrumque</strong></span> <span class='ocrx_word' id='word_1_30' title='bbox 1524 864 1537 900; x_wconf 90' lang='lat'><strong>:</strong></span> <span class='ocrx_word' id='word_1_31' title='bbox 1567 847 1825 902; x_wconf 84' lang='lat' dir='ltr'><strong>timebant</strong></span> <span class='ocrx_word' id='word_1_32' title='bbox 1852 846 1998 901; x_wconf 89' lang='lat' dir='ltr'><strong>enim</strong></span> <span class='ocrx_word' id='word_1_33' title='bbox 2025 846 2043 878; x_wconf 82' lang='grc'>¹</span> 
     </span>
    </p>
   </div>
   <div class='ocr_carea' id='block_1_6' title="bbox 454 939 2047 1011">
    <p class='ocr_par' dir='ltr' id='par_1_6' title="bbox 454 939 2047 1011">
     <span class='ocr_line' id='line_1_6' title="bbox 454 939 2047 1011; baseline -0.001 -16"><span class='ocrx_word' id='word_1_34' title='bbox 454 939 685 1010; x_wconf 77' lang='lat' dir='ltr'><strong>plebem.</strong></span> <span class='ocrx_word' id='word_1_35' title='bbox 740 939 863 994; x_wconf 87' lang='lat' dir='ltr'><strong>ldeo</strong></span> <span class='ocrx_word' id='word_1_36' title='bbox 902 941 1177 1011; x_wconf 82' lang='lat' dir='ltr'><strong>praeterire</strong></span> <span class='ocrx_word' id='word_1_37' title='bbox 1227 940 1416 995; x_wconf 83' lang='lat' dir='ltr'><strong>festum</strong></span> <span class='ocrx_word' id='word_1_38' title='bbox 1469 940 1748 1006; x_wconf 83' lang='lat' dir='ltr'><strong>volebant;</strong></span> <span class='ocrx_word' id='word_1_39' title='bbox 1800 939 2047 994; x_wconf 89' lang='lat' dir='ltr'><strong>dicebant</strong></span> 
     </span>
    </p>
   </div>
   <div class='ocr_carea' id='block_1_7' title="bbox 452 1029 2043 1103">
    <p class='ocr_par' dir='ltr' id='par_1_7' title="bbox 452 1029 2043 1103">
     <span class='ocr_line' id='line_1_7' title="bbox 452 1029 2043 1103; baseline -0.001 -16"><span class='ocrx_word' id='word_1_40' title='bbox 452 1032 616 1097; x_wconf 87' lang='lat' dir='ltr'><strong>enim,</strong></span> <span class='ocrx_word' id='word_1_41' title='bbox 661 1029 782 1086; x_wconf 75' lang='lat' dir='ltr'><strong>Non</strong></span> <span class='ocrx_word' id='word_1_42' title='bbox 809 1033 862 1086; x_wconf 79' lang='lat' dir='ltr'><strong>in</strong></span> <span class='ocrx_word' id='word_1_43' title='bbox 896 1033 979 1086; x_wconf 83' lang='lat' dir='ltr'><strong>die</strong></span> <span class='ocrx_word' id='word_1_44' title='bbox 1004 1034 1153 1103; x_wconf 80' lang='lat' dir='ltr'><strong>festo.</strong></span> <span class='ocrx_word' id='word_1_45' title='bbox 1195 1032 1327 1087; x_wconf 82' lang='lat' dir='ltr'><strong>Nam</strong></span> <span class='ocrx_word' id='word_1_46' title='bbox 1366 1032 1629 1095; x_wconf 90' lang='lat' dir='ltr'><strong>diabolus,</strong></span> <span class='ocrx_word' id='word_1_47' title='bbox 1662 1049 1730 1087; x_wconf 89' lang='lat' dir='ltr'><strong>ne</strong></span> <span class='ocrx_word' id='word_1_48' title='bbox 1761 1031 2043 1087; x_wconf 77' lang='lat' dir='ltr'><strong>manifesm</strong></span> 
     </span>
    </p>
   </div>
   <div class='ocr_carea' id='block_1_8' title="bbox 450 1123 2047 1194">
    <p class='ocr_par' dir='ltr' id='par_1_8' title="bbox 450 1123 2047 1194">
     <span class='ocr_line' id='line_1_8' title="bbox 450 1123 2047 1194; baseline 0.003 -20"><span class='ocrx_word' id='word_1_49' title='bbox 450 1124 634 1193; x_wconf 71' lang='lat' dir='ltr'><strong>passio</strong></span> <span class='ocrx_word' id='word_1_50' title='bbox 661 1133 827 1183; x_wconf 89' lang='lat' dir='ltr'><strong>esset.</strong></span> <span class='ocrx_word' id='word_1_51' title='bbox 853 1123 1069 1178; x_wconf 89' lang='lat' dir='ltr'><strong>nolebat</strong></span> <span class='ocrx_word' id='word_1_52' title='bbox 1093 1123 1265 1179; x_wconf 88' lang='lat' dir='ltr'><strong>occidi</strong></span> <span class='ocrx_word' id='word_1_53' title='bbox 1286 1125 1340 1178; x_wconf 91' lang='lat' dir='ltr'><strong>in</strong></span> <span class='ocrx_word' id='word_1_54' title='bbox 1368 1123 1655 1194; x_wconf 79' lang='lat' dir='ltr'><strong>paschale;</strong></span> <span class='ocrx_word' id='word_1_55' title='bbox 1689 1124 1763 1178; x_wconf 93' lang='lat' dir='ltr'><strong>illi</strong></span> <span class='ocrx_word' id='word_1_56' title='bbox 1801 1140 1950 1190; x_wconf 83' lang='lat' dir='ltr'><strong>vero,</strong></span> <span class='ocrx_word' id='word_1_57' title='bbox 1980 1139 2047 1179; x_wconf 92' lang='lat' dir='ltr'><strong>ne</strong></span> 
     </span>
    </p>
   </div>
   <div class='ocr_carea' id='block_1_9' title="bbox 440 1215 2043 1279">
    <p class='ocr_par' dir='ltr' id='par_1_9' title="bbox 440 1215 2043 1279">
     <span class='ocr_line' id='line_1_9' title="bbox 440 1215 2043 1279; baseline 0 -11"><span class='ocrx_word' id='word_1_58' title='bbox 440 1215 713 1269; x_wconf 67' lang='lat' dir='ltr'><strong>:tumultus</strong></span> <span class='ocrx_word' id='word_1_59' title='bbox 734 1225 898 1270; x_wconf 82' lang='lat' dir='ltr'><strong>esset.</strong></span> <span class='ocrx_word' id='word_1_60' title='bbox 940 1215 1320 1270; x_wconf 83' lang='lat' dir='ltr'><strong>Animadverte</strong></span> <span class='ocrx_word' id='word_1_61' title='bbox 1343 1221 1521 1269; x_wconf 89' lang='lat' dir='ltr'><strong>autem</strong></span> <span class='ocrx_word' id='word_1_62' title='bbox 1547 1215 1667 1270; x_wconf 89' lang='lat' dir='ltr'><strong>illos</strong></span> <span class='ocrx_word' id='word_1_63' title='bbox 1704 1217 1913 1279; x_wconf 90' lang='lat' dir='ltr'><strong>timere,</strong></span> <span class='ocrx_word' id='word_1_64' title='bbox 1940 1231 2043 1269; x_wconf 92' lang='lat' dir='ltr'><strong>non</strong></span> 
     </span>
    </p>
   </div>
   <div class='ocr_carea' id='block_1_10' title="bbox 440 1305 2044 1377">
    <p class='ocr_par' dir='ltr' id='par_1_10' title="bbox 440 1305 2044 1377">
     <span class='ocr_line' id='line_1_10' title="bbox 440 1305 2044 1377; baseline 0.006 -24"><span class='ocrx_word' id='word_1_65' title='bbox 440 1305 649 1364; x_wconf 78' lang='lat' dir='ltr'><strong>ZDoum.</strong></span> <span class='ocrx_word' id='word_1_66' title='bbox 697 1318 868 1375; x_wconf 86' lang='lat' dir='ltr'><strong>neque</strong></span> <span class='ocrx_word' id='word_1_67' title='bbox 896 1319 966 1361; x_wconf 90' lang='lat' dir='ltr'><strong>ne</strong></span> <span class='ocrx_word' id='word_1_68' title='bbox 995 1306 1168 1376; x_wconf 80' lang='lat' dir='ltr'><strong>majus</strong></span> <span class='ocrx_word' id='word_1_69' title='bbox 1198 1307 1373 1362; x_wconf 90' lang='lat' dir='ltr'><strong>scelus</strong></span> <span class='ocrx_word' id='word_1_70' title='bbox 1403 1316 1547 1363; x_wconf 89' lang='lat' dir='ltr'><strong>esset</strong></span> <span class='ocrx_word' id='word_1_71' title='bbox 1577 1321 1604 1360; x_wconf 89' lang='lat' dir='ltr'><strong>a</strong></span> <span class='ocrx_word' id='word_1_72' title='bbox 1635 1316 1915 1377; x_wconf 90' lang='lat' dir='ltr'><strong>tempore;</strong></span> <span class='ocrx_word' id='word_1_73' title='bbox 1949 1308 2044 1363; x_wconf 89' lang='lat' dir='ltr'><strong>sed</strong></span> 
     </span>
    </p>
   </div>
   <div class='ocr_carea' id='block_1_11' title="bbox 459 1397 2042 1469">
    <p class='ocr_par' dir='ltr' id='par_1_11' title="bbox 459 1397 2042 1469">
     <span class='ocr_line' id='line_1_11' title="bbox 459 1397 2042 1469; baseline 0.005 -22"><span class='ocrx_word' id='word_1_74' title='bbox 459 1399 651 1469; x_wconf 87' lang='lat' dir='ltr'><strong>ubique</strong></span> <span class='ocrx_word' id='word_1_75' title='bbox 678 1397 906 1453; x_wconf 89' lang='lat' dir='ltr'><strong>humana</strong></span> <span class='ocrx_word' id='word_1_76' title='bbox 931 1408 1191 1454; x_wconf 90' lang='lat' dir='ltr'><strong>metuere.</strong></span> <span class='ocrx_word' id='word_1_77' title='bbox 1224 1403 1472 1455; x_wconf 81' lang='lat' dir='ltr'><strong>Attamen</strong></span> <span class='ocrx_word' id='word_1_78' title='bbox 1522 1401 1703 1455; x_wconf 87' lang='lat' dir='ltr'><strong>animo</strong></span> <span class='ocrx_word' id='word_1_79' title='bbox 1749 1402 2042 1467; x_wconf 77' lang='lat' dir='ltr'><strong>ferventes,</strong></span> 
     </span>
    </p>
   </div>
   <div class='ocr_carea' id='block_1_12' title="bbox 436 1493 2043 1562">
    <p class='ocr_par' dir='ltr' id='par_1_12' title="bbox 436 1493 2043 1562">
     <span class='ocr_line' id='line_1_12' title="bbox 436 1493 2043 1562; baseline 0.006 -24"><span class='ocrx_word' id='word_1_80' title='bbox 436 1502 638 1562; x_wconf 58' lang='lat' dir='ltr'><strong>gpostea</strong></span> <span class='ocrx_word' id='word_1_81' title='bbox 691 1494 1012 1548; x_wconf 88' lang='lat' dir='ltr'><strong>sententiam</strong></span> <span class='ocrx_word' id='word_1_82' title='bbox 1065 1502 1354 1547; x_wconf 85' lang='lat' dir='ltr'><strong>mutarunt.</strong></span> <span class='ocrx_word' id='word_1_83' title='bbox 1400 1494 1530 1548; x_wconf 89' lang='lat' dir='ltr'><strong>Cum</strong></span> <span class='ocrx_word' id='word_1_84' title='bbox 1576 1493 1835 1548; x_wconf 78' lang='lat' dir='ltr'><strong>dixissent</strong></span> <span class='ocrx_word' id='word_1_85' title='bbox 1877 1494 2043 1558; x_wconf 91' lang='lat' dir='ltr'><strong>enim,</strong></span> 
     </span>
    </p>
   </div>
   <div class='ocr_carea' id='block_1_13' title="bbox 460 1582 2046 1660">
    <p class='ocr_par' dir='ltr' id='par_1_13' title="bbox 460 1582 2046 1660">
     <span class='ocr_line' id='line_1_13' title="bbox 460 1582 2046 1660; baseline 0.004 -23"><span class='ocrx_word' id='word_1_86' title='bbox 460 1582 580 1638; x_wconf 83' lang='lat' dir='ltr'><strong>Non</strong></span> <span class='ocrx_word' id='word_1_87' title='bbox 617 1586 670 1660; x_wconf 78' lang='lat' dir='ltr'><strong>in</strong></span> <span class='ocrx_word' id='word_1_88' title='bbox 712 1585 800 1640; x_wconf 83' lang='lat' dir='ltr'><strong>die</strong></span> <span class='ocrx_word' id='word_1_89' title='bbox 849 1587 998 1657; x_wconf 78' lang='lat' dir='ltr'><strong>festo,</strong></span> <span class='ocrx_word' id='word_1_90' title='bbox 1046 1603 1166 1642; x_wconf 92' lang='lat' dir='ltr'><strong>cum</strong></span> <span class='ocrx_word' id='word_1_91' title='bbox 1217 1587 1543 1658; x_wconf 88' lang='lat' dir='ltr'><strong>proditorem</strong></span> <span class='ocrx_word' id='word_1_92' title='bbox 1591 1589 1934 1654; x_wconf 81' lang='lat' dir='ltr'><strong>invenissent,</strong></span> <span class='ocrx_word' id='word_1_93' title='bbox 1979 1590 2046 1644; x_wconf 91' lang='lat' dir='ltr'><strong>de</strong></span> 
     </span>
    </p>
   </div>
   <div class='ocr_carea' id='block_1_14' title="bbox 433 1678 2043 1749">
    <p class='ocr_par' dir='ltr' id='par_1_14' title="bbox 433 1678 2043 1749">
     <span class='ocr_line' id='line_1_14' title="bbox 433 1678 2043 1749; baseline 0.002 -20"><span class='ocrx_word' id='word_1_94' title='bbox 433 1686 698 1746; x_wconf 74' lang='lat' dir='ltr'><strong>tempore</strong></span> <span class='ocrx_word' id='word_1_95' title='bbox 733 1693 837 1732; x_wconf 91' lang='lat' dir='ltr'><strong>non</strong></span> <span class='ocrx_word' id='word_1_96' title='bbox 866 1688 1137 1745; x_wconf 88' lang='lat' dir='ltr'><strong>curarunt,</strong></span> <span class='ocrx_word' id='word_1_97' title='bbox 1168 1680 1260 1734; x_wconf 89' lang='lat' dir='ltr'><strong>sed</strong></span> <span class='ocrx_word' id='word_1_98' title='bbox 1304 1679 1356 1733; x_wconf 92' lang='lat' dir='ltr'><strong>in</strong></span> <span class='ocrx_word' id='word_1_99' title='bbox 1407 1678 1523 1749; x_wconf 89' lang='lat' dir='ltr'><strong>ipso</strong></span> <span class='ocrx_word' id='word_1_100' title='bbox 1553 1678 1689 1733; x_wconf 81' lang='lat' dir='ltr'><strong>festo</strong></span> <span class='ocrx_word' id='word_1_101' title='bbox 1715 1680 2043 1735; x_wconf 90' lang='lat' dir='ltr'><strong>occiderunt.</strong></span> 
     </span>
    </p>
   </div>
   <div class='ocr_carea' id='block_1_15' title="bbox 436 1768 2041 1839">
    <p class='ocr_par' dir='ltr' id='par_1_15' title="bbox 436 1768 2041 1839">
     <span class='ocr_line' id='line_1_15' title="bbox 436 1768 2041 1839; baseline 0.002 -17"><span class='ocrx_word' id='word_1_102' title='bbox 436 1768 563 1823; x_wconf 79' lang='lat' dir='ltr'><strong>Cur</strong></span> <span class='ocrx_word' id='word_1_103' title='bbox 589 1776 765 1824; x_wconf 83' lang='lat' dir='ltr'><strong>autem</strong></span> <span class='ocrx_word' id='word_1_104' title='bbox 796 1770 945 1824; x_wconf 85' lang='lat' dir='ltr'><strong>illum</strong></span> <span class='ocrx_word' id='word_1_105' title='bbox 977 1781 1101 1825; x_wconf 88' lang='lat' dir='ltr'><strong>tunc</strong></span> <span class='ocrx_word' id='word_1_106' title='bbox 1126 1771 1430 1839; x_wconf 85' lang='lat' dir='ltr'><strong>ceperunt?</strong></span> <span class='ocrx_word' id='word_1_107' title='bbox 1469 1772 1533 1825; x_wconf 86' lang='lat' dir='ltr'><strong>Et</strong></span> <span class='ocrx_word' id='word_1_108' title='bbox 1559 1770 1738 1826; x_wconf 81' lang='lat' dir='ltr'><strong>furore</strong></span> <span class='ocrx_word' id='word_1_109' title='bbox 1767 1770 2041 1838; x_wconf 86' lang='lat' dir='ltr'><strong>ardentes,</strong></span> 
     </span>
    </p>
   </div>
   <div class='ocr_carea' id='block_1_16' title="bbox 436 1859 2046 1932">
    <p class='ocr_par' dir='ltr' id='par_1_16' title="bbox 436 1859 2046 1932">
     <span class='ocr_line' id='line_1_16' title="bbox 436 1859 2046 1932; baseline 0.002 -20"><span class='ocrx_word' id='word_1_110' title='bbox 436 1872 513 1913; x_wconf 75' lang='lat' dir='ltr'><strong>=ut</strong></span> <span class='ocrx_word' id='word_1_111' title='bbox 532 1859 750 1925; x_wconf 81' lang='lat' dir='ltr'><strong>dixi,-et</strong></span> <span class='ocrx_word' id='word_1_112' title='bbox 778 1861 917 1932; x_wconf 89' lang='lat' dir='ltr'><strong>quod</strong></span> <span class='ocrx_word' id='word_1_113' title='bbox 947 1873 1072 1918; x_wconf 92' lang='lat' dir='ltr'><strong>tunc</strong></span> <span class='ocrx_word' id='word_1_114' title='bbox 1097 1877 1154 1917; x_wconf 92' lang='lat' dir='ltr'><strong>se</strong></span> <span class='ocrx_word' id='word_1_115' title='bbox 1180 1864 1325 1916; x_wconf 86' lang='lat' dir='ltr'><strong>illum</strong></span> <span class='ocrx_word' id='word_1_116' title='bbox 1346 1862 1672 1917; x_wconf 80' lang='lat' dir='ltr'><strong>inventuros</strong></span> <span class='ocrx_word' id='word_1_117' title='bbox 1705 1876 1825 1917; x_wconf 85' lang='lat' dir='ltr'><strong>esse</strong></span> <span class='ocrx_word' id='word_1_118' title='bbox 1863 1876 2046 1931; x_wconf 79' lang='lat' dir='ltr'><strong>Spera-</strong></span> 
     </span>
    </p>
   </div>
   <div class='ocr_carea' id='block_1_17' title="bbox 443 1950 2046 2024">
    <p class='ocr_par' dir='ltr' id='par_1_17' title="bbox 443 1950 2046 2024">
     <span class='ocr_line' id='line_1_17' title="bbox 443 1950 2046 2024; baseline 0.002 -20"><span class='ocrx_word' id='word_1_119' title='bbox 443 1960 595 2015; x_wconf 63' lang='lat' dir='ltr'><strong>:rent,</strong></span> <span class='ocrx_word' id='word_1_120' title='bbox 630 1961 789 2023; x_wconf 85' lang='lat' dir='ltr'><strong>atque</strong></span> <span class='ocrx_word' id='word_1_121' title='bbox 819 1955 998 2008; x_wconf 86' lang='lat' dir='ltr'><strong>omnia</strong></span> <span class='ocrx_word' id='word_1_122' title='bbox 1028 1954 1179 2024; x_wconf 88' lang='lat' dir='ltr'><strong>quasi</strong></span> <span class='ocrx_word' id='word_1_123' title='bbox 1201 1954 1326 2009; x_wconf 62' lang='lat' dir='ltr'><strong>caeci</strong></span> <span class='ocrx_word' id='word_1_124' title='bbox 1369 1952 1623 2009; x_wconf 80' lang='lat' dir='ltr'><strong>facerent.</strong></span> <span class='ocrx_word' id='word_1_125' title='bbox 1667 1950 1780 2007; x_wconf 87' lang='lat' dir='ltr'><strong>Etsi</strong></span> <span class='ocrx_word' id='word_1_126' title='bbox 1817 1953 2046 2008; x_wconf 80' lang='lat' dir='ltr'><strong>maxime</strong></span> 
     </span>
    </p>
   </div>
   <div class='ocr_carea' id='block_1_18' title="bbox 442 2042 2043 2115">
    <p class='ocr_par' dir='ltr' id='par_1_18' title="bbox 442 2042 2043 2115">
     <span class='ocr_line' id='line_1_18' title="bbox 442 2042 2043 2115; baseline 0.001 -20"><span class='ocrx_word' id='word_1_127' title='bbox 442 2042 547 2097; x_wconf 69' lang='lat' dir='ltr'><strong>rille</strong></span> <span class='ocrx_word' id='word_1_128' title='bbox 579 2044 813 2109; x_wconf 88' lang='lat' dir='ltr'><strong>ipsorum</strong></span> <span class='ocrx_word' id='word_1_129' title='bbox 838 2045 1075 2115; x_wconf 87' lang='lat' dir='ltr'><strong>nequitia</strong></span> <span class='ocrx_word' id='word_1_130' title='bbox 1102 2044 1169 2099; x_wconf 89' lang='lat' dir='ltr'><strong>ad</strong></span> <span class='ocrx_word' id='word_1_131' title='bbox 1199 2045 1466 2115; x_wconf 86' lang='lat' dir='ltr'><strong>propriam</strong></span> <span class='ocrx_word' id='word_1_132' title='bbox 1499 2054 1737 2100; x_wconf 90' lang='lat' dir='ltr'><strong>uteretur</strong></span> <span class='ocrx_word' id='word_1_133' title='bbox 1760 2045 2043 2115; x_wconf 90' lang='lat' dir='ltr'><strong>dispensa-</strong></span> 
     </span>
    </p>
   </div>
   <div class='ocr_carea' id='block_1_19' title="bbox 432 2135 2045 2207">
    <p class='ocr_par' dir='ltr' id='par_1_19' title="bbox 432 2135 2045 2207">
     <span class='ocr_line' id='line_1_19' title="bbox 432 2135 2045 2207; baseline 0.001 -19"><span class='ocrx_word' id='word_1_134' title='bbox 432 2140 690 2201; x_wconf 53' lang='lat' dir='ltr'><strong>fztionem;</strong></span> <span class='ocrx_word' id='word_1_135' title='bbox 723 2152 829 2190; x_wconf 91' lang='lat' dir='ltr'><strong>non</strong></span> <span class='ocrx_word' id='word_1_136' title='bbox 861 2137 981 2190; x_wconf 90' lang='lat' dir='ltr'><strong>ideo</strong></span> <span class='ocrx_word' id='word_1_137' title='bbox 1009 2137 1126 2190; x_wconf 86' lang='lat' dir='ltr'><strong>sine</strong></span> <span class='ocrx_word' id='word_1_138' title='bbox 1169 2137 1322 2207; x_wconf 88' lang='lat' dir='ltr'><strong>culpa</strong></span> <span class='ocrx_word' id='word_1_139' title='bbox 1364 2147 1534 2206; x_wconf 81' lang='lat' dir='ltr'><strong>erant,</strong></span> <span class='ocrx_word' id='word_1_140' title='bbox 1578 2136 1671 2191; x_wconf 86' lang='lat' dir='ltr'><strong>sed</strong></span> <span class='ocrx_word' id='word_1_141' title='bbox 1717 2137 1861 2190; x_wconf 91' lang='lat' dir='ltr'><strong>mille</strong></span> <span class='ocrx_word' id='word_1_142' title='bbox 1900 2135 2045 2206; x_wconf 82' lang='lat' dir='ltr'><strong>digni</strong></span> 
     </span>
    </p>
   </div>
   <div class='ocr_carea' id='block_1_20' title="bbox 442 2226 2045 2297">
    <p class='ocr_par' dir='ltr' id='par_1_20' title="bbox 442 2226 2045 2297">
     <span class='ocr_line' id='line_1_20' title="bbox 442 2226 2045 2297; baseline 0.001 -16"><span class='ocrx_word' id='word_1_143' title='bbox 442 2227 781 2281; x_wconf 38' lang='lat' dir='ltr'><strong>xcruciatibus</strong></span> <span class='ocrx_word' id='word_1_144' title='bbox 809 2226 879 2280; x_wconf 87' lang='lat' dir='ltr'><strong>ob</strong></span> <span class='ocrx_word' id='word_1_145' title='bbox 908 2227 1010 2282; x_wconf 82' lang='lat' dir='ltr'><strong>tale</strong></span> <span class='ocrx_word' id='word_1_146' title='bbox 1041 2229 1393 2297; x_wconf 86' lang='lat' dir='ltr'><strong>propositum.</strong></span> <span class='ocrx_word' id='word_1_147' title='bbox 1422 2228 1644 2294; x_wconf 85' lang='lat' dir='ltr'><strong>Quando</strong></span> <span class='ocrx_word' id='word_1_148' title='bbox 1672 2228 1829 2297; x_wconf 80' lang='lat' dir='ltr'><strong>igitur</strong></span> <span class='ocrx_word' id='word_1_149' title='bbox 1857 2242 2045 2283; x_wconf 90' lang='lat' dir='ltr'><strong>omnes</strong></span> 
     </span>
    </p>
   </div>
   <div class='ocr_carea' id='block_1_21' title="bbox 442 2318 2043 2390">
    <p class='ocr_par' dir='ltr' id='par_1_21' title="bbox 442 2318 2043 2390">
     <span class='ocr_line' id='line_1_21' title="bbox 442 2318 2043 2390; baseline -0.002 -16"><span class='ocrx_word' id='word_1_150' title='bbox 442 2319 723 2390; x_wconf 77' lang='lat' dir='ltr'><strong>etiamque</strong></span> <span class='ocrx_word' id='word_1_151' title='bbox 754 2320 942 2374; x_wconf 75' lang='lat' dir='ltr'><strong>noxios</strong></span> <span class='ocrx_word' id='word_1_152' title='bbox 963 2320 1097 2374; x_wconf 88' lang='lat' dir='ltr'><strong>solvi</strong></span> <span class='ocrx_word' id='word_1_153' title='bbox 1121 2321 1422 2388; x_wconf 80' lang='lat' dir='ltr'><strong>Oportebat,</strong></span> <span class='ocrx_word' id='word_1_154' title='bbox 1459 2329 1583 2373; x_wconf 90' lang='lat' dir='ltr'><strong>tunc</strong></span> <span class='ocrx_word' id='word_1_155' title='bbox 1604 2318 1679 2373; x_wconf 88' lang='lat' dir='ltr'><strong>illi</strong></span> <span class='ocrx_word' id='word_1_156' title='bbox 1708 2321 2043 2374; x_wconf 87' lang='lat' dir='ltr'><strong>innocentem</strong></span> 
     </span>
    </p>
   </div>
   <div class='ocr_carea' id='block_1_22' title="bbox 455 2408 2045 2480">
    <p class='ocr_par' dir='ltr' id='par_1_22' title="bbox 455 2408 2045 2480">
     <span class='ocr_line' id='line_1_22' title="bbox 455 2408 2045 2480; baseline 0.001 -19"><span class='ocrx_word' id='word_1_157' title='bbox 455 2410 785 2475; x_wconf 83' lang='lat' dir='ltr'><strong>occiderunt,</strong></span> <span class='ocrx_word' id='word_1_158' title='bbox 817 2411 906 2480; x_wconf 91' lang='lat' dir='ltr'><strong>qui</strong></span> <span class='ocrx_word' id='word_1_159' title='bbox 939 2410 1066 2479; x_wconf 91' lang='lat' dir='ltr'><strong>ipsis</strong></span> <span class='ocrx_word' id='word_1_160' title='bbox 1108 2410 1255 2465; x_wconf 90' lang='lat' dir='ltr'><strong>mille</strong></span> <span class='ocrx_word' id='word_1_161' title='bbox 1284 2408 1540 2465; x_wconf 76' lang='lat' dir='ltr'><strong>beneficia</strong></span> <span class='ocrx_word' id='word_1_162' title='bbox 1571 2409 1892 2477; x_wconf 90' lang='lat' dir='ltr'><strong>contulerat,</strong></span> <span class='ocrx_word' id='word_1_163' title='bbox 1920 2409 2045 2479; x_wconf 89' lang='lat' dir='ltr'><strong>qui-</strong></span> 
     </span>
    </p>
   </div>
   <div class='ocr_carea' id='block_1_23' title="bbox 454 2499 2041 2570">
    <p class='ocr_par' dir='ltr' id='par_1_23' title="bbox 454 2499 2041 2570">
     <span class='ocr_line' id='line_1_23' title="bbox 454 2499 2041 2570; baseline 0.001 -19"><span class='ocrx_word' id='word_1_164' title='bbox 454 2517 557 2569; x_wconf 90' lang='lat' dir='ltr'><strong>que</strong></span> <span class='ocrx_word' id='word_1_165' title='bbox 581 2509 794 2570; x_wconf 81' lang='lat' dir='ltr'><strong>propter</strong></span> <span class='ocrx_word' id='word_1_166' title='bbox 820 2500 938 2555; x_wconf 91' lang='lat' dir='ltr'><strong>illos</strong></span> <span class='ocrx_word' id='word_1_167' title='bbox 967 2499 1176 2555; x_wconf 86' lang='lat' dir='ltr'><strong>interim</strong></span> <span class='ocrx_word' id='word_1_168' title='bbox 1206 2510 1391 2569; x_wconf 77' lang='lat' dir='ltr'><strong>gentes</strong></span> <span class='ocrx_word' id='word_1_169' title='bbox 1429 2499 1707 2570; x_wconf 82' lang='lat' dir='ltr'><strong>negligere</strong></span> <span class='ocrx_word' id='word_1_170' title='bbox 1744 2499 2041 2554; x_wconf 82' lang='lat' dir='ltr'><strong>videbatur.</strong></span> 
     </span>
    </p>
   </div>
   <div class='ocr_carea' id='block_1_24' title="bbox 442 2593 2045 2664">
    <p class='ocr_par' dir='ltr' id='par_1_24' title="bbox 442 2593 2045 2664">
     <span class='ocr_line' id='line_1_24' title="bbox 442 2593 2045 2664; baseline 0.001 -17"><span class='ocrx_word' id='word_1_171' title='bbox 442 2593 578 2658; x_wconf 79' lang='lat' dir='ltr'><strong>Sed,</strong></span> <span class='ocrx_word' id='word_1_172' title='bbox 613 2610 644 2647; x_wconf 92' lang='lat' dir='ltr'><strong>o</strong></span> <span class='ocrx_word' id='word_1_173' title='bbox 667 2594 1084 2664; x_wconf 86' lang='lat' dir='ltr'><strong>benignitatem!</strong></span> <span class='ocrx_word' id='word_1_174' title='bbox 1117 2594 1374 2649; x_wconf 89' lang='lat' dir='ltr'><strong>scelestos</strong></span> <span class='ocrx_word' id='word_1_175' title='bbox 1405 2594 1524 2649; x_wconf 92' lang='lat' dir='ltr'><strong>illos</strong></span> <span class='ocrx_word' id='word_1_176' title='bbox 1557 2595 1624 2647; x_wconf 89' lang='lat' dir='ltr'><strong>ita</strong></span> <span class='ocrx_word' id='word_1_177' title='bbox 1651 2608 1866 2662; x_wconf 89' lang='lat' dir='ltr'><strong>pravos,</strong></span> <span class='ocrx_word' id='word_1_178' title='bbox 1895 2594 2045 2649; x_wconf 89' lang='lat' dir='ltr'><strong>mille</strong></span> 
     </span>
    </p>
   </div>
   <div class='ocr_carea' id='block_1_25' title="bbox 455 2685 2045 2757">
    <p class='ocr_par' dir='ltr' id='par_1_25' title="bbox 455 2685 2045 2757">
     <span class='ocr_line' id='line_1_25' title="bbox 455 2685 2045 2757; baseline 0.001 -19"><span class='ocrx_word' id='word_1_179' title='bbox 455 2685 611 2739; x_wconf 80' lang='lat' dir='ltr'><strong>malis</strong></span> <span class='ocrx_word' id='word_1_180' title='bbox 641 2697 885 2754; x_wconf 85' lang='lat' dir='ltr'><strong>onustos,</strong></span> <span class='ocrx_word' id='word_1_181' title='bbox 916 2702 1102 2742; x_wconf 85' lang='lat' dir='ltr'><strong>rursus</strong></span> <span class='ocrx_word' id='word_1_182' title='bbox 1139 2687 1314 2743; x_wconf 88' lang='lat' dir='ltr'><strong>salvos</strong></span> <span class='ocrx_word' id='word_1_183' title='bbox 1344 2686 1488 2753; x_wconf 79' lang='lat' dir='ltr'><strong>facit,</strong></span> <span class='ocrx_word' id='word_1_184' title='bbox 1533 2687 1799 2757; x_wconf 86' lang='lat' dir='ltr'><strong>mittitque</strong></span> <span class='ocrx_word' id='word_1_185' title='bbox 1827 2697 2045 2757; x_wconf 77' lang='lat' dir='ltr'><strong>aposto-</strong></span> 
     </span>
    </p>
   </div>
   <div class='ocr_carea' id='block_1_26' title="bbox 440 2775 2046 2851">
    <p class='ocr_par' dir='ltr' id='par_1_26' title="bbox 440 2775 2046 2851">
     <span class='ocr_line' id='line_1_26' title="bbox 440 2775 2046 2851; baseline 0.004 -22"><span class='ocrx_word' id='word_1_186' title='bbox 440 2775 536 2830; x_wconf 85' lang='lat' dir='ltr'><strong>los</strong></span> <span class='ocrx_word' id='word_1_187' title='bbox 565 2792 661 2847; x_wconf 89' lang='lat' dir='ltr'><strong>pro</strong></span> <span class='ocrx_word' id='word_1_188' title='bbox 698 2778 827 2848; x_wconf 90' lang='lat' dir='ltr'><strong>ipsis</strong></span> <span class='ocrx_word' id='word_1_189' title='bbox 862 2778 1206 2847; x_wconf 84' lang='lat' dir='ltr'><strong>occidendos,</strong></span> <span class='ocrx_word' id='word_1_190' title='bbox 1234 2791 1287 2834; x_wconf 92' lang='lat' dir='ltr'><strong>et</strong></span> <span class='ocrx_word' id='word_1_191' title='bbox 1316 2795 1413 2848; x_wconf 93' lang='lat' dir='ltr'><strong>pro</strong></span> <span class='ocrx_word' id='word_1_192' title='bbox 1448 2781 1575 2849; x_wconf 90' lang='lat' dir='ltr'><strong>ipsis</strong></span> <span class='ocrx_word' id='word_1_193' title='bbox 1601 2781 2046 2851; x_wconf 83' lang='lat' dir='ltr'><strong>supplicationem</strong></span> 
     </span>
    </p>
   </div>
   <div class='ocr_carea' id='block_1_27' title="bbox 454 2867 2042 2945">
    <p class='ocr_par' dir='ltr' id='par_1_27' title="bbox 454 2867 2042 2945">
     <span class='ocr_line' id='line_1_27' title="bbox 454 2867 2042 2945; baseline 0.003 -24"><span class='ocrx_word' id='word_1_194' title='bbox 454 2868 668 2923; x_wconf 86' lang='lat' dir='ltr'><strong>emittit.</strong></span> <span class='ocrx_word' id='word_1_195' title='bbox 701 2867 805 2922; x_wconf 87' lang='lat' dir='ltr'><strong>Pro</strong></span> <span class='ocrx_word' id='word_1_196' title='bbox 837 2869 1036 2924; x_wconf 73' lang='lat' dir='ltr'><strong>Christo</strong></span> <span class='ocrx_word' id='word_1_197' title='bbox 1065 2871 1205 2924; x_wconf 89' lang='lat' dir='ltr'><strong>enim</strong></span> <span class='ocrx_word' id='word_1_198' title='bbox 1238 2871 1485 2942; x_wconf 84' lang='lat' dir='ltr'><strong>legatione</strong></span> <span class='ocrx_word' id='word_1_199' title='bbox 1514 2874 1778 2944; x_wconf 75' lang='lat' dir='ltr'><strong>fungimur</strong></span> <span class='ocrx_word' id='word_1_200' title='bbox 1810 2872 1886 2945; x_wconf 75' lang='lat'><strong>(2.</strong></span> <span class='ocrx_word' id='word_1_201' title='bbox 1924 2873 2042 2926; x_wconf 85' lang='lat' dir='ltr'><strong>Cor.</strong></span> 
     </span>
    </p>
   </div>
   <div class='ocr_carea' id='block_1_28' title="bbox 440 2957 2042 3032">
    <p class='ocr_par' dir='ltr' id='par_1_28' title="bbox 440 2957 2042 3032">
     <span class='ocr_line' id='line_1_28' title="bbox 440 2957 2042 3032; baseline 0.001 -18"><span class='ocrx_word' id='word_1_202' title='bbox 440 2957 490 3014; x_wconf 69' lang='lat'><strong>55</strong></span> <span class='ocrx_word' id='word_1_203' title='bbox 527 2959 640 3032; x_wconf 73' lang='lat'><strong>9.0),</strong></span> <span class='ocrx_word' id='word_1_204' title='bbox 664 2961 849 3031; x_wconf 87' lang='lat' dir='ltr'><strong>inquit.</strong></span> <span class='ocrx_word' id='word_1_205' title='bbox 875 2960 1022 3017; x_wconf 89' lang='lat' dir='ltr'><strong>Talia</strong></span> <span class='ocrx_word' id='word_1_206' title='bbox 1043 2962 1202 3032; x_wconf 83' lang='lat' dir='ltr'><strong>igitur</strong></span> <span class='ocrx_word' id='word_1_207' title='bbox 1216 2963 1458 3032; x_wconf 82' lang='lat' dir='ltr'><strong>exempla</strong></span> <span class='ocrx_word' id='word_1_208' title='bbox 1480 2963 1752 3029; x_wconf 85' lang='lat' dir='ltr'><strong>habentes,</strong></span> <span class='ocrx_word' id='word_1_209' title='bbox 1775 2980 1881 3018; x_wconf 90' lang='lat' dir='ltr'><strong>non</strong></span> <span class='ocrx_word' id='word_1_210' title='bbox 1900 2964 2042 3030; x_wconf 86' lang='lat' dir='ltr'><strong>dico,</strong></span> 
     </span>
    </p>
   </div>
   <div class='ocr_carea' id='block_1_29' title="bbox 457 3055 2043 3128">
    <p class='ocr_par' dir='ltr' id='par_1_29' title="bbox 457 3055 2043 3128">
     <span class='ocr_line' id='line_1_29' title="bbox 457 3055 2043 3128; baseline 0.006 -22"><span class='ocrx_word' id='word_1_211' title='bbox 457 3055 747 3108; x_wconf 86' lang='lat' dir='ltr'><strong>moriamur</strong></span> <span class='ocrx_word' id='word_1_212' title='bbox 775 3071 871 3124; x_wconf 91' lang='lat' dir='ltr'><strong>pro</strong></span> <span class='ocrx_word' id='word_1_213' title='bbox 917 3055 1168 3120; x_wconf 87' lang='lat' dir='ltr'><strong>inimicis,</strong></span> <span class='ocrx_word' id='word_1_214' title='bbox 1203 3056 1325 3111; x_wconf 88' lang='lat' dir='ltr'><strong>licet</strong></span> <span class='ocrx_word' id='word_1_215' title='bbox 1355 3056 1456 3111; x_wconf 92' lang='lat' dir='ltr'><strong>hoc</strong></span> <span class='ocrx_word' id='word_1_216' title='bbox 1485 3074 1694 3128; x_wconf 89' lang='lat' dir='ltr'><strong>quoque</strong></span> <span class='ocrx_word' id='word_1_217' title='bbox 1725 3068 1995 3128; x_wconf 87' lang='lat' dir='ltr'><strong>oporteret</strong></span> <span class='ocrx_word' id='word_1_218' title='bbox 2028 3077 2043 3115; x_wconf 88' lang='lat'><strong>:</strong></span> 
     </span>
    </p>
   </div>
   <div class='ocr_carea' id='block_1_30' title="bbox 457 3144 2043 3217">
    <p class='ocr_par' dir='ltr' id='par_1_30' title="bbox 457 3144 2043 3217">
     <span class='ocr_line' id='line_1_30' title="bbox 457 3144 2043 3217; baseline 0.006 -20"><span class='ocrx_word' id='word_1_219' title='bbox 457 3144 549 3198; x_wconf 88' lang='lat' dir='ltr'><strong>sed</strong></span> <span class='ocrx_word' id='word_1_220' title='bbox 579 3146 700 3217; x_wconf 84' lang='lat' dir='ltr'><strong>quia</strong></span> <span class='ocrx_word' id='word_1_221' title='bbox 731 3147 1048 3201; x_wconf 75' lang='lat' dir='ltr'><strong>infirmiores</strong></span> <span class='ocrx_word' id='word_1_222' title='bbox 1070 3164 1273 3211; x_wconf 89' lang='lat' dir='ltr'><strong>sumus,</strong></span> <span class='ocrx_word' id='word_1_223' title='bbox 1305 3149 1431 3203; x_wconf 87' lang='lat' dir='ltr'><strong>illud</strong></span> <span class='ocrx_word' id='word_1_224' title='bbox 1458 3150 1664 3204; x_wconf 87' lang='lat' dir='ltr'><strong>interim</strong></span> <span class='ocrx_word' id='word_1_225' title='bbox 1687 3150 1827 3215; x_wconf 81' lang='lat' dir='ltr'><strong>dico,</strong></span> <span class='ocrx_word' id='word_1_226' title='bbox 1853 3153 2043 3206; x_wconf 89' lang='lat' dir='ltr'><strong>saltem</strong></span> 
     </span>
    </p>
   </div>
   <div class='ocr_carea' id='block_1_31' title="bbox 457 3237 2047 3310">
    <p class='ocr_par' dir='ltr' id='par_1_31' title="bbox 457 3237 2047 3310">
     <span class='ocr_line' id='line_1_31' title="bbox 457 3237 2047 3310; baseline 0.003 -21"><span class='ocrx_word' id='word_1_227' title='bbox 457 3252 524 3303; x_wconf 82' lang='lat' dir='ltr'><strong>ne</strong></span> <span class='ocrx_word' id='word_1_228' title='bbox 549 3237 713 3292; x_wconf 81' lang='lat' dir='ltr'><strong>livore</strong></span> <span class='ocrx_word' id='word_1_229' title='bbox 743 3238 1001 3292; x_wconf 89' lang='lat' dir='ltr'><strong>ducamur</strong></span> <span class='ocrx_word' id='word_1_230' title='bbox 1030 3254 1151 3310; x_wconf 82' lang='lat' dir='ltr'><strong>erga</strong></span> <span class='ocrx_word' id='word_1_231' title='bbox 1185 3241 1403 3305; x_wconf 86' lang='lat' dir='ltr'><strong>amicos,</strong></span> <span class='ocrx_word' id='word_1_232' title='bbox 1436 3256 1501 3294; x_wconf 89' lang='lat' dir='ltr'><strong>ne</strong></span> <span class='ocrx_word' id='word_1_233' title='bbox 1533 3241 1863 3295; x_wconf 85' lang='lat' dir='ltr'><strong>invideamus</strong></span> <span class='ocrx_word' id='word_1_234' title='bbox 1892 3241 2047 3297; x_wconf 87' lang='lat' dir='ltr'><strong>bene-</strong></span> 
     </span>
    </p>
   </div>
   <div class='ocr_carea' id='block_1_32' title="bbox 457 3328 2044 3395">
    <p class='ocr_par' dir='ltr' id='par_1_32' title="bbox 457 3328 2044 3395">
     <span class='ocr_line' id='line_1_32' title="bbox 457 3328 2044 3395; baseline 0.006 -14"><span class='ocrx_word' id='word_1_235' title='bbox 457 3328 762 3383; x_wconf 82' lang='lat' dir='ltr'><strong>factoribus.</strong></span> <span class='ocrx_word' id='word_1_236' title='bbox 811 3329 1056 3385; x_wconf 85' lang='lat' dir='ltr'><strong>Nondum</strong></span> <span class='ocrx_word' id='word_1_237' title='bbox 1083 3332 1223 3395; x_wconf 89' lang='lat' dir='ltr'><strong>dico,</strong></span> <span class='ocrx_word' id='word_1_238' title='bbox 1256 3332 1393 3386; x_wconf 86' lang='lat' dir='ltr'><strong>mala</strong></span> <span class='ocrx_word' id='word_1_239' title='bbox 1440 3333 1590 3386; x_wconf 86' lang='lat' dir='ltr'><strong>nobis</strong></span> <span class='ocrx_word' id='word_1_240' title='bbox 1630 3332 1919 3389; x_wconf 78' lang='lat' dir='ltr'><strong>inferentes</strong></span> <span class='ocrx_word' id='word_1_241' title='bbox 1947 3334 2044 3389; x_wconf 88' lang='lat' dir='ltr'><strong>be-</strong></span> 
     </span>
    </p>
   </div>
   <div class='ocr_carea' id='block_1_33' title="bbox 457 3424 2043 3499">
    <p class='ocr_par' dir='ltr' id='par_1_33' title="bbox 457 3424 2043 3499">
     <span class='ocr_line' id='line_1_33' title="bbox 457 3424 2043 3499; baseline 0.005 -23"><span class='ocrx_word' id='word_1_242' title='bbox 457 3425 647 3478; x_wconf 85' lang='lat' dir='ltr'><strong>ncticio</strong></span> <span class='ocrx_word' id='word_1_243' title='bbox 694 3424 989 3480; x_wconf 76' lang='lat' dir='ltr'><strong>afﬁciamus</strong></span> <span class='ocrx_word' id='word_1_244' title='bbox 1019 3444 1032 3480; x_wconf 91' lang='lat'>:</span> <span class='ocrx_word' id='word_1_245' title='bbox 1065 3426 1190 3480; x_wconf 89' lang='lat' dir='ltr'><strong>illud</strong></span> <span class='ocrx_word' id='word_1_246' title='bbox 1242 3437 1387 3481; x_wconf 87' lang='lat' dir='ltr'><strong>certe</strong></span> <span class='ocrx_word' id='word_1_247' title='bbox 1440 3442 1727 3496; x_wconf 90' lang='lat' dir='ltr'><strong>cnpcrcm;</strong></span> <span class='ocrx_word' id='word_1_248' title='bbox 1776 3429 1869 3483; x_wconf 89' lang='lat' dir='ltr'><strong>sed</strong></span> <span class='ocrx_word' id='word_1_249' title='bbox 1922 3430 2043 3499; x_wconf 87' lang='lat' dir='ltr'><strong>quia</strong></span> 
     </span>
    </p>
   </div>
   <div class='ocr_carea' id='block_1_34' title="bbox 455 3518 2041 3583">
    <p class='ocr_par' dir='ltr' id='par_1_34' title="bbox 455 3518 2041 3583">
     <span class='ocr_line' id='line_1_34' title="bbox 455 3518 2041 3583; baseline 0.004 -13"><span class='ocrx_word' id='word_1_250' title='bbox 455 3518 745 3572; x_wconf 80' lang='lat' dir='ltr'><strong>crassiores</strong></span> <span class='ocrx_word' id='word_1_251' title='bbox 807 3519 969 3583; x_wconf 83' lang='lat' dir='ltr'><strong>estis,</strong></span> <span class='ocrx_word' id='word_1_252' title='bbox 1006 3520 1197 3573; x_wconf 84' lang='lat' dir='ltr'><strong>saltem</strong></span> <span class='ocrx_word' id='word_1_253' title='bbox 1240 3519 1360 3574; x_wconf 86' lang='lat' dir='ltr'><strong>illos</strong></span> <span class='ocrx_word' id='word_1_254' title='bbox 1407 3536 1473 3574; x_wconf 87' lang='lat' dir='ltr'><strong>ne</strong></span> <span class='ocrx_word' id='word_1_255' title='bbox 1518 3520 1871 3577; x_wconf 82' lang='lat' dir='ltr'><strong>ulciscamini.</strong></span> <span class='ocrx_word' id='word_1_256' title='bbox 1906 3522 2041 3576; x_wconf 85' lang='lat' dir='ltr'><strong>Num</strong></span> 
     </span>
    </p>
   </div>
   <div class='ocr_carea' id='block_1_35' title="bbox 442 3610 2049 3676">
    <p class='ocr_par' dir='ltr' id='par_1_35' title="bbox 442 3610 2049 3676">
     <span class='ocr_line' id='line_1_35' title="bbox 442 3610 2049 3676; baseline 0.002 -14"><span class='ocrx_word' id='word_1_257' title='bbox 442 3622 614 3663; x_wconf 62' lang='lat' dir='ltr'><strong>scena</strong></span> <span class='ocrx_word' id='word_1_258' title='bbox 657 3618 780 3663; x_wconf 89' lang='lat' dir='ltr'><strong>sunt</strong></span> <span class='ocrx_word' id='word_1_259' title='bbox 812 3617 1015 3676; x_wconf 80' lang='lat' dir='ltr'><strong>nostra,</strong></span> <span class='ocrx_word' id='word_1_260' title='bbox 1068 3626 1196 3664; x_wconf 89' lang='lat' dir='ltr'><strong>num</strong></span> <span class='ocrx_word' id='word_1_261' title='bbox 1237 3611 1584 3665; x_wconf 87' lang='lat' dir='ltr'><strong>histrionica?</strong></span> <span class='ocrx_word' id='word_1_262' title='bbox 1620 3610 1726 3666; x_wconf 90' lang='lat' dir='ltr'><strong>Cur</strong></span> <span class='ocrx_word' id='word_1_263' title='bbox 1831 3611 2049 3673; x_wconf 71' lang='lat' dir='ltr'><strong>veritati</strong></span> 
     </span>
    </p>
   </div>
   <div class='ocr_carea' id='block_1_36' title="bbox 452 3700 2044 3773">
    <p class='ocr_par' dir='ltr' id='par_1_36' title="bbox 452 3700 2044 3773">
     <span class='ocr_line' id='line_1_36' title="bbox 452 3700 2044 3773; baseline 0.003 -19"><span class='ocrx_word' id='word_1_264' title='bbox 452 3713 519 3754; x_wconf 83' lang='lat' dir='ltr'><strong>ex</strong></span> <span class='ocrx_word' id='word_1_265' title='bbox 548 3700 808 3756; x_wconf 83' lang='lat' dir='ltr'><strong>diametro</strong></span> <span class='ocrx_word' id='word_1_266' title='bbox 849 3703 1079 3771; x_wconf 88' lang='lat' dir='ltr'><strong>oppositi</strong></span> <span class='ocrx_word' id='word_1_267' title='bbox 1125 3703 1289 3757; x_wconf 84' lang='lat' dir='ltr'><strong>estis?</strong></span> <span class='ocrx_word' id='word_1_268' title='bbox 1332 3702 1448 3756; x_wconf 89' lang='lat' dir='ltr'><strong>Non</strong></span> <span class='ocrx_word' id='word_1_269' title='bbox 1492 3703 1608 3758; x_wconf 89' lang='lat' dir='ltr'><strong>sine</strong></span> <span class='ocrx_word' id='word_1_270' title='bbox 1641 3718 1803 3757; x_wconf 89' lang='lat' dir='ltr'><strong>causa</strong></span> <span class='ocrx_word' id='word_1_271' title='bbox 1844 3703 2044 3773; x_wconf 86' lang='lat' dir='ltr'><strong>scripta</strong></span> 
     </span>
    </p>
   </div>
   <div class='ocr_carea' id='block_1_37' title="bbox 457 3793 2044 3864">
    <p class='ocr_par' dir='ltr' id='par_1_37' title="bbox 457 3793 2044 3864">
     <span class='ocr_line' id='line_1_37' title="bbox 457 3793 2044 3864; baseline 0.003 -18"><span class='ocrx_word' id='word_1_272' title='bbox 457 3801 580 3846; x_wconf 88' lang='lat' dir='ltr'><strong>sunt</strong></span> <span class='ocrx_word' id='word_1_273' title='bbox 609 3804 718 3846; x_wconf 90' lang='lat' dir='ltr'><strong>tum</strong></span> <span class='ocrx_word' id='word_1_274' title='bbox 743 3793 846 3847; x_wconf 86' lang='lat' dir='ltr'><strong>alia</strong></span> <span class='ocrx_word' id='word_1_275' title='bbox 871 3795 1073 3860; x_wconf 88' lang='lat' dir='ltr'><strong>omnia,</strong></span> <span class='ocrx_word' id='word_1_276' title='bbox 1109 3803 1217 3848; x_wconf 87' lang='lat' dir='ltr'><strong>tum</strong></span> <span class='ocrx_word' id='word_1_277' title='bbox 1248 3809 1308 3848; x_wconf 89' lang='lat' dir='ltr'><strong>ea</strong></span> <span class='ocrx_word' id='word_1_278' title='bbox 1340 3808 1458 3864; x_wconf 56' lang='lat' dir='ltr'><strong>quae</strong></span> <span class='ocrx_word' id='word_1_279' title='bbox 1485 3795 1660 3849; x_wconf 85' lang='lat' dir='ltr'><strong>crucis</strong></span> <span class='ocrx_word' id='word_1_280' title='bbox 1698 3804 1937 3862; x_wconf 86' lang='lat' dir='ltr'><strong>tempore</strong></span> <span class='ocrx_word' id='word_1_281' title='bbox 1965 3795 2044 3851; x_wconf 82' lang='lat' dir='ltr'><strong>fe-</strong></span> 
     </span>
    </p>
   </div>
   <div class='ocr_carea' id='block_1_38' title="bbox 450 3882 2046 3954">
    <p class='ocr_par' dir='ltr' id='par_1_38' title="bbox 450 3882 2046 3954">
     <span class='ocr_line' id='line_1_38' title="bbox 450 3882 2046 3954; baseline 0.002 -18"><span class='ocrx_word' id='word_1_282' title='bbox 450 3882 547 3946; x_wconf 90' lang='lat' dir='ltr'><strong>cit,</strong></span> <span class='ocrx_word' id='word_1_283' title='bbox 573 3899 690 3952; x_wconf 68' lang='lat' dir='ltr'><strong>qua:</strong></span> <span class='ocrx_word' id='word_1_284' title='bbox 716 3883 1014 3953; x_wconf 81' lang='lat' dir='ltr'><strong>potuissent</strong></span> <span class='ocrx_word' id='word_1_285' title='bbox 1038 3900 1131 3938; x_wconf 85' lang='lat' dir='ltr'><strong>cos</strong></span> <span class='ocrx_word' id='word_1_286' title='bbox 1157 3899 1441 3949; x_wconf 80' lang='lat' dir='ltr'><strong>revocare;</strong></span> <span class='ocrx_word' id='word_1_287' title='bbox 1471 3884 1566 3939; x_wconf 89' lang='lat' dir='ltr'><strong>sed</strong></span> <span class='ocrx_word' id='word_1_288' title='bbox 1597 3894 1654 3939; x_wconf 92' lang='lat' dir='ltr'><strong>ut</strong></span> <span class='ocrx_word' id='word_1_289' title='bbox 1683 3884 1906 3939; x_wconf 85' lang='lat' dir='ltr'><strong>imiteris</strong></span> <span class='ocrx_word' id='word_1_290' title='bbox 1931 3885 2046 3954; x_wconf 86' lang='lat' dir='ltr'><strong>ejus</strong></span> 
     </span>
    </p>
   </div>
   <div class='ocr_carea' id='block_1_39' title="bbox 456 3972 2045 4047">
    <p class='ocr_par' dir='ltr' id='par_1_39' title="bbox 456 3972 2045 4047">
     <span class='ocr_line' id='line_1_39' title="bbox 456 3972 2045 4047; baseline 0.003 -19"><span class='ocrx_word' id='word_1_291' title='bbox 456 3972 768 4041; x_wconf 81' lang='lat' dir='ltr'><strong>bonitatem,</strong></span> <span class='ocrx_word' id='word_1_292' title='bbox 795 3987 851 4030; x_wconf 93' lang='lat' dir='ltr'><strong>ut</strong></span> <span class='ocrx_word' id='word_1_293' title='bbox 876 3976 1144 4031; x_wconf 73' lang='lat' dir='ltr'><strong>remnleris</strong></span> <span class='ocrx_word' id='word_1_294' title='bbox 1166 3977 1566 4047; x_wconf 84' lang='lat' dir='ltr'><strong>benignitatem.</strong></span> <span class='ocrx_word' id='word_1_295' title='bbox 1595 3976 1727 4032; x_wconf 88' lang='lat' dir='ltr'><strong>Nam</strong></span> <span class='ocrx_word' id='word_1_296' title='bbox 1745 3986 1799 4033; x_wconf 91' lang='lat' dir='ltr'><strong>et</strong></span> <span class='ocrx_word' id='word_1_297' title='bbox 1824 3978 2045 4047; x_wconf 88' lang='lat' dir='ltr'><strong>supinos</strong></span> 
     </span>
    </p>
   </div>
   <div class='ocr_carea' id='block_1_40' title="bbox 456 4065 2044 4138">
    <p class='ocr_par' dir='ltr' id='par_1_40' title="bbox 456 4065 2044 4138">
     <span class='ocr_line' id='line_1_40' title="bbox 456 4065 2044 4138; baseline 0.003 -18"><span class='ocrx_word' id='word_1_298' title='bbox 456 4065 578 4120; x_wconf 89' lang='lat' dir='ltr'><strong>illos</strong></span> <span class='ocrx_word' id='word_1_299' title='bbox 606 4067 854 4138; x_wconf 85' lang='lat' dir='ltr'><strong>conjecit,</strong></span> <span class='ocrx_word' id='word_1_300' title='bbox 894 4077 947 4122; x_wconf 86' lang='lat' dir='ltr'><strong>et</strong></span> <span class='ocrx_word' id='word_1_301' title='bbox 985 4068 1277 4123; x_wconf 85' lang='lat' dir='ltr'><strong>auriculam</strong></span> <span class='ocrx_word' id='word_1_302' title='bbox 1315 4068 1511 4122; x_wconf 74' lang='lat' dir='ltr'><strong>famulo</strong></span> <span class='ocrx_word' id='word_1_303' title='bbox 1539 4069 1792 4132; x_wconf 83' lang='lat' dir='ltr'><strong>restituit,</strong></span> <span class='ocrx_word' id='word_1_304' title='bbox 1841 4078 2044 4124; x_wconf 90' lang='lat' dir='ltr'><strong>etcum</strong></span> 
     </span>
    </p>
   </div>
   <div class='ocr_carea' id='block_1_41' title="bbox 450 4158 2046 4229">
    <p class='ocr_par' dir='ltr' id='par_1_41' title="bbox 450 4158 2046 4229">
     <span class='ocr_line' id='line_1_41' title="bbox 450 4158 2046 4229; baseline 0.001 -18"><span class='ocrx_word' id='word_1_305' title='bbox 450 4159 714 4214; x_wconf 84' lang='lat' dir='ltr'><strong>modestia</strong></span> <span class='ocrx_word' id='word_1_306' title='bbox 746 4158 1059 4229; x_wconf 86' lang='lat' dir='ltr'><strong>respondit:</strong></span> <span class='ocrx_word' id='word_1_307' title='bbox 1089 4166 1144 4213; x_wconf 89' lang='lat' dir='ltr'><strong>et</strong></span> <span class='ocrx_word' id='word_1_308' title='bbox 1172 4174 1360 4229; x_wconf 79' lang='lat' dir='ltr'><strong>magna</strong></span> <span class='ocrx_word' id='word_1_309' title='bbox 1388 4160 1441 4213; x_wconf 90' lang='lat' dir='ltr'><strong>in</strong></span> <span class='ocrx_word' id='word_1_310' title='bbox 1470 4174 1629 4214; x_wconf 88' lang='lat' dir='ltr'><strong>cruce</strong></span> <span class='ocrx_word' id='word_1_311' title='bbox 1658 4168 1868 4215; x_wconf 88' lang='lat' dir='ltr'><strong>erectus</strong></span> <span class='ocrx_word' id='word_1_312' title='bbox 1892 4160 2046 4214; x_wconf 86' lang='lat' dir='ltr'><strong>mira-</strong></span> 
     </span>
    </p>
   </div>
   <div class='ocr_carea' id='block_1_42' title="bbox 454 4251 2041 4321">
    <p class='ocr_par' dir='ltr' id='par_1_42' title="bbox 454 4251 2041 4321">
     <span class='ocr_line' id='line_1_42' title="bbox 454 4251 2041 4321; baseline 0.001 -16"><span class='ocrx_word' id='word_1_313' title='bbox 454 4251 572 4305; x_wconf 88' lang='lat' dir='ltr'><strong>cula</strong></span> <span class='ocrx_word' id='word_1_314' title='bbox 602 4251 788 4317; x_wconf 81' lang='lat' dir='ltr'><strong>edidit,</strong></span> <span class='ocrx_word' id='word_1_315' title='bbox 813 4251 993 4306; x_wconf 85' lang='lat' dir='ltr'><strong>radios</strong></span> <span class='ocrx_word' id='word_1_316' title='bbox 1021 4251 1225 4307; x_wconf 87' lang='lat' dir='ltr'><strong>solares</strong></span> <span class='ocrx_word' id='word_1_317' title='bbox 1264 4259 1531 4317; x_wconf 85' lang='lat' dir='ltr'><strong>avertens,</strong></span> <span class='ocrx_word' id='word_1_318' title='bbox 1564 4261 1741 4321; x_wconf 85' lang='lat' dir='ltr'><strong>petras</strong></span> <span class='ocrx_word' id='word_1_319' title='bbox 1770 4252 2041 4320; x_wconf 89' lang='lat' dir='ltr'><strong>scindens,</strong></span> 
     </span>
    </p>
   </div>
   <div class='ocr_carea' id='block_1_43' title="bbox 452 4344 2043 4414">
    <p class='ocr_par' dir='ltr' id='par_1_43' title="bbox 452 4344 2043 4414">
     <span class='ocr_line' id='line_1_43' title="bbox 452 4344 2043 4414; baseline 0.001 -17"><span class='ocrx_word' id='word_1_320' title='bbox 452 4354 697 4400; x_wconf 86' lang='lat' dir='ltr'><strong>mortuos</strong></span> <span class='ocrx_word' id='word_1_321' title='bbox 735 4344 1019 4410; x_wconf 81' lang='lat' dir='ltr'><strong>suscitans,</strong></span> <span class='ocrx_word' id='word_1_322' title='bbox 1046 4344 1239 4414; x_wconf 77' lang='lat' dir='ltr'><strong>judicia</strong></span> <span class='ocrx_word' id='word_1_323' title='bbox 1264 4360 1487 4399; x_wconf 81' lang='lat' dir='ltr'><strong>uxorem</strong></span> <span class='ocrx_word' id='word_1_324' title='bbox 1520 4360 1615 4414; x_wconf 84' lang='lat' dir='ltr'><strong>per</strong></span> <span class='ocrx_word' id='word_1_325' title='bbox 1652 4345 1859 4399; x_wconf 79' lang='lat' dir='ltr'><strong>Somnia</strong></span> <span class='ocrx_word' id='word_1_326' title='bbox 1884 4346 2043 4401; x_wconf 89' lang='lat' dir='ltr'><strong>terri-</strong></span> 
     </span>
    </p>
   </div>
   <div class='ocr_carea' id='block_1_44' title="bbox 456 4435 2041 4506">
    <p class='ocr_par' dir='ltr' id='par_1_44' title="bbox 456 4435 2041 4506">
     <span class='ocr_line' id='line_1_44' title="bbox 456 4435 2041 4506; baseline -0.001 -16"><span class='ocrx_word' id='word_1_327' title='bbox 456 4447 591 4500; x_wconf 86' lang='lat' dir='ltr'><strong>tans,</strong></span> <span class='ocrx_word' id='word_1_328' title='bbox 618 4437 669 4490; x_wconf 91' lang='lat' dir='ltr'><strong>in</strong></span> <span class='ocrx_word' id='word_1_329' title='bbox 714 4437 829 4506; x_wconf 84' lang='lat' dir='ltr'><strong>ipso</strong></span> <span class='ocrx_word' id='word_1_330' title='bbox 864 4436 1069 4506; x_wconf 88' lang='lat' dir='ltr'><strong>judicio</strong></span> <span class='ocrx_word' id='word_1_331' title='bbox 1108 4452 1325 4492; x_wconf 85' lang='lat' dir='ltr'><strong>omnem</strong></span> <span class='ocrx_word' id='word_1_332' title='bbox 1371 4436 1832 4491; x_wconf 87' lang='lat' dir='ltr'><strong>mansuetudinem</strong></span> <span class='ocrx_word' id='word_1_333' title='bbox 1884 4435 2041 4490; x_wconf 82' lang='lat' dir='ltr'><strong>exhi-</strong></span> 
     </span>
    </p>
   </div>
   <div class='ocr_carea' id='block_1_45' title="bbox 453 4527 2042 4600">
    <p class='ocr_par' dir='ltr' id='par_1_45' title="bbox 453 4527 2042 4600">
     <span class='ocr_line' id='line_1_45' title="bbox 453 4527 2042 4600; baseline 0.003 -19"><span class='ocrx_word' id='word_1_334' title='bbox 453 4527 607 4595; x_wconf 85' lang='lat' dir='ltr'><strong>bens,</strong></span> <span class='ocrx_word' id='word_1_335' title='bbox 635 4544 755 4599; x_wconf 73' lang='lat' dir='ltr'><strong>qua:</strong></span> <span class='ocrx_word' id='word_1_336' title='bbox 798 4546 902 4584; x_wconf 86' lang='lat' dir='ltr'><strong>non</strong></span> <span class='ocrx_word' id='word_1_337' title='bbox 955 4532 1132 4584; x_wconf 83' lang='lat' dir='ltr'><strong>minus</strong></span> <span class='ocrx_word' id='word_1_338' title='bbox 1172 4546 1331 4600; x_wconf 86' lang='lat' dir='ltr'><strong>quam</strong></span> <span class='ocrx_word' id='word_1_339' title='bbox 1377 4530 1632 4586; x_wconf 85' lang='lat' dir='ltr'><strong>miracula</strong></span> <span class='ocrx_word' id='word_1_340' title='bbox 1680 4539 1860 4598; x_wconf 88' lang='lat' dir='ltr'><strong>posset</strong></span> <span class='ocrx_word' id='word_1_341' title='bbox 1897 4530 2042 4599; x_wconf 85' lang='lat' dir='ltr'><strong>ipsos</strong></span> 
     </span>
    </p>
   </div>
   <div class='ocr_carea' id='block_1_46' title="bbox 452 4620 2042 4691">
    <p class='ocr_par' dir='ltr' id='par_1_46' title="bbox 452 4620 2042 4691">
     <span class='ocr_line' id='line_1_46' title="bbox 452 4620 2042 4691; baseline 0.002 -18"><span class='ocrx_word' id='word_1_342' title='bbox 452 4621 740 4684; x_wconf 78' lang='lat' dir='ltr'><strong>attrahere,</strong></span> <span class='ocrx_word' id='word_1_343' title='bbox 772 4623 934 4675; x_wconf 79' lang='lat' dir='ltr'><strong>inulta</strong></span> <span class='ocrx_word' id='word_1_344' title='bbox 968 4623 1264 4690; x_wconf 55' lang='lat' dir='ltr'><strong>praedicens</strong></span> <span class='ocrx_word' id='word_1_345' title='bbox 1301 4622 1356 4675; x_wconf 90' lang='lat' dir='ltr'><strong>in</strong></span> <span class='ocrx_word' id='word_1_346' title='bbox 1379 4620 1602 4691; x_wconf 90' lang='lat' dir='ltr'><strong>judicio,</strong></span> <span class='ocrx_word' id='word_1_347' title='bbox 1634 4621 1687 4675; x_wconf 93' lang='lat' dir='ltr'><strong>in</strong></span> <span class='ocrx_word' id='word_1_348' title='bbox 1729 4621 1843 4691; x_wconf 87' lang='lat' dir='ltr'><strong>ipsa</strong></span> <span class='ocrx_word' id='word_1_349' title='bbox 1883 4636 2042 4676; x_wconf 90' lang='lat' dir='ltr'><strong>cruce</strong></span> 
     </span>
    </p>
   </div>
   <div class='ocr_carea' id='block_1_47' title="bbox 442 4711 2036 4786">
    <p class='ocr_par' dir='ltr' id='par_1_47' title="bbox 442 4711 2036 4786">
     <span class='ocr_line' id='line_1_47' title="bbox 442 4711 2036 4786; baseline 0.001 -19"><span class='ocrx_word' id='word_1_350' title='bbox 442 4712 708 4776; x_wconf 76' lang='lat' dir='ltr'><strong>clamans,</strong></span> <span class='ocrx_word' id='word_1_351' title='bbox 749 4712 927 4779; x_wconf 84' lang='lat' dir='ltr'><strong>Pater,</strong></span> <span class='ocrx_word' id='word_1_352' title='bbox 971 4713 1165 4768; x_wconf 73' lang='lat' dir='ltr'><strong>diutine</strong></span> <span class='ocrx_word' id='word_1_353' title='bbox 1196 4714 1299 4768; x_wconf 74' lang='lat' dir='ltr'><strong>illis</strong></span> <span class='ocrx_word' id='word_1_354' title='bbox 1343 4714 1437 4767; x_wconf 80' lang='lat' dir='ltr'><strong>hoc</strong></span> <span class='ocrx_word' id='word_1_355' title='bbox 1465 4723 1724 4783; x_wconf 83' lang='lat' dir='ltr'><strong>peccatum</strong></span> <span class='ocrx_word' id='word_1_356' title='bbox 1756 4711 1904 4786; x_wconf 62' lang='lat' dir='ltr'><strong>(Lac.</strong></span> <span class='ocrx_word' id='word_1_357' title='bbox 1945 4712 2036 4769; x_wconf 73' lang='lat'><strong>9.5.</strong></span> 
     </span>
    </p>
   </div>
   <div class='ocr_carea' id='block_1_48' title="bbox 450 4804 2042 4876">
    <p class='ocr_par' dir='ltr' id='par_1_48' title="bbox 450 4804 2042 4876">
     <span class='ocr_line' id='line_1_48' title="bbox 450 4804 2042 4876; baseline 0.001 -18"><span class='ocrx_word' id='word_1_358' title='bbox 450 4804 566 4873; x_wconf 71' lang='lat' dir='ltr'><strong>3i).</strong></span> <span class='ocrx_word' id='word_1_359' title='bbox 599 4805 847 4874; x_wconf 81' lang='lat' dir='ltr'><strong>Sepultus</strong></span> <span class='ocrx_word' id='word_1_360' title='bbox 899 4821 1047 4871; x_wconf 85' lang='lat' dir='ltr'><strong>vero,</strong></span> <span class='ocrx_word' id='word_1_361' title='bbox 1095 4816 1226 4876; x_wconf 84' lang='lat' dir='ltr'><strong>quot</strong></span> <span class='ocrx_word' id='word_1_362' title='bbox 1264 4805 1330 4860; x_wconf 90' lang='lat' dir='ltr'><strong>ad</strong></span> <span class='ocrx_word' id='word_1_363' title='bbox 1363 4805 1574 4860; x_wconf 89' lang='lat' dir='ltr'><strong>illorum</strong></span> <span class='ocrx_word' id='word_1_364' title='bbox 1620 4806 1845 4860; x_wconf 84' lang='lat' dir='ltr'><strong>salutem</strong></span> <span class='ocrx_word' id='word_1_365' title='bbox 1888 4805 2042 4860; x_wconf 80' lang='lat' dir='ltr'><strong>exhi-</strong></span> 
     </span>
    </p>
   </div>
   <div class='ocr_carea' id='block_1_49' title="bbox 453 4895 2040 4963">
    <p class='ocr_par' dir='ltr' id='par_1_49' title="bbox 453 4895 2040 4963">
     <span class='ocr_line' id='line_1_49' title="bbox 453 4895 2040 4963; baseline 0.003 -16"><span class='ocrx_word' id='word_1_366' title='bbox 453 4895 607 4949; x_wconf 83' lang='lat' dir='ltr'><strong>buit?</strong></span> <span class='ocrx_word' id='word_1_367' title='bbox 640 4910 760 4950; x_wconf 89' lang='lat' dir='ltr'><strong>cum</strong></span> <span class='ocrx_word' id='word_1_368' title='bbox 791 4897 1173 4951; x_wconf 69' lang='lat' dir='ltr'><strong>resurrerisset</strong></span> <span class='ocrx_word' id='word_1_369' title='bbox 1197 4906 1396 4963; x_wconf 86' lang='lat' dir='ltr'><strong>autem,</strong></span> <span class='ocrx_word' id='word_1_370' title='bbox 1422 4911 1601 4951; x_wconf 87' lang='lat' dir='ltr'><strong>annon</strong></span> <span class='ocrx_word' id='word_1_371' title='bbox 1628 4897 1807 4951; x_wconf 81' lang='lat' dir='ltr'><strong>statim</strong></span> <span class='ocrx_word' id='word_1_372' title='bbox 1823 4896 2040 4952; x_wconf 67' lang='lat' dir='ltr'><strong>Judaeos</strong></span> 
     </span>
    </p>
   </div>
   <div class='ocr_carea' id='block_1_50' title="bbox 450 4986 2041 5058">
    <p class='ocr_par' dir='ltr' id='par_1_50' title="bbox 450 4986 2041 5058">
     <span class='ocr_line' id='line_1_50' title="bbox 450 4986 2041 5058; baseline 0.004 -21"><span class='ocrx_word' id='word_1_373' title='bbox 450 4986 691 5040; x_wconf 69' lang='lat' dir='ltr'><strong>Vocavit?</strong></span> <span class='ocrx_word' id='word_1_374' title='bbox 720 5002 898 5040; x_wconf 89' lang='lat' dir='ltr'><strong>annon</strong></span> <span class='ocrx_word' id='word_1_375' title='bbox 913 4988 1124 5041; x_wconf 84' lang='lat' dir='ltr'><strong>veniam</strong></span> <span class='ocrx_word' id='word_1_376' title='bbox 1148 4997 1488 5058; x_wconf 85' lang='lat' dir='ltr'><strong>peccatorum</strong></span> <span class='ocrx_word' id='word_1_377' title='bbox 1518 4987 1707 5041; x_wconf 86' lang='lat' dir='ltr'><strong>dedit?</strong></span> <span class='ocrx_word' id='word_1_378' title='bbox 1729 5003 1905 5042; x_wconf 87' lang='lat' dir='ltr'><strong>annon</strong></span> <span class='ocrx_word' id='word_1_379' title='bbox 1925 5004 2041 5043; x_wconf 79' lang='lat' dir='ltr'><strong>sex-</strong></span> 
     </span>
    </p>
   </div>
   <div class='ocr_carea' id='block_1_51' title="bbox 449 5078 2039 5147">
    <p class='ocr_par' dir='ltr' id='par_1_51' title="bbox 449 5078 2039 5147">
     <span class='ocr_line' id='line_1_51' title="bbox 449 5078 2039 5147; baseline 0.003 -18"><span class='ocrx_word' id='word_1_380' title='bbox 449 5087 603 5133; x_wconf 73' lang='lat' dir='ltr'><strong>t&#39;enta</strong></span> <span class='ocrx_word' id='word_1_381' title='bbox 626 5079 760 5133; x_wconf 82' lang='lat' dir='ltr'><strong>bona</strong></span> <span class='ocrx_word' id='word_1_382' title='bbox 784 5079 1047 5133; x_wconf 72' lang='grc' dir='ltr'>ουιιιιιιίιΐ</span> <span class='ocrx_word' id='word_1_383' title='bbox 1072 5078 1206 5145; x_wconf 84' lang='lat' dir='ltr'><strong>Quid</strong></span> <span class='ocrx_word' id='word_1_384' title='bbox 1234 5079 1333 5133; x_wconf 90' lang='lat' dir='ltr'><strong>hoc</strong></span> <span class='ocrx_word' id='word_1_385' title='bbox 1361 5079 1694 5134; x_wconf 83' lang='lat' dir='ltr'><strong>mirabilius?</strong></span> <span class='ocrx_word' id='word_1_386' title='bbox 1725 5079 1822 5147; x_wconf 92' lang='lat' dir='ltr'><strong>Qui</strong></span> <span class='ocrx_word' id='word_1_387' title='bbox 1867 5080 2039 5134; x_wconf 78' lang='lat' dir='ltr'><strong>cruci-</strong></span> 
     </span>
    </p>
   </div>
   <div class='ocr_carea' id='block_1_52' title="bbox 451 5170 2039 5241">
    <p class='ocr_par' dir='ltr' id='par_1_52' title="bbox 451 5170 2039 5241">
     <span class='ocr_line' id='line_1_52' title="bbox 451 5170 2039 5241; baseline 0.004 -20"><span class='ocrx_word' id='word_1_388' title='bbox 451 5170 692 5235; x_wconf 76' lang='lat' dir='ltr'><strong>ttxcrant,</strong></span> <span class='ocrx_word' id='word_1_389' title='bbox 725 5170 821 5240; x_wconf 85' lang='lat' dir='ltr'><strong>qui</strong></span> <span class='ocrx_word' id='word_1_390' title='bbox 863 5185 1049 5235; x_wconf 84' lang='lat' dir='ltr'><strong>necem</strong></span> <span class='ocrx_word' id='word_1_391' title='bbox 1092 5170 1385 5241; x_wconf 84' lang='lat' dir='ltr'><strong>spirabant,</strong></span> <span class='ocrx_word' id='word_1_392' title='bbox 1431 5181 1714 5241; x_wconf 88' lang='lat' dir='ltr'><strong>postquam</strong></span> <span class='ocrx_word' id='word_1_393' title='bbox 1760 5172 2039 5227; x_wconf 81' lang='lat' dir='ltr'><strong>crucilixe-</strong></span> 
     </span>
    </p>
   </div>
   <div class='ocr_carea' id='block_1_53' title="bbox 450 5258 2038 5334">
    <p class='ocr_par' dir='ltr' id='par_1_53' title="bbox 450 5258 2038 5334">
     <span class='ocr_line' id='line_1_53' title="bbox 450 5258 2038 5334; baseline 0.004 -20"><span class='ocrx_word' id='word_1_394' title='bbox 450 5273 568 5316; x_wconf 85' lang='lat' dir='ltr'><strong>runt</strong></span> <span class='ocrx_word' id='word_1_395' title='bbox 593 5274 736 5327; x_wconf 84' lang='lat' dir='ltr'><strong>eum,</strong></span> <span class='ocrx_word' id='word_1_396' title='bbox 771 5258 863 5317; x_wconf 80' lang='lat' dir='ltr'><strong>lilii</strong></span> <span class='ocrx_word' id='word_1_397' title='bbox 895 5263 992 5317; x_wconf 88' lang='lat' dir='ltr'><strong>Dei</strong></span> <span class='ocrx_word' id='word_1_398' title='bbox 1029 5263 1150 5318; x_wconf 83' lang='lat' dir='ltr'><strong>lacti</strong></span> <span class='ocrx_word' id='word_1_399' title='bbox 1182 5273 1327 5318; x_wconf 87' lang='lat' dir='ltr'><strong>sunt.</strong></span> <span class='ocrx_word' id='word_1_400' title='bbox 1369 5263 1505 5333; x_wconf 86' lang='lat' dir='ltr'><strong>Quid</strong></span> <span class='ocrx_word' id='word_1_401' title='bbox 1537 5263 1660 5319; x_wconf 86' lang='lat' dir='ltr'><strong>huic</strong></span> <span class='ocrx_word' id='word_1_402' title='bbox 1688 5265 2038 5334; x_wconf 75' lang='lat' dir='ltr'><strong>providentiae</strong></span> 
     </span>
    </p>
   </div>
   <div class='ocr_carea' id='block_1_54' title="bbox 454 5355 2040 5427">
    <p class='ocr_par' dir='ltr' id='par_1_54' title="bbox 454 5355 2040 5427">
     <span class='ocr_line' id='line_1_54' title="bbox 454 5355 2040 5427; baseline 0.007 -24"><span class='ocrx_word' id='word_1_403' title='bbox 454 5370 546 5422; x_wconf 81' lang='lat' dir='ltr'><strong>par</strong></span> <span class='ocrx_word' id='word_1_404' title='bbox 565 5356 694 5411; x_wconf 86' lang='lat' dir='ltr'><strong>est?</strong></span> <span class='ocrx_word' id='word_1_405' title='bbox 722 5356 848 5412; x_wconf 77' lang='lat' dir='ltr'><strong>litec</strong></span> <span class='ocrx_word' id='word_1_406' title='bbox 891 5355 1169 5412; x_wconf 83' lang='lat' dir='ltr'><strong>audientes</strong></span> <span class='ocrx_word' id='word_1_407' title='bbox 1198 5370 1307 5427; x_wconf 65' lang='lat' dir='ltr'><strong>prec</strong></span> <span class='ocrx_word' id='word_1_408' title='bbox 1346 5357 1552 5427; x_wconf 84' lang='lat' dir='ltr'><strong>pudore</strong></span> <span class='ocrx_word' id='word_1_409' title='bbox 1597 5373 1696 5413; x_wconf 90' lang='lat' dir='ltr'><strong>nos</strong></span> <span class='ocrx_word' id='word_1_410' title='bbox 1742 5359 2040 5415; x_wconf 88' lang='lat' dir='ltr'><strong>absconda-</strong></span> 
     </span>
    </p>
   </div>
   <div class='ocr_carea' id='block_1_55' title="bbox 453 5446 2038 5519">
    <p class='ocr_par' dir='ltr' id='par_1_55' title="bbox 453 5446 2038 5519">
     <span class='ocr_line' id='line_1_55' title="bbox 453 5446 2038 5519; baseline 0.005 -24"><span class='ocrx_word' id='word_1_411' title='bbox 453 5459 587 5510; x_wconf 86' lang='lat' dir='ltr'><strong>mus,</strong></span> <span class='ocrx_word' id='word_1_412' title='bbox 618 5448 760 5518; x_wconf 86' lang='lat' dir='ltr'><strong>quod</strong></span> <span class='ocrx_word' id='word_1_413' title='bbox 790 5455 993 5503; x_wconf 88' lang='lat' dir='ltr'><strong>tantum</strong></span> <span class='ocrx_word' id='word_1_414' title='bbox 1023 5446 1286 5503; x_wconf 85' lang='lat' dir='ltr'><strong>distentus</strong></span> <span class='ocrx_word' id='word_1_415' title='bbox 1314 5449 1381 5504; x_wconf 88' lang='lat' dir='ltr'><strong>ab</strong></span> <span class='ocrx_word' id='word_1_416' title='bbox 1411 5448 1521 5512; x_wconf 89' lang='lat' dir='ltr'><strong>illo,</strong></span> <span class='ocrx_word' id='word_1_417' title='bbox 1549 5464 1708 5518; x_wconf 91' lang='lat' dir='ltr'><strong>quem</strong></span> <span class='ocrx_word' id='word_1_418' title='bbox 1738 5450 1930 5504; x_wconf 80' lang='lat' dir='ltr'><strong>imitari</strong></span> <span class='ocrx_word' id='word_1_419' title='bbox 1949 5451 2038 5519; x_wconf 85' lang='lat' dir='ltr'><strong>jn-</strong></span> 
     </span>
    </p>
   </div>
   <div class='ocr_carea' id='block_1_56' title="bbox 452 5534 2034 5608">
    <p class='ocr_par' dir='ltr' id='par_1_56' title="bbox 452 5534 2034 5608">
     <span class='ocr_line' id='line_1_56' title="bbox 452 5534 2034 5608; baseline 0.004 -21"><span class='ocrx_word' id='word_1_420' title='bbox 452 5534 657 5594; x_wconf 86' lang='lat' dir='ltr'><strong>hemur.</strong></span> <span class='ocrx_word' id='word_1_421' title='bbox 689 5537 980 5593; x_wconf 75' lang='lat' dir='ltr'><strong>Videamus</strong></span> <span class='ocrx_word' id='word_1_422' title='bbox 1012 5546 1208 5608; x_wconf 79' lang='lat' dir='ltr'><strong>quanta</strong></span> <span class='ocrx_word' id='word_1_423' title='bbox 1246 5539 1314 5592; x_wconf 90' lang='lat' dir='ltr'><strong>sit</strong></span> <span class='ocrx_word' id='word_1_424' title='bbox 1355 5538 1716 5608; x_wconf 86' lang='lat' dir='ltr'><strong>intercapedo,</strong></span> <span class='ocrx_word' id='word_1_425' title='bbox 1750 5549 1804 5605; x_wconf 84' lang='lat' dir='ltr'><strong>ut</strong></span> <span class='ocrx_word' id='word_1_426' title='bbox 1845 5540 2034 5595; x_wconf 87' lang='lat' dir='ltr'><strong>saltem</strong></span> 
     </span>
    </p>
   </div>
   <div class='ocr_carea' id='block_1_57' title="bbox 451 5628 2034 5700">
    <p class='ocr_par' dir='ltr' id='par_1_57' title="bbox 451 5628 2034 5700">
     <span class='ocr_line' id='line_1_57' title="bbox 451 5628 2034 5700; baseline 0.003 -20"><span class='ocrx_word' id='word_1_427' title='bbox 451 5643 546 5681; x_wconf 82' lang='lat' dir='ltr'><strong>nos</strong></span> <span class='ocrx_word' id='word_1_428' title='bbox 570 5629 909 5693; x_wconf 87' lang='lat' dir='ltr'><strong>damnemus,</strong></span> <span class='ocrx_word' id='word_1_429' title='bbox 932 5645 999 5684; x_wconf 88' lang='lat' dir='ltr'><strong>eo</strong></span> <span class='ocrx_word' id='word_1_430' title='bbox 1028 5629 1169 5699; x_wconf 90' lang='lat' dir='ltr'><strong>quod</strong></span> <span class='ocrx_word' id='word_1_431' title='bbox 1198 5628 1318 5683; x_wconf 89' lang='lat' dir='ltr'><strong>illos</strong></span> <span class='ocrx_word' id='word_1_432' title='bbox 1357 5629 1748 5700; x_wconf 80' lang='lat' dir='ltr'><strong>impugnemus,</strong></span> <span class='ocrx_word' id='word_1_433' title='bbox 1791 5646 1888 5699; x_wconf 89' lang='lat' dir='ltr'><strong>pro</strong></span> <span class='ocrx_word' id='word_1_434' title='bbox 1914 5632 2034 5700; x_wconf 55' lang='grc' dir='ltr'><strong>(ιιιὶ⁸</strong></span> 
     </span>
    </p>
   </div>
   <div class='ocr_carea' id='block_1_58' title="bbox 449 5716 2087 5789">
    <p class='ocr_par' dir='ltr' id='par_1_58' title="bbox 449 5716 2087 5789">
     <span class='ocr_line' id='line_1_58' title="bbox 449 5716 2087 5789; baseline 0.001 -16"><span class='ocrx_word' id='word_1_435' title='bbox 449 5716 544 5774; x_wconf 77' lang='lat' dir='ltr'><strong>bus</strong></span> <span class='ocrx_word' id='word_1_436' title='bbox 572 5721 818 5775; x_wconf 76' lang='lat' dir='ltr'><strong>Christus</strong></span> <span class='ocrx_word' id='word_1_437' title='bbox 843 5721 1075 5774; x_wconf 89' lang='lat' dir='ltr'><strong>animam</strong></span> <span class='ocrx_word' id='word_1_438' title='bbox 1106 5720 1313 5789; x_wconf 85' lang='lat' dir='ltr'><strong>posuit;</strong></span> <span class='ocrx_word' id='word_1_439' title='bbox 1346 5734 1443 5773; x_wconf 87' lang='lat' dir='ltr'><strong>nec</strong></span> <span class='ocrx_word' id='word_1_440' title='bbox 1469 5720 1570 5774; x_wconf 85' lang='lat' dir='ltr'><strong>illis</strong></span> <span class='ocrx_word' id='word_1_441' title='bbox 1593 5721 1820 5775; x_wconf 77' lang='lat' dir='ltr'><strong>velimus</strong></span> <span class='ocrx_word' id='word_1_442' title='bbox 1842 5735 2033 5776; x_wconf 83' lang='lat' dir='ltr'><strong>recon-</strong></span> <span class='ocrx_word' id='word_1_443' title='bbox 2078 5782 2087 5788; x_wconf 32' lang='grc' dir='ltr'><strong>θ</strong></span> 
     </span>
    </p>
   </div>
   <div class='ocr_carea' id='block_1_59' title="bbox 510 5806 2033 5882">
    <p class='ocr_par' dir='ltr' id='par_1_59' title="bbox 510 5806 2033 5882">
     <span class='ocr_line' id='line_1_59' title="bbox 510 5806 2033 5882; baseline 0.001 -23"><span class='ocrx_word' id='word_1_444' title='bbox 510 5811 527 5840; x_wconf 84' lang='grc'>¹</span> <span class='ocrx_word' id='word_1_445' title='bbox 542 5809 704 5882; x_wconf 28' lang='grc' dir='ltr'><strong>Αρπα-</strong></span> <span class='ocrx_word' id='word_1_446' title='bbox 717 5810 837 5882; x_wconf 79' lang='lat' dir='ltr'><strong>alios</strong></span> <span class='ocrx_word' id='word_1_447' title='bbox 857 5806 1161 5882; x_wconf 41' lang='lat' dir='ltr'><strong>stc‘eﬂ&#39;ertur</strong></span> <span class='ocrx_word' id='word_1_448' title='bbox 1180 5811 1276 5881; x_wconf 41' lang='lat' dir='ltr'><strong>.hic</strong></span> <span class='ocrx_word' id='word_1_449' title='bbox 1308 5808 1479 5882; x_wconf 80' lang='lat' dir='ltr'><strong>locus:</strong></span> <span class='ocrx_word' id='word_1_450' title='bbox 1511 5815 1569 5859; x_wconf 78' lang='lat' dir='ltr'><strong>Ut</strong></span> <span class='ocrx_word' id='word_1_451' title='bbox 1592 5823 1703 5882; x_wconf 64' lang='lat' dir='ltr'><strong>eum</strong></span> <span class='ocrx_word' id='word_1_452' title='bbox 1725 5809 1878 5882; x_wconf 46' lang='lat' dir='ltr'><strong>damn</strong></span> <span class='ocrx_word' id='word_1_453' title='bbox 1889 5823 2033 5882; x_wconf 71' lang='lat' dir='ltr'><strong>cope-</strong></span> 
     </span>
    </p>
   </div>
   <div class='ocr_carea' id='block_1_60' title="bbox 447 5870 2034 5983">
    <p class='ocr_par' dir='ltr' id='par_1_60' title="bbox 447 5870 2034 5983">
     <span class='ocr_line' id='line_1_60' title="bbox 447 5870 2034 5978; baseline 0.004 -60"><span class='ocrx_word' id='word_1_454' title='bbox 447 5878 552 5978; x_wconf 54' lang='lat' dir='ltr'><strong>zent</strong></span> <span class='ocrx_word' id='word_1_455' title='bbox 576 5870 705 5943; x_wconf 56' lang='lat' dir='ltr'><strong>fuat</strong></span> <span class='ocrx_word' id='word_1_456' title='bbox 732 5881 783 5924; x_wconf 68' lang='lat' dir='ltr'><strong>at</strong></span> <span class='ocrx_word' id='word_1_457' title='bbox 806 5872 1080 5924; x_wconf 77' lang='lat' dir='ltr'><strong>occiderent</strong></span> <span class='ocrx_word' id='word_1_458' title='bbox 1103 5870 1127 5922; x_wconf 73' lang='grc' dir='ltr'><strong>ζ)</strong></span> <span class='ocrx_word' id='word_1_459' title='bbox 1147 5870 1246 5924; x_wconf 78' lang='lat' dir='ltr'><strong>sive</strong></span> <span class='ocrx_word' id='word_1_460' title='bbox 1269 5877 1320 5921; x_wconf 80' lang='lat' dir='ltr'><strong>ut</strong></span> <span class='ocrx_word' id='word_1_461' title='bbox 1341 5877 1596 5934; x_wconf 81' lang='lat' dir='ltr'><strong>utrumque</strong></span> <span class='ocrx_word' id='word_1_462' title='bbox 1616 5872 1831 5935; x_wconf 78' lang='lat' dir='ltr'><strong>facerent</strong></span> <span class='ocrx_word' id='word_1_463' title='bbox 1854 5872 1879 5923; x_wconf 74' lang='lat'><strong>.9</strong></span> <span class='ocrx_word' id='word_1_464' title='bbox 1902 5870 2034 5925; x_wconf 78' lang='lat' dir='ltr'><strong>linte-</strong></span> 
     </span>
     <span class='ocr_line' id='line_1_61' title="bbox 480 5943 723 5983; baseline 0.016 -6"><span class='ocrx_word' id='word_1_465' title='bbox 480 5943 560 5982; x_wconf 58' lang='lat' dir='ltr'><strong>(illi</strong></span> <span class='ocrx_word' id='word_1_466' title='bbox 580 5946 723 5983; x_wconf 64' lang='lat' dir='ltr'><strong>Cllllll.</strong></span> 
     </span>
    </p>
   </div>
   <div class='ocr_carea' id='block_1_61' title="bbox 1376 444 2801 512">
    <p class='ocr_par' dir='ltr' id='par_1_61' title="bbox 1376 444 2801 512">
     <span class='ocr_line' id='line_1_62' title="bbox 1376 444 2801 512; baseline 0.001 -2"><span class='ocrx_word' id='word_1_467' title='bbox 1376 455 1444 512; x_wconf 84' lang='lat' dir='ltr'><strong>IN</strong></span> <span class='ocrx_word' id='word_1_468' title='bbox 1480 448 1888 512; x_wconf 68' lang='lat' dir='ltr'><strong>MATTHEUM</strong></span> <span class='ocrx_word' id='word_1_469' title='bbox 1927 444 2156 507; x_wconf 76' lang='lat' dir='ltr'><strong>HOMIL.</strong></span> <span class='ocrx_word' id='word_1_470' title='bbox 2190 449 2428 508; x_wconf 75' lang='lat' dir='ltr'><strong>LXXIX.</strong></span> <span class='ocrx_word' id='word_1_471' title='bbox 2468 452 2543 508; x_wconf 87' lang='lat' dir='ltr'><strong>al.</strong></span> <span class='ocrx_word' id='word_1_472' title='bbox 2585 454 2801 511; x_wconf 69' lang='lat' dir='ltr'><strong>LXXX.</strong></span> 
     </span>
    </p>
   </div>
   <div class='ocr_carea' id='block_1_62' title="bbox 3637 459 3737 514">
    <p class='ocr_par' dir='ltr' id='par_1_62' title="bbox 3637 459 3737 514">
     <span class='ocr_line' id='line_1_63' title="bbox 3637 459 3737 514; baseline 0.02 -2"><span class='ocrx_word' id='word_1_473' title='bbox 3637 459 3737 514; x_wconf 61' lang='lat'><strong>723</strong></span> 
     </span>
    </p>
   </div>
   <div class='ocr_carea' id='block_1_63' title="bbox 2152 568 3737 640">
    <p class='ocr_par' dir='ltr' id='par_1_63' title="bbox 2152 568 3737 640">
     <span class='ocr_line' id='line_1_64' title="bbox 2152 568 3737 640; baseline 0.005 -17"><span class='ocrx_word' id='word_1_474' title='bbox 2152 568 2341 635; x_wconf 87' lang='lat' dir='ltr'><strong>ciliari,</strong></span> <span class='ocrx_word' id='word_1_475' title='bbox 2378 582 2512 640; x_wconf 86' lang='lat' dir='ltr'><strong>quos</strong></span> <span class='ocrx_word' id='word_1_476' title='bbox 2551 579 2610 626; x_wconf 91' lang='lat' dir='ltr'><strong>ut</strong></span> <span class='ocrx_word' id='word_1_477' title='bbox 2642 568 3045 639; x_wconf 87' lang='lat' dir='ltr'><strong>reconciliaret,</strong></span> <span class='ocrx_word' id='word_1_478' title='bbox 3090 588 3191 630; x_wconf 81' lang='lat' dir='ltr'><strong>nec</strong></span> <span class='ocrx_word' id='word_1_479' title='bbox 3243 577 3414 632; x_wconf 75' lang='lat' dir='ltr'><strong>occidi</strong></span> <span class='ocrx_word' id='word_1_480' title='bbox 3453 586 3737 631; x_wconf 63' lang='lat' dir='ltr'><strong>meavit.</strong></span> 
     </span>
    </p>
   </div>
   <div class='ocr_carea' id='block_1_64' title="bbox 2150 660 3740 737">
    <p class='ocr_par' dir='ltr' id='par_1_64' title="bbox 2150 660 3740 737">
     <span class='ocr_line' id='line_1_65' title="bbox 2150 660 3740 737; baseline 0.004 -23"><span class='ocrx_word' id='word_1_481' title='bbox 2150 660 2234 714; x_wconf 83' lang='lat' dir='ltr'><strong>An</strong></span> <span class='ocrx_word' id='word_1_482' title='bbox 2259 674 2493 730; x_wconf 82' lang='lat' dir='ltr'><strong>expensa</strong></span> <span class='ocrx_word' id='word_1_483' title='bbox 2518 672 2603 718; x_wconf 88' lang='lat' dir='ltr'><strong>est</strong></span> <span class='ocrx_word' id='word_1_484' title='bbox 2625 672 2679 719; x_wconf 91' lang='lat' dir='ltr'><strong>ct</strong></span> <span class='ocrx_word' id='word_1_485' title='bbox 2702 666 3044 733; x_wconf 87' lang='lat' dir='ltr'><strong>pecuniarum</strong></span> <span class='ocrx_word' id='word_1_486' title='bbox 3068 665 3329 736; x_wconf 81' lang='lat' dir='ltr'><strong>prolusio,</strong></span> <span class='ocrx_word' id='word_1_487' title='bbox 3357 667 3499 737; x_wconf 81' lang='lat' dir='ltr'><strong>quod</strong></span> <span class='ocrx_word' id='word_1_488' title='bbox 3519 668 3571 725; x_wconf 88' lang='lat' dir='ltr'><strong>in</strong></span> <span class='ocrx_word' id='word_1_489' title='bbox 3596 669 3740 723; x_wconf 80' lang='lat' dir='ltr'><strong>cice-</strong></span> 
     </span>
    </p>
   </div>
   <div class='ocr_carea' id='block_1_65' title="bbox 2150 755 2746 825">
    <p class='ocr_par' dir='ltr' id='par_1_65' title="bbox 2150 755 2746 825">
     <span class='ocr_line' id='line_1_66' title="bbox 2150 755 2746 825; baseline 0.008 -19"><span class='ocrx_word' id='word_1_490' title='bbox 2150 765 2371 825; x_wconf 85' lang='lat' dir='ltr'><strong>mosyna</strong></span> <span class='ocrx_word' id='word_1_491' title='bbox 2406 755 2696 810; x_wconf 87' lang='lat' dir='ltr'><strong>obtenditis</strong></span> <span class='ocrx_word' id='word_1_492' title='bbox 2722 756 2746 811; x_wconf 87' lang='lat'><strong>?</strong></span> 
     </span>
    </p>
   </div>
   <div class='ocr_carea' id='block_1_66' title="bbox 2221 842 3740 916">
    <p class='ocr_par' dir='ltr' id='par_1_66' title="bbox 2221 842 3740 916">
     <span class='ocr_line' id='line_1_67' title="bbox 2221 842 3740 916; baseline 0.003 -17"><span class='ocrx_word' id='word_1_493' title='bbox 2221 846 2276 900; x_wconf 75' lang='grc'><strong>4.</strong></span> <span class='ocrx_word' id='word_1_494' title='bbox 2316 842 2632 916; x_wconf 84' lang='lat' dir='ltr'><strong>Injuriaruut</strong></span> <span class='ocrx_word' id='word_1_495' title='bbox 2673 847 2899 903; x_wconf 73' lang='lat' dir='ltr'><strong>retttisst&#39;o</strong></span> <span class='ocrx_word' id='word_1_496' title='bbox 2951 858 2998 903; x_wconf 87' lang='lat' dir='ltr'><strong>et</strong></span> <span class='ocrx_word' id='word_1_497' title='bbox 3039 849 3219 903; x_wconf 83' lang='lat' dir='ltr'><strong>oblivia</strong></span> <span class='ocrx_word' id='word_1_498' title='bbox 3264 848 3634 903; x_wconf 75' lang='lat' dir='ltr'><strong>desiderantur.</strong></span> <span class='ocrx_word' id='word_1_499' title='bbox 3667 879 3740 892; x_wconf 78' lang='lat'><strong>~—</strong></span> 
     </span>
    </p>
   </div>
   <div class='ocr_carea' id='block_1_67' title="bbox 2152 934 3731 1006">
    <p class='ocr_par' dir='ltr' id='par_1_67' title="bbox 2152 934 3731 1006">
     <span class='ocr_line' id='line_1_68' title="bbox 2152 934 3731 1006; baseline 0.004 -16"><span class='ocrx_word' id='word_1_500' title='bbox 2152 934 2334 1004; x_wconf 84' lang='lat' dir='ltr'><strong>Cogita</strong></span> <span class='ocrx_word' id='word_1_501' title='bbox 2378 952 2535 1006; x_wconf 89' lang='lat' dir='ltr'><strong>quam</strong></span> <span class='ocrx_word' id='word_1_502' title='bbox 2566 939 2754 992; x_wconf 83' lang='lat' dir='ltr'><strong>noxius</strong></span> <span class='ocrx_word' id='word_1_503' title='bbox 2793 940 2886 1005; x_wconf 84' lang='lat' dir='ltr'><strong>sis,</strong></span> <span class='ocrx_word' id='word_1_504' title='bbox 2913 950 2966 993; x_wconf 92' lang='lat' dir='ltr'><strong>et</strong></span> <span class='ocrx_word' id='word_1_505' title='bbox 2991 955 3094 994; x_wconf 90' lang='lat' dir='ltr'><strong>non</strong></span> <span class='ocrx_word' id='word_1_506' title='bbox 3123 940 3284 995; x_wconf 90' lang='lat' dir='ltr'><strong>modo</strong></span> <span class='ocrx_word' id='word_1_507' title='bbox 3314 956 3421 995; x_wconf 91' lang='lat' dir='ltr'><strong>non</strong></span> <span class='ocrx_word' id='word_1_508' title='bbox 3458 943 3731 997; x_wconf 81' lang='lat' dir='ltr'><strong>recusabis</strong></span> 
     </span>
    </p>
   </div>
   <div class='ocr_carea' id='block_1_68' title="bbox 2152 1026 3735 1097">
    <p class='ocr_par' dir='ltr' id='par_1_68' title="bbox 2152 1026 3735 1097">
     <span class='ocr_line' id='line_1_69' title="bbox 2152 1026 3735 1097; baseline 0.006 -17"><span class='ocrx_word' id='word_1_509' title='bbox 2152 1026 2473 1083; x_wconf 69' lang='lat' dir='ltr'><strong>laedentibus</strong></span> <span class='ocrx_word' id='word_1_510' title='bbox 2499 1038 2550 1084; x_wconf 92' lang='lat' dir='ltr'><strong>te</strong></span> <span class='ocrx_word' id='word_1_511' title='bbox 2569 1030 2777 1085; x_wconf 85' lang='lat' dir='ltr'><strong>veniam</strong></span> <span class='ocrx_word' id='word_1_512' title='bbox 2813 1031 2962 1097; x_wconf 84' lang='lat' dir='ltr'><strong>dare,</strong></span> <span class='ocrx_word' id='word_1_513' title='bbox 2993 1032 3086 1087; x_wconf 92' lang='lat' dir='ltr'><strong>sed</strong></span> <span class='ocrx_word' id='word_1_514' title='bbox 3114 1033 3274 1088; x_wconf 87' lang='lat' dir='ltr'><strong>etiam</strong></span> <span class='ocrx_word' id='word_1_515' title='bbox 3303 1032 3368 1087; x_wconf 91' lang='lat' dir='ltr'><strong>ad</strong></span> <span class='ocrx_word' id='word_1_516' title='bbox 3401 1033 3523 1089; x_wconf 91' lang='lat' dir='ltr'><strong>illos</strong></span> <span class='ocrx_word' id='word_1_517' title='bbox 3546 1046 3735 1089; x_wconf 88' lang='lat' dir='ltr'><strong>accur-</strong></span> 
     </span>
    </p>
   </div>
   <div class='ocr_carea' id='block_1_69' title="bbox 2151 1122 3727 1198">
    <p class='ocr_par' dir='ltr' id='par_1_69' title="bbox 2151 1122 3727 1198">
     <span class='ocr_line' id='line_1_70' title="bbox 2151 1122 3727 1198; baseline 0.005 -23"><span class='ocrx_word' id='word_1_518' title='bbox 2151 1137 2259 1187; x_wconf 91' lang='lat' dir='ltr'><strong>res,</strong></span> <span class='ocrx_word' id='word_1_519' title='bbox 2290 1131 2346 1176; x_wconf 90' lang='lat' dir='ltr'><strong>ut</strong></span> <span class='ocrx_word' id='word_1_520' title='bbox 2382 1122 2474 1176; x_wconf 90' lang='lat' dir='ltr'><strong>tibi</strong></span> <span class='ocrx_word' id='word_1_521' title='bbox 2504 1122 2554 1177; x_wconf 92' lang='lat' dir='ltr'><strong>id</strong></span> <span class='ocrx_word' id='word_1_522' title='bbox 2583 1123 2650 1179; x_wconf 86' lang='lat' dir='ltr'><strong>sit</strong></span> <span class='ocrx_word' id='word_1_523' title='bbox 2682 1124 3016 1179; x_wconf 83' lang='lat' dir='ltr'><strong>remissionis</strong></span> <span class='ocrx_word' id='word_1_524' title='bbox 3041 1125 3274 1192; x_wconf 85' lang='lat' dir='ltr'><strong>occasio,</strong></span> <span class='ocrx_word' id='word_1_525' title='bbox 3300 1134 3355 1180; x_wconf 89' lang='lat' dir='ltr'><strong>ut</strong></span> <span class='ocrx_word' id='word_1_526' title='bbox 3385 1128 3727 1198; x_wconf 88' lang='lat' dir='ltr'><strong>propriorum</strong></span> 
     </span>
    </p>
   </div>
   <div class='ocr_carea' id='block_1_70' title="bbox 2152 1214 3736 1296">
    <p class='ocr_par' dir='ltr' id='par_1_70' title="bbox 2152 1214 3736 1296">
     <span class='ocr_line' id='line_1_71' title="bbox 2152 1214 3736 1296; baseline 0.007 -28"><span class='ocrx_word' id='word_1_527' title='bbox 2152 1214 2246 1269; x_wconf 92' lang='lat' dir='ltr'><strong>tibi</strong></span> <span class='ocrx_word' id='word_1_528' title='bbox 2279 1216 2535 1271; x_wconf 89' lang='lat' dir='ltr'><strong>malorum</strong></span> <span class='ocrx_word' id='word_1_529' title='bbox 2573 1218 2992 1275; x_wconf 88' lang='lat' dir='ltr'><strong>consolationem</strong></span> <span class='ocrx_word' id='word_1_530' title='bbox 3017 1221 3274 1290; x_wconf 83' lang='lat' dir='ltr'><strong>reperias.</strong></span> <span class='ocrx_word' id='word_1_531' title='bbox 3306 1221 3547 1278; x_wconf 84' lang='lat' dir='ltr'><strong>Gentiles</strong></span> <span class='ocrx_word' id='word_1_532' title='bbox 3589 1239 3736 1296; x_wconf 83' lang='lat' dir='ltr'><strong>saepe</strong></span> 
     </span>
    </p>
   </div>
   <div class='ocr_carea' id='block_1_71' title="bbox 2151 1307 3734 1386">
    <p class='ocr_par' dir='ltr' id='par_1_71' title="bbox 2151 1307 3734 1386">
     <span class='ocr_line' id='line_1_72' title="bbox 2151 1307 3734 1386; baseline 0.006 -25"><span class='ocrx_word' id='word_1_533' title='bbox 2151 1307 2285 1361; x_wconf 88' lang='lat' dir='ltr'><strong>nihil</strong></span> <span class='ocrx_word' id='word_1_534' title='bbox 2313 1310 2486 1378; x_wconf 82' lang='lat' dir='ltr'><strong>magni</strong></span> <span class='ocrx_word' id='word_1_535' title='bbox 2509 1320 2901 1379; x_wconf 81' lang='lat' dir='ltr'><strong>exspectantes,</strong></span> <span class='ocrx_word' id='word_1_536' title='bbox 2933 1312 2985 1366; x_wconf 89' lang='lat' dir='ltr'><strong>in</strong></span> <span class='ocrx_word' id='word_1_537' title='bbox 3018 1312 3166 1368; x_wconf 86' lang='lat' dir='ltr'><strong>hisce</strong></span> <span class='ocrx_word' id='word_1_538' title='bbox 3188 1317 3348 1369; x_wconf 90' lang='lat' dir='ltr'><strong>rebus</strong></span> <span class='ocrx_word' id='word_1_539' title='bbox 3373 1314 3734 1386; x_wconf 86' lang='lat' dir='ltr'><strong>philosophati</strong></span> 
     </span>
    </p>
   </div>
   <div class='ocr_carea' id='block_1_72' title="bbox 2152 1400 3736 1474">
    <p class='ocr_par' dir='ltr' id='par_1_72' title="bbox 2152 1400 3736 1474">
     <span class='ocr_line' id='line_1_73' title="bbox 2152 1400 3736 1474; baseline 0.007 -22"><span class='ocrx_word' id='word_1_540' title='bbox 2152 1407 2276 1452; x_wconf 90' lang='lat' dir='ltr'><strong>sunt</strong></span> <span class='ocrx_word' id='word_1_541' title='bbox 2303 1416 2316 1453; x_wconf 92' lang='lat'><strong>:</strong></span> <span class='ocrx_word' id='word_1_542' title='bbox 2344 1410 2397 1453; x_wconf 90' lang='lat' dir='ltr'><strong>et</strong></span> <span class='ocrx_word' id='word_1_543' title='bbox 2419 1408 2493 1466; x_wconf 90' lang='lat' dir='ltr'><strong>tu,</strong></span> <span class='ocrx_word' id='word_1_544' title='bbox 2523 1400 2613 1469; x_wconf 90' lang='lat' dir='ltr'><strong>qui</strong></span> <span class='ocrx_word' id='word_1_545' title='bbox 2642 1400 2711 1455; x_wconf 86' lang='lat' dir='ltr'><strong>ad</strong></span> <span class='ocrx_word' id='word_1_546' title='bbox 2749 1409 2952 1456; x_wconf 88' lang='lat' dir='ltr'><strong>tantam</strong></span> <span class='ocrx_word' id='word_1_547' title='bbox 2988 1418 3136 1473; x_wconf 90' lang='lat' dir='ltr'><strong>spem</strong></span> <span class='ocrx_word' id='word_1_548' title='bbox 3183 1402 3519 1474; x_wconf 80' lang='lat' dir='ltr'><strong>profecturus</strong></span> <span class='ocrx_word' id='word_1_549' title='bbox 3541 1421 3622 1473; x_wconf 86' lang='lat' dir='ltr'><strong>es,</strong></span> <span class='ocrx_word' id='word_1_550' title='bbox 3651 1423 3736 1463; x_wconf 87' lang='lat' dir='ltr'><strong>re-</strong></span> 
     </span>
    </p>
   </div>
   <div class='ocr_carea' id='block_1_73' title="bbox 2154 1486 3731 1564">
    <p class='ocr_par' dir='ltr' id='par_1_73' title="bbox 2154 1486 3731 1564">
     <span class='ocr_line' id='line_1_74' title="bbox 2154 1486 3731 1564; baseline 0.006 -21"><span class='ocrx_word' id='word_1_551' title='bbox 2154 1486 2292 1558; x_wconf 82' lang='lat' dir='ltr'><strong>fugis</strong></span> <span class='ocrx_word' id='word_1_552' title='bbox 2329 1498 2380 1544; x_wconf 91' lang='lat' dir='ltr'><strong>et</strong></span> <span class='ocrx_word' id='word_1_553' title='bbox 2414 1491 2715 1560; x_wconf 85' lang='lat' dir='ltr'><strong>torpescis?</strong></span> <span class='ocrx_word' id='word_1_554' title='bbox 2739 1503 2792 1547; x_wconf 92' lang='lat' dir='ltr'><strong>et</strong></span> <span class='ocrx_word' id='word_1_555' title='bbox 2828 1492 2969 1563; x_wconf 86' lang='lat' dir='ltr'><strong>quod</strong></span> <span class='ocrx_word' id='word_1_556' title='bbox 3012 1504 3221 1564; x_wconf 89' lang='lat' dir='ltr'><strong>tempus</strong></span> <span class='ocrx_word' id='word_1_557' title='bbox 3262 1495 3406 1562; x_wconf 79' lang='lat' dir='ltr'><strong>facit,</strong></span> <span class='ocrx_word' id='word_1_558' title='bbox 3463 1497 3564 1552; x_wconf 92' lang='lat' dir='ltr'><strong>hoc</strong></span> <span class='ocrx_word' id='word_1_559' title='bbox 3622 1513 3731 1553; x_wconf 87' lang='lat' dir='ltr'><strong>non</strong></span> 
     </span>
    </p>
   </div>
   <div class='ocr_carea' id='block_1_74' title="bbox 2152 1582 3736 1656">
    <p class='ocr_par' dir='ltr' id='par_1_74' title="bbox 2152 1582 3736 1656">
     <span class='ocr_line' id='line_1_75' title="bbox 2152 1582 3736 1656; baseline 0.006 -21"><span class='ocrx_word' id='word_1_560' title='bbox 2152 1582 2383 1637; x_wconf 88' lang='lat' dir='ltr'><strong>sustines</strong></span> <span class='ocrx_word' id='word_1_561' title='bbox 2411 1594 2626 1653; x_wconf 86' lang='lat' dir='ltr'><strong>prepter</strong></span> <span class='ocrx_word' id='word_1_562' title='bbox 2653 1582 2748 1639; x_wconf 88' lang='lat' dir='ltr'><strong>Dei</strong></span> <span class='ocrx_word' id='word_1_563' title='bbox 2773 1584 2945 1655; x_wconf 84' lang='lat' dir='ltr'><strong>legem</strong></span> <span class='ocrx_word' id='word_1_564' title='bbox 2973 1595 3096 1640; x_wconf 91' lang='lat' dir='ltr'><strong>ante</strong></span> <span class='ocrx_word' id='word_1_565' title='bbox 3127 1596 3338 1656; x_wconf 90' lang='lat' dir='ltr'><strong>tempus</strong></span> <span class='ocrx_word' id='word_1_566' title='bbox 3352 1587 3547 1653; x_wconf 82' lang='lat' dir='ltr'><strong>facere,</strong></span> <span class='ocrx_word' id='word_1_567' title='bbox 3574 1598 3628 1644; x_wconf 90' lang='lat' dir='ltr'><strong>et</strong></span> <span class='ocrx_word' id='word_1_568' title='bbox 3657 1589 3736 1644; x_wconf 79' lang='lat' dir='ltr'><strong>vis</strong></span> 
     </span>
    </p>
   </div>
   <div class='ocr_carea' id='block_1_75' title="bbox 2152 1677 3729 1749">
    <p class='ocr_par' dir='ltr' id='par_1_75' title="bbox 2152 1677 3729 1749">
     <span class='ocr_line' id='line_1_76' title="bbox 2152 1677 3729 1749; baseline 0.003 -19"><span class='ocrx_word' id='word_1_569' title='bbox 2152 1677 2329 1746; x_wconf 89' lang='lat' dir='ltr'><strong>potius</strong></span> <span class='ocrx_word' id='word_1_570' title='bbox 2359 1679 2474 1731; x_wconf 90' lang='lat' dir='ltr'><strong>sine</strong></span> <span class='ocrx_word' id='word_1_571' title='bbox 2505 1678 2784 1743; x_wconf 90' lang='lat' dir='ltr'><strong>mercede,</strong></span> <span class='ocrx_word' id='word_1_572' title='bbox 2815 1694 2971 1749; x_wconf 90' lang='lat' dir='ltr'><strong>quam</strong></span> <span class='ocrx_word' id='word_1_573' title='bbox 3004 1695 3124 1735; x_wconf 92' lang='lat' dir='ltr'><strong>cum</strong></span> <span class='ocrx_word' id='word_1_574' title='bbox 3157 1680 3404 1735; x_wconf 88' lang='lat' dir='ltr'><strong>mercede</strong></span> <span class='ocrx_word' id='word_1_575' title='bbox 3426 1680 3729 1749; x_wconf 84' lang='lat' dir='ltr'><strong>passionem</strong></span> 
     </span>
    </p>
   </div>
   <div class='ocr_carea' id='block_1_76' title="bbox 2153 1764 3734 1840">
    <p class='ocr_par' dir='ltr' id='par_1_76' title="bbox 2153 1764 3734 1840">
     <span class='ocr_line' id='line_1_77' title="bbox 2153 1764 3734 1840; baseline 0.001 -18"><span class='ocrx_word' id='word_1_576' title='bbox 2153 1777 2296 1822; x_wconf 89' lang='lat' dir='ltr'><strong>tuam</strong></span> <span class='ocrx_word' id='word_1_577' title='bbox 2319 1764 2627 1839; x_wconf 78' lang='lat' dir='ltr'><strong>exstingui?</strong></span> <span class='ocrx_word' id='word_1_578' title='bbox 2657 1768 2838 1839; x_wconf 86' lang='lat' dir='ltr'><strong>Neque</strong></span> <span class='ocrx_word' id='word_1_579' title='bbox 2884 1770 3024 1823; x_wconf 89' lang='lat' dir='ltr'><strong>enim</strong></span> <span class='ocrx_word' id='word_1_580' title='bbox 3058 1771 3100 1824; x_wconf 92' lang='lat' dir='ltr'><strong>si</strong></span> <span class='ocrx_word' id='word_1_581' title='bbox 3150 1770 3201 1824; x_wconf 93' lang='lat' dir='ltr'><strong>id</strong></span> <span class='ocrx_word' id='word_1_582' title='bbox 3251 1785 3280 1824; x_wconf 92' lang='lat' dir='ltr'><strong>a</strong></span> <span class='ocrx_word' id='word_1_583' title='bbox 3334 1779 3577 1840; x_wconf 90' lang='lat' dir='ltr'><strong>tempore</strong></span> <span class='ocrx_word' id='word_1_584' title='bbox 3625 1771 3734 1837; x_wconf 81' lang='lat' dir='ltr'><strong>ﬁat,</strong></span> 
     </span>
    </p>
   </div>
   <div class='ocr_carea' id='block_1_77' title="bbox 2151 1860 3736 1932">
    <p class='ocr_par' dir='ltr' id='par_1_77' title="bbox 2151 1860 3736 1932">
     <span class='ocr_line' id='line_1_78' title="bbox 2151 1860 3736 1932; baseline 0.003 -19"><span class='ocrx_word' id='word_1_585' title='bbox 2151 1860 2326 1929; x_wconf 86' lang='lat' dir='ltr'><strong>majus</strong></span> <span class='ocrx_word' id='word_1_586' title='bbox 2342 1860 2612 1929; x_wconf 90' lang='lat' dir='ltr'><strong>quidpiam</strong></span> <span class='ocrx_word' id='word_1_587' title='bbox 2642 1860 2735 1913; x_wconf 86' lang='lat' dir='ltr'><strong>tibi</strong></span> <span class='ocrx_word' id='word_1_588' title='bbox 2760 1860 3043 1929; x_wconf 88' lang='lat' dir='ltr'><strong>supererit,</strong></span> <span class='ocrx_word' id='word_1_589' title='bbox 3071 1861 3179 1916; x_wconf 89' lang='lat' dir='ltr'><strong>imo</strong></span> <span class='ocrx_word' id='word_1_590' title='bbox 3208 1877 3368 1930; x_wconf 82' lang='lat' dir='ltr'><strong>grave</strong></span> <span class='ocrx_word' id='word_1_591' title='bbox 3394 1862 3736 1932; x_wconf 82' lang='lat' dir='ltr'><strong>supplicium,</strong></span> 
     </span>
    </p>
   </div>
   <div class='ocr_carea' id='block_1_78' title="bbox 2152 1952 3728 2024">
    <p class='ocr_par' dir='ltr' id='par_1_78' title="bbox 2152 1952 3728 2024">
     <span class='ocr_line' id='line_1_79' title="bbox 2152 1952 3728 2024; baseline 0.004 -20"><span class='ocrx_word' id='word_1_592' title='bbox 2152 1952 2292 2022; x_wconf 88' lang='lat' dir='ltr'><strong>quod</strong></span> <span class='ocrx_word' id='word_1_593' title='bbox 2322 1952 2372 2007; x_wconf 89' lang='lat' dir='ltr'><strong>id</strong></span> <span class='ocrx_word' id='word_1_594' title='bbox 2414 1953 2554 2022; x_wconf 91' lang='lat' dir='ltr'><strong>quod</strong></span> <span class='ocrx_word' id='word_1_595' title='bbox 2583 1961 2794 2023; x_wconf 89' lang='lat' dir='ltr'><strong>tempus</strong></span> <span class='ocrx_word' id='word_1_596' title='bbox 2820 1954 2999 2009; x_wconf 80' lang='lat' dir='ltr'><strong>facere</strong></span> <span class='ocrx_word' id='word_1_597' title='bbox 3038 1956 3228 2024; x_wconf 91' lang='lat' dir='ltr'><strong>potuit,</strong></span> <span class='ocrx_word' id='word_1_598' title='bbox 3262 1956 3364 2010; x_wconf 89' lang='lat' dir='ltr'><strong>hoc</strong></span> <span class='ocrx_word' id='word_1_599' title='bbox 3394 1956 3476 2010; x_wconf 79' lang='lat' dir='ltr'><strong>lex</strong></span> <span class='ocrx_word' id='word_1_600' title='bbox 3507 1956 3600 2010; x_wconf 88' lang='lat' dir='ltr'><strong>Dei</strong></span> <span class='ocrx_word' id='word_1_601' title='bbox 3635 1954 3728 2011; x_wconf 87' lang='lat' dir='ltr'><strong>tibi</strong></span> 
     </span>
    </p>
   </div>
   <div class='ocr_carea' id='block_1_79' title="bbox 2154 2044 3733 2115">
    <p class='ocr_par' dir='ltr' id='par_1_79' title="bbox 2154 2044 3733 2115">
     <span class='ocr_line' id='line_1_80' title="bbox 2154 2044 3733 2115; baseline 0.004 -18"><span class='ocrx_word' id='word_1_602' title='bbox 2154 2044 2330 2099; x_wconf 81' lang='lat' dir='ltr'><strong>facere</strong></span> <span class='ocrx_word' id='word_1_603' title='bbox 2358 2061 2462 2099; x_wconf 92' lang='lat' dir='ltr'><strong>non</strong></span> <span class='ocrx_word' id='word_1_604' title='bbox 2492 2046 2836 2114; x_wconf 87' lang='lat' dir='ltr'><strong>persuaserit.</strong></span> <span class='ocrx_word' id='word_1_605' title='bbox 2860 2045 3011 2112; x_wconf 89' lang='lat' dir='ltr'><strong>Quod</strong></span> <span class='ocrx_word' id='word_1_606' title='bbox 3029 2048 3071 2101; x_wconf 92' lang='lat' dir='ltr'><strong>si</strong></span> <span class='ocrx_word' id='word_1_607' title='bbox 3098 2047 3322 2115; x_wconf 86' lang='lat' dir='ltr'><strong>dixeris,</strong></span> <span class='ocrx_word' id='word_1_608' title='bbox 3344 2057 3395 2103; x_wconf 93' lang='lat' dir='ltr'><strong>tc</strong></span> <span class='ocrx_word' id='word_1_609' title='bbox 3417 2048 3733 2103; x_wconf 82' lang='lat' dir='ltr'><strong>inﬂammari</strong></span> 
     </span>
    </p>
   </div>
   <div class='ocr_carea' id='block_1_80' title="bbox 2152 2137 3737 2206">
    <p class='ocr_par' dir='ltr' id='par_1_80' title="bbox 2152 2137 3737 2206">
     <span class='ocr_line' id='line_1_81' title="bbox 2152 2137 3737 2206; baseline 0.001 -14"><span class='ocrx_word' id='word_1_610' title='bbox 2152 2152 2271 2192; x_wconf 90' lang='lat' dir='ltr'><strong>cmn</strong></span> <span class='ocrx_word' id='word_1_611' title='bbox 2300 2137 2639 2192; x_wconf 67' lang='lat' dir='ltr'><strong>contumelia:</strong></span> <span class='ocrx_word' id='word_1_612' title='bbox 2669 2139 2965 2192; x_wconf 87' lang='lat' dir='ltr'><strong>recordaris</strong></span> <span class='ocrx_word' id='word_1_613' title='bbox 2987 2180 3001 2204; x_wconf 95' lang='lat'><strong>,</strong></span> <span class='ocrx_word' id='word_1_614' title='bbox 3029 2140 3080 2192; x_wconf 92' lang='lat' dir='ltr'><strong>in</strong></span> <span class='ocrx_word' id='word_1_615' title='bbox 3109 2141 3418 2194; x_wconf 88' lang='lat' dir='ltr'><strong>memoriam</strong></span> <span class='ocrx_word' id='word_1_616' title='bbox 3449 2155 3662 2206; x_wconf 87' lang='lat' dir='ltr'><strong>revoca,</strong></span> <span class='ocrx_word' id='word_1_617' title='bbox 3692 2141 3737 2194; x_wconf 91' lang='lat' dir='ltr'><strong>si</strong></span> 
     </span>
    </p>
   </div>
   <div class='ocr_carea' id='block_1_81' title="bbox 2151 2228 3732 2301">
    <p class='ocr_par' dir='ltr' id='par_1_81' title="bbox 2151 2228 3732 2301">
     <span class='ocr_line' id='line_1_82' title="bbox 2151 2228 3732 2301; baseline 0.003 -21"><span class='ocrx_word' id='word_1_618' title='bbox 2151 2228 2275 2297; x_wconf 92' lang='lat' dir='ltr'><strong>quid</strong></span> <span class='ocrx_word' id='word_1_619' title='bbox 2308 2228 2399 2282; x_wconf 88' lang='lat' dir='ltr'><strong>tibi</strong></span> <span class='ocrx_word' id='word_1_620' title='bbox 2428 2228 2551 2282; x_wconf 91' lang='lat' dir='ltr'><strong>boni</strong></span> <span class='ocrx_word' id='word_1_621' title='bbox 2579 2244 2610 2282; x_wconf 89' lang='lat' dir='ltr'><strong>a</strong></span> <span class='ocrx_word' id='word_1_622' title='bbox 2642 2228 2869 2284; x_wconf 69' lang='lat' dir='ltr'><strong>[ardente</strong></span> <span class='ocrx_word' id='word_1_623' title='bbox 2897 2231 3221 2296; x_wconf 90' lang='lat' dir='ltr'><strong>accesserit,</strong></span> <span class='ocrx_word' id='word_1_624' title='bbox 3250 2240 3305 2286; x_wconf 88' lang='lat' dir='ltr'><strong>et</strong></span> <span class='ocrx_word' id='word_1_625' title='bbox 3329 2231 3502 2299; x_wconf 84' lang='lat' dir='ltr'><strong>cogita</strong></span> <span class='ocrx_word' id='word_1_626' title='bbox 3533 2241 3732 2301; x_wconf 89' lang='lat' dir='ltr'><strong>quanta</strong></span> 
     </span>
    </p>
   </div>
   <div class='ocr_carea' id='block_1_82' title="bbox 2153 2319 3740 2390">
    <p class='ocr_par' dir='ltr' id='par_1_82' title="bbox 2153 2319 3740 2390">
     <span class='ocr_line' id='line_1_83' title="bbox 2153 2319 3740 2390; baseline 0 -17"><span class='ocrx_word' id='word_1_627' title='bbox 2153 2327 2208 2373; x_wconf 90' lang='lat' dir='ltr'><strong>tu</strong></span> <span class='ocrx_word' id='word_1_628' title='bbox 2235 2319 2354 2373; x_wconf 89' lang='lat' dir='ltr'><strong>aliis</strong></span> <span class='ocrx_word' id='word_1_629' title='bbox 2384 2319 2520 2373; x_wconf 89' lang='lat' dir='ltr'><strong>mala</strong></span> <span class='ocrx_word' id='word_1_630' title='bbox 2545 2320 2806 2375; x_wconf 89' lang='lat' dir='ltr'><strong>intuleris.</strong></span> <span class='ocrx_word' id='word_1_631' title='bbox 2837 2320 2952 2375; x_wconf 90' lang='lat' dir='ltr'><strong>Tibi</strong></span> <span class='ocrx_word' id='word_1_632' title='bbox 2978 2320 3268 2386; x_wconf 76' lang='lat' dir='ltr'><strong>maledixit,</strong></span> <span class='ocrx_word' id='word_1_633' title='bbox 3302 2331 3352 2375; x_wconf 91' lang='lat' dir='ltr'><strong>te</strong></span> <span class='ocrx_word' id='word_1_634' title='bbox 3375 2323 3574 2390; x_wconf 85' lang='lat' dir='ltr'><strong>probro</strong></span> <span class='ocrx_word' id='word_1_635' title='bbox 3610 2319 3740 2374; x_wconf 81' lang='lat' dir='ltr'><strong>all&#39;e-</strong></span> 
     </span>
    </p>
   </div>
   <div class='ocr_carea' id='block_1_83' title="bbox 2152 2409 3740 2482">
    <p class='ocr_par' dir='ltr' id='par_1_83' title="bbox 2152 2409 3740 2482">
     <span class='ocr_line' id='line_1_84' title="bbox 2152 2409 3740 2482; baseline 0.003 -20"><span class='ocrx_word' id='word_1_636' title='bbox 2152 2410 2262 2463; x_wconf 87' lang='lat' dir='ltr'><strong>cit?</strong></span> <span class='ocrx_word' id='word_1_637' title='bbox 2289 2409 2487 2481; x_wconf 78' lang='lat' dir='ltr'><strong>Tecum</strong></span> <span class='ocrx_word' id='word_1_638' title='bbox 2520 2420 2707 2480; x_wconf 89' lang='lat' dir='ltr'><strong>reputa</strong></span> <span class='ocrx_word' id='word_1_639' title='bbox 2738 2418 2790 2466; x_wconf 92' lang='lat' dir='ltr'><strong>te</strong></span> <span class='ocrx_word' id='word_1_640' title='bbox 2815 2428 3025 2482; x_wconf 84' lang='lat' dir='ltr'><strong>quoque</strong></span> <span class='ocrx_word' id='word_1_641' title='bbox 3053 2413 3168 2467; x_wconf 88' lang='lat' dir='ltr'><strong>aliis</strong></span> <span class='ocrx_word' id='word_1_642' title='bbox 3197 2413 3562 2467; x_wconf 75' lang='lat' dir='ltr'><strong>tnaledixisse.</strong></span> <span class='ocrx_word' id='word_1_643' title='bbox 3593 2412 3740 2479; x_wconf 74' lang='lat' dir='ltr'><strong>Quo-</strong></span> 
     </span>
    </p>
   </div>
   <div class='ocr_carea' id='block_1_84' title="bbox 2152 2494 3730 2578">
    <p class='ocr_par' dir='ltr' id='par_1_84' title="bbox 2152 2494 3730 2578">
     <span class='ocr_line' id='line_1_85' title="bbox 2152 2494 3730 2578; baseline 0.004 -21"><span class='ocrx_word' id='word_1_644' title='bbox 2152 2494 2312 2559; x_wconf 90' lang='lat' dir='ltr'><strong>modo</strong></span> <span class='ocrx_word' id='word_1_645' title='bbox 2342 2520 2468 2576; x_wconf 78' lang='lat' dir='ltr'><strong>crgo</strong></span> <span class='ocrx_word' id='word_1_646' title='bbox 2498 2506 2703 2561; x_wconf 87' lang='lat' dir='ltr'><strong>veniam</strong></span> <span class='ocrx_word' id='word_1_647' title='bbox 2735 2509 3098 2578; x_wconf 87' lang='lat' dir='ltr'><strong>consequeris,</strong></span> <span class='ocrx_word' id='word_1_648' title='bbox 3130 2524 3286 2575; x_wconf 86' lang='lat' dir='ltr'><strong>quam</strong></span> <span class='ocrx_word' id='word_1_649' title='bbox 3337 2510 3454 2565; x_wconf 89' lang='lat' dir='ltr'><strong>aliis</strong></span> <span class='ocrx_word' id='word_1_650' title='bbox 3498 2526 3601 2564; x_wconf 88' lang='lat' dir='ltr'><strong>non</strong></span> <span class='ocrx_word' id='word_1_651' title='bbox 3632 2509 3730 2564; x_wconf 80' lang='lat' dir='ltr'><strong>de-</strong></span> 
     </span>
    </p>
   </div>
   <div class='ocr_carea' id='block_1_85' title="bbox 2152 2595 3741 2655">
    <p class='ocr_par' dir='ltr' id='par_1_85' title="bbox 2152 2595 3741 2655">
     <span class='ocr_line' id='line_1_86' title="bbox 2152 2595 3741 2655; baseline 0.004 -6"><span class='ocrx_word' id='word_1_652' title='bbox 2152 2595 2314 2649; x_wconf 83' lang='lat' dir='ltr'><strong>disti?</strong></span> <span class='ocrx_word' id='word_1_653' title='bbox 2342 2595 2447 2651; x_wconf 87' lang='lat' dir='ltr'><strong>Sed</strong></span> <span class='ocrx_word' id='word_1_654' title='bbox 2481 2597 2610 2651; x_wconf 90' lang='lat' dir='ltr'><strong>nihil</strong></span> <span class='ocrx_word' id='word_1_655' title='bbox 2641 2598 2746 2652; x_wconf 86' lang='lat' dir='ltr'><strong>tale</strong></span> <span class='ocrx_word' id='word_1_656' title='bbox 2775 2598 2988 2653; x_wconf 81' lang='lat' dir='ltr'><strong>dixisti?</strong></span> <span class='ocrx_word' id='word_1_657' title='bbox 3017 2599 3122 2654; x_wconf 87' lang='lat' dir='ltr'><strong>Sed</strong></span> <span class='ocrx_word' id='word_1_658' title='bbox 3149 2601 3309 2654; x_wconf 91' lang='lat' dir='ltr'><strong>alium</strong></span> <span class='ocrx_word' id='word_1_659' title='bbox 3337 2600 3449 2655; x_wconf 72' lang='lat' dir='ltr'><strong>hare</strong></span> <span class='ocrx_word' id='word_1_660' title='bbox 3475 2601 3741 2655; x_wconf 85' lang='lat' dir='ltr'><strong>dicentem</strong></span> 
     </span>
    </p>
   </div>
   <div class='ocr_carea' id='block_1_86' title="bbox 2153 2686 3741 2761">
    <p class='ocr_par' dir='ltr' id='par_1_86' title="bbox 2153 2686 3741 2761">
     <span class='ocr_line' id='line_1_87' title="bbox 2153 2686 3741 2761; baseline 0.007 -22"><span class='ocrx_word' id='word_1_661' title='bbox 2153 2686 2346 2741; x_wconf 88' lang='lat' dir='ltr'><strong>audisti</strong></span> <span class='ocrx_word' id='word_1_662' title='bbox 2375 2729 2390 2751; x_wconf 98' lang='lat'><strong>,</strong></span> <span class='ocrx_word' id='word_1_663' title='bbox 2422 2688 2581 2760; x_wconf 87' lang='lat' dir='ltr'><strong>idque</strong></span> <span class='ocrx_word' id='word_1_664' title='bbox 2608 2690 2886 2761; x_wconf 85' lang='lat' dir='ltr'><strong>amplexos</strong></span> <span class='ocrx_word' id='word_1_665' title='bbox 2913 2706 2993 2746; x_wconf 90' lang='lat' dir='ltr'><strong>es.</strong></span> <span class='ocrx_word' id='word_1_666' title='bbox 3019 2691 3201 2759; x_wconf 84' lang='lat' dir='ltr'><strong>Neque</strong></span> <span class='ocrx_word' id='word_1_667' title='bbox 3231 2692 3359 2746; x_wconf 90' lang='lat' dir='ltr'><strong>illud</strong></span> <span class='ocrx_word' id='word_1_668' title='bbox 3386 2693 3540 2761; x_wconf 85' lang='lat' dir='ltr'><strong>culpa</strong></span> <span class='ocrx_word' id='word_1_669' title='bbox 3568 2702 3741 2750; x_wconf 87' lang='lat' dir='ltr'><strong>vacat.</strong></span> 
     </span>
    </p>
   </div>
   <div class='ocr_carea' id='block_1_87' title="bbox 2159 2778 3742 2854">
    <p class='ocr_par' dir='ltr' id='par_1_87' title="bbox 2159 2778 3742 2854">
     <span class='ocr_line' id='line_1_88' title="bbox 2159 2778 3742 2854; baseline 0.008 -26"><span class='ocrx_word' id='word_1_670' title='bbox 2159 2778 2249 2834; x_wconf 81' lang='lat' dir='ltr'><strong>Vis</strong></span> <span class='ocrx_word' id='word_1_671' title='bbox 2275 2780 2481 2835; x_wconf 89' lang='lat' dir='ltr'><strong>discere</strong></span> <span class='ocrx_word' id='word_1_672' title='bbox 2526 2793 2781 2851; x_wconf 90' lang='lat' dir='ltr'><strong>quantum</strong></span> <span class='ocrx_word' id='word_1_673' title='bbox 2828 2785 2898 2838; x_wconf 89' lang='lat' dir='ltr'><strong>sit</strong></span> <span class='ocrx_word' id='word_1_674' title='bbox 2942 2784 3136 2839; x_wconf 91' lang='lat' dir='ltr'><strong>bonum</strong></span> <span class='ocrx_word' id='word_1_675' title='bbox 3169 2784 3481 2854; x_wconf 86' lang='lat' dir='ltr'><strong>injuriarum</strong></span> <span class='ocrx_word' id='word_1_676' title='bbox 3514 2786 3742 2854; x_wconf 75' lang='lat' dir='ltr'><strong>oblivio,</strong></span> 
     </span>
    </p>
   </div>
   <div class='ocr_carea' id='block_1_88' title="bbox 2154 2870 3742 2946">
    <p class='ocr_par' dir='ltr' id='par_1_88' title="bbox 2154 2870 3742 2946">
     <span class='ocr_line' id='line_1_89' title="bbox 2154 2870 3742 2946; baseline 0.005 -22"><span class='ocrx_word' id='word_1_677' title='bbox 2154 2878 2207 2924; x_wconf 90' lang='lat' dir='ltr'><strong>et</strong></span> <span class='ocrx_word' id='word_1_678' title='bbox 2235 2885 2392 2939; x_wconf 86' lang='lat' dir='ltr'><strong>quam</strong></span> <span class='ocrx_word' id='word_1_679' title='bbox 2427 2870 2565 2926; x_wconf 90' lang='lat' dir='ltr'><strong>Dens</strong></span> <span class='ocrx_word' id='word_1_680' title='bbox 2591 2871 2692 2927; x_wconf 89' lang='lat' dir='ltr'><strong>hac</strong></span> <span class='ocrx_word' id='word_1_681' title='bbox 2723 2872 2789 2926; x_wconf 91' lang='lat' dir='ltr'><strong>de</strong></span> <span class='ocrx_word' id='word_1_682' title='bbox 2818 2888 2879 2927; x_wconf 87' lang='lat' dir='ltr'><strong>re</strong></span> <span class='ocrx_word' id='word_1_683' title='bbox 2908 2873 3152 2929; x_wconf 74' lang='lat' dir='ltr'><strong>ltetetur?</strong></span> <span class='ocrx_word' id='word_1_684' title='bbox 3182 2873 3291 2929; x_wconf 89' lang='lat' dir='ltr'><strong>Eos</strong></span> <span class='ocrx_word' id='word_1_685' title='bbox 3332 2876 3422 2946; x_wconf 91' lang='lat' dir='ltr'><strong>qui</strong></span> <span class='ocrx_word' id='word_1_686' title='bbox 3466 2878 3742 2946; x_wconf 70' lang='grc' dir='ltr'>Ιίυιτιιιιιιι,</span> 
     </span>
    </p>
   </div>
   <div class='ocr_carea' id='block_1_89' title="bbox 2152 2964 3742 3040">
    <p class='ocr_par' dir='ltr' id='par_1_89' title="bbox 2152 2964 3742 3040">
     <span class='ocr_line' id='line_1_90' title="bbox 2152 2964 3742 3040; baseline 0.009 -26"><span class='ocrx_word' id='word_1_687' title='bbox 2152 2979 2273 3019; x_wconf 81' lang='lat' dir='ltr'><strong>eum</strong></span> <span class='ocrx_word' id='word_1_688' title='bbox 2302 2964 2483 3019; x_wconf 84' lang='lat' dir='ltr'><strong>vident</strong></span> <span class='ocrx_word' id='word_1_689' title='bbox 2508 2966 2769 3035; x_wconf 88' lang='lat' dir='ltr'><strong>quosdam</strong></span> <span class='ocrx_word' id='word_1_690' title='bbox 2794 2968 2860 3022; x_wconf 91' lang='lat' dir='ltr'><strong>ab</strong></span> <span class='ocrx_word' id='word_1_691' title='bbox 2889 2983 2953 3022; x_wconf 91' lang='lat' dir='ltr'><strong>eo</strong></span> <span class='ocrx_word' id='word_1_692' title='bbox 2975 2968 3118 3038; x_wconf 89' lang='lat' dir='ltr'><strong>justc</strong></span> <span class='ocrx_word' id='word_1_693' title='bbox 3140 2970 3410 3040; x_wconf 82' lang='lat' dir='ltr'><strong>castigari,</strong></span> <span class='ocrx_word' id='word_1_694' title='bbox 3435 2971 3742 3028; x_wconf 89' lang='lat' dir='ltr'><strong>ulciscitur:</strong></span> 
     </span>
    </p>
   </div>
   <div class='ocr_carea' id='block_1_90' title="bbox 2152 3057 3745 3134">
    <p class='ocr_par' dir='ltr' id='par_1_90' title="bbox 2152 3057 3745 3134">
     <span class='ocr_line' id='line_1_91' title="bbox 2152 3057 3745 3134; baseline 0.006 -24"><span class='ocrx_word' id='word_1_695' title='bbox 2152 3057 2361 3111; x_wconf 85' lang='lat' dir='ltr'><strong>etiamsi</strong></span> <span class='ocrx_word' id='word_1_696' title='bbox 2392 3058 2535 3112; x_wconf 91' lang='lat' dir='ltr'><strong>enim</strong></span> <span class='ocrx_word' id='word_1_697' title='bbox 2575 3059 2648 3112; x_wconf 91' lang='lat' dir='ltr'><strong>illi</strong></span> <span class='ocrx_word' id='word_1_698' title='bbox 2681 3059 2822 3128; x_wconf 88' lang='lat' dir='ltr'><strong>juste</strong></span> <span class='ocrx_word' id='word_1_699' title='bbox 2869 3062 3172 3129; x_wconf 89' lang='lat' dir='ltr'><strong>puniantur,</strong></span> <span class='ocrx_word' id='word_1_700' title='bbox 3220 3069 3271 3116; x_wconf 89' lang='lat' dir='ltr'><strong>te</strong></span> <span class='ocrx_word' id='word_1_701' title='bbox 3309 3062 3376 3117; x_wconf 90' lang='lat' dir='ltr'><strong>de</strong></span> <span class='ocrx_word' id='word_1_702' title='bbox 3409 3062 3489 3117; x_wconf 90' lang='lat' dir='ltr'><strong>his</strong></span> <span class='ocrx_word' id='word_1_703' title='bbox 3515 3064 3745 3134; x_wconf 84' lang='lat' dir='ltr'><strong>gaudere</strong></span> 
     </span>
    </p>
   </div>
   <div class='ocr_carea' id='block_1_91' title="bbox 2153 3149 3745 3220">
    <p class='ocr_par' dir='ltr' id='par_1_91' title="bbox 2153 3149 3745 3220">
     <span class='ocr_line' id='line_1_92' title="bbox 2153 3149 3745 3220; baseline 0.004 -18"><span class='ocrx_word' id='word_1_704' title='bbox 2153 3165 2257 3203; x_wconf 88' lang='lat' dir='ltr'><strong>non</strong></span> <span class='ocrx_word' id='word_1_705' title='bbox 2291 3157 2521 3218; x_wconf 91' lang='lat' dir='ltr'><strong>oportet.</strong></span> <span class='ocrx_word' id='word_1_706' title='bbox 2556 3149 2767 3204; x_wconf 88' lang='lat' dir='ltr'><strong>Etenim</strong></span> <span class='ocrx_word' id='word_1_707' title='bbox 2800 3152 3057 3220; x_wconf 85' lang='lat' dir='ltr'><strong>propheta</strong></span> <span class='ocrx_word' id='word_1_708' title='bbox 3090 3153 3253 3207; x_wconf 90' lang='lat' dir='ltr'><strong>multa</strong></span> <span class='ocrx_word' id='word_1_709' title='bbox 3283 3154 3613 3216; x_wconf 85' lang='lat' dir='ltr'><strong>criminatus,</strong></span> <span class='ocrx_word' id='word_1_710' title='bbox 3645 3153 3745 3210; x_wconf 83' lang='lat' dir='ltr'><strong>hoc</strong></span> 
     </span>
    </p>
   </div>
   <div class='ocr_carea' id='block_1_92' title="bbox 2152 3239 3742 3319">
    <p class='ocr_par' dir='ltr' id='par_1_92' title="bbox 2152 3239 3742 3319">
     <span class='ocr_line' id='line_1_93' title="bbox 2152 3239 3742 3319; baseline 0.005 -24"><span class='ocrx_word' id='word_1_711' title='bbox 2152 3242 2425 3311; x_wconf 76' lang='lat' dir='ltr'><strong>Subjunxit</strong></span> <span class='ocrx_word' id='word_1_712' title='bbox 2446 3260 2458 3295; x_wconf 90' lang='lat'><strong>:</strong></span> <span class='ocrx_word' id='word_1_713' title='bbox 2485 3239 2635 3295; x_wconf 81' lang='lat' dir='ltr'><strong>Nihil</strong></span> <span class='ocrx_word' id='word_1_714' title='bbox 2655 3244 2791 3313; x_wconf 76' lang='lat' dir='ltr'><strong>passi</strong></span> <span class='ocrx_word' id='word_1_715' title='bbox 2812 3254 2927 3297; x_wconf 76' lang='lat' dir='ltr'><strong>sunt</strong></span> <span class='ocrx_word' id='word_1_716' title='bbox 2950 3246 3001 3297; x_wconf 84' lang='lat' dir='ltr'><strong>in</strong></span> <span class='ocrx_word' id='word_1_717' title='bbox 3023 3245 3320 3299; x_wconf 81' lang='lat' dir='ltr'><strong>contritione</strong></span> <span class='ocrx_word' id='word_1_718' title='bbox 3334 3244 3525 3316; x_wconf 76' lang='lat' dir='ltr'><strong>Ioseph</strong></span> <span class='ocrx_word' id='word_1_719' title='bbox 3547 3243 3742 3319; x_wconf 78' lang='lat' dir='ltr'><strong>(Amos.</strong></span> 
     </span>
    </p>
   </div>
   <div class='ocr_carea' id='block_1_93' title="bbox 2152 3332 3744 3406">
    <p class='ocr_par' dir='ltr' id='par_1_93' title="bbox 2152 3332 3744 3406">
     <span class='ocr_line' id='line_1_94' title="bbox 2152 3332 3744 3406; baseline 0.003 -19"><span class='ocrx_word' id='word_1_720' title='bbox 2152 3333 2204 3387; x_wconf 88' lang='grc'><strong>6.</strong></span> <span class='ocrx_word' id='word_1_721' title='bbox 2241 3332 2333 3403; x_wconf 87' lang='grc'><strong>6);</strong></span> <span class='ocrx_word' id='word_1_722' title='bbox 2380 3342 2432 3386; x_wconf 91' lang='lat' dir='ltr'><strong>et</strong></span> <span class='ocrx_word' id='word_1_723' title='bbox 2474 3348 2707 3399; x_wconf 89' lang='lat' dir='ltr'><strong>rursum,</strong></span> <span class='ocrx_word' id='word_1_724' title='bbox 2763 3333 2882 3387; x_wconf 68' lang='lat' dir='ltr'><strong>Non</strong></span> <span class='ocrx_word' id='word_1_725' title='bbox 2910 3335 3058 3389; x_wconf 69' lang='lat' dir='ltr'><strong>exivit</strong></span> <span class='ocrx_word' id='word_1_726' title='bbox 3093 3336 3257 3390; x_wconf 76' lang='lat' dir='ltr'><strong>vicina</strong></span> <span class='ocrx_word' id='word_1_727' title='bbox 3298 3337 3366 3390; x_wconf 87' lang='lat' dir='ltr'><strong>ad</strong></span> <span class='ocrx_word' id='word_1_728' title='bbox 3404 3338 3744 3406; x_wconf 80' lang='lat' dir='ltr'><strong>plangendum</strong></span> 
     </span>
    </p>
   </div>
   <div class='ocr_carea' id='block_1_94' title="bbox 2152 3424 3746 3497">
    <p class='ocr_par' dir='ltr' id='par_1_94' title="bbox 2152 3424 3746 3497">
     <span class='ocr_line' id='line_1_95' title="bbox 2152 3424 3746 3497; baseline 0.003 -19"><span class='ocrx_word' id='word_1_729' title='bbox 2152 3441 2308 3478; x_wconf 80' lang='lat' dir='ltr'><strong>unam</strong></span> <span class='ocrx_word' id='word_1_730' title='bbox 2349 3424 2553 3478; x_wconf 86' lang='lat' dir='ltr'><strong>domum</strong></span> <span class='ocrx_word' id='word_1_731' title='bbox 2593 3427 2912 3495; x_wconf 83' lang='lat' dir='ltr'><strong>conjunclam</strong></span> <span class='ocrx_word' id='word_1_732' title='bbox 2954 3427 2999 3480; x_wconf 85' lang='lat' dir='ltr'><strong>ei</strong></span> <span class='ocrx_word' id='word_1_733' title='bbox 3046 3425 3231 3497; x_wconf 80' lang='lat' dir='ltr'><strong>(Mich.</strong></span> <span class='ocrx_word' id='word_1_734' title='bbox 3268 3428 3460 3497; x_wconf 71' lang='lat'><strong>1.“).</strong></span> <span class='ocrx_word' id='word_1_735' title='bbox 3492 3427 3746 3495; x_wconf 77' lang='lat' dir='ltr'><strong>Quamvis</strong></span> 
     </span>
    </p>
   </div>
   <div class='ocr_carea' id='block_1_95' title="bbox 2151 3514 3738 3583">
    <p class='ocr_par' dir='ltr' id='par_1_95' title="bbox 2151 3514 3738 3583">
     <span class='ocr_line' id='line_1_96' title="bbox 2151 3514 3738 3583; baseline 0.003 -13"><span class='ocrx_word' id='word_1_736' title='bbox 2151 3514 2374 3582; x_wconf 86' lang='lat' dir='ltr'><strong>Joscpb,</strong></span> <span class='ocrx_word' id='word_1_737' title='bbox 2412 3515 2464 3569; x_wconf 90' lang='lat' dir='ltr'><strong>id</strong></span> <span class='ocrx_word' id='word_1_738' title='bbox 2492 3525 2595 3580; x_wconf 90' lang='lat' dir='ltr'><strong>est,</strong></span> <span class='ocrx_word' id='word_1_739' title='bbox 2625 3516 2792 3570; x_wconf 90' lang='lat' dir='ltr'><strong>tribus</strong></span> <span class='ocrx_word' id='word_1_740' title='bbox 2814 3532 2879 3571; x_wconf 79' lang='lat' dir='ltr'><strong>ex</strong></span> <span class='ocrx_word' id='word_1_741' title='bbox 2914 3517 3005 3571; x_wconf 90' lang='lat' dir='ltr'><strong>illo</strong></span> <span class='ocrx_word' id='word_1_742' title='bbox 3033 3526 3167 3571; x_wconf 71' lang='lat' dir='ltr'><strong>orta:</strong></span> <span class='ocrx_word' id='word_1_743' title='bbox 3192 3532 3256 3573; x_wconf 90' lang='lat' dir='ltr'><strong>ac</strong></span> <span class='ocrx_word' id='word_1_744' title='bbox 3284 3518 3461 3583; x_wconf 81' lang='lat' dir='ltr'><strong>vicini,</strong></span> <span class='ocrx_word' id='word_1_745' title='bbox 3492 3519 3582 3574; x_wconf 85' lang='lat' dir='ltr'><strong>Dei</strong></span> <span class='ocrx_word' id='word_1_746' title='bbox 3610 3528 3738 3574; x_wconf 88' lang='lat' dir='ltr'><strong>nutu</strong></span> 
     </span>
    </p>
   </div>
   <div class='ocr_carea' id='block_1_96' title="bbox 2154 3607 3746 3677">
    <p class='ocr_par' dir='ltr' id='par_1_96' title="bbox 2154 3607 3746 3677">
     <span class='ocr_line' id='line_1_97' title="bbox 2154 3607 3746 3677; baseline 0.003 -17"><span class='ocrx_word' id='word_1_747' title='bbox 2154 3608 2510 3677; x_wconf 87' lang='lat' dir='ltr'><strong>punirentur;</strong></span> <span class='ocrx_word' id='word_1_748' title='bbox 2551 3607 2643 3662; x_wconf 88' lang='lat' dir='ltr'><strong>scd</strong></span> <span class='ocrx_word' id='word_1_749' title='bbox 2674 3609 2785 3663; x_wconf 85' lang='lat' dir='ltr'><strong>vult</strong></span> <span class='ocrx_word' id='word_1_750' title='bbox 2817 3622 2915 3662; x_wconf 90' lang='lat' dir='ltr'><strong>nos</strong></span> <span class='ocrx_word' id='word_1_751' title='bbox 2942 3608 3047 3663; x_wconf 86' lang='lat' dir='ltr'><strong>illis</strong></span> <span class='ocrx_word' id='word_1_752' title='bbox 3075 3607 3382 3665; x_wconf 89' lang='lat' dir='ltr'><strong>condolere.</strong></span> <span class='ocrx_word' id='word_1_753' title='bbox 3414 3608 3546 3664; x_wconf 87' lang='lat' dir='ltr'><strong>Nam</strong></span> <span class='ocrx_word' id='word_1_754' title='bbox 3577 3609 3623 3664; x_wconf 84' lang='lat' dir='ltr'><strong>si</strong></span> <span class='ocrx_word' id='word_1_755' title='bbox 3650 3624 3746 3665; x_wconf 88' lang='lat' dir='ltr'><strong>nos</strong></span> 
     </span>
    </p>
   </div>
   <div class='ocr_carea' id='block_1_97' title="bbox 2151 3700 3745 3771">
    <p class='ocr_par' dir='ltr' id='par_1_97' title="bbox 2151 3700 3745 3771">
     <span class='ocr_line' id='line_1_98' title="bbox 2151 3700 3745 3771; baseline 0.003 -18"><span class='ocrx_word' id='word_1_756' title='bbox 2151 3700 2242 3770; x_wconf 89' lang='lat' dir='ltr'><strong>qui</strong></span> <span class='ocrx_word' id='word_1_757' title='bbox 2274 3700 2499 3770; x_wconf 90' lang='lat' dir='ltr'><strong>improbi</strong></span> <span class='ocrx_word' id='word_1_758' title='bbox 2530 3715 2733 3766; x_wconf 87' lang='lat' dir='ltr'><strong>sumus,</strong></span> <span class='ocrx_word' id='word_1_759' title='bbox 2756 3716 2878 3756; x_wconf 91' lang='lat' dir='ltr'><strong>cum</strong></span> <span class='ocrx_word' id='word_1_760' title='bbox 2902 3716 3113 3757; x_wconf 83' lang='lat' dir='ltr'><strong>servum</strong></span> <span class='ocrx_word' id='word_1_761' title='bbox 3141 3701 3483 3771; x_wconf 80' lang='lat' dir='ltr'><strong>castigamus,</strong></span> <span class='ocrx_word' id='word_1_762' title='bbox 3515 3702 3558 3754; x_wconf 91' lang='lat' dir='ltr'><strong>si</strong></span> <span class='ocrx_word' id='word_1_763' title='bbox 3585 3716 3745 3770; x_wconf 89' lang='lat' dir='ltr'><strong>quem</strong></span> 
     </span>
    </p>
   </div>
   <div class='ocr_carea' id='block_1_98' title="bbox 2152 3791 3741 3862">
    <p class='ocr_par' dir='ltr' id='par_1_98' title="bbox 2152 3791 3741 3862">
     <span class='ocr_line' id='line_1_99' title="bbox 2152 3791 3741 3862; baseline 0.001 -15"><span class='ocrx_word' id='word_1_764' title='bbox 2152 3798 2536 3848; x_wconf 88' lang='lat' dir='ltr'><strong>conservorum</strong></span> <span class='ocrx_word' id='word_1_765' title='bbox 2567 3793 2827 3847; x_wconf 89' lang='lat' dir='ltr'><strong>ridentem</strong></span> <span class='ocrx_word' id='word_1_766' title='bbox 2857 3793 3152 3857; x_wconf 83' lang='lat' dir='ltr'><strong>videamus,</strong></span> <span class='ocrx_word' id='word_1_767' title='bbox 3178 3793 3346 3862; x_wconf 83' lang='lat' dir='ltr'><strong>magis</strong></span> <span class='ocrx_word' id='word_1_768' title='bbox 3371 3791 3741 3861; x_wconf 73' lang='lat' dir='ltr'><strong>indignamur,</strong></span> 
     </span>
    </p>
   </div>
   <div class='ocr_carea' id='block_1_99' title="bbox 2153 3883 3745 3953">
    <p class='ocr_par' dir='ltr' id='par_1_99' title="bbox 2153 3883 3745 3953">
     <span class='ocr_line' id='line_1_100' title="bbox 2153 3883 3745 3953; baseline 0 -15"><span class='ocrx_word' id='word_1_769' title='bbox 2153 3893 2207 3938; x_wconf 90' lang='lat' dir='ltr'><strong>et</strong></span> <span class='ocrx_word' id='word_1_770' title='bbox 2254 3885 2307 3938; x_wconf 90' lang='lat' dir='ltr'><strong>in</strong></span> <span class='ocrx_word' id='word_1_771' title='bbox 2359 3884 2505 3939; x_wconf 91' lang='lat' dir='ltr'><strong>illum</strong></span> <span class='ocrx_word' id='word_1_772' title='bbox 2556 3884 2690 3937; x_wconf 90' lang='lat' dir='ltr'><strong>iram</strong></span> <span class='ocrx_word' id='word_1_773' title='bbox 2738 3884 3144 3938; x_wconf 87' lang='lat' dir='ltr'><strong>convertimus:</strong></span> <span class='ocrx_word' id='word_1_774' title='bbox 3177 3883 3344 3938; x_wconf 89' lang='lat' dir='ltr'><strong>multo</strong></span> <span class='ocrx_word' id='word_1_775' title='bbox 3388 3883 3556 3953; x_wconf 80' lang='lat' dir='ltr'><strong>magis</strong></span> <span class='ocrx_word' id='word_1_776' title='bbox 3601 3883 3745 3938; x_wconf 86' lang='lat' dir='ltr'><strong>Deus</strong></span> 
     </span>
    </p>
   </div>
   <div class='ocr_carea' id='block_1_100' title="bbox 2153 3972 3745 4045">
    <p class='ocr_par' dir='ltr' id='par_1_100' title="bbox 2153 3972 3745 4045">
     <span class='ocr_line' id='line_1_101' title="bbox 2153 3972 3745 4045; baseline -0.001 -18"><span class='ocrx_word' id='word_1_777' title='bbox 2153 3990 2340 4045; x_wconf 66' lang='lat' dir='ltr'><strong>pinnas</strong></span> <span class='ocrx_word' id='word_1_778' title='bbox 2371 3985 2577 4044; x_wconf 89' lang='lat' dir='ltr'><strong>repetet</strong></span> <span class='ocrx_word' id='word_1_779' title='bbox 2598 3974 2666 4028; x_wconf 91' lang='lat' dir='ltr'><strong>ab</strong></span> <span class='ocrx_word' id='word_1_780' title='bbox 2689 3974 2774 4039; x_wconf 89' lang='lat' dir='ltr'><strong>iis,</strong></span> <span class='ocrx_word' id='word_1_781' title='bbox 2798 3974 2886 4043; x_wconf 92' lang='lat' dir='ltr'><strong>qui</strong></span> <span class='ocrx_word' id='word_1_782' title='bbox 2914 3973 2981 4028; x_wconf 91' lang='lat' dir='ltr'><strong>de</strong></span> <span class='ocrx_word' id='word_1_783' title='bbox 3008 3973 3283 4043; x_wconf 84' lang='lat' dir='ltr'><strong>suppliciis</strong></span> <span class='ocrx_word' id='word_1_784' title='bbox 3308 3974 3529 4028; x_wconf 85' lang='lat' dir='ltr'><strong>aliorum</strong></span> <span class='ocrx_word' id='word_1_785' title='bbox 3554 3972 3745 4037; x_wconf 69' lang='lat' dir='ltr'><strong>laetan-</strong></span> 
     </span>
    </p>
   </div>
   <div class='ocr_carea' id='block_1_101' title="bbox 2160 4065 3744 4137">
    <p class='ocr_par' dir='ltr' id='par_1_101' title="bbox 2160 4065 3744 4137">
     <span class='ocr_line' id='line_1_102' title="bbox 2160 4065 3744 4137; baseline -0.001 -15"><span class='ocrx_word' id='word_1_786' title='bbox 2160 4078 2265 4123; x_wconf 88' lang='lat' dir='ltr'><strong>tur.</strong></span> <span class='ocrx_word' id='word_1_787' title='bbox 2300 4067 2453 4133; x_wconf 91' lang='lat' dir='ltr'><strong>Quod</strong></span> <span class='ocrx_word' id='word_1_788' title='bbox 2484 4068 2529 4121; x_wconf 91' lang='lat' dir='ltr'><strong>si</strong></span> <span class='ocrx_word' id='word_1_789' title='bbox 2563 4068 2615 4121; x_wconf 91' lang='lat' dir='ltr'><strong>in</strong></span> <span class='ocrx_word' id='word_1_790' title='bbox 2646 4080 2741 4122; x_wconf 86' lang='lat' dir='ltr'><strong>eos</strong></span> <span class='ocrx_word' id='word_1_791' title='bbox 2766 4067 2854 4137; x_wconf 85' lang='lat' dir='ltr'><strong>qui</strong></span> <span class='ocrx_word' id='word_1_792' title='bbox 2885 4082 2915 4120; x_wconf 93' lang='lat' dir='ltr'><strong>a</strong></span> <span class='ocrx_word' id='word_1_793' title='bbox 2945 4066 3053 4120; x_wconf 84' lang='lat' dir='ltr'><strong>Deo</strong></span> <span class='ocrx_word' id='word_1_794' title='bbox 3097 4065 3387 4135; x_wconf 83' lang='lat' dir='ltr'><strong>puniuntur</strong></span> <span class='ocrx_word' id='word_1_795' title='bbox 3426 4082 3529 4121; x_wconf 92' lang='lat' dir='ltr'><strong>non</strong></span> <span class='ocrx_word' id='word_1_796' title='bbox 3571 4066 3744 4121; x_wconf 86' lang='lat' dir='ltr'><strong>insur-</strong></span> 
     </span>
    </p>
   </div>
   <div class='ocr_carea' id='block_1_102' title="bbox 2151 4157 3742 4230">
    <p class='ocr_par' dir='ltr' id='par_1_102' title="bbox 2151 4157 3742 4230">
     <span class='ocr_line' id='line_1_103' title="bbox 2151 4157 3742 4230; baseline -0.004 -14"><span class='ocrx_word' id='word_1_797' title='bbox 2151 4176 2299 4230; x_wconf 79' lang='lat' dir='ltr'><strong>gere,</strong></span> <span class='ocrx_word' id='word_1_798' title='bbox 2327 4159 2422 4216; x_wconf 89' lang='lat' dir='ltr'><strong>sed</strong></span> <span class='ocrx_word' id='word_1_799' title='bbox 2454 4158 2559 4214; x_wconf 88' lang='lat' dir='ltr'><strong>illis</strong></span> <span class='ocrx_word' id='word_1_800' title='bbox 2585 4158 2873 4215; x_wconf 87' lang='lat' dir='ltr'><strong>condolere</strong></span> <span class='ocrx_word' id='word_1_801' title='bbox 2898 4168 3131 4229; x_wconf 88' lang='lat' dir='ltr'><strong>oportet,</strong></span> <span class='ocrx_word' id='word_1_802' title='bbox 3172 4158 3343 4212; x_wconf 89' lang='lat' dir='ltr'><strong>multo</strong></span> <span class='ocrx_word' id='word_1_803' title='bbox 3372 4158 3538 4228; x_wconf 79' lang='lat' dir='ltr'><strong>magis</strong></span> <span class='ocrx_word' id='word_1_804' title='bbox 3566 4157 3629 4211; x_wconf 90' lang='lat' dir='ltr'><strong>iis</strong></span> <span class='ocrx_word' id='word_1_805' title='bbox 3653 4157 3742 4227; x_wconf 86' lang='lat' dir='ltr'><strong>qui</strong></span> 
     </span>
    </p>
   </div>
   <div class='ocr_carea' id='block_1_103' title="bbox 2150 4250 3743 4322">
    <p class='ocr_par' dir='ltr' id='par_1_103' title="bbox 2150 4250 3743 4322">
     <span class='ocr_line' id='line_1_104' title="bbox 2150 4250 3743 4322; baseline -0.003 -13"><span class='ocrx_word' id='word_1_806' title='bbox 2150 4261 2337 4309; x_wconf 91' lang='lat' dir='ltr'><strong>contra</strong></span> <span class='ocrx_word' id='word_1_807' title='bbox 2363 4267 2458 4315; x_wconf 86' lang='lat' dir='ltr'><strong>nos</strong></span> <span class='ocrx_word' id='word_1_808' title='bbox 2488 4259 2792 4322; x_wconf 88' lang='lat' dir='ltr'><strong>peccarunt.</strong></span> <span class='ocrx_word' id='word_1_809' title='bbox 2816 4252 2927 4306; x_wconf 90' lang='lat' dir='ltr'><strong>lloc</strong></span> <span class='ocrx_word' id='word_1_810' title='bbox 2946 4250 3085 4305; x_wconf 87' lang='lat' dir='ltr'><strong>enim</strong></span> <span class='ocrx_word' id='word_1_811' title='bbox 3110 4250 3348 4305; x_wconf 83' lang='lat' dir='ltr'><strong>caritatis</strong></span> <span class='ocrx_word' id='word_1_812' title='bbox 3370 4258 3743 4320; x_wconf 79' lang='lat' dir='ltr'><strong>argumentum</strong></span> 
     </span>
    </p>
   </div>
   <div class='ocr_carea' id='block_1_104' title="bbox 2150 4341 3742 4413">
    <p class='ocr_par' dir='ltr' id='par_1_104' title="bbox 2150 4341 3742 4413">
     <span class='ocr_line' id='line_1_105' title="bbox 2150 4341 3742 4413; baseline -0.005 -12"><span class='ocrx_word' id='word_1_813' title='bbox 2150 4356 2253 4413; x_wconf 87' lang='lat' dir='ltr'><strong>est,</strong></span> <span class='ocrx_word' id='word_1_814' title='bbox 2287 4345 2425 4401; x_wconf 80' lang='lat' dir='ltr'><strong>hanc</strong></span> <span class='ocrx_word' id='word_1_815' title='bbox 2449 4360 2579 4401; x_wconf 75' lang='lat' dir='ltr'><strong>vero</strong></span> <span class='ocrx_word' id='word_1_816' title='bbox 2614 4344 2863 4399; x_wconf 88' lang='lat' dir='ltr'><strong>omnibus</strong></span> <span class='ocrx_word' id='word_1_817' title='bbox 2900 4344 3175 4411; x_wconf 85' lang='lat' dir='ltr'><strong>anteponit</strong></span> <span class='ocrx_word' id='word_1_818' title='bbox 3201 4342 3360 4397; x_wconf 86' lang='lat' dir='ltr'><strong>Deus.</strong></span> <span class='ocrx_word' id='word_1_819' title='bbox 3382 4341 3742 4407; x_wconf 87' lang='lat' dir='ltr'><strong>Quemadmo-</strong></span> 
     </span>
    </p>
   </div>
   <div class='ocr_carea' id='block_1_105' title="bbox 2149 4432 3742 4506">
    <p class='ocr_par' dir='ltr' id='par_1_105' title="bbox 2149 4432 3742 4506">
     <span class='ocr_line' id='line_1_106' title="bbox 2149 4432 3742 4506; baseline -0.004 -12"><span class='ocrx_word' id='word_1_820' title='bbox 2149 4438 2277 4494; x_wconf 90' lang='lat' dir='ltr'><strong>dum</strong></span> <span class='ocrx_word' id='word_1_821' title='bbox 2321 4438 2462 4491; x_wconf 89' lang='lat' dir='ltr'><strong>cnim</strong></span> <span class='ocrx_word' id='word_1_822' title='bbox 2512 4437 2565 4492; x_wconf 94' lang='lat' dir='ltr'><strong>in</strong></span> <span class='ocrx_word' id='word_1_823' title='bbox 2599 4452 2832 4506; x_wconf 87' lang='lat' dir='ltr'><strong>purpura</strong></span> <span class='ocrx_word' id='word_1_824' title='bbox 2878 4435 3021 4503; x_wconf 78' lang='lat' dir='ltr'><strong>regia</strong></span> <span class='ocrx_word' id='word_1_825' title='bbox 3073 4434 3149 4488; x_wconf 91' lang='lat' dir='ltr'><strong>illi</strong></span> <span class='ocrx_word' id='word_1_826' title='bbox 3196 4432 3374 4498; x_wconf 86' lang='lat' dir='ltr'><strong>ﬂores,</strong></span> <span class='ocrx_word' id='word_1_827' title='bbox 3424 4433 3497 4487; x_wconf 90' lang='lat' dir='ltr'><strong>illi</strong></span> <span class='ocrx_word' id='word_1_828' title='bbox 3536 4433 3742 4488; x_wconf 84' lang='lat' dir='ltr'><strong>colores</strong></span> 
     </span>
    </p>
   </div>
   <div class='ocr_carea' id='block_1_106' title="bbox 2151 4524 3740 4600">
    <p class='ocr_par' dir='ltr' id='par_1_106' title="bbox 2151 4524 3740 4600">
     <span class='ocr_line' id='line_1_107' title="bbox 2151 4524 3740 4600; baseline -0.003 -16"><span class='ocrx_word' id='word_1_829' title='bbox 2151 4529 2370 4600; x_wconf 90' lang='lat' dir='ltr'><strong>pretiosi</strong></span> <span class='ocrx_word' id='word_1_830' title='bbox 2400 4536 2543 4594; x_wconf 90' lang='lat' dir='ltr'><strong>sunt,</strong></span> <span class='ocrx_word' id='word_1_831' title='bbox 2573 4529 2663 4598; x_wconf 88' lang='lat' dir='ltr'><strong>qui</strong></span> <span class='ocrx_word' id='word_1_832' title='bbox 2690 4525 3023 4599; x_wconf 84' lang='lat' dir='ltr'><strong>chlamydem</strong></span> <span class='ocrx_word' id='word_1_833' title='bbox 3052 4527 3129 4579; x_wconf 91' lang='lat' dir='ltr'><strong>sic</strong></span> <span class='ocrx_word' id='word_1_834' title='bbox 3146 4534 3410 4579; x_wconf 79' lang='lat' dir='ltr'><strong>exornant</strong></span> <span class='ocrx_word' id='word_1_835' title='bbox 3431 4542 3443 4580; x_wconf 88' lang='lat'><strong>:</strong></span> <span class='ocrx_word' id='word_1_836' title='bbox 3461 4524 3538 4579; x_wconf 90' lang='lat' dir='ltr'><strong>sic</strong></span> <span class='ocrx_word' id='word_1_837' title='bbox 3558 4534 3611 4580; x_wconf 92' lang='lat' dir='ltr'><strong>ct</strong></span> <span class='ocrx_word' id='word_1_838' title='bbox 3634 4525 3740 4580; x_wconf 63' lang='lat' dir='ltr'><strong>illa:</strong></span> 
     </span>
    </p>
   </div>
   <div class='ocr_carea' id='block_1_107' title="bbox 2149 4616 3736 4691">
    <p class='ocr_par' dir='ltr' id='par_1_107' title="bbox 2149 4616 3736 4691">
     <span class='ocr_line' id='line_1_108' title="bbox 2149 4616 3736 4691; baseline -0.002 -17"><span class='ocrx_word' id='word_1_839' title='bbox 2149 4623 2400 4691; x_wconf 80' lang='lat' dir='ltr'><strong>pretiosa:</strong></span> <span class='ocrx_word' id='word_1_840' title='bbox 2444 4620 2669 4675; x_wconf 83' lang='lat' dir='ltr'><strong>virtutes</strong></span> <span class='ocrx_word' id='word_1_841' title='bbox 2721 4628 2881 4682; x_wconf 89' lang='lat' dir='ltr'><strong>sunt,</strong></span> <span class='ocrx_word' id='word_1_842' title='bbox 2930 4633 3051 4686; x_wconf 79' lang='lat' dir='ltr'><strong>quae</strong></span> <span class='ocrx_word' id='word_1_843' title='bbox 3092 4617 3367 4670; x_wconf 87' lang='lat' dir='ltr'><strong>caritatem</strong></span> <span class='ocrx_word' id='word_1_844' title='bbox 3412 4616 3736 4671; x_wconf 89' lang='lat' dir='ltr'><strong>contineant.</strong></span> 
     </span>
    </p>
   </div>
   <div class='ocr_carea' id='block_1_108' title="bbox 2149 4706 3738 4776">
    <p class='ocr_par' dir='ltr' id='par_1_108' title="bbox 2149 4706 3738 4776">
     <span class='ocr_line' id='line_1_109' title="bbox 2149 4706 3738 4776; baseline -0.004 -8"><span class='ocrx_word' id='word_1_845' title='bbox 2149 4712 2293 4768; x_wconf 89' lang='lat' dir='ltr'><strong>Nihil</strong></span> <span class='ocrx_word' id='word_1_846' title='bbox 2322 4721 2501 4767; x_wconf 88' lang='lat' dir='ltr'><strong>autem</strong></span> <span class='ocrx_word' id='word_1_847' title='bbox 2537 4711 2611 4766; x_wconf 85' lang='lat' dir='ltr'><strong>ita</strong></span> <span class='ocrx_word' id='word_1_848' title='bbox 2638 4710 2910 4767; x_wconf 87' lang='lat' dir='ltr'><strong>caritatem</strong></span> <span class='ocrx_word' id='word_1_849' title='bbox 2940 4716 3154 4773; x_wconf 78' lang='lat' dir='ltr'><strong>servat,</strong></span> <span class='ocrx_word' id='word_1_850' title='bbox 3186 4716 3246 4763; x_wconf 92' lang='lat' dir='ltr'><strong>ut</strong></span> <span class='ocrx_word' id='word_1_851' title='bbox 3273 4706 3469 4762; x_wconf 84' lang='lat' dir='ltr'><strong>oblivio</strong></span> <span class='ocrx_word' id='word_1_852' title='bbox 3493 4717 3738 4776; x_wconf 82' lang='lat' dir='ltr'><strong>peccato-</strong></span> 
     </span>
    </p>
   </div>
   <div class='ocr_carea' id='block_1_109' title="bbox 2148 4798 3739 4874">
    <p class='ocr_par' dir='ltr' id='par_1_109' title="bbox 2148 4798 3739 4874">
     <span class='ocr_line' id='line_1_110' title="bbox 2148 4798 3739 4874; baseline -0.002 -15"><span class='ocrx_word' id='word_1_853' title='bbox 2148 4821 2301 4869; x_wconf 87' lang='lat' dir='ltr'><strong>rum,</strong></span> <span class='ocrx_word' id='word_1_854' title='bbox 2348 4820 2469 4874; x_wconf 72' lang='lat' dir='ltr'><strong>qua:</strong></span> <span class='ocrx_word' id='word_1_855' title='bbox 2512 4804 2565 4858; x_wconf 91' lang='lat' dir='ltr'><strong>in</strong></span> <span class='ocrx_word' id='word_1_856' title='bbox 2615 4816 2715 4858; x_wconf 88' lang='lat' dir='ltr'><strong>nos</strong></span> <span class='ocrx_word' id='word_1_857' title='bbox 2757 4801 2988 4856; x_wconf 81' lang='lat' dir='ltr'><strong>admissa</strong></span> <span class='ocrx_word' id='word_1_858' title='bbox 3033 4808 3180 4856; x_wconf 88' lang='lat' dir='ltr'><strong>sunt.</strong></span> <span class='ocrx_word' id='word_1_859' title='bbox 3223 4800 3416 4855; x_wconf 81' lang='lat' dir='ltr'><strong>Annon</strong></span> <span class='ocrx_word' id='word_1_860' title='bbox 3463 4798 3530 4853; x_wconf 91' lang='lat' dir='ltr'><strong>de</strong></span> <span class='ocrx_word' id='word_1_861' title='bbox 3570 4798 3739 4856; x_wconf 84' lang='lat' dir='ltr'><strong>altera</strong></span> 
     </span>
    </p>
   </div>
   <div class='ocr_carea' id='block_1_110' title="bbox 2148 4890 3748 4967">
    <p class='ocr_par' dir='ltr' id='par_1_110' title="bbox 2148 4890 3748 4967">
     <span class='ocr_line' id='line_1_111' title="bbox 2148 4890 3748 4967; baseline -0.004 -16"><span class='ocrx_word' id='word_1_862' title='bbox 2148 4908 2303 4967; x_wconf 90' lang='lat' dir='ltr'><strong>parte</strong></span> <span class='ocrx_word' id='word_1_863' title='bbox 2330 4896 2530 4952; x_wconf 87' lang='lat' dir='ltr'><strong>curavit</strong></span> <span class='ocrx_word' id='word_1_864' title='bbox 2559 4894 2733 4950; x_wconf 86' lang='lat' dir='ltr'><strong>Deus?</strong></span> <span class='ocrx_word' id='word_1_865' title='bbox 2761 4908 2938 4947; x_wconf 89' lang='lat' dir='ltr'><strong>annon</strong></span> <span class='ocrx_word' id='word_1_866' title='bbox 2966 4892 3110 4946; x_wconf 87' lang='lat' dir='ltr'><strong>misit</strong></span> <span class='ocrx_word' id='word_1_867' title='bbox 3129 4890 3409 4947; x_wconf 67' lang='lat' dir='ltr'><strong>laedentem</strong></span> <span class='ocrx_word' id='word_1_868' title='bbox 3431 4890 3497 4945; x_wconf 89' lang='lat' dir='ltr'><strong>ad</strong></span> <span class='ocrx_word' id='word_1_869' title='bbox 3519 4890 3748 4945; x_wconf 73' lang='lat' dir='ltr'><strong>Iresum?</strong></span> 
     </span>
    </p>
   </div>
   <div class='ocr_carea' id='block_1_111' title="bbox 2149 4981 3738 5053">
    <p class='ocr_par' dir='ltr' id='par_1_111' title="bbox 2149 4981 3738 5053">
     <span class='ocr_line' id='line_1_112' title="bbox 2149 4981 3738 5053; baseline -0.004 -10"><span class='ocrx_word' id='word_1_870' title='bbox 2149 5004 2327 5043; x_wconf 81' lang='lat' dir='ltr'><strong>annon</strong></span> <span class='ocrx_word' id='word_1_871' title='bbox 2354 4988 2422 5042; x_wconf 90' lang='lat' dir='ltr'><strong>ab</strong></span> <span class='ocrx_word' id='word_1_872' title='bbox 2447 4987 2601 5041; x_wconf 84' lang='lat' dir='ltr'><strong>altari</strong></span> <span class='ocrx_word' id='word_1_873' title='bbox 2642 4985 2709 5040; x_wconf 90' lang='lat' dir='ltr'><strong>ad</strong></span> <span class='ocrx_word' id='word_1_874' title='bbox 2737 4984 2985 5041; x_wconf 83' lang='lat' dir='ltr'><strong>eumdem</strong></span> <span class='ocrx_word' id='word_1_875' title='bbox 3018 4984 3193 5053; x_wconf 88' lang='lat' dir='ltr'><strong>ipsum</strong></span> <span class='ocrx_word' id='word_1_876' title='bbox 3231 4981 3394 5046; x_wconf 85' lang='lat' dir='ltr'><strong>misit,</strong></span> <span class='ocrx_word' id='word_1_877' title='bbox 3424 4990 3478 5036; x_wconf 91' lang='lat' dir='ltr'><strong>ct</strong></span> <span class='ocrx_word' id='word_1_878' title='bbox 3504 4991 3625 5052; x_wconf 89' lang='lat' dir='ltr'><strong>post</strong></span> <span class='ocrx_word' id='word_1_879' title='bbox 3650 4997 3738 5037; x_wconf 85' lang='lat' dir='ltr'><strong>re-</strong></span> 
     </span>
    </p>
   </div>
   <div class='ocr_carea' id='block_1_112' title="bbox 2144 5070 3739 5145">
    <p class='ocr_par' dir='ltr' id='par_1_112' title="bbox 2144 5070 3739 5145">
     <span class='ocr_line' id='line_1_113' title="bbox 2144 5070 3739 5145; baseline -0.008 -9"><span class='ocrx_word' id='word_1_880' title='bbox 2144 5078 2574 5136; x_wconf 81' lang='lat' dir='ltr'><strong>conciliationem</strong></span> <span class='ocrx_word' id='word_1_881' title='bbox 2604 5076 2670 5131; x_wconf 87' lang='lat' dir='ltr'><strong>ad</strong></span> <span class='ocrx_word' id='word_1_882' title='bbox 2692 5089 2932 5130; x_wconf 88' lang='lat' dir='ltr'><strong>mensam</strong></span> <span class='ocrx_word' id='word_1_883' title='bbox 2950 5082 3106 5129; x_wconf 86' lang='lat' dir='ltr'><strong>vocat</strong></span> <span class='ocrx_word' id='word_1_884' title='bbox 3129 5072 3276 5127; x_wconf 89' lang='lat' dir='ltr'><strong>illum</strong></span> <span class='ocrx_word' id='word_1_885' title='bbox 3295 5070 3509 5145; x_wconf 80' lang='lat' dir='ltr'><strong>(Matth.</strong></span> <span class='ocrx_word' id='word_1_886' title='bbox 3530 5073 3585 5129; x_wconf 82' lang='lat'><strong>5.</strong></span> <span class='ocrx_word' id='word_1_887' title='bbox 3601 5073 3696 5142; x_wconf 68' lang='lat'><strong>2&#39;5)</strong></span> <span class='ocrx_word' id='word_1_888' title='bbox 3713 5073 3739 5123; x_wconf 80' lang='lat'><strong>?</strong></span> 
     </span>
    </p>
   </div>
   <div class='ocr_carea' id='block_1_113' title="bbox 2146 5162 3735 5236">
    <p class='ocr_par' dir='ltr' id='par_1_113' title="bbox 2146 5162 3735 5236">
     <span class='ocr_line' id='line_1_114' title="bbox 2146 5162 3735 5236; baseline -0.008 -9"><span class='ocrx_word' id='word_1_889' title='bbox 2146 5172 2219 5228; x_wconf 77' lang='lat' dir='ltr'><strong>At</strong></span> <span class='ocrx_word' id='word_1_890' title='bbox 2247 5182 2301 5226; x_wconf 90' lang='lat' dir='ltr'><strong>tu</strong></span> <span class='ocrx_word' id='word_1_891' title='bbox 2331 5185 2400 5225; x_wconf 89' lang='lat' dir='ltr'><strong>ne</strong></span> <span class='ocrx_word' id='word_1_892' title='bbox 2429 5169 2547 5224; x_wconf 90' lang='lat' dir='ltr'><strong>ideo</strong></span> <span class='ocrx_word' id='word_1_893' title='bbox 2577 5174 2863 5236; x_wconf 78' lang='lat' dir='ltr'><strong>exspectes</strong></span> <span class='ocrx_word' id='word_1_894' title='bbox 2889 5165 3037 5219; x_wconf 88' lang='lat' dir='ltr'><strong>illum</strong></span> <span class='ocrx_word' id='word_1_895' title='bbox 3062 5182 3078 5220; x_wconf 91' lang='lat'><strong>:</strong></span> <span class='ocrx_word' id='word_1_896' title='bbox 3100 5163 3333 5235; x_wconf 81' lang='lat' dir='ltr'><strong>alioquin</strong></span> <span class='ocrx_word' id='word_1_897' title='bbox 3360 5171 3527 5219; x_wconf 88' lang='lat' dir='ltr'><strong>totum</strong></span> <span class='ocrx_word' id='word_1_898' title='bbox 3554 5162 3735 5233; x_wconf 84' lang='lat' dir='ltr'><strong>perdi-</strong></span> 
     </span>
    </p>
   </div>
   <div class='ocr_carea' id='block_1_114' title="bbox 2144 5252 3733 5331">
    <p class='ocr_par' dir='ltr' id='par_1_114' title="bbox 2144 5252 3733 5331">
     <span class='ocr_line' id='line_1_115' title="bbox 2144 5252 3733 5331; baseline -0.008 -12"><span class='ocrx_word' id='word_1_899' title='bbox 2144 5263 2292 5319; x_wconf 91' lang='lat' dir='ltr'><strong>disti.</strong></span> <span class='ocrx_word' id='word_1_900' title='bbox 2322 5261 2611 5331; x_wconf 86' lang='lat' dir='ltr'><strong>Propterea</strong></span> <span class='ocrx_word' id='word_1_901' title='bbox 2633 5258 2777 5313; x_wconf 87' lang='lat' dir='ltr'><strong>enim</strong></span> <span class='ocrx_word' id='word_1_902' title='bbox 2804 5255 3125 5314; x_wconf 81' lang='lat' dir='ltr'><strong>ineffabilem</strong></span> <span class='ocrx_word' id='word_1_903' title='bbox 3154 5256 3247 5310; x_wconf 89' lang='lat' dir='ltr'><strong>tibi</strong></span> <span class='ocrx_word' id='word_1_904' title='bbox 3271 5252 3572 5311; x_wconf 85' lang='lat' dir='ltr'><strong>mercedem</strong></span> <span class='ocrx_word' id='word_1_905' title='bbox 3598 5268 3733 5308; x_wconf 87' lang='lat' dir='ltr'><strong>con-</strong></span> 
     </span>
    </p>
   </div>
   <div class='ocr_carea' id='block_1_115' title="bbox 2143 5348 3733 5423">
    <p class='ocr_par' dir='ltr' id='par_1_115' title="bbox 2143 5348 3733 5423">
     <span class='ocr_line' id='line_1_116' title="bbox 2143 5348 3733 5423; baseline -0.009 -11"><span class='ocrx_word' id='word_1_906' title='bbox 2143 5357 2337 5421; x_wconf 80' lang='lat' dir='ltr'><strong>stituit,</strong></span> <span class='ocrx_word' id='word_1_907' title='bbox 2376 5364 2434 5407; x_wconf 85' lang='grc' dir='ltr'><strong>ιιι</strong></span> <span class='ocrx_word' id='word_1_908' title='bbox 2465 5353 2764 5423; x_wconf 68' lang='grc' dir='ltr'>ριιωνοιιίειδ</span> <span class='ocrx_word' id='word_1_909' title='bbox 2793 5352 2999 5422; x_wconf 85' lang='lat' dir='ltr'><strong>ipsum;</strong></span> <span class='ocrx_word' id='word_1_910' title='bbox 3031 5350 3101 5405; x_wconf 89' lang='lat' dir='ltr'><strong>ita</strong></span> <span class='ocrx_word' id='word_1_911' title='bbox 3134 5357 3187 5403; x_wconf 92' lang='lat' dir='ltr'><strong>ut</strong></span> <span class='ocrx_word' id='word_1_912' title='bbox 3218 5348 3264 5403; x_wconf 87' lang='lat' dir='ltr'><strong>si</strong></span> <span class='ocrx_word' id='word_1_913' title='bbox 3295 5358 3512 5417; x_wconf 73' lang='lat' dir='ltr'><strong>rogatus</strong></span> <span class='ocrx_word' id='word_1_914' title='bbox 3539 5358 3733 5400; x_wconf 80' lang='lat' dir='ltr'><strong>recon-</strong></span> 
     </span>
    </p>
   </div>
   <div class='ocr_carea' id='block_1_116' title="bbox 2144 5437 3732 5513">
    <p class='ocr_par' dir='ltr' id='par_1_116' title="bbox 2144 5437 3732 5513">
     <span class='ocr_line' id='line_1_117' title="bbox 2144 5437 3732 5513; baseline -0.008 -11"><span class='ocrx_word' id='word_1_915' title='bbox 2144 5447 2345 5502; x_wconf 89' lang='lat' dir='ltr'><strong>cilieris</strong></span> <span class='ocrx_word' id='word_1_916' title='bbox 2369 5486 2384 5511; x_wconf 93' lang='lat'><strong>,</strong></span> <span class='ocrx_word' id='word_1_917' title='bbox 2416 5460 2523 5498; x_wconf 91' lang='lat' dir='ltr'><strong>non</strong></span> <span class='ocrx_word' id='word_1_918' title='bbox 2544 5443 2653 5513; x_wconf 90' lang='lat' dir='ltr'><strong>jam</strong></span> <span class='ocrx_word' id='word_1_919' title='bbox 2679 5459 2744 5498; x_wconf 80' lang='lat' dir='ltr'><strong>ex</strong></span> <span class='ocrx_word' id='word_1_920' title='bbox 2774 5440 2864 5497; x_wconf 88' lang='lat' dir='ltr'><strong>Dei</strong></span> <span class='ocrx_word' id='word_1_921' title='bbox 2898 5449 3168 5511; x_wconf 83' lang='lat' dir='ltr'><strong>praecepto</strong></span> <span class='ocrx_word' id='word_1_922' title='bbox 3193 5438 3423 5494; x_wconf 87' lang='lat' dir='ltr'><strong>amicitia</strong></span> <span class='ocrx_word' id='word_1_923' title='bbox 3449 5437 3732 5507; x_wconf 78' lang='lat' dir='ltr'><strong>jungatur,</strong></span> 
     </span>
    </p>
   </div>
   <div class='ocr_carea' id='block_1_117' title="bbox 2144 5528 3731 5605">
    <p class='ocr_par' dir='ltr' id='par_1_117' title="bbox 2144 5528 3731 5605">
     <span class='ocr_line' id='line_1_118' title="bbox 2144 5528 3731 5605; baseline -0.006 -12"><span class='ocrx_word' id='word_1_924' title='bbox 2144 5538 2238 5593; x_wconf 82' lang='lat' dir='ltr'><strong>sed</strong></span> <span class='ocrx_word' id='word_1_925' title='bbox 2264 5554 2329 5592; x_wconf 78' lang='lat' dir='ltr'><strong>ex</strong></span> <span class='ocrx_word' id='word_1_926' title='bbox 2357 5538 2500 5592; x_wconf 88' lang='lat' dir='ltr'><strong>illius</strong></span> <span class='ocrx_word' id='word_1_927' title='bbox 2527 5537 2735 5591; x_wconf 88' lang='lat' dir='ltr'><strong>studio:</strong></span> <span class='ocrx_word' id='word_1_928' title='bbox 2757 5534 3107 5605; x_wconf 86' lang='lat' dir='ltr'><strong>quamobrem</strong></span> <span class='ocrx_word' id='word_1_929' title='bbox 3132 5533 3475 5587; x_wconf 84' lang='lat' dir='ltr'><strong>incoronatus</strong></span> <span class='ocrx_word' id='word_1_930' title='bbox 3502 5528 3731 5596; x_wconf 88' lang='lat' dir='ltr'><strong>recedis,</strong></span> 
     </span>
    </p>
   </div>
   <div class='ocr_carea' id='block_1_118' title="bbox 2146 5618 3731 5696">
    <p class='ocr_par' dir='ltr' id='par_1_118' title="bbox 2146 5618 3731 5696">
     <span class='ocr_line' id='line_1_119' title="bbox 2146 5618 3731 5696; baseline -0.006 -13"><span class='ocrx_word' id='word_1_931' title='bbox 2146 5629 2238 5683; x_wconf 88' lang='lat' dir='ltr'><strong>illo</strong></span> <span class='ocrx_word' id='word_1_932' title='bbox 2265 5629 2449 5683; x_wconf 88' lang='lat' dir='ltr'><strong>bravia</strong></span> <span class='ocrx_word' id='word_1_933' title='bbox 2485 5627 2807 5696; x_wconf 88' lang='lat' dir='ltr'><strong>accipiente.</strong></span> <span class='ocrx_word' id='word_1_934' title='bbox 2835 5625 2972 5693; x_wconf 90' lang='lat' dir='ltr'><strong>Quid</strong></span> <span class='ocrx_word' id='word_1_935' title='bbox 3003 5623 3171 5679; x_wconf 85' lang='lat' dir='ltr'><strong>dicis?</strong></span> <span class='ocrx_word' id='word_1_936' title='bbox 3211 5620 3486 5676; x_wconf 91' lang='lat' dir='ltr'><strong>Inimicum</strong></span> <span class='ocrx_word' id='word_1_937' title='bbox 3528 5618 3731 5687; x_wconf 84' lang='lat' dir='ltr'><strong>babes,</strong></span> 
     </span>
    </p>
   </div>
   <div class='ocr_carea' id='block_1_119' title="bbox 2144 5709 3733 5788">
    <p class='ocr_par' dir='ltr' id='par_1_119' title="bbox 2144 5709 3733 5788">
     <span class='ocr_line' id='line_1_120' title="bbox 2144 5709 3733 5788; baseline -0.005 -15"><span class='ocrx_word' id='word_1_938' title='bbox 2144 5735 2244 5773; x_wconf 87' lang='lat' dir='ltr'><strong>nec</strong></span> <span class='ocrx_word' id='word_1_939' title='bbox 2272 5728 2323 5773; x_wconf 90' lang='lat' dir='ltr'><strong>te</strong></span> <span class='ocrx_word' id='word_1_940' title='bbox 2352 5718 2549 5788; x_wconf 84' lang='lat' dir='ltr'><strong>pudet?</strong></span> <span class='ocrx_word' id='word_1_941' title='bbox 2575 5720 2767 5771; x_wconf 84' lang='lat' dir='ltr'><strong>Annon</strong></span> <span class='ocrx_word' id='word_1_942' title='bbox 2795 5716 2991 5770; x_wconf 85' lang='lat' dir='ltr'><strong>sul‘licit</strong></span> <span class='ocrx_word' id='word_1_943' title='bbox 3015 5713 3170 5768; x_wconf 87' lang='lat' dir='ltr'><strong>nobis</strong></span> <span class='ocrx_word' id='word_1_944' title='bbox 3193 5709 3459 5776; x_wconf 79' lang='lat' dir='ltr'><strong>diabolus,</strong></span> <span class='ocrx_word' id='word_1_945' title='bbox 3487 5719 3548 5765; x_wconf 89' lang='lat' dir='ltr'><strong>ut</strong></span> <span class='ocrx_word' id='word_1_946' title='bbox 3569 5709 3733 5765; x_wconf 78' lang='lat' dir='ltr'><strong>etiam</strong></span> 
     </span>
    </p>
   </div>
   <div class='ocr_carea' id='block_1_120' title="bbox 2145 5802 3734 5881">
    <p class='ocr_par' dir='ltr' id='par_1_120' title="bbox 2145 5802 3734 5881">
     <span class='ocr_line' id='line_1_121' title="bbox 2145 5802 3734 5881; baseline -0.006 -16"><span class='ocrx_word' id='word_1_947' title='bbox 2145 5825 2474 5881; x_wconf 79' lang='lat' dir='ltr'><strong>congencrcs</strong></span> <span class='ocrx_word' id='word_1_948' title='bbox 2520 5808 2672 5863; x_wconf 86' lang='lat' dir='ltr'><strong>nobis</strong></span> <span class='ocrx_word' id='word_1_949' title='bbox 2714 5807 2959 5862; x_wconf 88' lang='lat' dir='ltr'><strong>inimicos</strong></span> <span class='ocrx_word' id='word_1_950' title='bbox 3001 5802 3366 5859; x_wconf 87' lang='lat' dir='ltr'><strong>attrahamus?</strong></span> <span class='ocrx_word' id='word_1_951' title='bbox 3412 5802 3622 5858; x_wconf 82' lang='lat' dir='ltr'><strong>Utinam</strong></span> <span class='ocrx_word' id='word_1_952' title='bbox 3665 5815 3734 5856; x_wconf 80' lang='lat' dir='ltr'><strong>ne</strong></span> 
     </span>
    </p>
   </div>
   <div class='ocr_carea' id='block_1_121' title="bbox 2148 5896 3732 5970">
    <p class='ocr_par' dir='ltr' id='par_1_121' title="bbox 2148 5896 3732 5970">
     <span class='ocr_line' id='line_1_122' title="bbox 2148 5896 3732 5970; baseline -0.006 -13"><span class='ocrx_word' id='word_1_953' title='bbox 2148 5905 2236 5959; x_wconf 89' lang='lat' dir='ltr'><strong>ille</strong></span> <span class='ocrx_word' id='word_1_954' title='bbox 2262 5904 2472 5967; x_wconf 83' lang='lat' dir='ltr'><strong>quidem</strong></span> <span class='ocrx_word' id='word_1_955' title='bbox 2500 5901 2779 5959; x_wconf 90' lang='lat' dir='ltr'><strong>nobiscum</strong></span> <span class='ocrx_word' id='word_1_956' title='bbox 2812 5900 2972 5955; x_wconf 85' lang='lat' dir='ltr'><strong>vellet</strong></span> <span class='ocrx_word' id='word_1_957' title='bbox 3014 5911 3279 5970; x_wconf 69' lang='lat' dir='ltr'><strong>pugnare,</strong></span> <span class='ocrx_word' id='word_1_958' title='bbox 3327 5896 3528 5951; x_wconf 85' lang='lat' dir='ltr'><strong>utinam</strong></span> <span class='ocrx_word' id='word_1_959' title='bbox 3559 5907 3732 5964; x_wconf 75' lang='lat' dir='ltr'><strong>neque</strong></span> 
     </span>
    </p>
   </div>
  </div>
