4128 6418
412 422 519 480 ’113

417 535 509 591 ille
537 533 786 591 diabolus
807 539 970 589 esset.
995 530 1184 588 Nescis
1212 539 1408 600 quanta
1438 529 1509 584 sit
1535 537 1654 599 post
1684 525 2000 582 reconcilia-

421 628 630 681 tionem
673 625 955 696 voluptas?
994 623 1130 690 Quid
1175 623 1355 690 enim,
1395 622 1439 676 si
1472 622 1526 676 in
1558 622 1686 690 ipsis
1710 619 2000 674 inimicitiis

418 718 506 771 illa
542 733 649 772 non
677 717 937 786 apparet?
965 715 1096 771 Nam
1122 715 1266 785 quod
1295 715 1513 769 suavius
1541 715 1610 767 sit
1635 713 1914 768 laedentem
1941 725 2001 765 se

411 823 617 870 amare,
641 823 800 878 quam
821 807 945 862 odio
967 805 1184 872 habere,
1205 817 1486 877 postquam
1505 803 1796 861 inimicitiae
1811 804 2001 859 soluta:

414 901 629 964 fuerint,
667 909 790 954 tunc
813 901 1013 971 poteris
1045 899 1208 968 probe
1236 899 1466 954 discere.

485 992 540 1046 5.
568 989 693 1060 Ipsa
721 1002 858 1046 vetus
885 991 967 1045 lea:
988 992 1292 1063 injuriarum
1328 990 1664 1045 recordationi
1685 989 1995 1044 adversatur.

424 1078 515 1134 Vir
540 1082 698 1137 bonus
731 1083 860 1137 nihil
888 1083 1012 1136 mali
1049 1084 1154 1154 pati
1193 1093 1376 1154 potest.
1394 1081 1593 1138 —Cur
1619 1097 1747 1152 ergo
1774 1082 2002 1136 furiosos

420 1173 725 1238 imitamur,
771 1173 861 1244 qui
908 1189 967 1228 se
1005 1183 1190 1227 mutuo
1236 1175 1500 1238 lacerant,
1535 1174 1702 1242 quiin
1732 1174 1998 1242 propriam

417 1279 631 1318 carnem
663 1265 966 1319 insaniunt?
983 1267 1122 1320 Audi
1143 1276 1335 1336 quanta
1357 1265 1576 1336 hujusce
1597 1265 1674 1320 rei
1695 1281 1820 1321 cura
1840 1268 1999 1321 etiam

420 1356 471 1409 in
501 1357 663 1410 veteri
693 1357 808 1426 lege
838 1357 1016 1412 fuerit.
1058 1357 1193 1419 Viw,
1233 1359 1440 1428 inquit,
1469 1359 1839 1412 recordantium
1867 1359 2000 1412 mala

416 1450 468 1502 in
491 1461 698 1504 mortem
723 1449 905 1522 (Prov.
927 1451 1015 1505 η.
1031 1451 1141 1520 28).
1169 1449 1217 1503 Η
1223 1467 1336 1504 omo
1357 1451 1548 1505 homini
1570 1461 1828 1505 conservat
1848 1453 1996 1515 iram,

421 1553 468 1594 et
489 1559 520 1594 a
551 1541 658 1596 Deo
696 1545 875 1613 quterit
914 1543 1158 1597 medelam
1185 1545 1203 1612 (
1229 1542 1390 1597 Eccli.
1418 1543 1509 1598 ‘28.
1537 1544 1572 1598 5
1595 1543 1635 1612 ).
1685 1544 1840 1613 Atqui
1867 1558 1998 1598 ocu-

419 1630 526 1684 lum
558 1647 654 1700 pro
675 1633 852 1698 oculo,
883 1642 938 1688 et
963 1635 1175 1687 dentem
1204 1649 1300 1702 pro
1329 1633 1488 1688 dente
1515 1634 1781 1689 concessit
1803 1633 1994 1704 (Exod.

417 1721 508 1777 21.
539 1723 632 1795 24)
657 1741 670 1776 :
695 1726 960 1794 quomodo
988 1726 1148 1795 igitur
1167 1729 1419 1781 accusat?
1447 1728 1578 1795 Quia
1603 1728 1689 1781 illa
1711 1729 1994 1792 concessit,

419 1829 524 1868 non
555 1823 614 1869 ut
639 1816 777 1870 alter
805 1817 956 1871 alteri
990 1817 1272 1880 faciamus,
1307 1817 1397 1871 sed
1432 1827 1487 1871 ut
1519 1817 1800 1872 formidine
1828 1833 1998 1888 paena:

419 1923 448 1960 a
476 1909 568 1961 tali
595 1923 726 1964 ausu
753 1909 1135 1965 abstineamus.
1178 1911 1422 1979 Alioquin
1464 1923 1640 1967 autem
1677 1913 1764 1966 illa
1794 1923 2000 1982 tempo-

421 2014 596 2054 raneze
616 2000 889 2068 cujusdam
913 2002 1006 2056 ira:
1021 2010 1164 2067 sunt,
1181 2002 1490 2071 injuriarnm
1507 2014 1682 2057 autem
1701 2004 1999 2058 recordatio

419 2091 611 2144 animm
662 2092 950 2161 nequitiam
993 2093 1315 2147 meditantis.
1347 2093 1450 2148 Sed
1478 2095 1615 2148 male
1653 2104 1874 2150 vexatus
1903 2096 2000 2150 es?

417 2181 522 2236 Sed
550 2199 655 2237 non
689 2194 891 2238 tantum
940 2185 1030 2240 tibi
1079 2187 1200 2240 mali
1244 2186 1455 2253 intulit,
1502 2197 1756 2256 quantum
1801 2197 1854 2241 tu
1886 2189 1999 2256 ipse

419 2274 532 2338 tibi,
565 2276 608 2328 si
651 2275 856 2343 injuria:
897 2277 1205 2331 recordatus
1251 2277 1433 2333 fueris.
1480 2280 1724 2348 Alioquin
1764 2295 1891 2334 vero
1918 2281 2000 2334 vir

417 2365 587 2418 bonus
617 2367 747 2420 nihil
772 2368 896 2422 mali
921 2369 1025 2437 pati
1051 2379 1244 2437 potest.
1273 2368 1351 2423 Sit
1375 2370 1516 2423 enim
1543 2371 1680 2437 quis,
1707 2387 1925 2425 uxorem
1945 2381 2001 2426 et

421 2455 611 2510 liberos
642 2457 864 2522 habens,
894 2459 982 2528 qui
1015 2459 1436 2528 philosOphetur,
1467 2461 1764 2530 habeatque
1796 2463 1990 2516 multas

417 2543 595 2600 damni
623 2549 915 2618 accipiendi
942 2550 1251 2605 occasiones
1273 2591 1288 2616 ,
1320 2551 1574 2620 pecunias
1601 2552 1824 2617 multas,
1856 2554 2000 2621 prin-

416 2638 646 2705 cipatum
671 2679 686 2704 ,
716 2641 917 2694 amicos
943 2641 1136 2694 multos
1155 2682 1170 2706 ,
1203 2640 1537 2710 honoresque
1567 2641 1834 2707 obtineat;
1864 2652 2001 2697 atta-

417 2741 539 2780 men
595 2729 1024 2799 pltiiOsOleellll‘;
1079 2731 1181 2785 hoc
1225 2733 1367 2785 enim
1414 2733 1817 2800 supponendum
1866 2745 1994 2788 est:

417 2833 684 2872 terunmas
730 2820 804 2874 illi
851 2822 1106 2876 accedere
1151 2821 1433 2892 fingamus.
1481 2825 1712 2878 Accedat
1737 2825 1995 2895 quispiam

420 2909 682 2964 set-lestus
726 2910 885 2965 homo
915 2913 1007 2983 qui
1039 2913 1287 2967 damnum
1318 2915 1368 2967 in
1401 2916 1592 2985 opibus
1619 2915 1810 2970 inferat
1835 2938 1848 2971 :
1871 2918 1996 2985 quid

417 3001 519 3056 hoc
547 3002 610 3055 ad
643 3004 812 3058 virum
851 3006 941 3076 qui
987 3006 1237 3074 pecunias
1283 3006 1414 3060 nihil
1457 3022 1578 3063 esse
1624 3010 1803 3078 putat?
1834 3010 1996 3064 Filios

416 3091 647 3145 occidat:
683 3093 807 3163 quid
836 3095 935 3148 hoc
956 3095 1022 3150 ad
1050 3097 1240 3162 virum,
1263 3098 1352 3168 qui
1380 3099 1519 3152 circa
1549 3102 1993 3155 resurrectionem

415 3185 860 3257 philoSOphatur?
898 3186 1130 3244 Uxorem
1163 3189 1370 3260 jugulet
1403 3209 1416 3245 :
1449 3192 1574 3261 quid
1618 3193 1719 3248 hoc
1762 3194 1828 3248 ad
1870 3212 1991 3250 eum

419 3295 3628 3320 ,____________________________________________

1162 418 1220 474 S.
1257 415 1532 474 .IOANNIS
1565 412 2042 470 CHRYSOS'I'OMI
2071 413 2387 471 ARCIIIEP.
2416 418 2945 479 CONSTANTINOP.

3593 431 3698 486 723

2109 527 2198 595 qui
2230 528 2414 584 doctus
2439 540 2520 586 est
2549 549 2655 587 non
2696 535 2952 605 lugendus
2976 551 3100 593 esse
3127 538 3488 595 dormientes?
3520 540 3694 595 Dede.-

2109 635 2204 672 eus
2231 621 2305 673 illi
2329 622 2567 678 conferat
2588 645 2601 679 :
2621 626 2745 694 quid
2784 625 2886 682 hoc
2911 629 3066 684 laedat
3095 647 3216 686 eum
3241 673 3256 696 ,
3288 633 3378 702 qui
3409 638 3695 702 praesentia

2109 714 2286 765 omnia
2329 713 2517 769 ﬂorem
2549 731 2669 771 esse
2714 717 2843 773 fmni
2875 723 3058 788 putat?
3101 722 3156 776 Si
3197 724 3277 777 vis
3305 725 3466 778 etiam
3497 741 3690 792 corpus

2109 806 2369 872 percutiat
2393 846 2407 865 .
2451 816 2505 860 et
2550 806 2602 860 in
2633 823 2903 865 carcerem
2940 813 3191 882 conjiciat
3215 833 3227 866 :
3251 814 3376 884 quid
3408 815 3509 868 hoc
3535 816 3692 870 lmdet

2107 909 2252 961 eum,
2277 896 2364 964 qui
2391 897 2653 961 didicerit,
2685 901 2892 954 etiamsi
2919 903 3151 956 exterior
3176 916 3358 958 uoster
3383 907 3541 960 homo
3564 921 3688 960 eor-

2109 1000 2404 1058 rutnpatur,
2437 990 2742 1045 interiorem
2772 1003 2944 1047 tamen
2972 998 3213 1049 renovari
3232 998 3308 1064 (2.
3338 995 3458 1051 Cor.
3488 997 3540 1050 ι.
3574 998 3687 1067 £6),

2108 1093 2160 1136 et
2183 1083 2524 1138 tribulatione
2552 1085 2915 1154 probationem
2961 1087 3098 1142 effici
3142 1087 3317 1156 (Rom.
3351 1090 3402 1144 5.
3452 1089 3543 1158 3)?
3575 1089 3687 1158 Ego

2107 1187 2237 1228 sane
2277 1175 2531 1244 polliceor
2566 1177 2725 1232 talem
2771 1177 3039 1232 hominem
3090 1179 3143 1232 in
3185 1179 3328 1232 nullo
3370 1180 3554 1234 lmsum
3586 1181 3686 1236 iri:

2107 1265 2280 1319 oratio
2321 1275 2498 1320 autem
2545 1267 2681 1320 ultra
2728 1269 3020 1337 procedens
3065 1269 3299 1324 ostendit
3348 1271 3519 1340 ipsum
3564 1271 3688 1325 hinc

2107 1360 2329 1410 multum
2371 1358 2582 1428 juvari,
2627 1359 2872 1414 renovari
2915 1370 2970 1414 et
3016 1361 3372 1430 probatiorem
3419 1362 3575 1415 effici.
3610 1361 3688 1416 Ne

2107 1449 2281 1518 itaque
2305 1450 2443 1519 apud
2466 1450 2599 1504 alios
2624 1450 2862 1506 dolorem
2886 1461 3125 1506 nostrum
3148 1453 3508 1521 exprimamus
3529 1471 3543 1506 :
3564 1453 3688 1508 hinc

2106 1542 2249 1596 enim
2281 1558 2377 1596 nos
2407 1543 2550 1612 ipsos
2581 1543 2822 1598 laedimus
2844 1585 2858 1608 ,
2901 1545 3240 1612 animumque
3272 1553 3508 1597 nostrum
3540 1544 3689 1598 inlir-

2105 1633 2328 1686 miorcm
2350 1633 2638 1687 reddimus.
2662 1634 2824 1687 Dolor
2840 1635 2978 1688 enim
2999 1633 3086 1688 ille
3110 1649 3214 1688 non
3237 1643 3342 1687 tam
3364 1650 3428 1689 ex
3455 1635 3683 1701 proximi

2107 1725 2362 1794 nequitia,
2392 1743 2548 1797 quam
2581 1743 2643 1781 ex
2691 1727 2895 1797 ignavia
2945 1739 3127 1782 nostra
3174 1727 3430 1796 procedit.
3465 1727 3606 1793 Ideo,
3639 1727 3684 1781 si

2106 1817 2223 1885 quis
2249 1831 2348 1870 nos
2377 1818 2695 1871 contumelia
2723 1817 2941 1881 afticiat,
2971 1819 3328 1889 lacrymamur
3354 1828 3406 1872 et
3431 1818 3684 1887 deprimi-

2104 1925 2259 1974 mur;
2291 1911 2335 1962 si
2367 1910 2486 1979 quis
2512 1921 2690 1962 nostra
2716 1911 2902 1980 rapiat,
2931 1910 3155 1979 idipsum
3187 1911 3434 1980 patimur,
3465 1909 3685 1980 perinde

2104 2011 2262 2070 atque
2291 2002 2492 2068 pueruli
2527 2001 2635 2063 illi,
2681 2016 2816 2071 quos
2857 2001 3131 2056 liberiores
3161 2002 3308 2070 pueri
3342 2002 3560 2055 incitant
3591 2017 3685 2068 pro

2105 2107 2164 2144 re
2195 2091 2389 2145 nullius
2421 2092 2676 2146 momenti
2719 2092 2957 2145 dolorem
2990 2091 3306 2156 inferentes;
3341 2093 3382 2146 si
3417 2107 3540 2146 vero
3568 2091 3684 2144 illos

2105 2183 2342 2236 rixantes
2373 2183 2599 2236 viderint
2625 2224 2638 2248 ,
2671 2184 2918 2237 mordere
2948 2199 3051 2236 non
3081 2193 3323 2247 cessant;
3366 2182 3410 2236 si
3451 2183 3685 2236 ridentes

2106 2277 2340 2339 vidi-ant,
2372 2287 2496 2330 tunc
2525 2275 2805 2330 desistunt.
2833 2277 2900 2329 At
2929 2290 3025 2329 nos
3052 2277 3134 2328 his
3164 2275 3556 2344 insipientiores
3575 2314 3588 2338 ,
3617 2273 3685 2328 de

2105 2371 2168 2425 iis
2194 2371 2263 2424 ob
2295 2387 2413 2440 qua:
2437 2369 2610 2424 ridere
2634 2378 2924 2438 oporteret,
2943 2368 3164 2422 multum
3193 2367 3455 2422 dolemus.
3481 2367 3682 2433 Quam-

2103 2462 2290 2516 obrcm
2337 2476 2488 2531 rogo,
2543 2461 2647 2514 hoc
2688 2460 2874 2530 puerili
2921 2459 3128 2529 abjecto
3172 2460 3370 2524 animo,
3401 2459 3562 2512 cmlos
3587 2473 3686 2528 ap-

2106 2554 2520 2625 prehendamus.
2542 2552 2672 2607 Nam
2705 2552 2946 2606 Christus
2973 2566 3069 2606 nos
3100 2566 3219 2606 esse
3248 2552 3390 2604 viros
3415 2560 3595 2620 optat,
3630 2559 3684 2604 et

2104 2651 2246 2700 viros
2272 2648 2554 2715 perfectos.
2579 2643 2666 2698 Sic
2694 2643 2835 2697 enim
2857 2643 3007 2712 jubet
3030 2652 3083 2697 et
3112 2643 3301 2696 Paulus
3325 2660 3338 2694 :
3367 2641 3590 2708 Fratres,
3623 2655 3686 2693 ne

2101 2743 2212 2796 sitis
2240 2741 2381 2809 pueri
2407 2749 2589 2803 mente,
2622 2737 2709 2792 sed
2736 2737 2929 2789 malitia
2956 2736 3152 2806 parvuli
3177 2745 3330 2788 estote
3351 2735 3427 2803 (I.
3448 2734 3567 2789 Cor.
3595 2735 3680 2789 l4.

2103 2833 2214 2903 20).
2238 2831 2470 2886 Infantes
2487 2845 2613 2898 ergo
2630 2829 2824 2882 malitia
2843 2828 3030 2893 simus,
3049 2836 3102 2882 et
3120 2827 3405 2896 nequitiam
3424 2825 3680 2895 fugientes

2103 2926 2354 2978 virtutem
2379 2922 2780 2991 amplectamur,
2804 2929 2863 2972 ut
2888 2928 3085 2972 mterua
3111 2931 3500 2984 consequamur
3524 2917 3682 2982 bona,

2101 3016 2268 3086 gratia
2298 3026 2350 3068 ct
2381 3014 2706 3082 benignitate
2737 3010 2943 3064 Domini
2977 3008 3143 3063 nostri
3172 3008 3299 3063 Jesn
3327 3008 3555 3070 Christi,
3590 3009 3674 3060 cui

2100 3109 2266 3180 gloria
2291 3117 2345 3162 et
2375 3106 2657 3177 imperium
2690 3103 2743 3158 in
2774 3102 2966 3158 saecula
2998 3101 3334 3155 sazculorum.
3367 3102 3556 3155 Amen.

1483 3377 1823 3440 HOMILIA
1865 3381 2133 3443 LXXX.
2180 3382 2266 3444 al.
2312 3379 2608 3442 LXXXI.

411 3515 541 3572 CAP.
585 3518 674 3573 26.
721 3532 776 3570 ν.
805 3517 858 3572 6.
903 3517 1026 3572 Cum
1069 3527 1235 3573 autem
1281 3528 1406 3573 esset
1455 3518 1604 3574 Iesus
1642 3521 1693 3574 in
1746 3521 1995 3577 Bethania

483 3609 536 3660 in
563 3608 711 3663 domo
741 3608 965 3664 Simonis
1006 3611 1192 3678 leprosi
1210 3650 1225 3674 ,
1257 3611 1310 3664 7.
1348 3613 1555 3664 accessit
1577 3613 1645 3664 ad
1672 3629 1782 3665 eum
1814 3616 1995 3669 mulier

484 3701 671 3756 habens
699 3701 1006 3756 alabastrum
1031 3704 1273 3772 unguenti
1299 3703 1523 3773 pretiosi,
1553 3716 1599 3757 et
1636 3704 1816 3772 eﬂ'udit
1845 3724 1994 3778 super

481 3805 632 3864 caput
656 3794 766 3859 eius
793 3795 1137 3848 recumbentis.

486 3887 537 3940 i.
569 3884 756 3940 Mulier
792 3903 906 3957 quae
944 3888 1092 3955 pedes
1121 3885 1306 3942 Christi
1335 3888 1529 3954 abluit,
1571 3905 1685 3958 qua:
1711 3889 1794 3942 sit.
1827 3889 1995 3955 Quare

411 3978 552 4047 lepra
567 3977 790 4032 Simonis
802 3989 846 4031 et
860 3996 1037 4032 nomen
1052 3981 1186 4033 urbis
1198 3990 1550 4034 memorentur.
1561 3979 1862 4036 Peccatricis
1873 4001 1994 4054 erga

411 4065 610 4132 Jesum,
629 4079 675 4121 et
695 4067 818 4120 Jesu
843 4085 960 4138 erga
989 4073 1308 4138 peccatricem
1335 4072 1518 4142 agendi
1539 4075 1668 4126 ratio
1688 4084 1994 4127 commenta-

414 4169 517 4214 tur.
538 4189 608 4199 —
631 4160 754 4214 Haec
785 4162 974 4215 mulier
1006 4178 1107 4215 una
1136 4163 1431 4234 eademque
1460 4165 1668 4219 videtur
1707 4180 1824 4220 esse
1851 4167 1992 4235 apud

411 4267 599 4307 omnes
627 4252 1011 4322 evangelistas;
1061 4253 1154 4307 sed
1195 4269 1320 4308 vere
1362 4270 1468 4308 non
1497 4263 1577 4307 est
1602 4272 1616 4306 :
1641 4270 1822 4308 verum
1853 4255 1993 4325 apud

416 4352 528 4397 tres
568 4343 921 4412 evangelistas
975 4358 1078 4396 una
1127 4358 1248 4398 meo
1290 4342 1491 4412 judicio
1537 4342 1831 4414 eademque
1877 4356 1989 4411 est;

414 4432 554 4501 apud
599 4433 856 4488 Joannem
914 4430 1070 4500 (Cap.
1113 4431 1203 4502 l2)
1245 4447 1372 4486 vero
1416 4447 1520 4487 non
1563 4433 1724 4499 item;
1765 4435 1860 4490 sed
1887 4436 1992 4490 alia

410 4522 652 4591 quaedam
682 4523 940 4577 mirabilis
969 4522 1191 4587 mulier,
1222 4538 1376 4577 soror
1400 4522 1581 4577 Lazari
1613 4524 1708 4596 (a).
1740 4525 1848 4580 Nec
1876 4528 1992 4581 sine

411 4627 568 4666 causa
617 4613 817 4681 lepram
861 4611 1097 4666 Simonis
1137 4625 1394 4668 memorat
1425 4616 1785 4685 evangelista;
1815 4617 1908 4671 sed
1937 4627 1994 4671 ut

413 4703 657 4757 ostendat
683 4719 781 4757 cur
813 4704 1037 4756 fidenter
1063 4703 1256 4759 mulier
1278 4707 1583 4760 accesserit.
1624 4706 1884 4774 Quoniam
1918 4710 1991 4762 le-

412 4807 505 4861 pra
551 4809 638 4847 rcs
677 4808 798 4848 esse
841 4794 1112 4848 immunda
1157 4805 1210 4850 et
1262 4797 1615 4851 abominanda
1664 4799 1982 4867 videbatur,

414 4883 651 4952 viditque
676 4883 859 4938 .lesum
887 4900 1102 4939 curasse
1133 4885 1402 4941 hominem
1421 4929 1436 4953 ,
1467 4887 1776 4958 lepramque
1814 4891 1990 4944 elimi-

411 4986 566 5026 nasse
591 4975 786 5043 (neque
813 4976 955 5030 enim
985 4977 1239 5031 voluisset
1269 4979 1407 5046 apud
1438 4979 1706 5048 leprosum
1739 4996 1984 5048 manere,

409 5062 587 5132 ibique
611 5064 892 5138 diversari)
914 5110 928 5132 ,
977 5068 1196 5122 conlidit
1234 5069 1426 5125 mulier
1456 5072 1627 5142 ipsum
1655 5072 1844 5126 anima.-
1877 5089 1987 5128 sua:

410 5154 798 5210 immunditiam
846 5156 1000 5213 facile
1039 5160 1402 5215 abstersurum
1448 5176 1590 5217 esse.
1641 5161 1824 5232 Neque
1873 5165 1989 5218 sine

406 5262 570 5303 causa
614 5263 808 5303 nomen
839 5252 984 5304 urbis
1005 5292 1020 5316 ,
1055 5251 1324 5306 Bethania:
1352 5254 1588 5319 scilicet,
1632 5253 1865 5317 addidit;
1894 5254 1988 5308 sed

407 5351 464 5395 ut
490 5343 665 5396 discas
696 5343 866 5412 ipsum
891 5342 1117 5397 libenter
1141 5344 1208 5397 ad
1229 5344 1528 5414 passionem
1555 5345 1829 5400 accedere.
1857 5345 1988 5399 Nam

407 5433 498 5502 qui
527 5442 654 5488 ante
682 5432 939 5502 eﬂ'ugerat
968 5433 1087 5488 illos
1111 5474 1126 5498 ,
1170 5434 1383 5504 quando
1412 5436 1642 5490 maxime
1673 5436 1867 5491 invidia
1897 5453 1987 5489 ar-

483 5527 558 5590 ta)
577 5525 788 5590 Grandis
796 5529 1012 5590 quastio
1025 5535 1191 5590 utrum
1202 5526 1451 5588 peccatrix
1467 5529 1573 5590 illa,
1583 5541 1696 5590 quae
1712 5525 1894 5578 Christi
1917 5540 2006 5589 pe-

419 5580 510 5634 des
523 5580 698 5647 abluit,
715 5580 889 5637 eadem
905 5590 1009 5649 ipsa
1027 5587 1116 5651 sit,
1130 5580 1241 5650 quin
1253 5603 1394 5651 soror
1408 5580 1570 5638 Lazari
1587 5580 1757 5651 {quam
1775 5580 2003 5651 tractare,

407 5651 674 5755 Erasentis
698 5663 794 5697 non
818 5659 897 5699 est
921 5649 1158 5700 instituti.
1185 5649 1380 5699 Mariam
1395 5657 1560 5699 autem
1587 5649 1922 5714 lllagdalenam
1946 5650 2008 5698 ab

449 5710 492 5755 is
532 5712 779 5755 diversam
801 5724 916 5755 esse
942 5712 1082 5755 nauci
1113 5715 1205 5755 iam
1228 5721 1430 5755 nouant.
1467 5713 1659 5755 -—\'ide
1691 5715 1804 5755 Man
1818 5719 2008 5755 unum:

418 5710 493 5775 bis
519 5712 779 5775 niversam
801 5724 916 5759 esse
942 5712 1084 5774 pauci
1105 5715 1205 5775 jam
1228 5721 1441 5775 neganl._
1467 5710 2008 5775 —\'ide'lllonuments

411 5768 595 5818 inedita
627 5783 714 5818 sur
739 5768 1008 5835 l‘apostolat
1030 5775 1091 5824 de
1105 5768 1274 5824 'sainte
1295 5768 1774 5825 litarie-ltadeleine
1800 5776 2004 5823 enPro-

408 5839 570 5891 venre,
584 5839 714 5879 auct.
745 5833 1005 5882 D.’l"ail;on
1018 5838 1218 5885 societat
1231 5841 1270 5884 ir.
1283 5837 1332 5884 ς,
1349 5838 1554 5896 Sulpicii
1571 5838 1849 5885 sacerdote.
1866 5837 2002 5886 ιίοιτ.

2105 3523 2300 3578 debant
2323 3561 2339 3587 ,
2369 3531 2493 3574 tunc
2521 3533 2690 3589 prope
2729 3515 2954 3572 accessit
2993 3515 3143 3586 quasi
3174 3513 3239 3570 ad
3266 3514 3432 3570 stadia
3458 3512 3682 3583 quinde-

2100 3615 2240 3678 cim;
2268 3615 2450 3682 sicque
2473 3615 2618 3680 prior
2638 3625 2880 3666 recessus
2899 3609 2964 3663 ad
2987 3609 3338 3664 oeconomiam
3362 3607 3675 3677 pertinebat.

2103 3704 2301 3758 Videns
2329 3716 2457 3771 ergo
2482 3701 2629 3754 illum
2660 3699 2872 3779 mulier,
2901 3699 3130 3769 hincque
3168 3709 3437 3768 assumpta
3467 3697 3674 3761 fiducia,

2101 3795 2346 3850 accessit.
2388 3793 2520 3847 Nam
2551 3793 2595 3846 si
2636 3792 2724 3846 illa
2751 3807 2870 3860 quae
2896 3791 3171 3861 sanguinis
3198 3789 3394 3844 ﬂuxum
3440 3789 3677 3859 patieba-

2101 3896 2219 3951 tur,
2267 3887 2366 3940 etsi
2404 3884 2598 3938 nullius
2629 3880 2994 3951 hujuscemodi
3022 3881 3122 3934 sibi
3153 3880 3364 3934 conscia
3390 3888 3567 3942 esset,
3610 3877 3680 3930 ob

2099 3983 2269 4048 illam,
2316 3997 2434 4049 qua:
2479 3977 2732 4032 naturalis
2757 3975 3036 4031 videbatur
3063 3989 3214 4037 esse,
3247 3972 3632 4027 immunditiam
3657 4009 3672 4034 ,

2102 4087 2340 4130 tremens
2390 4082 2738 4140 metuensque
2788 4069 3010 4123 accessit
3041 4084 3054 4120 :
3085 4067 3253 4120 multo
3296 4064 3465 4134 magis
3509 4063 3674 4125 hanc,

2099 4184 2216 4237 quae
2241 4167 2342 4220 sibi
2368 4164 2492 4218 mali
2521 4163 2732 4217 conscia
2775 4171 2892 4216 erat
2914 4201 2928 4223 ,
2976 4160 3215 4214 timuisse
3259 4156 3545 4212 verisimile
3572 4164 3674 4210 est.

2100 4257 2304 4312 Idcirco
2334 4265 2454 4326 post
2482 4254 2679 4309 multas
2705 4254 2959 4307 mulieres
2979 4292 2992 4314 ,
3024 4249 3435 4313 Samaritanam,
3465 4245 3675 4300 Chana-

2099 4364 2290 4412 nmam,
2317 4363 2434 4402 eam
2457 4362 2575 4415 qua:
2596 4344 2866 4414 sanguinis
2888 4342 3085 4396 ﬂuxum
3109 4340 3426 4430 pajiebatur,
3446 4339 3678 4406 aliasque

2100 4439 2356 4508 plurimas
2384 4437 2623 4501 accedit,
2667 4433 2809 4503 quod
2849 4433 2948 4488 sibi
2995 4428 3199 4499 magnai
3247 4428 3594 4483 immunditia:
3624 4437 3679 4481 et

2100 4527 2331 4583 lasciviae
2367 4527 2584 4582 conscia
2616 4532 2791 4587 esset;
2819 4538 2919 4576 nec
2949 4521 3180 4590 publice,
3203 4520 3298 4575 sed
3320 4522 3371 4573 in
3399 4518 3581 4572 domo.
3612 4515 3680 4569 Et

2099 4635 2224 4673 cum
2267 4618 2354 4672 alii
2398 4631 2584 4671 omnes
2630 4629 2726 4684 pro
2767 4615 2997 4667 sanitate
3039 4613 3280 4682 corporis
3329 4608 3677 4670 accederent,

2101 4709 2319 4765 honoris
2347 4718 2550 4762 tantum
2576 4720 2734 4760 causa
2765 4703 3072 4769 accedebat,
3102 4713 3157 4758 et
3183 4713 3241 4756 ut
3267 4703 3458 4755 anima:
3484 4699 3682 4752 sanita-

2101 4813 2207 4856 tem
2237 4808 2676 4868 coosequeretur.
2707 4795 2862 4849 Nulla
2899 4795 3042 4847 enim
3081 4793 3324 4861 corporis
3365 4789 3678 4861 aegritudine

2099 4892 2756 4958 tenebaturzquapmpter
2798 4883 3108 4938 admiranda
3153 4882 3384 4936 maxime
3413 4880 3676 4935 videatur.

2095 4980 2277 5050 Neque
2306 4981 2455 5034 illum
2483 4987 2541 5032 ut
2585 4976 2857 5030 hominem
2906 4983 3109 5028 tantum
3150 4971 3296 5036 adit;
3328 4987 3502 5042 neque
3535 4969 3677 5024 enim

2095 5071 2303 5139 capillis
2332 5069 2700 5130 abstersisset;
2728 5065 2820 5120 sed
2852 5074 2907 5118 ut
2935 5065 3150 5118 homine
3171 5063 3450 5132 majorem.
3475 5059 3678 5116 Idcirco

2095 5161 2333 5216 omnium
2361 5159 2719 5214 membrorum
2751 5156 3136 5210 nobilissimum
3161 5163 3322 5224 caput
3343 5168 3497 5208 suum
3523 5151 3673 5223 pedi-

2095 5253 2196 5308 bus
2216 5253 2414 5308 Christi
2446 5251 2700 5304 admovit.
2728 5250 2782 5304 8.
2821 5248 3057 5303 l’identes
3080 5259 3250 5302 autem
3278 5247 3518 5315 discipuli
3543 5248 3674 5315 ejus,

2096 5345 2283 5414 inquit,
2313 5343 2558 5412 indignati
2596 5351 2732 5407 sunt,
2777 5340 2996 5394 dicentes
3019 5339 3134 5395 :Ad
3157 5340 3279 5411 quid
3299 5339 3516 5409 perditio
3536 5336 3680 5391 hac?

2097 5435 2150 5489 9.
2197 5433 2369 5488 Potuit
2412 5434 2545 5488 enim
2587 5441 2896 5503 unguentum
2939 5432 3034 5485 hoc
3075 5431 3368 5486 venumdari
3398 5429 3593 5493 multo,
3633 5437 3677 5481 et

2096 5528 2209 5581 dari
2244 5525 2569 5597 pauperibus.
2613 5525 2702 5579 ’lO.
2744 5523 2926 5580 Sciens
2969 5535 3141 5580 autem
3175 5523 3328 5578 Jesus
3375 5523 3502 5576 dixit
3529 5537 3550 5576 :
3575 5521 3676 5574 Cur

2096 5620 2292 5674 molesti
2327 5619 2447 5672 estis
2485 5617 2603 5670 huic
2640 5617 2880 5670 mulieri?
2912 5615 3054 5685 Opus
3084 5616 3219 5670 enim
3257 5615 3444 5668 bonum
3470 5622 3680 5682 operata

2095 5721 2166 5764 est
2195 5711 2247 5762 in
2276 5725 2374 5762 me.
2404 5711 2489 5763 ll.
2523 5707 2783 5777 Pauperes
2811 5709 2942 5762 enim
2969 5721 3165 5775 semper
3187 5705 3379 5759 habetis
3404 5704 3677 5767 vobiscum,

2096 5818 2174 5856 me
2199 5812 2366 5855 autem
2396 5818 2494 5855 non
2524 5817 2718 5870 semper
2744 5799 2955 5853 habetis.
2991 5798 3080 5851 12.
3113 5795 3398 5850 Immittens
3428 5795 3560 5847 enim
3586 5793 3678 5844 hos
