2064 3215
258 210 310 238 727

258 269 436 300 emnpunctus
448 269 488 292 cst
506 274 511 291 :
529 271 613 299 neque
632 264 736 297 timuit,
750 271 811 291 cum
826 262 944 293 audivit,
959 260 1056 296 prmdi-

258 311 371 339 eaadnm
389 310 486 344 ubique
506 317 566 337 esse
579 310 765 344 Evangelium.
780 309 846 335 Nam
861 307 933 342 quod
952 306 1055 333 diccba-

259 363 302 384 tnr
316 357 423 383 virtutis
436 360 492 383 erat
508 355 647 383 ineffabilis
664 364 670 382 :
692 355 739 383 sed
752 363 812 382 cum
828 354 963 385 mulieres,
981 353 1058 387 ipsae-

256 411 307 436 qne
323 403 482 429 meretrices
493 406 594 428 tantum
606 401 642 428 illi
657 401 846 434 impendebant
861 399 981 431 honoris,
996 404 1057 425 tunc

258 448 304 475 ille
317 448 478 475 diabolicum
494 446 597 473 facinus
607 446 714 474 edebat.
724 446 778 473 Cur
790 450 879 472 autem
891 445 948 479 ejus
959 451 1058 479 cogno-

256 501 317 519 men
331 493 444 519 dicunt?
458 492 524 526 Quia
538 492 608 519 alius
620 491 702 519 Judas
718 496 785 520 erat.
798 491 890 526 Neque
911 494 999 517 tamen
1016 489 1057 515 di-

257 546 318 565 cere
329 538 463 570 dubitant,
480 537 566 572 ipsum
582 544 598 564 e
613 544 726 564 nttmcro
747 536 887 563 duodecim
911 535 1003 562 fuisse.
1020 534 1056 561 Ita

258 583 325 611 nihil
339 583 476 610 occultant
489 590 582 611 eorum
593 590 652 617 qua:
666 582 793 617 probrosa
806 589 866 608 esse
881 580 1055 607 videbantur:

258 636 420 663 quamquam
435 632 559 663 poterant
571 628 728 663 simpliciter
744 627 843 658 dicere,
859 627 945 662 ipstun
959 633 991 652 ex
1007 633 1056 652 nu-

258 682 333 701 mero
349 674 543 709 discipulorum
569 673 661 700 fuisse.
676 674 759 701 Erant
778 673 877 708 quippe
896 672 939 699 alii
961 676 1058 706 przctcr

257 720 401 748 duodecim
416 720 486 748 illos.
501 720 577 748 Nunc
590 720 701 753 addunt,
719 720 759 747 Ea:
771 719 905 747 duodecim
916 741 925 753 ,
939 727 970 746 ac
984 720 1005 746 si
1019 719 1058 745 di-

258 771 363 797 cerent,
379 774 412 793 en
428 766 514 800 primo
528 766 611 793 choro
626 773 721 793 eorum
733 785 740 798 ,
757 773 823 800 quos
845 764 921 800 quasi
942 765 1057 798 optimos

259 811 350 846 elegit,
367 811 412 846 qui
432 819 493 838 ctttn
515 811 593 838 Petro
605 816 632 839 et
644 811 747 838 Joanne
759 815 845 837 erant.
863 810 945 837 Unam
959 809 1058 844 quippe

260 858 390 884 curabant
405 857 553 890 veritatem,
571 865 620 885 nec
635 865 678 885 res
690 862 779 892 gestas
791 856 980 884 obscurabant.
997 857 1058 883 Ideo

260 904 336 939 signa
350 904 430 931 multa
443 907 659 938 prmtcrcurrnnt,
669 911 701 930 ex
716 903 748 930 iis
757 907 845 930 autent
856 910 916 937 qua:
930 901 1058 936 probrosa

259 955 319 975 chc
334 948 492 976 videbantur
503 949 566 975 nihil
575 949 673 981 celant,
687 948 735 976 sed
746 949 802 975 sive
814 948 997 979 verbum,sive
1010 955 1058 981 gc-

260 999 341 1028 stum,
349 995 405 1023 sive
412 995 517 1030 quidvis
523 995 593 1022 aliud
602 1003 663 1022 cum
674 995 829 1022 libertatcct
838 994 932 1022 ﬁducia
938 998 1056 1021 narrant.

296 1041 323 1066 5.
344 1040 436 1075 qune
456 1040 482 1067 hi
501 1045 615 1073 tantum,
632 1040 679 1067 sed
694 1041 774 1068 etiam
788 1040 832 1075 qui
846 1039 1004 1067 sublimiora
1020 1039 1060 1066 lo-

261 1086 392 1120 quebatur
406 1086 532 1114 Joannes.
551 1086 596 1114 ille
610 1087 681 1115 enim
698 1087 831 1122 pra-cipue
846 1091 937 1113 narrat
951 1091 978 1114 et
991 1094 1058 1114 cou-

261 1131 383 1158 tumclias
407 1136 433 1158 et
457 1132 600 1167 opprobria
625 1140 684 1167 qua:
708 1132 825 1167 pertulit.
845 1132 879 1159 Et
905 1131 966 1159 vide
995 1131 1059 1159 mihi

260 1182 387 1211 quantum
408 1178 443 1204 sit
463 1177 538 1205 Juda:
561 1178 664 1211 scelus,
678 1186 758 1213 quam
780 1182 876 1213 sponte
897 1178 1058 1210 accesserit,

258 1223 364 1256 quando
380 1224 502 1258 pactione
514 1224 635 1259 pecunia:
653 1229 680 1251 et
695 1224 816 1259 pecunia:
831 1224 939 1251 tantula:
953 1224 1003 1251 hoc
1022 1224 1061 1252 fe-

259 1267 306 1294 cit.
322 1267 407 1295 Lucas
422 1276 487 1296 vero
502 1269 582 1301 dicit,
599 1269 686 1305 ipsum
704 1276 766 1296 cum
789 1269 901 1297 ducibus
928 1269 1061 1304 pepigisse

260 1311 334 1346 (Luc.
350 1313 395 1341 9.2.
408 1314 456 1348 4).
479 1313 592 1349 Propter
615 1314 762 1341 seditiones
787 1314 858 1341 enim
885 1313 1038 1341 Judazorum
1052 1333 1060 1346 ,

261 1358 439 1393 prrefeccrmu.
454 1359 567 1387 Romani
584 1360 697 1395 aliquos,
718 1360 762 1394 qui
784 1359 855 1387 bono
868 1367 958 1387 rerum
973 1359 1061 1387 ordini

260 1404 447 1439 ndvigilarcnt.
464 1405 529 1432 Nam
550 1405 715 1440 principatus
736 1413 830 1432 eorum
851 1406 908 1440 jam
926 1405 1061 1432 defecerat

256 1450 406 1477 seetuidutn
423 1450 600 1485 prophetiam.
615 1450 671 1478 llos
685 1450 765 1486 igitur
783 1450 877 1477 adiens
889 1450 956 1477 dixit
971 1458 977 1476 :
994 1449 1061 1482 Quid

256 1495 334 1522 vultis
357 1496 512 1529 mihidare,
529 1501 553 1523 et
574 1505 620 1532 ego
635 1496 704 1523 vobis
727 1504 786 1523 eum
809 1496 929 1523 tradant?
944 1495 989 1522 Illi
1004 1504 1061 1523 vero

254 1543 441 1569 constituerunt
459 1543 481 1570 ei
503 1543 607 1578 triginta
627 1547 769 1578 argenteos.
786 1543 829 1570 16.
846 1542 880 1569 Et
894 1550 926 1569 ea:
950 1550 978 1569 eo
996 1547 1059 1569 tem-

260 1595 322 1621 pore
334 1588 462 1623 quaerebat
480 1589 714 1624 opportunitatem,
727 1594 754 1615 ut
773 1589 883 1616 traderet
903 1597 971 1616 eum.
994 1588 1060 1616 Nam

254 1633 372 1661 {timebat
386 1634 595 1666 multitudinem,
612 1634 730 1670 nihilque
740 1635 811 1662 aliud
822 1634 969 1669 qumrebat,
980 1642 1060 1669 quam

258 1684 289 1705 ut
303 1679 377 1706 illum
392 1685 509 1714 caperet.
526 1679 548 1707 0
561 1680 720 1707 stultitiam?
734 1680 869 1715 quomodo
884 1680 957 1707 illum
971 1687 1060 1707 excat-

259 1723 333 1751 cavit
344 1724 464 1759 pecunia:
475 1725 571 1752 amor?
584 1725 651 1752 Nam
664 1726 708 1760 qui
722 1725 796 1752 illum
809 1732 883 1760 smpe
897 1725 999 1752 viderat
1014 1732 1062 1759 per

261 1769 364 1797 medios
381 1773 574 1804 transeuntem,
588 1779 638 1798 nec
657 1775 776 1806 captum,
791 1778 901 1806 sumque
913 1770 1062 1798 divinitatis

256 1820 288 1841 et
302 1815 429 1850 potentiae
444 1820 600 1850 argumenta
615 1816 697 1842 multa
712 1816 820 1843 dantem
830 1836 838 1849 ,
853 1816 972 1851 speravit
987 1822 1015 1843 se
1029 1816 1062 1842 il-

258 1859 316 1887 lum
331 1867 429 1894 capere
449 1867 544 1895 posse;
559 1861 781 1895 przcsertim-cunt
795 1865 833 1888 tot
847 1861 884 1889 illi
904 1860 986 1888 verba
999 1868 1062 1895 pro-

261 1906 366 1933 tulisset
380 1906 506 1933 terribilia
521 1907 600 1934 simul
612 1912 640 1934 et
653 1910 791 1934 mansueta
802 1927 810 1940 ,
824 1911 854 1934 ut
871 1906 941 1934 hanc
963 1906 1061 1933 malam

260 1951 307 1979 ille
323 1951 512 1986 cogitationem
528 1951 664 1987 abjicerel.
680 1951 772 1986 Neque
786 1952 858 1979 enim
884 1952 911 1978 in
932 1959 1009 1979 ccena
1027 1951 1061 1978 ab

260 2004 294 2024 eo
306 1997 428 2024 curando
441 1997 561 2031 destitit,
576 1998 624 2026 sed
640 2005 724 2032 usque
746 1997 778 2024 ad
797 1998 918 2024 ultimum
934 1998 1004 2024 diem
1021 1997 1062 2025 his

261 2042 295 2069 de
308 2042 389 2069 rebus
404 2042 490 2076 ipsum
504 2042 698 2078 alloquebatur.
714 2043 766 2070 Sed
783 2044 848 2070 nihil
861 2045 885 2070 id
901 2044 937 2071 illi
952 2044 1060 2078 profuit.

260 2086 316 2116 Nec
331 2092 420 2115 tamen
435 2088 494 2115 idco
510 2088 639 2117 Dominus
653 2090 771 2117 cessavit
783 2098 842 2124 qua:
862 2098 908 2117 sua
930 2096 1007 2117 erant
1021 2090 1061 2117 fa-

260 2140 334 2161 cere.
350 2133 413 2161 llaec
434 2134 522 2169 itaque
543 2142 604 2161 cum
626 2143 676 2162 nos
692 2135 817 2168 sciamus,
834 2136 899 2162 nihil
922 2144 974 2163 non
998 2144 1062 2171 aga-

262 2188 323 2208 mus
337 2180 372 2208 ad
383 2180 550 2208 revocandos
561 2187 715 2215 peccatores
726 2186 753 2209 et
767 2181 886 2214 desides,
903 2187 1043 2210 monentes
1053 2203 1061 2216 ,

262 2226 392 2253 docentes
404 2246 412 2259 ,
427 2225 611 2260 obsecrantes,
627 2226 766 2254 hortantes
777 2247 784 2259 ,
800 2227 939 2255 consilium
956 2228 1060 2262 dantes,

260 2272 310 2299 etsi
333 2271 399 2299 nihil
420 2272 603 2307 proficiamus.
618 2272 684 2299 Nam
702 2272 824 2300 Christus
849 2273 1003 2308 prmscicbat
1016 2273 1063 2301 Ju-

262 2317 324 2345 dam
341 2325 485 2353 numquam
497 2318 694 2346 emendandum
711 2319 767 2346 fore
782 2328 788 2345 :
803 2323 830 2346 et
844 2323 932 2347 tamen
948 2328 1000 2346 non
1014 2320 1063 2347 de-

259 2363 372 2391 sistebat
382 2371 429 2391 sua
442 2363 542 2398 facere,
554 2364 699 2397 monendo,
714 2365 915 2398 eonuninando,
933 2366 1060 2393 miserum

260 2409 387 2444 dicendo,
400 2414 428 2437 et
443 2418 587 2446 numquam
600 2411 683 2444 clare,
696 2412 744 2439 sed
760 2411 934 2439 subobscure.
949 2412 976 2439 lu
991 2412 1062 2447 ipso-

264 2462 317 2489 que
339 2456 498 2491 proditionis
520 2461 660 2493 tcmpore,
681 2457 849 2485 osculantem
870 2465 900 2484 se
916 2459 993 2485 tulit:
1015 2459 1062 2486 sed

264 2501 330 2528 nihil
348 2502 391 2529 illa
404 2502 540 2536 profuere.
557 2503 671 2531 Tantum
685 2508 727 2531 est
740 2504 850 2531 avaritia
862 2505 965 2531 malum
983 2514 988 2531 :
1006 2505 1064 2533 hate

260 2545 358 2580 quippe
366 2546 441 2574 illum
450 2554 476 2575 et
483 2548 641 2583 sacrilegum
653 2553 679 2576 et
687 2549 956 2584 proditorcmelfecit.
968 2550 1064 2579 Audite

260 2598 355 2618 omnes
369 2594 462 2628 avari,
474 2594 517 2629 qui
531 2594 608 2621 Judae
626 2595 719 2622 morbo
748 2595 878 2622 laboratis
893 2603 900 2622 τ
928 2595 1017 2623 audite
1037 2602 1065 2625 et

260 2643 353 2666 cavete
362 2639 438 2667 vobis
449 2640 484 2667 ab
497 2641 542 2667 illo
555 2641 660 2668 morbo.
674 2641 739 2668 Nam
753 2641 775 2669 si
795 2642 818 2668 is
832 2642 875 2675 qui
887 2649 946 2669 eum
958 2642 1065 2671 Christo

261 2683 370 2711 vivebat
383 2704 390 2717 ,
406 2685 451 2719 qui
466 2684 542 2720 signa
554 2685 693 2718 ediderat,
708 2686 754 2721 qui
776 2690 847 2713 tanta
864 2686 1002 2713 fruebatur
1013 2688 1064 2715 du-

259 2729 356 2761 ctrina,
373 2730 434 2765 quia
448 2731 482 2758 ab
494 2731 543 2759 hoc
553 2731 648 2759 morbo
658 2739 713 2758 non
724 2740 753 2760 se
763 2732 909 2767 expeditit,
920 2732 947 2760 in
963 2739 1064 2761 tantum

256 2772 414 2802 "barathrum
424 2775 549 2811 delapsus
557 2780 609 2809 est;
621 2776 704 2803 multo
716 2777 800 2812 magis
810 2784 868 2810 vos,
882 2778 925 2812 qui
937 2786 986 2805 nec
995 2779 1067 2806 Scri-

261 2823 354 2851 pturas
367 2820 489 2854 audistis,
502 2821 548 2856 qui
557 2821 849 2855 semperrprtnsentibus
860 2822 958 2849 addicti
967 2823 1062 2857 fuistis,

260 2863 294 2889 ab
307 2864 358 2892 hoc
373 2866 469 2894 morbo
479 2866 559 2894 facile
572 2866 725 2901 capiamini,
741 2867 792 2894 nisi
801 2867 909 2895 assidue
924 2869 974 2903 ipsi
988 2869 1066 2898 advi-

261 2908 359 2942 siletis.
370 2910 493 2944 Quotidie
504 2912 548 2940 ille
559 2919 619 2939 cum
628 2911 735 2940 Christo
746 2916 813 2946 erat,
826 2914 871 2948 qui
884 2921 936 2941 non
947 2913 1065 2944 habebat

616 207 644 235 8.
665 205 805 234 .IOANNIS
822 201 1063 233 CIIRYSOSTOMI
1083 201 1244 230 ARCIIIEP.
1265 202 1532 233 CONSTANTINOP.

1855 206 1919 235 338

1111 260 1155 286 ubi
1171 266 1250 295 caput
1266 269 1344 289 suum
1359 263 1501 290 reclinaret
1512 284 1519 296 ,
1543 268 1568 290 ct
1585 263 1702 298 quotidie
1716 264 1751 291 ab
1773 264 1819 291 illo
1834 264 1917 291 iusti-

1111 306 1236 334 tuebatur
1249 308 1375 342 operibus
1391 313 1419 335 et
1432 308 1532 342 verbis,
1550 317 1602 336 non
1615 314 1738 344 oportere
1753 310 1918 342 aurum,.vel

1109 356 1252 386 argenturm
1266 372 1275 385 ,
1302 353 1345 380 vel
1360 353 1427 380 duas
1456 354 1557 380 tunicas
1572 353 1670 381 habere
1682 373 1691 386 ,
1714 361 1801 389 neque
1824 359 1919 381 tamen

1110 396 1225 431 resipuit
1240 406 1247 424 :
1261 401 1288 424 et
1311 397 1446 432 quomodo
1468 402 1496 425 tu
1508 406 1616 433 sperare
1641 403 1715 433 potes
1729 419 1737 432 ,
1755 404 1787 426 te
1807 399 1842 426 ab
1863 399 1920 426 hoc

1110 442 1206 470 morbo
1229 442 1397 471 liberandum
1412 452 1472 471 esse
1485 465 1493 477 ,
1508 444 1559 471 nisi
1574 444 1683 472 multam
1702 452 1793 472 curam
1807 450 1835 473 et
1855 445 1922 472 dili-

1109 487 1229 521 gentiam
1242 486 1390 515 adhibeas?
1403 489 1480 516 Acris
1490 494 1541 520 est.
1553 490 1622 517 acris
1632 494 1705 518 certe
1715 494 1756 518 est
1768 490 1825 518 btec
1837 490 1896 517 fere
1910 499 1918 518 :

1109 535 1229 558 attamen
1251 532 1274 559 si
1290 533 1356 560 velis
1369 553 1376 565 ,
1401 533 1479 561 facile
1495 534 1595 562 vinces.
1611 534 1674 562 Haec
1694 535 1765 563 enim
1780 536 1919 571 cupiditas

1109 584 1164 604 non
1181 578 1335 605 necessario
1349 586 1364 605 a
1385 583 1478 606 natura
1493 580 1582 614 prodit
1593 600 1601 613 ,
1624 585 1653 607 ut
1668 581 1756 616 palam
1777 587 1817 609 est
1834 590 1868 609 ex
1884 582 1919 609 iis

1109 623 1155 657 qui
1172 623 1216 650 illa
1229 629 1353 658 expertes
1365 629 1428 652 sunt
1441 634 1448 651 :
1460 633 1520 652 nam
1534 634 1594 660 qua:
1603 634 1617 653 a
1631 631 1726 654 natura
1741 627 1919 661 proﬁciscun-

1111 671 1165 700 tur,
1179 671 1242 695 sunt
1254 669 1379 696 omnibus
1393 670 1562 703 communia;
1579 671 1637 698 haec
1653 679 1716 699 vero
1730 672 1864 706 cupiditas
1878 680 1915 699 ex

1110 712 1213 740 desidia
1229 713 1315 741 solum
1330 715 1449 742 nascitur
1462 724 1468 742 :
1484 715 1546 743 inde
1560 717 1688 750 nascitur,
1705 717 1769 745 inde
1781 723 1916 753 augetur,

1110 766 1212 793 eosque
1226 760 1271 793 qui
1285 759 1317 786 ad
1330 759 1415 794 ipsam
1425 760 1529 788 inhiant
1541 769 1600 788 cum
1616 762 1702 789 semel
1716 763 1828 797 ceperit,
1844 764 1920 798 cogit

1111 809 1209 838 prmter
1220 810 1340 831 naturam
1352 806 1452 833 vivere.
1463 806 1528 833 Nam
1537 814 1597 834 cum
1608 807 1731 842 ignorent
1739 808 1918 841 contribules.

1111 849 1227 883 amicos,
1243 849 1350 884 fratres,
1365 857 1502 886 cognatos,
1517 859 1610 879 omnes
1626 852 1801 887 simpliciter,
1814 857 1843 881 et
1854 861 1919 881 cum

1113 894 1156 921 bis
1170 894 1251 922 etiam
1265 896 1379 930 seipsos.
1398 904 1487 923 annon
1503 897 1552 924 hoc
1566 902 1607 924 est
1622 902 1719 932 printer
1740 903 1863 925 naturam
1878 899 1921 925 νὶ-

1111 947 1175 968 vere
1186 940 1197 967 'l
1208 940 1283 968 Unde
1294 941 1379 976 palam
1388 946 1439 974 est,
1447 943 1590 978 nequitiam
1601 951 1661 971 esse
1672 948 1769 979 przeter
1781 948 1919 978 naturam,

1113 993 1218 1013 necnon
1233 987 1351 1014 avaritiae
1373 988 1495 1015 morbum
1506 1008 1513 1021 ,
1532 989 1558 1015 in
1573 996 1653 1023 quem
1671 989 1795 1024 delapsus
1811 989 1897 1018 Judas
1909 1011 1919 1024 .

1115 1032 1239 1066 proditor
1255 1032 1340 1060 factus
1351 1039 1402 1060 est.
1419 1033 1452 1060 Et
1466 1034 1600 1068 quomodo
1614 1035 1674 1061 talis
1689 1035 1773 1062 factus
1795 1041 1839 1063 cst
1849 1056 1857 1068 ,
1872 1036 1921 1063 in-

1111 1079 1207 1114 quies,
1221 1083 1331 1106 vocatus
1351 1087 1366 1106 a
1379 1079 1506 1108 Christo?
1529 1080 1594 1114 Quia
1618 1080 1666 1108 Dei
1680 1082 1786 1109 vocatio
1809 1082 1917 1109 nullum

1112 1125 1204 1158 cogit,
1219 1132 1305 1159 neque
1327 1125 1480 1153 violentiam
1506 1125 1586 1153 infert
1600 1127 1728 1155 voluntati
1749 1135 1842 1155 eorum
1866 1128 1916 1163 qui

1113 1172 1209 1198 nolunt
1224 1172 1346 1199 virtutem
1366 1172 1464 1207 eligere
1477 1193 1484 1205 ,
1504 1172 1550 1200 sed
1567 1172 1689 1200 hortatur
1708 1173 1806 1208 datque
1825 1174 1922 1201 consi-

1113 1217 1178 1244 lium
1188 1237 1196 1249 ,
1210 1222 1290 1252 atque
1304 1217 1393 1245 omnia
1412 1218 1474 1245 facit
1486 1223 1514 1245 et
1527 1223 1655 1252 operatur
1665 1239 1673 1252 ,
1690 1223 1719 1246 ut
1728 1219 1840 1247 suadeat
1853 1227 1920 1248 esse

1113 1262 1199 1289 bonos
1214 1272 1220 1289 :
1237 1262 1260 1288 si
1274 1269 1337 1289 vero
1350 1261 1457 1296 quidam
1474 1267 1639 1298 repugnent,
1657 1271 1710 1290 non
1724 1264 1920 1292 necessitatem

1114 1306 1206 1334 infert.
1222 1306 1251 1334 Si
1274 1307 1313 1334 vis
1328 1307 1433 1335 discere
1443 1328 1450 1340 ,
1467 1308 1537 1336 unde
1551 1308 1608 1343 ipse
1622 1309 1682 1336 talis
1697 1308 1782 1336 factus
1796 1309 1831 1336 sit
1841 1330 1849 1342 .
1874 1309 1920 1336 in-

1113 1353 1206 1380 venies
1230 1353 1315 1388 ipsum
1344 1354 1516 1388 pecuniarum
1547 1354 1692 1389 cupiditate
1716 1354 1837 1389 periisse.
1863 1354 1920 1383 Sed

1113 1398 1249 1434 quomodo
1263 1419 1270 1430 .
1295 1398 1399 1433 inquies
1411 1419 1418 1431 ,
1445 1399 1495 1426 bac
1511 1399 1633 1433 passione
1655 1404 1748 1434 captus
1769 1399 1832 1427 est?
1849 1400 1921 1432 Qui:

1114 1445 1193 1472 deses
1205 1444 1396 1479 negligensqne
1411 1444 1469 1472 fuit.
1488 1445 1554 1472 llinc
1566 1445 1638 1472 enim
1660 1446 1727 1473 tales
1743 1446 1808 1472 tiunt
1829 1452 1922 1472 muta-

1114 1492 1213 1522 tiones.
1231 1496 1258 1518 ut
1272 1491 1439 1518 centrarium
1453 1498 1486 1518 ex
1500 1491 1636 1526 diligentia
1648 1491 1747 1518 evenit.
1761 1491 1832 1524 Quot
1842 1493 1919 1518 enim

1113 1537 1158 1573 qui
1174 1537 1284 1564 violenti
1301 1541 1377 1564 erant
1388 1557 1395 1568 ,
1421 1544 1493 1563 nunc
1513 1541 1575 1563 sunt
1588 1536 1682 1564 ovibus
1701 1536 1922 1564 mansuetiores?

1114 1588 1180 1620 quot
1192 1583 1294 1615 lascivi,
1312 1588 1404 1618 postea
1418 1583 1483 1610 casti
1498 1582 1624 1610 fuerunt?
1635 1587 1701 1617 quot
1714 1583 1786 1609 avari
1802 1587 1828 1609 et
1842 1590 1923 1617 rapa—

1113 1637 1170 1663 ees,
1182 1637 1252 1657 nunc
1264 1637 1311 1657 sua
1323 1628 1505 1664 profundunt?
1515 1628 1683 1656 Contrarium
1696 1636 1759 1654 vero
1771 1636 1804 1655 ex
1814 1627 1922 1654 desidia

1113 1677 1210 1705 oritur.
1226 1675 1293 1702 Nam
1307 1674 1380 1702 Giezi
1401 1682 1462 1702 cum
1477 1674 1536 1701 viro
1556 1679 1648 1702 sancto
1667 1674 1790 1706 vivebat,
1819 1678 1845 1700 et
1862 1673 1923 1708 ipse

1114 1721 1254 1756 improbus
1267 1720 1362 1751 evasit,
1379 1721 1429 1747 hoc
1445 1720 1503 1754 ipso
1517 1720 1610 1747 morbo
1627 1719 1768 1752 laborans,
1784 1719 1827 1753 qui
1843 1724 1924 1747 certe

1114 1768 1235 1795 omniunt
1256 1766 1419 1793 deterrimus
1436 1770 1477 1793 est
1497 1765 1543 1801 (ιι.
1559 1765 1623 1801 Reg.
1645 1764 1692 1800 5).
1709 1765 1775 1792 Hine
1786 1764 1925 1799 prodeunt

1114 1812 1299 1847 sepulcrorum
1315 1812 1472 1844 ciiossores,
1488 1812 1549 1839 hinc
1561 1811 1710 1843 homicidrc,
1728 1811 1791 1838 hinc
1806 1811 1877 1838 bella
1892 1815 1923 1839 et

1115 1865 1222 1893 pugnm,
1237 1857 1299 1885 hinc
1308 1857 1422 1892 quodvis
1433 1857 1542 1884 malum.
1559 1856 1714 1891 llujusmodi
1728 1857 1809 1883 homo
1820 1857 1925 1892 ubique

1115 1904 1218 1932 inutilis
1230 1907 1282 1936 est,
1296 1908 1351 1931 tum
1365 1903 1397 1930 ad
1411 1903 1558 1930 exercitum
1571 1902 1733 1935 ducendum,
1750 1907 1805 1929 tum
1817 1902 1850 1928 ad
1866 1910 1923 1929 ma-

1114 1951 1243 1986 gistratus
1267 1949 1384 1976 urbanos
1406 1948 1540 1983 gerendos
1565 1956 1572 1975 :
1598 1948 1655 1974 imo
1680 1955 1732 1974 non
1758 1947 1783 1974 in
1807 1947 1927 1981 publicis

1115 1995 1197 2024 modo
1212 1994 1293 2023 rebus
1303 2014 1311 2027 ,
1327 1993 1374 2021 sed
1390 1993 1415 2020 in
1429 1993 1592 2020 domesticis.
1606 1992 1634 2020 Si
1650 2000 1716 2019 uxor
1728 1992 1849 2020 ducenda
1863 1992 1902 2019 sit
1913 2013 1925 2025 ,

1116 2050 1170 2070 non
1186 2041 1296 2076 probam
1309 2040 1399 2072 ducet,
1414 2039 1460 2067 sed
1474 2039 1592 2066 omnium
1606 2039 1749 2073 pessimam
1763 2047 1769 2064 :
1786 2038 1807 2065 si
1824 2038 1927 2067 domus

1115 2087 1229 2117 emenda
1242 2107 1251 2121 ,
1267 2094 1319 2114 non
1335 2086 1420 2113 libero
1435 2085 1541 2120 dignam
1554 2090 1643 2116 emet.
1658 2084 1704 2112 sed
1719 2092 1777 2119 quae
1790 2085 1926 2118 majorem

1116 2137 1276 2170 proventum
1298 2131 1394 2159 afferre
1408 2131 1511 2165 possit;
1526 2131 1547 2157 si
1563 2130 1634 2157 servi
1653 2129 1761 2157 emendi
1774 2151 1781 2162 ,
1795 2130 1839 2157 vel
1855 2130 1924 2164 quid

1116 2179 1200 2212 aliud,
1214 2177 1286 2213 quod
1299 2177 1377 2204 vilius
1389 2176 1440 2203 erit
1451 2179 1531 2203 emet.
1543 2175 1611 2209 Quid
1627 2183 1691 2203 vero
1703 2175 1797 2208 loquor
1809 2175 1842 2202 de
1853 2175 1928 2204 duce

1115 2225 1263 2256 exercitus,
1279 2222 1313 2249 de
1328 2221 1494 2256 magistratu,
1508 2221 1541 2248 de
1551 2221 1631 2247 rebus
1641 2220 1816 2247 domesticis?
1829 2220 1858 2248 Si
1876 2229 1929 2249 rex

1116 2271 1207 2301 fuerit,
1224 2267 1343 2296 otnnium
1360 2266 1528 2293 Iniserrimns
1542 2266 1603 2298 erit,
1617 2265 1692 2293 orbis
1706 2266 1851 2300 pernicies,
1866 2274 1929 2294 mn-

1117 2318 1247 2350 niumque
1256 2313 1450 2349 pauperrimus.
1461 2312 1525 2338 Nam
1536 2311 1604 2338 sicut
1617 2319 1685 2338 unus
1697 2320 1712 2339 e
1722 2312 1801 2347 vulgo
1810 2312 1930 2341 allectus

1116 2363 1179 2395 erit,
1194 2368 1248 2387 non
1262 2363 1360 2395 putans
1370 2357 1489 2384 onmium
1504 2357 1573 2384 bona
1588 2364 1636 2383 sua
1648 2363 1707 2383 esse
1718 2377 1726 2389 ,
1741 2356 1787 2384 sed
1800 2364 1830 2383 se
1840 2365 1929 2385 unqu

1117 2417 1149 2437 ex
1165 2406 1259 2435 multis
1272 2426 1280 2438 ,
1294 2409 1322 2432 et
1334 2404 1397 2431 dum
1411 2403 1531 2430 omnium
1545 2402 1614 2429 bona
1637 2403 1723 2436 rapiet
1734 2424 1741 2436 ,
1758 2403 1884 2437 pauciora
1897 2411 1931 2432 so

1118 2453 1223 2488 putabit
1238 2449 1345 2478 caeteris
1357 2448 1481 2475 omnibus
1495 2447 1607 2474 habere.
1619 2447 1686 2474 Nam
1700 2448 1744 2475 illa
1759 2456 1820 2483 qua:
1834 2450 1929 2483 possi-

1117 2499 1164 2527 dct
1186 2501 1350 2530 comparans
1376 2501 1436 2520 cum
1457 2493 1490 2520 iis
1510 2500 1569 2527 qua:
1594 2492 1668 2527 cupit
1690 2497 1718 2521 et
1740 2493 1860 2521 nondum
1883 2500 1930 2524 est

1118 2545 1244 2579 adeptus,
1256 2540 1325 2568 nihil
1342 2539 1385 2566 illa
1400 2539 1442 2566 his
1456 2537 1635 2573 comparanda
1649 2538 1754 2572 putabit
1768 2547 1839 2567 esse.

1136 2591 1163 2618 4,
1173 2587 1253 2616 Avari
1258 2587 1353 2620 imago.
1363 2583 1471 2618 Inﬁrma
1478 2583 1587 2618 nequitia
1595 2587 1641 2614 est,
1652 2583 1724 2618 fortis
1731 2583 1928 2612 virtusﬂanml

1118 2639 1286 2672 qualitatum
1297 2631 1331 2658 ad
1340 2638 1431 2665 corpus
1444 2630 1574 2664 pertinent,
1591 2629 1689 2656 minimi
1701 2631 1831 2665 facienda.
1838 2631 1932 2658 Anima

1119 2687 1179 2709 tum:
1192 2685 1293 2715 pauper
1302 2684 1359 2703 cum
1371 2675 1471 2702 divitias
1488 2674 1608 2709 possidet,
1624 2679 1683 2700 tum:
1695 2675 1763 2702 dives
1774 2684 1831 2702 cum
1846 2677 1928 2711 inops

1119 2724 1273 2755 est.——ldeo
1286 2722 1324 2750 ait
1336 2721 1454 2756 quidam,
1469 2722 1550 2747 Avaro
1561 2719 1625 2746 nihil
1638 2720 1749 2755 iniquius
1765 2720 1869 2757 (Eccli.
1883 2722 1932 2750 10.

1121 2773 1159 2810 9).
1170 2772 1239 2800 Nam
1252 2769 1298 2805 qui
1309 2767 1369 2796 talis
1378 2772 1429 2800 est,
1440 2767 1556 2802 seipsum
1564 2772 1670 2801 quoque
1680 2767 1772 2794 vendit
1782 2767 1802 2801 ι,
1812 2772 1841 2795 et
1851 2775 1930 2795 com-

1154 2831 1162 2846 ¹
1178 2830 1205 2854 In
1219 2825 1326 2857 vulgatis
1336 2823 1489 2857 Edtttouibus
1499 2821 1588 2857 graecis
1596 2820 1725 2857 Bibliorum
1742 2823 1841 2857 gemino
1859 2822 1933 2848 aliud

1122 2850 1228 2892 ιρςεήῖτέ
1239 2850 1331 2892 ηὲιηνε
1346 2862 1352 2879 =
1365 2852 1522 2892 0mm}?
1531 2850 1930 2892 3!”..599_£'91'€9¥3u§a5.we;

1121 2882 1236 2921 διῖἷὲιὶῖηεὶι
1258 2882 1341 2921 autem
1364 2882 1515 2921 exemplaria
1531 2882 1681 2921 sicrrbabeut
1689 2882 1873 2921 inproperat
1894 2888 1932 2910 est

1124 2913 1268 2950 Eé‘cic’iuae;
1279 2917 1319 2943 hic
1331 2916 1395 2942 enim
1406 2918 1430 2941 et
1440 2913 1548 2940 annnam
1557 2918 1627 2938 suam
1641 2913 1746 2938 venalem
1755 2913 1823 2946 facit.
