4128 6424
437 351 540 424 τις

437 467 614 522 ιυιιιιίε
633 465 877 520 omnium
908 461 1076 516 hostis
1101 459 1516 525 circumquaque
1543 450 1800 514 ambulat,
1835 447 2024 502 dolens

436 559 578 629 quod
611 568 752 612 terra
784 571 890 611 non
915 568 1103 612 aurum
1131 566 1227 621 pro
1255 548 1420 618 spicis
1439 544 1690 617 proferat,
1719 556 1822 596 nec
1841 539 2020 595 fontes

439 668 536 721 pro
563 652 735 720 aquis,
761 663 862 702 nec
901 654 1110 701 montes
1141 658 1238 711 pro
1267 639 1433 710 petris
1461 653 1477 698 ;
1508 634 1844 692 sterilitatem
1884 644 2026 700 aegre

439 719 561 808 fert,
596 719 647 796 in
677 741 904 810 publicis
927 737 1080 792 bonis
1115 740 1446 794 contractus,
1475 738 1799 793 omnemque
1823 719 2028 776 fastidit

438 852 680 900 causam,
710 833 852 888 unde
877 838 1156 900 argentum
1180 841 1285 880 non
1316 820 1595 893 provenit;
1625 816 1801 872 omnia
1825 813 2026 880 ferens,

438 929 566 980 dum
599 923 736 978 duos
774 921 945 992 possit
972 917 1161 972 obolos
1203 913 1423 969 lucrari.
1451 909 1650 965 Omnes
1692 905 1816 961 odio
1843 903 2045 968 habet,

442 1031 706 1090 pauperes
724 1056 741 1082 ,
770 1015 964 1070 divites
992 1029 1005 1065 :
1055 1022 1316 1080 pauperes
1338 1046 1353 1067 ,
1385 1020 1450 1060 ne
1476 1003 1700 1073 petitum
1735 995 2026 1060 accedant;

443 1089 660 1171 divites,
689 1105 831 1176 quod
861 1106 1000 1159 bona
1024 1102 1236 1154 illorum
1269 1112 1373 1151 non
1398 1092 1684 1163 possideat.
1713 1089 1914 1142 Omnes
1936 1101 2049 1155 pu-v

441 1212 518 1256 tat
543 1217 638 1254 sua
666 1197 940 1268 possidere
972 1213 986 1249 :
1013 1202 1173 1262 atque
1193 1199 1254 1246 ut
1271 1189 1338 1244 ab
1357 1185 1606 1241 omnibus
1633 1182 1813 1244 laesus,
1835 1177 2030 1231 adver-

440 1309 558 1345 sum
584 1304 772 1344 omnes
799 1286 1102 1355 indignatur
1130 1301 1145 1339 :
1179 1277 1559 1350 plenitudinem
1592 1271 1782 1334 nescit,
1812 1268 2032 1322 satieta-

444 1394 551 1436 tem
579 1397 682 1436 non
713 1379 882 1439 novit,
914 1375 1152 1429 omnium
1175 1380 1256 1426 est
1277 1368 1608 1423 miserrimus
1639 1381 1652 1416 :
1683 1356 2034 1430 quemadmo-

443 1477 570 1531 dum
599 1473 690 1543 qui
719 1471 800 1524 bis
815 1468 1064 1526 omnibus
1089 1472 1172 1519 est
1192 1475 1405 1532 expers,
1430 1453 1762 1528 philosophis
1787 1448 2036 1506 omnibus

444 1568 544 1622 erit
573 1563 798 1618 beatior.
829 1558 1039 1614 Probus
1074 1555 1222 1610 enim
1253 1554 1365 1616 vir,
1400 1546 1502 1606 etsi
1554 1558 1740 1602 servus
1780 1542 1876 1606 sit,
1939 1537 2041 1594 etsi

436 1651 944 1717 vinctus‘,omnium
972 1657 1055 1703 est
1081 1643 1442 1701 beatissimus.
1474 1636 1644 1692 Nemo
1689 1633 1832 1689 enim
1861 1631 2036 1700 ipsum

445 1746 588 1800 man
609 1743 825 1805 afficiet,
849 1738 1056 1795 etiamsi
1088 1745 1229 1790 totus
1253 1732 1398 1788 orbis
1417 1725 1700 1784 conveniat
1727 1738 1847 1778 cum
1875 1719 2037 1775 armis

447 1847 505 1893 et
529 1834 870 1898 exercitibus,
902 1831 1180 1899 ipsumque
1204 1826 1499 1894 impugnet.
1534 1817 1810 1887 Improbus
1830 1822 2033 1872 autem,

447 1939 498 1983 el
529 1927 648 1980 talis
675 1923 886 1994 qualem
923 1916 1330 1985 descripsimus,
1355 1908 1562 1965 etiamsi
1594 1922 1684 1960 rex
1715 1905 1805 1969 sit,
1828 1901 2038 1958 etiamsi

448 2020 595 2074 mille
612 2013 1003 2072 diadematibus
1023 2019 1265 2072 ornetur,
1285 2019 1314 2058 a
1346 1999 1535 2071 quovis
1556 1997 1774 2052 homine
1798 2003 2037 2048 extrema

451 2109 682 2178 patietur
714 2122 727 2158 :
762 2116 934 2173 usque
959 2100 1095 2156 adeo
1124 2095 1333 2152 infirma
1355 2089 1594 2160 nequitia
1631 2095 1744 2152 est;
1777 2086 1847 2139 ita
1885 2082 2038 2138 fortis

447 2213 532 2256 est
560 2201 745 2254 virtus.
775 2195 912 2264 Quid
931 2195 1089 2263 igitur
1107 2191 1279 2259 luges,
1306 2200 1426 2240 cum
1449 2185 1502 2238 in
1525 2187 1837 2251 paupertate
1859 2190 2041 2230 versa-

447 2294 560 2347 ris?
591 2289 717 2361 quid
738 2289 914 2358 ploras
939 2284 1132 2339 festum
1155 2277 1362 2350 agens?
1391 2274 1524 2330 Nam
1549 2271 1654 2327 diei
1677 2267 1798 2325 festi
1828 2275 2038 2336 tempus

445 2394 548 2438 est.
579 2359 716 2449 Quid
753 2378 886 2433 ﬂes?
915 2375 1046 2430 Nam
1086 2379 1370 2443 paupertas
1401 2374 1486 2422 est
1529 2362 1836 2422 celebritas,
1869 2359 1913 2413 si
1954 2373 2040 2411 sa.

451 2475 600 2543 piens
631 2471 812 2525 fueris.
854 2466 990 2536 Quid
1018 2463 1242 2534 plangis,
1269 2477 1302 2513 o
1327 2456 1496 2528 puer?
1523 2454 1754 2509 Puerum
1780 2450 1922 2505 enim
1956 2457 2036 2500 ta-

389 2629 394 2632 ,
448 2535 552 2618 icui
588 2561 762 2614 virum
786 2535 986 2612 vocare
1004 2561 1238 2622 oportet.
1277 2543 1586 2602 Verberavit
1614 2543 1634 2572 ³
1659 2551 1710 2596 te
1735 2535 2034 2609 quispiam?

449 2651 518 2704 Et
544 2649 669 2719 quid
689 2645 826 2700 hoc?
852 2645 931 2701 Te
959 2641 1331 2713 patientiorem
1359 2633 1607 2690 reddidit.
1637 2628 1744 2686 Sed
1781 2627 2036 2696 pecunias

445 2718 697 2794 abstulit?
727 2735 947 2792 Multum
975 2732 1154 2788 oneris
1204 2727 1442 2784 abstulit.
1479 2724 1700 2780 Famam
1752 2729 1897 2775 tuam
1948 2718 2040 2770 la:-

445 2831 556 2886 sit?
580 2829 813 2885 Rursum
841 2823 984 2880 aliud
1007 2822 1138 2877 mihi
1160 2817 1427 2875 libertatis
1450 2827 1619 2884 genus
1637 2811 1866 2867 indicas.
1899 2807 2038 2863 Audi

441 2925 662 2970 exteros
674 2916 751 2968 sic
769 2913 1240 2983 philosophantes:
1260 2911 1402 2965 Nihil
1417 2911 1543 2966 mali
1559 2923 1850 2979 passuses,
1867 2905 2031 2960 niodo

441 3008 898 3063 dissimulaveris.
919 3007 1026 3061 Sed
1040 3007 1266 3061 domum
1291 3005 1438 3060 illam
1461 3018 1711 3072 magnam
1734 3001 1828 3055 tibi
1851 2992 2034 3054 abstu-

442 3099 686 3168 iitseptis
698 3097 1072 3152 munitam?At
1083 3111 1212 3154 ecce
1229 3095 1482 3150 universa
1497 3103 1640 3146 terra
1657 3091 1712 3144 in
1733 3096 2033 3157 conspectu

443 3204 536 3248 tuo
564 3204 668 3260 est,
703 3191 908 3262 publica
940 3187 1184 3247 aedilicia,
1214 3184 1332 3238 sive
1360 3179 1427 3233 ad
1457 3177 1804 3245 voluptatem,
1837 3171 1948 3224 sive
1969 3169 2033 3221 ad

441 3302 599 3340 usum
629 3284 822 3338 habere
851 3282 1004 3334 velis.
1037 3277 1174 3346 Quid
1201 3273 1488 3346 jucundius
1531 3279 1587 3324 et
1613 3266 1910 3336 speciosius
1943 3263 2034 3315 tir-

443 3384 716 3431 tnamento
731 3373 847 3427 caeli
866 3372 889 3424 ?
918 3370 1206 3438 Usquequo
1225 3363 1455 3419 mendici
1478 3371 1532 3415 et
1557 3369 1821 3429 pauperes
1845 3353 2035 3408 eritis?

441 3469 557 3526 Non
593 3475 766 3536 potest
792 3465 942 3518 dives
970 3476 1112 3526 esse,
1135 3459 1223 3529 qui
1253 3473 1357 3511 non
1385 3453 1567 3507 animo
1587 3451 1656 3504 sit
1676 3449 1825 3502 dives
1855 3462 1870 3498 :
1900 3445 2037 3498 sicut

441 3577 547 3615 non
583 3568 757 3626 potest
791 3570 992 3624 panper
1022 3567 1162 3614 esse,
1203 3548 1292 3620 qui
1317 3554 1682 3616 paupertatem
1723 3556 1830 3594 non
1857 3538 2036 3592 animo

437 3660 633 3722 gestet.
661 3649 793 3704 Nam
814 3649 858 3700 si
890 3643 1237 3700 excellentior
1281 3641 1460 3694 anima
1488 3649 1738 3704 corpore,
1782 3646 1886 3684 non
1916 3643 2038 3699 pos-

441 3721 561 3798 sunt
593 3757 712 3811 qua:
747 3739 932 3793 viliora
962 3744 1085 3790 sunt
1115 3735 1258 3788 illam
1303 3731 1369 3784 ad
1400 3745 1460 3790 se
1497 3724 1790 3781 attrahere.
1825 3721 1931 3776 Sed
1972 3736 2035 3774 ea

440 3851 561 3904 qum
587 3831 804 3886 domina
830 3838 934 3896 est,
961 3843 1080 3896 qua:
1109 3841 1211 3878 non
1245 3823 1314 3876 ila
1346 3820 1446 3875 sibi
1472 3817 1685 3890 propria
1714 3823 1860 3876 sunt,
1894 3810 1945 3863 in
1976 3826 2035 3863 se

437 3902 734 3981 attrahitet
749 3928 1062 3976 commutat.
1093 3916 1199 3972 Cor
1225 3915 1368 3970 enim
1398 3927 1519 3968 cum
1550 3908 1822 3981 quidpiam
1847 3902 2038 3958 damni

439 4015 727 4084 acceperit,
757 4021 926 4065 totum
949 4022 1146 4078 corpus
1167 4006 1246 4060 sic
1270 4003 1468 4068 afﬁcit,
1502 4009 1560 4055 et
1585 3995 1904 4066 intemperie
1940 4005 2036 4045 sna

442 4118 610 4164 totum
637 4105 972 4175 corrumpit;
1017 4103 1099 4157 sin
1139 4110 1323 4155 contra
1372 4097 1508 4151 bene
1548 4097 1906 4164 temperatum
1942 4086 2034 4151 sit,

473 4367 521 4436 με
544 4365 770 4436 Quatuor
801 4359 943 4407 codd.
966 4355 1153 4406 habent
1176 4367 1187 4401 :
1224 4347 1415 4400 Probus
1448 4347 1609 4392 autem
1625 4335 1727 4398 vir,
1746 4333 2032 4387 sivescrvus

411 4525 416 4530 -
441 4433 530 4520 at;
681 4425 892 4542 Eligit,
909 4476 1133 4544 o/fcndit,
1155 4487 1263 4538 pro,
1284 4462 1576 4523 verberavit.

1321 341 1393 419 IN.
1422 334 1828 396 ΜΑΤΤΙΙΑΞΗΜ
1869 331 2098 390 HOMIL.
2141 331 2380 390 LXXXI.
2419 334 2494 390 al.
2532 333 2795 392 LXXXII.

3747 201 3758 320 Ι

3621 334 3754 390 75a-

2133 447 2228 501 toti
2251 446 2451 502 homini
2476 449 2713 520 prodest.
2754 449 2809 506 Si
2840 447 2966 520 quid
2991 463 3117 506 vero
3147 464 3214 506 ex
3241 449 3451 506 exteris
3478 463 3724 506 corrum-
3751 442 3760 539 l

2133 549 2311 609 pater,
2342 541 2446 597 hoc
2475 543 2620 599 intus
2658 557 2792 598 Sane
2819 553 3071 611 manente
3093 584 3110 611 ,
3141 542 3298 597 facile
3346 543 3558 606 illorum
3602 558 3726 598 cor-

2133 635 2396 705 ruptelam
2421 637 2644 691 excutit.
2663 634 2728 692 Ut
2755 645 2934 692 autem
2953 636 3149 690 clarius
3167 636 3371 705 loquar,
3400 634 3549 703 quid,
3576 651 3723 705 qua:-

2133 739 2216 793 so,
2269 738 2493 796 prosnnt
2520 728 2654 784 rami
2695 727 2894 784 virides
2919 769 2936 794 ,
2982 727 3028 782 si
3069 727 3220 782 radix
3263 727 3335 782 sit
3377 726 3564 780 arida?
3596 725 3724 795 quid

2134 821 2338 888 damni,
2371 822 2676 892 sisupcrna
2706 821 2833 880 folia
2871 821 3229 888 exsiccentur,
3257 819 3437 875 radice
3457 833 3582 872 sana
3613 832 3729 873 ma-

2136 915 2330 971 nente?
2372 915 2464 972 Sic
2495 925 2552 971 et
2599 915 2702 972 hoc
2729 915 2865 972 loco
2889 912 3034 976 nulla
3063 911 3407 986 pecuniarum
3431 912 3748 979 utilitas,—si-

2137 1009 2292 1078 inops
2313 1009 2384 1063 sit
2406 1009 2605 1075 anima;
2625 1024 2797 1079 neque
2823 1009 3150 1079 pauper-tatis
3175 1009 3454 1071 damnum,
3478 1006 3524 1060 si
3548 1005 3750 1062 anima-

2139 1101 2209 1156 sit
2231 1101 2403 1156 dives.
2437 1099 2503 1155 Et
2529 1101 2820 1170 quomodo,
2863 1101 3095 1171 inquies,
3139 1100 3317 1155 anima
3346 1099 3499 1154 dives
3521 1098 3647 1163 erit,
3681 1097 3729 1151 si

2139 1193 2365 1263 pecunia
2389 1193 2586 1262 egeat?
2615 1194 2766 1249 Tunc
2791 1194 3024 1248 maxime
3047 1192 3232 1257 dives;
3266 1200 3394 1246 tunc
3415 1190 3560 1246 enim
3593 1189 3732 1243 dite-

2145 1301 2302 1342 scere
2330 1285 2492 1340 solet.
2520 1283 2580 1338 Si
2618 1284 2790 1347 enim,
2826 1290 2886 1336 ut
2931 1296 3074 1351 saepe
3103 1278 3627 1344 demonstravimus,
3661 1291 3742 1331 ex.

2142 1389 2211 1430 eo
2249 1375 2407 1430 dives
2451 1374 2774 1444 agnoscitur
2813 1371 2958 1440 quod
3006 1369 3271 1440 pecunias
3317 1373 3631 1434 contemnat
3679 1374 3734 1420 et

2145 1467 2297 1523 nullo
2326 1474 2504 1537 egeat,
2536 1479 2744 1535 pauper
2787 1479 2918 1518 vero
2958 1477 3024 1516 ex
3053 1475 3121 1516 eo
3160 1460 3306 1529 quod
3348 1458 3616 1526 indigeat;
3651 1454 3733 1508 fa-

2146 1560 2420 1628 ciliusque
2446 1559 2518 1614 sit
2547 1558 2600 1612 in
2629 1563 2950 1627 paupertate
2972 1567 3136 1623 quam
3161 1552 3217 1606 iu
3241 1550 3444 1606 divitiis
3474 1547 3738 1616 pecunias

2147 1660 2520 1716 contemnere,
2532 1649 2714 1720 palam
2724 1657 2808 1705 est
2819 1655 3190 1718 paupertatem
3205 1643 3442 1712 majores
3459 1655 3648 1708 parere
3660 1639 3750 1694 di-.

2150 1745 2334 1802 vitias.
2361 1743 2497 1799 Nam
2511 1744 2658 1813 quod
2674 1743 2826 1798 dives
2841 1742 2966 1811 plus
2982 1752 3145 1808 quam
3162 1752 3367 1808 pauper
3381 1735 3748 1789 divitiascon-

2153 1839 2419 1908 cupiscat,
2448 1835 2656 1893 nemini
2683 1849 2794 1890 non
2835 1841 3022 1888 notum
3053 1840 3172 1888 est:
3202 1825 3665 1899 quemadmodum
3690 1831 3749 1892 et,

2154 1935 2342 1991 ebrius
2357 1933 2532 2000 magis
2553 1930 2687 1997 sitit,
2709 1945 2875 2000 quam
2901 1927 2994 1998 qui
3013 1925 3298 1981 moderato
3321 1939 3456 1978 usus
3477 1929 3563 1977 est
3589 1926 3758 1988 potu..

2156 2026 2276 2082 Non
2293 2026 2440 2082 enim
2459 2025 2585 2079 talis
2595 2019 3135 2090 estconcupiscentia
3149 2033 3272 2086 qua:
3289 2031 3351 2070 ex
3373 2011 3569 2082 majori
3587 2008 3758 2078 copia,

2145 2117 2539 2186 exstinguatur,
2566 2113 2674 2167 imo
2701 2110 2878 2180 potius
2906 2106 3032 2162 inde
3058 2107 3228 2175 magis
3255 2103 3577 2160 incenditur.
3599 2100 3753 2155 Nam‘

2146 2209 2282 2279 ignis
2303 2213 2502 2278 quanto
2544 2202 2802 2273 majorem
2832 2213 3011 2256 escam
3039 2196 3253 2264 accipit,
3283 2203 3432 2250 tanto
3461 2192 3630 2260 magis
3657 2191 3750 2244 in-.

2145 2299 2476 2358 ﬂammatur;
2517 2294 2598 2349 sic
2631 2301 2687 2348 et
2728 2290 3071 2362 pecuniarum
3103 2286 3404 2357 cupiditas,
3453 2298 3574 2338 cum
3617 2281 3753 2350 plus-

2143 2389 2410 2460 accepcrit
2434 2387 2590 2453 auri,
2622 2394 2751 2440 tunc
2778 2382 2946 2452 magis
2980 2381 3221 2436 ellcrtur.
3266 2377 3320 2430 Si
3368 2391 3496 2445 ergo
3533 2373 3756 2443 majora.

2144 2498 2343 2555 cupere
2374 2481 2425 2536 id
2457 2486 2742 2549 paupertas
2765 2483 2850 2531 est
2872 2515 2888 2539 ,
2913 2473 3004 2542 qni
3042 2473 3092 2525 in
3129 2469 3330 2526 divitiis
3354 2477 3436 2524 est
3463 2466 3618 2529 talis,
3653 2465 3758 2526 hic.

2146 2578 2378 2633 maxime
2408 2588 2609 2644 pauper
2633 2577 2736 2624 est.
2761 2565 2951 2637 Vidcn'
2978 2566 3213 2620 animam
3247 2569 3358 2616 tum
3403 2558 3570 2627 magis
3603 2571 3756 2626 pau-.

2145 2683 2329 2738 percm
2356 2679 2498 2727 esse,
2528 2677 2650 2716 cum
2677 2659 2829 2715 dives
2867 2665 2951 2710 est
2983 2672 2998 2707 :
3027 2663 3260 2722 tuncque
3283 2651 3568 2714 ditescere,
3615 2661 3755 2701 cum-

2144 2736 2227 2816 est
2256 2755 2444 2826 inops?
2473 2753 2519 2809 si
2548 2753 2630 2807 vis
2657 2761 2835 2806 autem
2865 2756 2923 2800 ut
2950 2746 3002 2800 in
3032 2743 3240 2826 duabus
3281 2738 3524 2810 personis
3559 2736 3609 2792 id
3637 2752 3753 2791 eat--

2145 2854 2455 2925 ploremus,
2487 2854 2631 2902 stent
2655 2844 2762 2898 duo
2809 2825 3326 2911 quipiam,‘quorum
3366 2831 3502 2884 alius
3549 2828 3762 2886 decem

2144 2943 2308 3001 millia
2353 2940 2550 2995 talenta
2586 2935 2800 2996 habent,
2846 2930 2985 2984 alius
3017 2942 3147 2982 vero
3168 2925 3352 2980 decem
3380 2929 3625 2980 tantum;
3670 2917 3759 2971 ab.

2144 3048 2372 3106 utroque
2409 3041 2588 3086 autem
2620 3032 2735 3080 hzrc
2760 3023 3068 3079 auferamus
3097 3037 3110 3072 :
3139 3028 3258 3072 uter
3287 3015 3458 3084 magis
3497 3009 3737 3065 dolebit?

2143 3145 2320 3184 annon
2368 3126 2458 3182 ille
2497 3125 2584 3194 qui
2612 3122 2797 3176 decem
2829 3114 2992 3169 millia
3023 3110 3233 3165 amisit?
3259 3106 3372 3161 Non
3401 3114 3581 3158 autem
3619 3117 3736 3154 ma.-

2141 3224 2222 3293 gis
2253 3219 2478 3283 doleret,
2510 3216 2610 3269 nisi
2638 3211 2808 3280 magis
2833 3213 3074 3268 amaret;
3102 3202 3148 3257 si
3175 3200 3345 3268 magis
3375 3205 3539 3260 atnat,
3569 3194 3736 3261 magis

2145 3308 2508 3379 concupiscit;
2534 3306 2578 3358 si
2603 3301 2772 3370 magis
2800 3293 3151 3364 concupiscit,
3183 3288 3354 3358 magis
3392 3299 3592 3356 panper
3631 3289 3734 3336 est.

2145 3407 2275 3462 Illud
2307 3403 2448 3458 enim
2481 3398 2651 3466 magis
2671 3388 3119 3459 concupiscimus,
3151 3398 3258 3454 quo
3279 3380 3510 3436 maxime
3534 3375 3747 3444 indigc-.

2143 3514 2264 3556 lllllS
2294 3515 2306 3551 :
2340 3513 2404 3550 ex
2438 3489 2730 3562 indigentia
2757 3485 2899 3541 enim
2918 3478 3205 3548 cupiditas.
3243 3474 3374 3528 Nam
3408 3470 3496 3525 ubi
3519 3466 3737 3522 satietas

2143 3603 2225 3649 est
2248 3633 2264 3657 ,
2318 3559 2583 3657 cupiditas
2621 3593 2873 3636 essenon
2905 3580 3097 3644 potest.
3130 3568 3282 3624 Tunc
3319 3565 3463 3620 enim
3504 3559 3767 3620 maxime

2145 3683 2231 3738 siti
2263 3691 2538 3741 vexamur,
2562 3689 2684 3728 cum
2717 3677 2843 3738 potu
2873 3677 3112 3736 egemus.
3144 3659 3270 3714 Haac
3289 3673 3320 3712 a
3341 3671 3428 3710 me
3456 3653 3595 3709 dicta
3615 3659 3740 3704 sunt

2146 3786 2202 3830 ut
2232 3773 2475 3844 probem,
2508 3767 2552 3820 si
2583 3762 2885 3832 vigilemus,
2919 3754 3190 3811 neminem
3211 3748 3365 3804 nobis
3394 3758 3588 3800 nocere
3609 3756 3748 3810 pos-.

2144 3882 2204 3920 se
2273 3878 2336 3916 ac
2365 3877 2468 3913 non
2499 3872 2566 3910 ex
2594 3859 2926 3923 paupertate,
2949 3844 3042 3900 sed
3060 3859 3127 3898 ex
3153 3837 3454 3905 nobisipsis
3479 3835 3736 3889 damnum

2145 3955 2350 4012 inferri.
2380 3953 2558 4018 Quare
2584 3959 2734 4014 rogo,
2761 3939 2906 3994 omni
2932 3935 3201 4006 diligentia
3222 3930 3461 3986 avaritiae
3489 3927 3734 3982 morbum

2145 4048 2442 4119 cjicianms,
2493 4050 2551 4094 ut
2577 4048 2630 4093 et
2677 4035 2764 4090 hic
2783 4031 2975 4088 divites
3004 4027 3195 4093 simus,
3231 4031 3286 4079 et
3309 4030 3509 4076 :eterna
3536 4031 3732 4073 conse-

2145 4107 2370 4212 quamur
2393 4137 2552 4197 bella,
2577 4128 2745 4201 gratia
2765 4135 2819 4181 et
2846 4119 3173 4191 benignitate
3197 4112 3405 4172 Domini
3423 4109 3588 4166 nostri
3611 4107 3735 4164 .Iesu

2146 4207 2370 4296 Christi,
2403 4228 2487 4285 cui
2508 4224 2680 4296 gloria
2710 4222 2760 4274 in
2792 4215 2991 4273 srecula
3022 4211 3361 4267 saeculorum.
3395 4207 3590 4260 Amen.

2221 4421 2243 4454 ί
2271 4417 2368 4469 Cir.
2397 4413 2574 4466 Adnot.
2601 4403 2846 4460 Friderici
2869 4401 3015 4454 Field
3041 4397 3104 4448 ad
3125 4409 3239 4459 pag.
3264 4391 3377 4440 ΠΩ.

2116 4487 3745 4546 __________________.__._______

1516 4619 1863 4686 HOMILIA
1907 4609 2210 4676 LXXX].
2253 4604 2339 4667 al.
2385 4593 2712 4662 LXXXII.

440 4781 574 4840 Car.
603 4782 695 4836 26.
740 4796 794 4834 v.
830 4779 917 4834 l7.
965 4775 1142 4830 Prima
1175 4781 1342 4828 autem
1391 4779 1688 4838 azymorum
1725 4764 2039 4815 accesserunt

515 4874 752 4943 discipuli
781 4871 848 4924 ad
887 4868 1065 4924 Iesum
1085 4909 1102 4933 ,
1129 4867 1347 4920 dicentes
1374 4878 1393 4914 :
1424 4859 1521 4916 Ubi
1563 4857 1638 4911 vis
1677 4866 1911 4924 paremus
1955 4846 2043 4900 tibi

512 4981 568 5024 nt
598 4939 870 5022 urendae“
906 4961 1140 5033 pascha?
1183 4958 1270 5012 18.
1316 4953 1438 5024 Ipse
1471 4960 1643 5006 autem
1679 4946 1806 5000 dixit
1837 4959 1855 4996 :
1881 4940 1962 4995 Ite
1990 4939 2043 4993 in

519 5064 768 5115 civitatem
799 5058 869 5111 ad
916 5053 1205 5126 quemdam,
1239 5060 1287 5105 et
1306 5048 1458 5102 dicite
1484 5046 1570 5100 ei:
1599 5039 1845 5111 Magister
1883 5033 2040 5098 dicit,

517 5152 740 5216 Tempus
767 5164 934 5203 meum
964 5159 1122 5216 prope
1143 5153 1240 5208 est,
1285 5138 1426 5210 apud
1456 5146 1504 5192 te
1532 5133 1665 5205 facio
1710 5127 1902 5200 pascha
1928 5138 2044 5180 cum

517 5241 785 5312 discipulis
811 5239 960 5293 meis.

523 5342 576 5395 Ι.
607 5337 840 5394 Primam
890 5342 1202 5401 azymorum
1249 5339 1369 5381 cam
1396 5322 1540 5377 diem
1577 5321 1737 5372 vocat
1773 5325 1892 5382 quae
1920 5315 2047 5362 ante

452 5446 638 5504 azyma
666 5436 785 5484 erat
814 5443 830 5480 :
861 5424 1038 5479 solent
1054 5419 1196 5476 enim
1223 5433 1256 5472 a
1289 5427 1510 5483 vespera
1537 5409 1752 5477 semper
1783 5403 1924 5458 diem
1949 5413 2049 5450 nu-

452 5540 662 5582 merare
694 5539 709 5576 :
741 5529 798 5576 et
833 5518 973 5573 hanc
1003 5521 1266 5568 memorat
1289 5509 1342 5563 in
1381 5505 1536 5575 cujus
1579 5511 1802 5570 vespera
1849 5490 2046 5564 pascha

450 5614 840 5674 immolandum
865 5617 983 5666 erat
1013 5625 1028 5661 :
1057 5604 1242 5677 quinta
1269 5602 1415 5659 enim
1444 5595 1653 5653 sabbati
1677 5592 2043 5646 accesserunt.

455 5713 604 5770 ilanc
629 5723 758 5763 vero
786 5705 922 5760 alius
947 5702 1090 5756 diem
1124 5704 1248 5752 ante
1289 5706 1476 5766 azyma
1505 5696 1684 5751 vocat,
1715 5693 1926 5752 tempus
1947 5677 2048 5732 de-

458 5814 650 5862 ootans
674 5813 782 5872 quo
810 5796 1156 5854 accesserunt
1184 5805 1198 5846 :
1231 5786 1370 5844 alius
1411 5797 1540 5842 vero
1572 5781 1651 5838 sic
1685 5775 1816 5834 dicit
1845 5790 1858 5828 :
1900 5768 2046 5826 Venit

2145 4749 2254 4802 dies
2303 4754 2598 4813 azymorum
2623 4775 2639 4796 ,
2686 4733 2738 4785 in
2799 4745 2898 4798 qua
2942 4721 3202 4793 oportebat
3242 4715 3496 4772 immolari
3552 4711 3741 4782 pascha

2153 4837 2300 4905 (Luc.
2333 4810 2424 4888 ἐξ.
2474 4831 2550 4899 ι).
2583 4823 2737 4889 Illud,
2765 4819 2912 4874 Venit
2936 4859 2951 4883 ,
2975 4816 3076 4870 hoc
3097 4810 3381 4883 significat,
3415 4819 3578 4876 prope
3602 4812 3738 4867 erat,

2150 4904 2202 4985 in
2223 4925 2401 4998 januis
2415 4931 2551 4982 erat,
2569 4927 2846 4986 vesperam
2866 4907 3111 4962 videlicet
3127 4904 3270 4957 illam
3289 4909 3738 4955 commemorans.

2149 5025 2192 5078 A
2218 4987 2442 5088 vespera
2460 5013 2600 5068 enim
2626 5004 2981 5076 incipiebant:
3015 4999 3134 5053 ideo
3152 4993 3346 5064 singuli
3369 4990 3593 5054 addunt,
3616 4987 3744 5044 Cum

2148 5079 2498 5169 immol'uretur
2525 5101 2734 5173 pascha.
2784 5097 2851 5152 Et
2879 5094 3103 5148 dicunt:
3139 5086 3238 5144 Ubi
3281 5087 3354 5139 vis
3382 5097 3619 5154 paremus
3657 5079 3773 5132 tibi-

2151 5205 2410 5264 comedere
2435 5193 2671 5270 pascha?
2689 5191 2872 5260 Itaque
2899 5187 3025 5241 hinc
3049 5190 3212 5254 patet,
3242 5180 3340 5250 ipsi
3375 5193 3476 5232 nec
3501 5177 3742 5234 domum,

2153 5315 2254 5356 nec
2286 5289 2638 5351 diversorium
2665 5283 2860 5340 fuisse:
2897 5292 3068 5348 neque
3094 5270 3388 5340 discipulis,
3421 5277 3568 5337 puto.
3596 5263 3747 5317 Alio—

2153 5395 2282 5464 quin
2313 5388 2405 5442 illo
2431 5384 2701 5439 divertere
2737 5379 3035 5444 rogassent.
3079 5366 3186 5423 Sed
3225 5365 3337 5444 illis,
3363 5359 3506 5415 nulla
3553 5356 3746 5410 domus

2155 5443 2292 5545 Erat,
2323 5478 2414 5550 qui
2440 5471 2690 5530 omnibus
2711 5465 3170 5523 renuntiaverant.
3203 5457 3310 5512 Cur
3340 5463 3517 5506 autem
3548 5443 3774 5518 pascha“

2153 5541 2490 5636 celebravit?
2517 5567 2580 5622 Ut
2609 5566 2664 5619 in
2693 5560 2942 5618 omnibus
2980 5551 3290 5610 ostenderet
3317 5562 3375 5602 sc
3400 5544 3467 5599 ad
3503 5541 3748 5596 ultimum

2155 5685 2326 5742 usque
2357 5668 2479 5722 vitae
2510 5677 2621 5717 sua:
2661 5659 2803 5714 diem
2837 5670 2943 5707 non
2972 5648 3106 5719 legis
3148 5639 3511 5698 adversarium
3559 5633 3743 5688 fuisse.

2157 5725 2346 5820 Etjcnr
2371 5758 2436 5816 ad
2475 5757 2712 5827 ignotum
2738 5744 3009 5803 hominem
3049 5735 3241 5795 mittit?
3287 5731 3421 5788 llinc
3454 5725 3778 5786 ostendens
