4128 6456
380 361 484 417 73!

373 491 436 532 so
462 489 576 531 non
595 483 877 545 passurum
903 467 1067 526 fuisse
1086 469 1131 524 si
1155 467 1432 524 voluisset.
1455 465 1586 520 Nam
1609 464 1700 536 qui
1731 464 1968 518 animum

377 567 524 622 illius
566 566 746 622 verbis
772 573 974 620 tantum
1007 560 1252 626 induxit,
1312 567 1373 612 ut
1408 557 1528 612 illos
1558 556 1845 624 reciperet,
1876 568 1976 608 cur

383 677 488 715 non
517 675 613 716 eos
640 661 729 730 qui
760 675 819 714 se
844 655 1222 726 crucifigebant
1250 659 1527 714 mutasset,
1560 650 1604 703 si
1633 647 1740 719 pati
1766 646 1973 702 noluis-

377 753 496 808 set?
523 753 784 823 Quodque
809 753 950 807 circa
993 751 1197 805 asinam
1227 749 1446 809 iecerat,
1477 744 1802 814 hiequoque
1825 739 1970 794 fecit.

377 845 450 899 lbi
479 859 709 915 namque
733 843 866 899 dixit
889 861 904 897 :
930 842 992 898 Si
1009 857 1119 912 quis
1135 840 1275 894 vobis
1295 835 1556 910 quidpiam
1575 833 1780 898 dixerit,
1803 832 1970 896 dicite,

378 936 522 1007 Opus
545 944 617 990 est
639 932 862 989 D‘ontino
879 932 1094 1002 (Matth.
1113 931 1206 987 21.
1227 930 1312 1001 5);
1331 929 1408 985 sic
1424 935 1480 984 et
1499 927 1604 981 hoe
1622 925 1778 979 loco:
1799 921 1973 993 Magi-

369 1036 473 1082 ster
513 1027 657 1091 dicit,
685 1026 840 1097 Apud
867 1035 915 1080 te
941 1026 1073 1098 facio
1101 1023 1314 1096 pascha.
1347 1023 1464 1092 Ego
1492 1033 1622 1075 vero
1647 1031 1752 1073 non
1789 1013 1850 1068 id-
1879 1030 1971 1070 ω-

375 1119 485 1172 lum
517 1118 706 1185 miror,
752 1117 893 1188 quod
921 1118 1158 1187 ignotum
1195 1113 1515 1183 susceperit,
1547 1110 1640 1164 sed
1677 1106 1818 1178 quod
1848 1120 1970 1160 eum

374 1219 578 1263 tantam
605 1209 894 1264 adversum
917 1223 978 1262 se
1001 1208 1140 1262 iram
1155 1205 1410 1262 concitari
1438 1208 1800 1272 exspectaret,
1819 1207 1874 1252 et
1901 1199 1974 1251 ir-

373 1297 779 1355 reconciliabile
804 1299 1035 1362 bellum,
1064 1297 1354 1351 munitorum
1399 1295 1585 1348 odium
1630 1299 1972 1357 contempse-

372 1389 465 1445 rit.
496 1389 710 1445 Deinde
731 1389 1097 1460 ignorantibus
1140 1389 1349 1458 signum
1399 1385 1582 1449 dedit,
1628 1382 1786 1454 quale
1823 1380 1969 1436 Suilli

373 1481 634 1553 propheta
667 1500 688 1537 τ
710 1480 979 1536 Inveniens
1008 1481 1262 1534 hominem
1305 1478 1694 1540 ascendentem,
1723 1484 1774 1528 et
1808 1483 1971 1527 utrem

375 1571 640 1627 habentem
659 1573 678 1644 (
695 1573 747 1628 l.
762 1571 892 1644 Reg.
917 1572 1004 1627 ιθ.
1027 1572 1126 1643 5):
1144 1571 1231 1626 hic
1248 1584 1399 1637 vero,
1429 1568 1739 1638 Amphoram
1761 1576 1971 1635 portan-

375 1672 476 1716 tem
497 1662 650 1735 (Luc.
680 1662 771 1717 22.
801 1661 912 1735 10).
944 1662 1048 1717 llic
1079 1661 1240 1717 etiam
1263 1660 1384 1715 vide
1402 1657 1657 1730 potentiae
1679 1671 1971 1726 argumen-

377 1750 514 1810 tum.
543 1753 660 1809 Non
681 1755 823 1810 enim
840 1753 1012 1809 solum
1032 1753 1186 1821 dixit,
1211 1751 1416 1806 Pascha
1443 1751 1578 1822 facio
1595 1765 1614 1804 :
1640 1749 1733 1805 sed
1761 1748 1966 1818 adjicit,

377 1849 602 1918 Tempus
626 1863 792 1901 meum
806 1862 966 1919 prope
983 1855 1077 1901 est.
1101 1845 1215 1900 lloc
1237 1853 1418 1900 autem
1444 1843 1692 1910 faciebat,
1725 1850 1783 1896 ut
1808 1840 1968 1896 simul

375 1937 653 2008 discipulis
696 1938 1005 2008 frequenter
1042 1936 1349 2008 passionem
1389 1940 1878 1997 commemoraret,
1912 1941 1972 1988 ut

376 2035 444 2084 es
490 2028 854 2099 praedictionis
878 2030 1177 2101 frequentia
1202 2037 1589 2085 exercerentur
1637 2027 1691 2083 in
1736 2026 1968 2082 medita-

378 2119 526 2175 tione
555 2121 630 2175 rei
667 2121 894 2189 futurae;
925 2131 1089 2192 utque
1130 2121 1442 2177 ostenderet
1467 2119 1594 2187 illis,
1625 2127 1681 2173 et
1731 2132 1792 2174 se
1818 2116 1968 2174 esci-

373 2211 560 2282 pienti,
612 2211 982 2283 omnibusque
1003 2211 1236 2280 Judteis,
1278 2220 1338 2266 ut
1376 2226 1523 2282 saepe
1565 2209 1699 2275 dixi,
1748 2222 1808 2264 se
1861 2223 1969 2263 non

374 2302 600 2358 invitum
631 2303 697 2360 ad
729 2304 1036 2374 passionem
1073 2304 1282 2360 venire.
1329 2302 1550 2359 Addidit
1590 2311 1768 2357 autem
1790 2341 1810 2368 ,
1840 2299 1970 2356 Cum

372 2395 643 2468 discipulis
690 2398 847 2464 meis,
876 2407 936 2453 ut
983 2396 1256 2454 sufficiens
1299 2405 1587 2468 apparatus
1624 2403 1791 2460 esset,
1833 2407 1970 2450 neve

372 2488 705 2544 existimaret
725 2489 839 2556 ille,
867 2489 1308 2560 ipsum-latebras
1326 2503 1590 2559 qumrere.
1617 2487 1710 2543 20.
1749 2486 1970 2557 Vespere

371 2587 540 2632 mitem
561 2581 718 2650 facta;
742 2578 1093 2633 discumbebat
1111 2595 1222 2633 cum
1239 2578 1529 2648 discipulis.
1552 2577 1598 2632 0
1617 2576 1769 2632 Iuda:
1795 2577 1971 2646 impu-

372 2666 641 2723 dentiam!
671 2668 804 2724 Nam
829 2677 892 2724 et
929 2668 1018 2724 ille
1049 2669 1168 2724 istic
1193 2668 1402 2734 aderat,
1429 2668 1682 2738 venitque
1705 2667 1971 2736 particeps

371 2757 584 2813 futurus
613 2765 669 2814 et
694 2759 1073 2831 mysteriorum
1102 2768 1158 2814 et
1200 2771 1403 2814 mensus
1428 2773 1450 2813 :
1477 2766 1532 2812 et
1556 2756 1608 2811 in
1640 2758 1752 2827 ipsa
1782 2769 1969 2812 mensa

371 2850 721 2920 arguebatur,
767 2850 868 2906 ubi
887 2850 1096 2906 etiamsi
1122 2849 1236 2905 fera
1263 2848 1795 2916 essetrmansuetior
1826 2847 1971 2901 futu-

374 2953 468 2995 rus
491 2949 629 2995 erat.
663 2939 896 3011 Ideoque
925 2940 1041 3011 ipse
1065 2939 1393 3012 evangelista
1423 2937 1710 3010 signiﬁcat,
1743 2937 1970 2993 mandu-

373 3032 619 3088 cantibus
643 3033 783 3102 illis,
803 3033 1075 3089 Christum
1106 3033 1175 3088 de
1195 3033 1502 3104 proditione
1528 3033 1804 3104 loquutum
1837 3031 1973 3088 fuis-

372 3137 455 3188 se,
502 3131 561 3178 ut
585 3131 684 3178 ct'a
712 3132 958 3194 tempore
1001 3133 1056 3179 et
1083 3138 1112 3176 a
1144 3137 1328 3178 ntettsa
1355 3122 1646 3193 proditoris
1672 3124 1965 3194 nequitiam

373 3215 704 3272 ostendEret.
749 3217 1038 3287 Postquam
1087 3217 1231 3273 enim
1277 3216 1514 3272 feceram
1539 3216 1787 3287 discipuli
1829 3216 1967 3273 sicut

373 3307 480 3364 illis
506 3307 664 3364 Jesus
715 3318 1078 3380 praeceperat,
1125 3323 1352 3378 veSpere
1381 3309 1557 3375 facto,
1596 3309 1968 3364 discumbebat

370 3415 493 3454 eum
537 3401 822 3457 duodecim
851 3401 1146 3470 discipulis.
1188 3401 1278 3456 2i.
1327 3399 1754 3455 Manducantibus
1798 3411 1965 3454 autem

369 3491 476 3546 illis
502 3491 629 3547 dixit
647 3508 668 3548 :
691 3493 851 3546 Amen
876 3493 990 3546 dico
1030 3492 1190 3559 vobis,
1221 3509 1441 3548 unus-ea:
1458 3492 1596 3547 vobis
1631 3509 1712 3548 me
1742 3493 1964 3546 traditu-

369 3599 460 3638 rus
486 3592 596 3649 est;
623 3593 750 3640 ante
776 3598 985 3640 ctenam
1008 3600 1154 3641 .rero
1183 3584 1346 3655 pedes
1371 3585 1487 3652 ejus
1528 3585 1677 3640 lavit.
1705 3584 1838 3639 Vide
1863 3600 1964 3642 an-

372 3685 480 3730 tem
509 3676 785 3747 quomodo
834 3677 1093 3748 proditori
1123 3687 1327 3749 parcat.
1357 3678 1475 3733 Non
1506 3679 1650 3732 enim
1677 3678 1847 3745 dixit,
1873 3679 1966 3734 Ille

371 3783 461 3823 me
483 3768 692 3836 tradet;
732 3770 827 3827 sed
852 3811 868 3837 ,
921 3769 1072 3826 Unus
1108 3788 1172 3826 ea:
1209 3773 1383 3835 vobis,
1421 3780 1479 3826 ut
1520 3787 1706 3826 rursus
1753 3772 1850 3841 ipsi
1880 3772 1962 3827 la-

371 3861 504 3916 tenti
547 3861 839 3931 pumitendi
867 3861 1170 3918 facultatem
1207 3863 1405 3918 daret:
1439 3863 1730 3933 maluitque
1774 3877 1964 3918 clunes

372 3962 606 4016 terrere,
638 3963 696 4007 ut
725 3953 868 4008 hunc
915 3954 1121 4008 salvum
1146 3953 1370 4008 faceret.
1393 3952 1543 4009 Unus
1569 3968 1637 4008 ex
1665 3953 1817 4009 vobis
1837 3952 1964 4007 duo-

371 4043 569 4110 decim,
611 4044 806 4113 inquit,
834 4046 924 4114 qui
966 4046 1166 4115 ubique
1193 4060 1403 4100 mecum
1433 4054 1580 4110 sunt,
1610 4059 1840 4114 quorum
1870 4059 1963 4114 pe-

330 4169 336 4175 -
373 4136 472 4192 des
511 4134 650 4200 lavi,
690 4135 884 4205 quibus
928 4145 1006 4190 tot
1051 4145 1302 4206 tantaque
1331 4137 1576 4206 promisi.
1607 4135 1759 4191 Tunc
1790 4137 1964 4192 luctus

371 4231 560 4300 ingens
589 4243 801 4284 sacrum
823 4229 968 4283 illum
987 4229 1209 4284 chorum
1239 4229 1451 4284 invasit.
1480 4227 1716 4285 Joannes
1735 4229 1950 4299 quidem

371 4322 466 4386 ait,
497 4321 642 4391 ipsos
672 4321 911 4377 turbatos
964 4321 1150 4387 fuisse,
1199 4333 1249 4377 et
1296 4336 1356 4378 se
1384 4331 1569 4377 mutuo
1618 4323 1921 4391 respexisse
1944 4363 1959 4387 ,

369 4415 716 4485 singulosque
761 4415 946 4485 ipsum
967 4416 1328 4486 interrogasse
1370 4415 1621 4471 timentes
1663 4415 1787 4479 sibi,
1836 4415 1962 4471 licet

371 4509 570 4565 nullius
593 4509 668 4564 rei
701 4508 1008 4579 hujusmodi
1051 4509 1152 4563 sibi
1199 4510 1446 4563 conscios
1473 4509 1669 4579 (J'oan.
1703 4509 1791 4564 18.
1818 4508 1958 4581 22);

370 4604 461 4660 hic
486 4619 616 4660 vero
656 4604 731 4658 ait
763 4620 777 4657 :
823 4603 917 4658 22.
949 4602 1244 4658 Contristati
1284 4602 1431 4656 valde
1469 4613 1727 4674 eruperunt
1773 4603 1962 4673 singuli

369 4695 556 4759 dicere.
587 4696 856 4768 Numquid
878 4713 970 4768 ego
1008 4714 1149 4762 sum,
1189 4694 1436 4751 Domine?
1462 4695 1553 4751 25.
1580 4695 1703 4766 Ipse
1731 4711 1846 4750 vero
1875 4712 1961 4751 re-

368 4797 622 4858 spondens
643 4789 716 4842 ait
747 4805 766 4843 :
794 4786 890 4843 Cui
909 4804 999 4859 ego
1027 4789 1294 4842 intinctam
1333 4786 1500 4840 cibum
1536 4802 1829 4857 porrexem,
1854 4789 1964 4858 ipse

370 4889 444 4935 est
468 4877 630 4953 (Ibid.
658 4894 706 4932 υ.
736 4875 852 4951 26).
885 4877 1020 4934 Vide
1049 4877 1267 4948 quando
1293 4876 1466 4948 ipsum
1498 4877 1755 4933 revelavit
1775 4919 1790 4944 ,
1837 4893 1959 4933 cum

371 4971 534 5026 vellet
559 4985 751 5040 nempe
774 4979 1002 5026 caeteros
1022 4985 1052 5024 a
1085 4969 1174 5025 tali
1202 4968 1371 5025 animi
1396 4967 1670 5026 anxietate
1691 4971 1958 5026 liberare:

374 5077 497 5117 nam
539 5075 740 5132 pavore
785 5062 943 5132 quasi.
980 5061 1185 5118 mortui
1212 5070 1403 5127 erant;
1449 5061 1684 5132 ideoque
1703 5061 1964 5131 urgebant

373 5152 787 5224 interrogantes.
813 5152 997 5224 Neque
1023 5162 1226 5208 tantum
1255 5161 1313 5208 ut
1337 5152 1460 5210 illos
1484 5168 1515 5208 a
1546 5161 1698 5208 tanto
1717 5163 1862 5209 metu
1894 5153 1962 5208 li-

365 5245 620 5310 beraret,
665 5243 762 5299 sed
806 5243 966 5300 etiam
997 5251 1058 5298 ut
1109 5243 1440 5315 proditorem
1482 5241 1831 5309 emendaret,
1859 5243 1963 5299 hoc

368 5337 521 5394 fecit.
547 5337 680 5408 Quia
709 5336 853 5393 enim
899 5350 1022 5392 eum
1060 5350 1205 5408 stupe
1243 5335 1554 5392 indistincte
1603 5335 1656 5392 id
1699 5334 1960 5402 audisset,

368 5445 483 5486 non
507 5429 842 5492 movebatur,
867 5437 926 5483 ut
953 5427 1122 5498 magis
1138 5428 1290 5484 illum
1317 5427 1733 5500 perstringeret,
1757 5427 1960 5482 larvam

368 5521 488 5592 eius
517 5521 735 5591 deiecit.
780 5520 918 5576 Cum
946 5535 1077 5590 ergo
1106 5519 1182 5575 illi
1206 5529 1509 5576 maerentes-
1542 5519 1961 5592 interrogarent,

368 5610 639 5684 Nomquid
661 5630 754 5685 ego
789 5629 921 5679 sum,
955 5611 1194 5679 Domine,
1219 5613 1528 5683 respondens
1560 5611 1690 5666 dixit
1712 5627 1732 5666 :
1760 5610 1863 5676 Qui
1886 5612 1968 5666 in-

369 5709 518 5779 ﬂigit
559 5723 754 5762 mecum
793 5722 1001 5761 manuni
1036 5706 1092 5760 in
1143 5705 1438 5777 parapside,
1472 5696 1554 5758 hic
1579 5719 1660 5756 me
1683 5703 1966 5759 traditurus

369 5810 462 5854 at.
483 5799 572 5857 ει.
607 5801 721 5858 Sed
739 5799 909 5857 Filius
925 5799 1128 5873 quidem
1145 5799 1364 5855 hominis
1393 5798 1552 5868 vadit,
1569 5805 1706 5852 sicut
1719 5797 1961 5868 scriptum

1103 353 1162 409 3.
1198 349 1478 409 JOANNIS
1513 347 1985 407 CHRYSOSTOMI
2024 347 2342 406 ARClllEP.
2383 347 2916 410 CONSTANTINOP.

3561 356 3678 424 732

2082 471 2155 516 est
2197 463 2261 518 de
2286 465 2376 520 illo
2393 479 2416 546 ί
2435 479 2510 520 me
2537 477 2704 522 autem
2731 467 2925 523 homini
2952 468 3050 535 illi,
3075 485 3166 536 per
3188 485 3331 540 quem
3373 469 3539 526 Filius
3567 475 3669 530 Iw-

2079 556 2230 611 minis
2250 559 2476 613 tradetur
2495 577 2517 616 :
2539 562 2720 616 bonum
2737 574 2842 618 erat
2867 565 2938 630 ei,
2960 565 3006 618 si
3027 575 3178 620 natus
3203 583 3304 620 non
3326 567 3502 636 fuisse!
3522 569 3690 626 Itomo'

2079 647 2190 700 ille.
2235 649 2464 714 Quidam
2498 663 2718 708 narrant
2740 654 2914 724 ipsum
2942 655 3012 710 ita
3035 657 3366 727 petulantem
3395 659 3584 723 fuisse,
3615 670 3679 716 ιιι

2079 741 2394 807 magistrum
2426 759 2530 797 non
2554 757 2910 815 revereretur,
2941 749 3032 804 sed
3075 765 3196 804 cum
3217 751 3334 819 ipso
3355 753 3680 822 intingeret;.

2080 831 2212 884 mihi
2239 843 2417 887 autem
2460 836 2676 892 videtur
2704 838 2815 895 boe-
2852 841 3054 895 fecisse
3073 841 3357 909 Christus,
3411 855 3468 897 nt
3520 845 3679 900 Illum!

2080 921 2272 991 majori
2305 924 2544 982 afﬁceret
2567 928 2790 998 pudere,
2820 939 2881 985 et
2900 932 2965 986 ad
3001 932 3277 988 meliorem
3311 934 3558 990 affectum
3587 937 3671 1005 ip-

2078 1025 2198 1067 sum
2249 1016 2630 1085 pertraheret;
2674 1037 2779 1090 qua
2825 1022 2878 1077 in
2927 1037 2988 1078 re
3028 1023 3237 1096 aliquid
3257 1026 3430 1096 majus
3473 1027 3670 1098 deprc-

2079 1101 2350 1160 hendltur.

2148 1197 2203 1252 2.
2246 1196 2352 1252 Im
2377 1211 2543 1255 motus
2566 1203 2807 1258 sedandi.
2824 1234 2896 1246 —
2923 1205 3050 1262 "me
3075 1221 3236 1276 porro
3261 1223 3366 1263 non
3405 1209 3668 1280 simplici-

2079 1294 2161 1340 ter
2209 1292 2668 1356 przetercurrenda
2715 1305 2862 1356 sunt.
2913 1295 3007 1351 sed
3055 1297 3106 1351 in
3156 1298 3351 1352 animis
3402 1298 3678 1369 inﬁgenda

2076 1378 2296 1443 nosuis,
2337 1389 2396 1433 ut
2441 1382 2643 1436 nullum
2689 1399 2948 1454 umquam
2967 1386 3058 1441 irze
3086 1387 3269 1442 locum
3289 1388 3499 1445 demus.
3537 1389 3683 1457 Quis:

2076 1469 2218 1524 enim
2258 1484 2467 1525 caenam
2493 1471 2652 1527 illam
2684 1484 2864 1531 mente
2902 1478 3201 1545 revolvens,
3233 1480 3681 1552 proditoremque

2077 1573 2198 1613 cum
2226 1563 2464 1616 omnium
2506 1562 2795 1622 S‘ervature
2836 1569 3269 1636 recumbentem,
3305 1586 3536 1643 eumque
3575 1574 3680 1643 (ιυὶε

2075 1653 2383 1722 prodendus
2402 1666 2518 1712 erat
2541 1666 2659 1713 tam-
2673 1659 2786 1714 miti
2812 1673 3062 1718 sermone
3088 1670 3346 1729 utentem,
3374 1679 3481 1719 non
3519 1666 3681 1720 virus:

2076 1752 2248 1798 totum
2294 1746 2389 1801 ira:
2434 1757 2595 1818 atque
2638 1749 2833 1805 furoris
2881 1751 3102 1819 eiiciat?
3135 1751 3283 1809 Vide-
3306 1753 3468 1824 igitur
3503 1770 3676 1825 quam-

2074 1846 2355 1894 mansuete
2381 1854 2686 1896 sermonem
2714 1841 2781 1895 ad
2810 1842 2984 1912 ipsum
3021 1853 3319 1898 convertat.
3356 1844 3524 1899 Filius
3550 1847 3666 1916 qui~

2075 1924 2190 1980 dem
2237 1928 2469 1983 hominis
2491 1931 2650 1997 vadit,
2695 1932 2826 1984 sicut
2871 1933 3115 2003 scriptum
3161 1945 3234 1989 est
3274 1936 3338 1990 de
3385 1935 3496 1988 illo.
3541 1935 3676 1992 lime-

2074 2029 2238 2086 porro
2265 2017 2400 2074 dixit
2425 2028 2483 2074 ut
2505 2019 2798 2092 discipulos
2824 2025 3201 2092 confirmaret;
3223 2033 3290 2080 ut"
3307 2041 3373 2081 ue
3401 2027 3530 2081 illud
3562 2028 3666 2082 im-

2072 2107 2352 2164 becillitati
2392 2112 2707 2182 tribuerent,
2739 2123 2901 2185 utque
2940 2115 3100 2170 etiam
3129 2117 3456 2187 proditorem
3483 2135 3676 2175 einen--

2073 2198 2248 2254 daret.
2292 2199 2382 2256 Va:
2421 2213 2588 2258 autem
2613 2205 2808 2259 homini
2847 2206 2928 2260 illi
2952 2223 3043 2278 per
3074 2224 3221 2278 quem
3252 2209 3420 2264 Filius
3449 2211 3683 2266 hominis;

2075 2291 2304 2346 tradetur
2324 2307 2344 2348 :
2364 2293 2548 2349 bonum
2573 2306 2681 2350 erat
2702 2295 2802 2364 illi,
2827 2298 2874 2353 si
2889 2308 3038 2354 natus
3063 2315 3164 2354 non
3188 2301 3366 2372 fuisset
3386 2303 3537 2356 homo
3555 2303 3664 2358 ille.

2074 2383 2209 2440 Vide
2238 2400 2449 2442 rursum
2481 2389 2542 2444 in-
2561 2391 2836 2461 arguendo
2865 2392 3188 2449 ineffabilem
3228 2395 3522 2452 lenitatem.
3548 2397 3680 2454 Now

2073 2476 2216 2530 enim
2246 2477 2346 2533 hie-
2375 2479 2594 2546 acriter,
2645 2481 2754 2537 sed‘
2772 2484 3062 2540 miserabili
3095 2487 3271 2556 potius
3315 2489 3474 2544 modo
3503 2491 3678 2546 verba.

2073 2566 2222 2630 facit,
2271 2579 2444 2639 atque
2489 2587 2703 2628 rursum
2753 2577 3145 2634 subobscure:
3182 2595 3503 2651 quamquam
3557 2600 3666 2642 non

2072 2659 2236 2714 modo
2259 2664 2506 2731 superior
2530 2665 2800 2733 vecordia,
2826 2668 2935 2723 sed’
2950 2679 3004 2725 et
3024 2673 3290 2742 posterior
3313 2675 3678 2746 impudentia,

2072 2749 2275 2820 ingenti
2314 2751 2474 2824 digna
2501 2765 2653 2812 esset
2687 2757 3073 2830 indignatione.
3122 2763 3254 2818 Nam
3283 2775 3560 2836 postquam
3595 2771 3664 2824 ita

2071 2843 2349 2900 convictus
2366 2847 2554 2912 fuerat,
2569 2847 2703 2903 dixit
2723 2868 2736 2905 :
2753 2850 2846 2907 25.
2867 2851 3132 2926 Numquid
3148 2873 3241 2927 ego
3255 2874 3388 2924 sum,
3413 2857 3627 2915 Domine
3639 2863 3677 2916 ."

2071 2931 2124 2989 Ο
2140 2935 2479 2992 vecordiam!
2510 2938 2710 2994 Horum
2746 2941 2845 2997 sibi
2887 2945 3135 3001 conscius
3171 2947 3501 3004 sciscitatur:
3542 2966 3676 3006 nant

2070 3028 2396 3098 evangelista
2435 3029 2553 3100 ejus
2580 3032 2853 3088 admirans
2881 3037 3226 3105 petulantiam
3255 3039 3369 3096 lucc
3397 3041 3490 3098 ait.
3527 3043 3677 3109 Quid.

2069 3131 2199 3189 ergo
2246 3120 2554 3177 lenissimus
2608 3125 3026 3199 mitissimusqne
3072 3129 3281 3186 .lesus?‘
3332 3131 3408 3186 Tu
3467 3133 3666 3191 dirimi.

2069 3210 2404 3284 Quamquam
2431 3216 2610 3273 dicere
2637 3221 2899 3288 potuisset
2926 3242 2942 3278 :
2966 3222 3201 3280 Sceleste
3238 3235 3298 3281 et
3315 3229 3662 3297 exsecrande,

2069 3313 2230 3375 atque
2255 3306 2648 3378 impurissime,
2671 3319 2818 3366 tanto
2854 3321 3096 3385 tempore
3126 3316 3228 3374 lioc
3256 3319 3450 3374 malum
3482 3331 3669 3391 partu-

2069 3398 2234 3466 riens,
2269 3411 2390 3470 post
2419 3406 2720 3472 pactionem
2751 3406 3067 3464 diabolicam
3099 3420 3543 3484 numeratamquc
3571 3429 3664 3484 pe-

2068 3489 2303 3556 cuniam,
2335 3507 2375 3545 a-
2393 3508 2480 3548 me
2500 3498 2796 3565 convictus,
2818 3498 2984 3554 audes
3009 3499 3186 3554 adhuc
3210 3500 3576 3573 interrogare?
3593 3506 3673 3560 At

2071 3577 2268 3636 borum
2305 3583 2438 3637 nihil
2480 3584 2773 3642 dixitzsed
2817 3589 2980 3659 quid?
3021 3589 3098 3644 Τιι
3143 3592 3341 3657 dixisti,
3391 3595 3469 3649 sic
3511 3594 3664 3651 nobis

2068 3670 2227 3742 leges
2252 3681 2495 3729 statuens
2541 3676 2776 3732 ferendae
2817 3680 3044 3746 injurize.
3086 3681 3285 3737 Verum
3325 3684 3468 3740 dicet
3511 3687 3668 3756 quis-~

2068 3763 2208 3832 piam
2235 3779 2254 3818 ε
2281 3765 2336 3819 Si
2367 3767 2622 3836 scriptum
2668 3779 2752 3824 est
2780 3769 3048 3826 Christum
3092 3775 3161 3828 ita
3192 3790 3468 3844 passurum
3513 3793 3672 3846 esse,.

2066 3867 2165 3908 cur
2211 3866 2493 3943 accusatur
2518 3858 2684 3914 ludas
2708 3863 2731 3913 ‘l
2774 3877 2894 3915 nam
2921 3879 3039 3932 qua:
3070 3865 3265 3932 scripta
3293 3878 3448 3922 erant
3483 3868 3661 3939 perfe-

2067 3947 2158 4000 ci‘t.
2189 3948 2260 4002 At
2289 3964 2409 4003 non:
2429 3949 2529 4004 hoc
2556 3951 2644 4005 ille
2667 3952 2848 4006 animo
2877 3953 3022 4021 fecit,
3055 3956 3149 4011 sed
3177 3972 3241 4012 ex
3286 3959 3513 4014 scelére.
3545 3960 3669 4016 Nisi

2066 4051 2245 4097 autem
2277 4043 2512 4096 animum
2550 4044 2938 4112 expleraveris,
2989 4048 3158 4116 ipsum
3186 4047 3456 4103 diabolum
3500 4065 3529 4104 a
3559 4051 3674 4106 cri-

2066 4137 2212 4191 mine
2239 4135 2514 4194 liberabis.
2562 4135 2668 4191 Sed
2714 4154 2818 4191 non
2862 4139 2953 4205 ita,
2987 4155 3095 4193 non
3144 4140 3214 4196 ita
3241 4151 3389 4196 certe
3425 4158 3513 4198 res
3557 4153 3670 4198 est.-

2065 4229 2344 4285 Sexcentis
2386 4231 2527 4285 enim
2569 4239 2624 4285 et
2668 4230 2756 4286 hic
2793 4240 2847 4286 et
2888 4232 2978 4287 ille
3021 4241 3145 4287 sunt
3178 4234 3320 4303 digni
3364 4235 3662 4306 suppliciis,

2066 4324 2276 4379 etiamsi
2316 4323 2463 4379 orbis
2507 4324 2633 4379 hinc
2675 4335 2923 4380 servatus
2965 4326 3068 4380 sit.
3103 4325 3288 4398 Neque
3327 4329 3470 4382 enim
3511 4329 3668 4390 Judre

2066 4415 2301 4487 proditio
2329 4416 2554 4470 salutem
2601 4415 2757 4470 nobis
2785 4425 3004 4486 operata
3043 4426 3147 4482 est,
3198 4417 3293 4474 sed
3337 4419 3534 4475 Christi
3571 4436 3670 4474 sa»

2065 4507 2290 4578 pientis,
2318 4507 2406 4577 qni
2429 4508 2560 4562 mira
2587 4507 2801 4562 solertia
2833 4507 3057 4562 aliorum
3090 4509 3387 4565 sceleribus
3415 4511 3491 4564 ad.
3521 4511 3664 4566 salu-

2066 4608 2174 4655 tem
2223 4608 2463 4654 nostram
2500 4608 2588 4653 est
2610 4611 2756 4653 usus.
2787 4597 2924 4666 Quid
2966 4613 3116 4669 ergo,
3165 4601 3393 4670 inquies,
3426 4604 3470 4656 si
3499 4602 3665 4657 ludas

2065 4707 2173 4748 non
2230 4691 2578 4762 prodidisset,
2627 4707 2807 4746 annon
2861 4691 2998 4746 alius
3037 4691 3344 4762 proditurus
3393 4695 3547 4748 erat?
3597 4695 3662 4749 lit

2065 4783 2193 4856 quid
2233 4783 2337 4839 hoc
2378 4783 2444 4837 ad
2487 4798 2602 4838 rem
2643 4783 2966 4854 quassitam?
3005 4785 3073 4840 Si
3099 4785 3333 4856 crucifigi
3382 4787 3664 4856 oportebat

2065 4876 2358 4940 Christum,
2393 4874 2620 4946 inquies,
2667 4888 2764 4944 per
2790 4874 3075 4946 quemdam
3121 4875 3423 4946 oportebat.
3465 4877 3521 4932 Si
3566 4889 3662 4947 per

2067 4965 2372 5038 quemdam,
2403 4981 2501 5036 per
2543 4964 2816 5020 hominem
2862 4963 3168 5034 hujusmoui
3203 4967 3571 5035 proculdubio.
3603 4966 3658 5023 Si

2067 5071 2230 5128 porro
2274 5056 2399 5112 boni
2445 5057 2672 5110 fuissent
2707 5069 2917 5121 omnes,
2968 5055 3092 5110 hinc
3132 5057 3433 5112 cohibitum
3471 5059 3664 5115 fuisset

2066 5147 2255 5204 salutis
2280 5156 2479 5203 nostrae
2505 5145 2798 5217 negotium.
2823 5145 2998 5200 Absit.
3026 5145 3042 5200 Ξ
3051 5161 3145 5216 pse
3173 5152 3339 5212 enim,
3372 5150 3660 5219 sapientis-

2067 5241 2235 5296 simus
2263 5255 2387 5296 cum
2429 5248 2598 5304 esset,
2645 5239 2852 5294 sciebat
2887 5241 3160 5308 quomodo
3189 5252 3368 5296 nostra
3411 5254 3554 5299 esset
3581 5245 3662 5299 din-

2067 5340 2419 5401 spensaturus
2451 5363 2467 5390 ,
2527 5328 2740 5384 etiamsi
2807 5344 2896 5386 res
2947 5329 2968 5363 ⁸
3015 5329 3093 5388 ita
3181 5335 3464 5391 cecidisset
3502 5337 3664 5407 :ojus

2067 5424 2266 5494 quippe
2292 5420 2552 5491 sapientia
2577 5431 2630 5477 et
2666 5431 2856 5490 potens
2884 5429 2937 5475 et
2967 5420 3526 5493 incomprehensibilis
3553 5438 3657 5482 est.

2071 5516 2195 5572 Ideo
2222 5525 2399 5570 autem
2429 5529 2496 5568 ne
2527 5513 2647 5584 quis
2672 5521 2900 5582 putaret,
2927 5511 3120 5568 ludam
3149 5513 3308 5584 hujus
3346 5521 3662 5575 utconomite

2069 5607 2238 5665 fuisse
2262 5605 2589 5669 ministrum,
2615 5604 2879 5660 miserum
2910 5603 3061 5659 illum
3089 5605 3366 5676 prmdicat.

2131 5808 2147 5840 ⁸
2177 5806 2258 5857 Sic
2281 5805 2434 5858 Savii.
2466 5806 2643 5859 Morel.
2676 5813 2845 5860 autem
2871 5812 2924 5859 et
2945 5821 3072 5860 unus
3097 5807 3205 5859 eod'.
3230 5808 3420 5860 habent
3439 5820 3534 5858 non
3555 5803 3647 5858 ita.
