4128 6406
492 482 724 538 aliorum
747 476 906 535 famis
931 487 986 534 et
1011 475 1335 547 paupertatis
1355 475 1630 547 graviores
1658 473 1952 529 immittunt
1984 471 2082 527 do-

497 575 660 630 lores.
689 571 794 628 Sed
819 587 926 627 non
955 569 1202 625 mordent
1218 568 1510 624 dentibus?
1539 568 1752 623 Utinam
1773 564 2085 621 morderent

494 665 764 730 dentibus,
794 671 850 717 et
875 677 980 716 non
1008 661 1314 731 rapacitatis
1344 660 1490 726 telis,
1525 674 1646 730 quae
1675 658 1922 728 graviora
1951 656 2084 711 den-

493 757 636 811 tibus
650 764 792 809 sunt.
811 755 944 809 Nam
969 754 1152 808 Dentes
1168 769 1340 808 eorum
1359 769 1505 806 arma
1523 761 1572 807 et
1590 750 1971 822 sagitta:(Psal.
1989 750 2079 806 56.

491 848 573 918 5).
607 846 736 902 Uter
761 845 930 915 magis
958 844 1124 907 dolet,
1157 843 1248 912 qui
1277 843 1444 897 semel
1475 841 1770 908 mordetur,
1813 851 1869 895 et
1901 841 2077 894 statim

488 946 729 1002 curatur,
759 951 826 990 an
858 936 945 1006 qui
974 950 1188 1004 semper
1209 934 1536 1004 paupertatis
1563 933 1812 988 dentibus
1840 932 2081 987 corrodi-

491 1027 614 1081 tur?
644 1027 936 1095 Paupertas
963 1026 1161 1095 quippe
1205 1024 1564 1080 involuntaria
1606 1023 1825 1078 fornace
1854 1032 1910 1078 et
1949 1022 2078 1077 feris

489 1118 703 1188 gravior
731 1126 834 1172 est.
867 1115 972 1172 Sed
1004 1132 1108 1170 non
1141 1131 1236 1184 per
1261 1115 1472 1170 deserta
1501 1123 1760 1184 vagantur
1789 1123 1846 1168 ut
1878 1113 2078 1168 darmo—

489 1209 664 1264 niaci?
696 1206 906 1262 Utinam
931 1223 1025 1276 per
1055 1207 1289 1272 deserta,
1323 1221 1427 1260 non
1465 1222 1560 1276 per
1585 1205 1746 1261 urbes
1773 1215 2078 1271 currerent,

453 1319 457 1324 ·
488 1311 545 1357 et
573 1311 700 1366 tunc
717 1314 906 1355 omnes
931 1300 1018 1370 qui
1048 1299 1100 1354 in
1124 1298 1343 1353 urbibus
1369 1307 1494 1352 sunt
1521 1298 1572 1352 in
1599 1298 1779 1368 quiete
1799 1298 2071 1368 degerent,

489 1408 634 1449 nunc
659 1407 789 1446 vero
820 1391 923 1445 illis
948 1390 1197 1444 omnibus
1221 1389 1666 1443 intolerabiliores
1693 1397 1840 1453 sunt,
1871 1388 1994 1458 quia
2023 1387 2076 1441 in

490 1484 708 1539 urbibus
739 1484 854 1537 htec
876 1482 1095 1544 faciunt,
1123 1480 1264 1551 quod
1292 1481 1366 1534 illi
1397 1481 1452 1534 in
1471 1480 1720 1546 desertis,
1748 1481 1892 1549 ipsas
1919 1479 2078 1534 urbes

489 1593 545 1631 tn
575 1576 789 1631 deserta
831 1583 1120 1641 mutantes,
1157 1589 1222 1628 ac
1249 1574 1394 1627 velut
1433 1573 1485 1627 in
1531 1572 1747 1628 deserto
1788 1571 1878 1626 ttbi
1920 1587 2076 1624 nemo

487 1672 744 1725 cohibere
777 1677 978 1742 potest,
1006 1669 1085 1723 sic
1110 1670 1348 1723 omnium
1379 1667 1518 1722 bona
1547 1665 1940 1736 deprtedantes.
1971 1665 2074 1720 Sed

488 1762 679 1818 obvios
723 1776 828 1816 non
858 1761 1119 1830 lapidibus
1147 1759 1398 1814 caedunt?
1427 1759 1492 1813 Et
1518 1757 1649 1828 quid
1691 1756 1831 1811 hoc?
1862 1759 1904 1810 A
1944 1757 2071 1825 lapi-

486 1851 646 1908 dibus
673 1852 814 1906 enim
856 1851 956 1905 sibi
995 1864 1188 1904 cavere
1232 1847 1388 1903 facile
1424 1849 1579 1912 esti;
1623 1863 1742 1915 qua:
1778 1862 1907 1902 vero
1951 1861 2074 1901 cum

485 1944 671 1999 charta
700 1953 753 1998 et
779 1953 1080 1998 atramento
1104 1943 1314 1998 miseris
1341 1941 1662 2011 pauperibus
1691 1941 1912 1996 vulnera
1941 1941 2074 1994 int‘e-

485 2048 633 2102 runt,
663 2036 890 2091 schedas
919 2035 1066 2090 mille
1098 2034 1264 2104 plagis
1282 2044 1505 2088 onustas
1527 2033 1930 2097 concinnantes,
1957 2031 2076 2102 quis

485 2129 656 2200 possit
676 2129 866 2184 obvius
892 2141 1084 2182 cavere
1111 2137 1166 2180 et
1189 2125 1470 2182 avertere?

554 2222 611 2276 ι.
655 2220 943 2274 Videamus
971 2228 1151 2274 autem
1182 2227 1314 2288 quot
1339 2217 1442 2274 sibi
1482 2216 1613 2287 ipsis
1651 2217 1790 2271 mala
1818 2215 2072 2270 inferunt.

481 2314 619 2371 Nudi
658 2313 932 2368 ambulant
971 2328 1066 2383 per
1109 2312 1335 2367 urbem:
1363 2321 1564 2366 vestem
1613 2313 1812 2380 quippe
1864 2309 2076 2365 virtutis

481 2423 590 2464 non
629 2407 848 2461 habent.
869 2405 1022 2474 Quod
1052 2405 1096 2459 si
1123 2404 1174 2460 id
1201 2405 1309 2458 illis
1339 2413 1494 2472 turpe
1521 2418 1628 2457 non
1655 2402 1892 2457 videatut
1927 2415 2070 2466 esse,

480 2497 584 2552 hoc
620 2512 686 2552 cs
737 2497 925 2566 grandi
970 2496 1174 2550 insania
1225 2495 1487 2563 procedit,
1540 2493 1684 2563 quod
1730 2493 2073 2561 ignominiam

479 2604 589 2644 non
619 2590 887 2655 sentiant;
927 2589 1023 2643 sed
1049 2602 1276 2656 corpore
1302 2587 1429 2642 nudi
1468 2587 1813 2650 erubescunt,
1841 2586 2071 2639 animam

479 2695 612 2737 vero
639 2679 837 2736 nudam
861 2679 1304 2735 circumferentes
1330 2677 1642 2747 gloriantur.
1685 2676 1742 2731 Si
1782 2678 1942 2732 vultis
1979 2694 2074 2731 au-

479 2783 610 2839 tem,
634 2788 731 2828 cur
754 2772 956 2827 nullum
984 2785 1201 2826 sensum
1231 2769 1498 2841 habeant”
1528 2769 1722 2824 dicam.
1753 2769 1884 2837 Quae
1913 2769 2072 2840 igitur

477 2878 644 2920 causa
677 2863 798 2918 est?
845 2861 992 2918 Inter
1042 2861 1242 2917 multos
1289 2861 1461 2916 nudos
1508 2861 1796 2928 nudantur,
1843 2861 2072 2931 ideoque

478 2971 586 3010 non
633 2955 976 3019 erubescunt,
1024 2961 1086 3007 ut
1124 2968 1297 3022 neque
1333 2967 1434 3007 nos
1471 2953 1524 3007 in
1566 2952 1792 3008 balneis.
1830 2952 1982 3019 Quod
2022 2953 2068 3007 si

477 3045 632 3100 multi
660 3056 838 3101 essent
867 3046 1063 3101 virtute
1106 3045 1294 3112 induti,
1341 3044 1514 3115 major
1545 3046 1674 3114 ipsis
1705 3047 1879 3116 pudor
1902 3055 2070 3103 esset.

475 3139 628 3194 Nunc
652 3149 828 3193 autem
859 3139 984 3194 illud
1015 3139 1244 3194 maxime
1270 3139 1519 3210 lacrymis
1548 3139 1766 3209 dignum
1797 3149 1898 3205 cst,
1926 3141 2066 3210 quod

474 3246 598 3284 cum
631 3229 916 3285 multi'sint
941 3231 1090 3294 mali,
1125 3230 1304 3286 nullus
1327 3238 1414 3285 est
1448 3230 1619 3299 pudor
1643 3247 1708 3287 ex
1737 3232 1898 3285 malo.
1931 3231 2065 3287 Cum

473 3323 594 3378 aliis
618 3324 760 3378 enim
791 3325 894 3378 hoc
929 3323 1090 3378 etiam
1118 3323 1243 3377 fecit
1269 3321 1536 3388 diabolus,
1562 3331 1621 3376 ut
1645 3337 1818 3393 neque
1843 3337 2064 3378 sensum

473 3415 735 3470 malorum
759 3416 924 3469 ullum
951 3415 1221 3481 habeant;
1251 3426 1416 3484 utque
1443 3432 1508 3472 ex
1537 3416 1900 3486 improborum
1929 3415 2066 3470 mul-

475 3506 702 3562 tttudine
721 3506 894 3576 pudor
911 3505 1197 3577 obtegatur
1225 3524 1239 3561 :
1269 3522 1392 3562 nam
1423 3508 1469 3562 si
1497 3509 1550 3562 in
1577 3508 1917 3563 multitudine
1943 3507 2065 3577 phi-

474 3598 818 3666 losophorunt
862 3607 1186 3664 versaretur,
1234 3613 1386 3652 suam
1428 3598 1518 3654 ille
1558 3598 1852 3653 nuditatem
1896 3599 2066 3670 magis

473 3699 679 3746 nosset.
709 3690 933 3746 Planum
979 3705 1109 3761 ergo
1147 3699 1230 3746 est
1269 3691 1390 3745 illos
1430 3691 1776 3746 daemoniacis
1811 3705 1932 3746 esse
1973 3707 2068 3744 nuo

470 3780 683 3846 diores;
713 3781 854 3852 quod
881 3789 1059 3837 autem
1100 3781 1316 3838 deserta
1348 3781 1465 3838 loca
1493 3781 1855 3852 frequentant,
1905 3797 2064 3837 nemo

471 3883 621 3932 certe
659 3876 952 3946 negaverit.
998 3874 1128 3931 Lata
1173 3876 1373 3947 quippe
1413 3888 1469 3932 et
1512 3876 1748 3946 Spatiosa
1789 3875 1871 3930 via
1913 3875 2061 3930 omni

468 3966 689 4023 deserto
719 3967 986 4024 desertior
1023 3977 1126 4024 est.
1169 3968 1281 4024 Etsi
1314 3982 1546 4040 namque
1587 3967 1820 4023 viatores
1865 3967 2063 4021 multos

471 4057 704 4126 haheat,
747 4058 842 4112 sed
887 4057 1162 4114 hominem
1215 4059 1459 4116 nullum:
1504 4073 1689 4114 verum
1741 4066 2058 4127 serpentes,

467 4148 804 4217 scorpiones,
828 4147 1002 4217 lupos,
1025 4149 1257 4218 viperas,
1278 4147 1514 4219 aspides.
1538 4149 1698 4204 Tales
1721 4149 1918 4219 quippe
1933 4156 2060 4204 sunt

469 4239 507 4294 ii
544 4239 634 4310 qui
666 4239 958 4309 nequitiam
1000 4248 1296 4294 sectantur.
1327 4239 1454 4295 llaec
1481 4254 1588 4295 non
1625 4241 1839 4296 deserta
1883 4240 2056 4294 solum

466 4343 572 4401 est,
600 4332 693 4388 sed
723 4334 882 4389 etiam
904 4333 1170 4403 asperior.
1202 4333 1258 4389 ld
1285 4333 1427 4404 quod
1457 4333 1581 4392 hinc
1608 4333 1782 4404 palam
1799 4341 1884 4388 est
1913 4354 1926 4388 :
1950 4348 2056 4387 non

465 4425 609 4478 enim
657 4423 881 4494 lapides,
928 4431 1220 4494 prterupta,
1268 4423 1544 4479 cacumina
1592 4424 1947 4480 ascendentes
1986 4425 2056 4478 ita

465 4514 723 4581 lacerant,
751 4522 810 4568 ut
854 4514 1038 4584 rapina
1077 4525 1134 4570 et
1161 4515 1384 4570 avaritia
1412 4515 1618 4570 animas
1643 4531 1762 4585 qua:
1789 4516 1933 4569 illam
1970 4515 2059 4570 ad-

463 4607 704 4662 mittunt.
747 4605 899 4673 Quod
928 4614 1106 4661 autem
1149 4606 1290 4661 circa
1332 4605 1577 4675 sepulcra
1607 4608 1768 4661 vitam
1813 4615 1972 4676 agant
1999 4613 2058 4660 ut

461 4698 800 4762 dmmoniaci,
833 4698 944 4753 imo
983 4699 1159 4769 potius
1190 4697 1333 4769 quod
1369 4698 1470 4768 ipsi
1511 4699 1756 4769 sepulcra
1781 4698 1908 4763 sint,
1932 4697 2058 4752 hinc

463 4789 804 4846 manifestum
825 4799 930 4846 est.
959 4789 1095 4859 Quid
1123 4789 1267 4845 enim
1297 4799 1382 4846 est
1400 4790 1745 4861 sepulcrum?
1776 4789 1934 4860 Lapis
1963 4789 2054 4860 qui

463 4891 800 4938 mortuorum
842 4897 1069 4954 corpora
1104 4883 1369 4940 continet.
1401 4881 1461 4937 in
1500 4898 1610 4954 quo
1649 4898 1780 4954 ergo
1804 4882 2057 4940 diil‘erunt

463 4977 680 5032 illorum
724 4991 952 5047 corpora
994 4975 1064 5032 ab
1103 4975 1413 5047 Imjnsmodi
1445 4975 1746 5048 lapidibus?
1786 4975 1899 5030 lmo
1939 4975 2056 5034 haec

463 5068 574 5123 illis
609 5067 999 5123 miserabiliora
1038 5077 1184 5124 sunt.
1215 5068 1330 5124 Non
1359 5069 1504 5124 enim
1535 5070 1671 5140 lapis
1717 5077 1802 5124 est
1825 5067 2056 5124 cadaver

459 5158 767 5225 continens,
810 5156 908 5213 sed
949 5173 1145 5230 corpus
1181 5159 1451 5231 lapidibus
1489 5159 1872 5224 inscusihilius,
1910 5174 2058 5214 mor-

462 5261 610 5307 tuam
639 5249 1026 5306 circumferens
1046 5251 1301 5306 animam.
1321 5251 1686 5320 Quamobrem
1710 5266 1816 5306 non
1842 5251 2056 5307 aberrat

459 5344 507 5400 si
536 5343 657 5415 quis
677 5341 799 5399 illos
821 5341 1064 5412 sepulcra
1093 5343 1384 5400 vocaverit.
1413 5343 1548 5399 Nam
1587 5343 1846 5398 Dominus
1869 5350 2056 5398 noster

459 5449 542 5490 sic
567 5433 784 5490 Judteos
825 5433 1074 5497 vocavit;
1119 5433 1348 5504 ideoque
1386 5434 1663 5505 subiunxit
1691 5451 1707 5491 :
1738 5434 2054 5490 lntrinsecus

459 5528 645 5598 rapina
686 5535 734 5583 et
760 5525 974 5582 avaritia
1013 5526 1151 5597 pleni
1187 5535 1304 5580 sunt
1333 5525 1549 5596 (Matth.
1590 5527 1683 5582 25.
1718 5524 1836 5599 25).
1881 5526 2055 5582 Vultis

458 5617 676 5677 demum
713 5615 995 5677 ostendam
1030 5616 1304 5693 quomodo
1329 5617 1597 5690 lapidibus
1633 5619 1808 5690 capita
1835 5632 1932 5674 sua
1967 5617 2051 5675 fe-

535 5832 557 5907 :
580 5830 847 5907 [quaterem
873 5833 1061 5907 lapides
1081 5835 1212 5907 enim
1230 5835 1376 5907 facile
1397 5843 1474 5907 est
1489 5842 1717 5907 eﬂirgcrc.

534 5893 557 5926 '
571 5892 685 5956 Alii,
709 5905 798 5946 cur
820 5892 1002 5949 (attain
1021 5892 1372 5965 impudentiam

1337 363 1396 422 S.
1425 360 1704 421 JOANNIS
1740 357 2217 418 CHRYSOSTOMI
2254 361 2570 420 ARCHIEP.
2611 365 3145 430 CONSTANTINOP.

3676 383 3812 444 πει

2190 472 2364 528 riant?
2393 475 2714 536 Uudenam?
2741 481 2847 537 Sed
2878 485 3052 552 primo
3078 487 3163 541 die
3193 487 3322 542 mihi
3350 490 3492 546 unde
3517 492 3621 550 hoc
3646 501 3788 554 velis

2186 564 2415 634 discere,
2438 584 2468 621 a
2500 573 2937 640 prmsentibusne,
2968 591 3036 630 an
3063 593 3092 633 a
3119 578 3353 635 futuris?
3380 583 3451 637 At
3478 583 3786 644 futurorum

2186 655 2262 750 illi
2283 672 2386 712 non
2405 675 2648 730 magnam
2670 665 2930 720 rationem
2950 668 3176 723 habent:
3193 669 3261 724 de
3275 677 3632 740 praesentibus
3649 695 3808 750 ergo-

2185 748 2530 820 loquendum.
2554 753 2758 820 Quibus
2785 757 3050 827 lapidibus
3067 763 3338 830 graviores
3360 779 3465 818 non
3491 777 3615 822 sunt
3635 748 3786 826 cura)

2185 840 2313 908 illae,
2343 859 2462 913 qua:
2485 860 2589 899 non
2621 849 2796 916 capita
2828 849 3044 918 feriunt,
3069 853 3172 906 sed.
3191 855 3423 908 animam
3451 860 3797 917 corrodunti-

2193 931 2405 988 Timent
2424 935 2591 1000 enim,
2613 952 2681 991 ne
2698 940 2818 1005 jure
2839 955 2903 994 ex
2925 939 3085 995 domo
3107 952 3301 998 exeant
3326 945 3412 1000 illa
3440 963 3558 1018 qua:
3577 949 3784 1018 injuste

2185 1032 2331 1091 parta
2373 1034 2530 1093 sunt;
2566 1036 2805 1083 extrema
2847 1029 3167 1100 formidant,
3210 1036 3542 1104 irascuntur,
3589 1051 3782 1096 contra

2181 1127 2336 1179 suos,
2376 1126 2562 1169 contra
2609 1127 2894 1174 extraneos
2937 1122 3212 1178 irritantur
3243 1141 3256 1178 :
3286 1141 3502 1191 mteror,
3549 1139 3782 1197 tremor,

2183 1201 2330 1258 furor
2356 1205 2455 1259 sibi
2489 1216 2675 1263 mutuo
2714 1211 3025 1278 succedunt,
3058 1224 3114 1268 et
3135 1217 3287 1284 quasi
3317 1232 3348 1270 a
3387 1219 3682 1289 prmcipitio
3723 1221 3780 1276 in

2182 1295 2534 1365 praecipitium
2586 1307 2962 1367 transeuntes,
3029 1319 3149 1374 qua:
3206 1306 3456 1361 nondum.
3499 1311 3792 1378 possident.
3863 1311 3868 1314 ’

2182 1387 2419 1453 quotidie
2457 1398 2793 1458 exspectant.
2835 1391 3174 1462 Quapropter
3210 1411 3384 1466 neque
3414 1397 3625 1466 placent
3665 1400 3779 1457 illis

2181 1492 2244 1532 ea
2285 1494 2404 1548 qua:
2432 1481 2725 1549 possident,
2756 1484 2898 1552 quod
2941 1495 3053 1539 tuto
3099 1488 3299 1541 servari
3345 1504 3450 1542 non
3479 1491 3780 1557 conﬁdant,

2181 1568 2431 1638 quodque
2471 1579 2586 1624 toto
2626 1573 2807 1626 animo
2831 1574 2897 1627 ad
2927 1589 3013 1639 ea,
3056 1591 3177 1644 qua:
3209 1577 3443 1632 nondum
3473 1581 3790 1649 possidentr

2180 1658 2452 1714 anhelent.
2477 1661 2554 1716 Ac
2576 1663 3025 1732 quemadmodum
3053 1665 3097 1720 is
3117 1667 3205 1735 qui
3227 1666 3474 1722 diuturna
3501 1671 3587 1722 siti
3613 1686 3777 1725 vexa-

2184 1758 2268 1801 tus
2292 1759 2396 1814 est,
2428 1750 2634 1805 etiamsi
2671 1753 2866 1807 multos
2887 1755 3198 1810 exhauserit
3221 1758 3428 1824 fontes,
3444 1761 3776 1830 voluptatem

2181 1855 2286 1894 non
2317 1841 2504 1906 sentit,
2530 1841 2686 1911 quod.
2703 1844 2886 1897 satiari
2915 1854 3183 1914 nequeat:
3219 1847 3288 1900 ita
3315 1859 3370 1902 et
3393 1848 3442 1900 lti
3476 1865 3580 1902 non
3611 1849 3779 1904 modii

2184 1949 2290 1987 non
2324 1933 2680 2000 delectantur,
2724 1934 2820 1989 sed
2846 1950 2913 1989 eo
2953 1939 3121 2005 magis
3159 1938 3464 1993 cruciantur
3489 1955 3594 2010 quo
3621 1941 3790 2009 plura:

2135 2043 2138 2046 ’
2183 2033 2383 2089 tenent,
2407 2024 2548 2094 quod
2570 2023 2747 2078 nullus
2776 2025 2846 2078 sit
2870 2025 3177 2094 cupiditatis
3205 2027 3345 2083 linis.
3373 2029 3436 2083 Et
3458 2029 3572 2084 hazc
3597 2047 3783 2101 quan-

2180 2124 2290 2168 tum
2329 2115 2400 2169 ad
2425 2116 2707 2185 praesentia
2738 2133 2754 2170 :
2788 2131 2928 2171 nunc
2956 2117 3026 2171 de
3044 2115 3223 2172 futuro
3262 2119 3352 2173 illo
3378 2119 3463 2174 die
3503 2121 3773 2175 dicamus.

2179 2208 2326 2263 Licet
2349 2209 2490 2262 enim
2528 2208 2602 2262 illi
2632 2224 2739 2262 non
2768 2208 3078 2274 attendant;
3107 2217 3163 2264 at
3185 2226 3366 2280 operte
3400 2213 3626 2281 pretium
3667 2213 3781 2268 erit

2177 2299 2246 2353 de
2276 2299 2369 2352 illo
2396 2297 2595 2354 dicere.
2632 2299 2688 2353 In
2729 2299 2912 2354 futuro
2948 2299 3126 2372 itaque
3151 2300 3241 2356 die
3269 2302 3504 2372 undique
3536 2305 3608 2356 illi
3637 2321 3790 2361 cru-.
3842 2361 3852 2376 ,

2177 2388 2479 2442 ciabuutur.
2528 2387 2661 2442 Nam
2704 2403 2827 2443 cum
2867 2387 3019 2455 dixit,
3068 2385 3293 2456 Esurivi,
3328 2400 3377 2444 et
3416 2407 3518 2445 non
3562 2392 3780 2446 dedistis

2175 2479 2302 2531 mihi
2344 2478 2669 2543 manducare,
2723 2479 2874 2542 sitivi,
2927 2489 2973 2532 et
3014 2496 3113 2532 non
3166 2490 3341 2549 potum
3394 2483 3518 2534 mihi
3565 2483 3780 2537 dedistis

2181 2570 2393 2641 (Matth.
2438 2570 2532 2626 25.
2578 2569 2695 2642 42),
2730 2571 2814 2625 his
2842 2570 3020 2625 verbis
3047 2571 3307 2640 castigat;
3353 2582 3408 2627 et
3451 2587 3572 2626 cum
3619 2574 3783 2638 dicitr

2176 2660 2259 2715 Ite
2291 2662 2346 2716 in
2391 2663 2555 2734 ignem
2582 2671 2828 2716 wternum
2859 2672 3097 2733 paratum
3142 2661 3344 2717 diabolo
3370 2661 3533 2732 (Ibid.
3575 2681 3623 2717 ιν.
3652 2665 3768 2733 41).

2175 2769 2270 2810 eos
2314 2754 2407 2825 qui
2452 2753 2590 2808 male
2635 2755 2800 2823 partis
2843 2753 3044 2808 divitiis
3087 2753 3315 2809 aliiuunt
3345 2754 3437 2810 illo
3483 2757 3663 2811 mittit.
3705 2757 3780 2811 Επ

2175 2864 2368 2904 servus
2399 2847 2487 2902 ille
2519 2863 2770 2917 nequam,
2811 2846 2902 2918 qui
2932 2848 3208 2901 conservis
3248 2846 3384 2901 bona
3415 2847 3617 2903 domini
3661 2866 3769 2904 non

2175 2939 2413 3009 largitur,
2447 2939 2498 2993 in
2524 2939 2711 2993 eadem
2740 2947 2824 2993 est
2860 2938 3072 3005 classe;
3103 2954 3308 2994 necnon
3341 2940 3386 2994 is
3415 2946 3532 3010 quis
3561 2942 3651 3012 qui
3686 2952 3769 2996 ta-

2174 3031 2376 3086 lentum
2406 3031 2640 3097 suii'odit,
2685 3041 2736 3085 et
2777 3031 3014 3100 quinque
3039 3032 3291 3100 virgines.
3320 3031 3387 3086 Et
3426 3047 3774 3103 quocumque

2172 3123 2392 3188 abieris,
2431 3137 2622 3176 avaros
2651 3121 2810 3190 plecti
2851 3121 3076 3175 videbis.
3127 3125 3204 3176 Ac
3235 3137 3375 3178 nunc
3417 3123 3632 3192 quidem
3665 3141 3768 3177 au-

2170 3213 2339 3278 dient,
2376 3213 2542 3267 Chaos
2579 3213 2809 3268 estinter
2845 3229 2937 3266 nos
2963 3222 3010 3265 et
3053 3226 3140 3265 vos
3163 3211 3313 3284 (Luc.
3344 3214 3431 3268 16.
3463 3213 3594 3284 26);
3624 3231 3767 3270 nitnc

2182 3297 2427 3356 Recedite
2467 3321 2499 3357 a
2544 3320 2624 3355 me
2671 3305 2728 3355 in
2767 3317 2937 3370 ignem
2979 3298 3180 3370 [vobis]
3219 3311 3512 3367 paratum;
3553 3312 3607 3356 et
3640 3310 3775 3358 tunc

2174 3391 2226 3444 iu
2252 3390 2387 3444 duas
2409 3400 2587 3460 partes
2611 3387 2819 3444 discissi
2844 3388 2939 3443 illo
2969 3387 3120 3443 ibunt
3150 3387 3239 3442 ubi
3267 3388 3467 3444 stridor
3499 3388 3766 3454 dentium,

2171 3495 2333 3554 atqtte
2360 3483 2598 3553 undique
2627 3482 2764 3552 pulsi
2789 3480 3132 3549 videbuntur,
3165 3495 3430 3552 nusquam
3458 3481 3634 3537 locum
3663 3483 3771 3536 ha-

2173 3576 2361 3630 bcntes
2390 3575 2489 3628 nisi
2520 3575 2574 3628 in
2601 3575 2865 3641 gehenna.

2243 3665 2298 3719 5.
2342 3664 2493 3720 Sana
2513 3664 2640 3734 fides
2660 3680 2761 3716 non
2779 3661 2982 3734 prodest
3006 3662 3114 3718 sine
3132 3662 3460 3733 aperibus.—
3478 3661 3770 3732 Quid'ergo

2172 3755 2327 3811 nobis
2351 3771 2481 3811 sana
2523 3754 2657 3809 ﬁdes
2696 3753 2939 3823 proderit
2973 3753 3042 3808 ad
3072 3752 3325 3819 salutem,
3351 3768 3472 3807 Ctml
3512 3753 3628 3806 hare
3670 3769 3768 3805 au-

2169 3849 2418 3906 diemus?
2463 3848 2596 3913 illic,
2641 3845 2841 3901 stridor
2881 3845 3144 3910 dentium,
3175 3844 3413 3900 tenebrat
3443 3844 3763 3907 exteriores,

2169 3944 2232 3998 et'
2278 3943 2416 4012 ignis
2468 3946 2689 4012 paratus
2735 3937 2970 4004 diabolo,
3025 3935 3290 4001 discissio,
3341 3936 3627 4006 expulsio;
3679 3937 3766 3989 hic

2169 4049 2320 4100 vero,
2366 4030 2680 4096 inimicitiae,
2705 4028 3010 4093 calumnize,
3045 4027 3308 4098 pericula,
3345 4028 3762 4094 sollicitudines,

2169 4123 2412 4190 insidiae,
2459 4121 2641 4178 odium
2691 4121 2955 4184 onmium,
2983 4119 3312 4174 abominatio
3357 4120 3499 4190 apud
3545 4136 3754 4182 omnes,

2167 4217 2329 4272 etiam
2351 4229 2446 4270 eos
2469 4215 2558 4285 qui
2587 4213 2795 4268 adulari
2820 4212 3086 4267 videntur.
3113 4212 3266 4267 Sicut
3289 4213 3433 4270 enim
3464 4212 3632 4268 bonos
3654 4226 3766 4266 non

2166 4307 2294 4364 boni
2320 4307 2516 4374 solum,
2542 4304 2637 4360 sed
2668 4305 2830 4360 etiam
2861 4302 3090 4373 improbi
3117 4302 3419 4358 mirantur:
3450 4303 3530 4359 sic
3559 4304 3763 4373 impro—

2167 4401 2265 4456 bos
2289 4413 2396 4453 non
2422 4397 2549 4450 boni
2579 4405 2807 4461 tantum,
2828 4394 2922 4449 sed
2947 4394 3110 4449 etiam
3139 4391 3369 4464 improbi
3391 4392 3516 4448 odio
3537 4393 3760 4449 habent.

2165 4492 2296 4558 Qua:
2319 4505 2408 4545 res
2435 4487 2572 4543 adeo
2598 4501 2723 4541 vera
2752 4493 2856 4552 est,
2891 4493 2949 4540 ut
2990 4498 3180 4540 avaros
3225 4485 3371 4553 ipsos
3413 4485 3641 4539 libenter
3681 4485 3764 4539 in-

2169 4593 2461 4654 terrogem,
2482 4595 2673 4634 annon
2718 4579 2856 4633 alter
2893 4577 3049 4633 alteri
3097 4575 3300 4631 invisus
3347 4577 3437 4638 sit,
3467 4585 3521 4630 et
3562 4577 3607 4631 si
3650 4591 3759 4630 non

2167 4675 2391 4747 perinde
2415 4674 2525 4729 sint
2551 4673 2692 4727 inter
2719 4685 2778 4726 se
2809 4669 3033 4738 inimici,
3064 4684 3129 4723 ac
3157 4667 3203 4722 si
3246 4683 3306 4724 se
3349 4679 3536 4723 mutuo
3574 4667 3762 4724 admo-

2163 4771 2290 4826 dum
2318 4767 2606 4831 laesissent,
2639 4778 2820 4818 annon
2856 4777 2917 4818 se
2943 4770 3133 4817 mutuo
3171 4759 3548 4824 criminentur,
3578 4775 3759 4814 annon

2163 4858 2548 4916 contumeliam
2591 4870 2708 4911 rem
2747 4854 2941 4925 ipsam,
2985 4865 3146 4923 quam
3174 4857 3362 4920 agunt,
3406 4864 3527 4906 esse
3570 4849 3760 4905 existi-

2163 4957 2333 5018 ment,
2362 4964 2485 5006 cum
2513 4946 2636 5018 quis
2665 4945 2772 5001 illis
2807 4943 2911 4999 hoc
2939 4942 3287 5013 opprobrium
3317 4940 3520 5011 objicit.
3547 4941 3759 5011 Oppro-

2163 5043 2340 5100 brium
2359 5040 2556 5112 quippe
2593 5037 2696 5092 hoc
2718 5044 2802 5091 est
2824 5044 3151 5100 extremum,
3173 5040 3230 5088 et
3263 5047 3491 5088 summa:
3515 5032 3760 5103 maligni-

2164 5135 2290 5190 tatis
2312 5139 2709 5204 argumentum.
2739 5126 2876 5183 Nam
2915 5126 2960 5180 si
3001 5125 3260 5196 pecunias
3281 5133 3626 5179 contemnere
3652 5137 3756 5178 non

2163 5233 2337 5297 potes,
2365 5221 2640 5294 quomodo
2669 5219 2857 5274 vinces
2881 5216 3397 5288 concupiscentiam,
3422 5230 3613 5270 vanam
3641 5215 3758 5285 glo-

2161 5317 2322 5381 riam,
2351 5313 2611 5378 furorem,
2636 5310 2812 5366 iram?
2838 5309 2906 5365 Et
2930 5309 3204 5381 quomodo
3241 5309 3363 5379 quis
3389 5307 3473 5362 his
3512 5308 3567 5362 in
3595 5307 3757 5363 rebus

2161 5404 2542 5477 obtemperet?
2567 5402 2706 5459 Nam
2731 5400 3226 5471 concupiscentiam
3255 5412 3542 5469 corporum
3559 5439 3575 5465 ,
3598 5398 3753 5462 iram,

2163 5499 2438 5564 furorem,
2470 5495 2651 5552 carnis
2701 5492 3062 5564 complexioni
3121 5491 3396 5558 tribuunt,
3456 5489 3756 5559 medicique

2163 5593 2292 5650 huic
2328 5588 2723 5646 vehementiam
2747 5578 2992 5643 motuum
3019 5584 3369 5650 adscribunt;
3412 5583 3754 5641 calidiorem-

2161 5699 2267 5757 que
2291 5691 2346 5739 et
2372 5679 2730 5737 humidiorem
2776 5677 3032 5732 lascivum
3061 5689 3184 5730 esse
3217 5681 3422 5744 putant,
3452 5688 3576 5730 eum
3603 5685 3751 5736 vero,

2161 5777 2252 5848 qui
2280 5774 2506 5831 sicciore
2532 5772 2605 5827 sit
2629 5769 2968 5840 intemperie,
2998 5767 3302 5832 ardentem,
3340 5765 3674 5830 iracundum,
3699 5771 3751 5819 et

2161 5869 2447 5928 furiosum.
2495 5867 2571 5925 De
2599 5863 2825 5922 avaritia
2873 5870 3052 5920 autem
3099 5860 3233 5918 nihil
3275 5859 3468 5918 horum
3497 5859 3691 5918 dicitur
3716 5869 3749 5910 s
