4128 6480
334 471 436 529 757

331 673 598 744 aegritudo
643 673 904 728 nascitur.
931 673 1291 738 Quamobrem
1339 687 1548 742 precor,
1586 672 1704 728 haec
1747 673 1926 727 omnia

331 764 710 828 emendemus,
733 771 1070 832 cmterosque
1090 762 1254 816 animi
1283 763 1500 817 morbos
1522 764 1611 832 qui
1633 764 1925 817 secundum

331 866 549 912 auatem
573 856 848 919 accidunt,
870 855 924 908 in
946 855 1273 910 contrarium
1296 855 1703 910 transferamus.
1721 855 1778 910 Si
1800 870 1928 911 vero

333 963 431 1014 per
477 947 715 1016 singulas
751 947 874 1000 vita:
915 957 1094 1015 partes
1127 945 1427 1017 navigando
1468 947 1682 1000 virtutis
1713 946 1928 1001 labores

337 1039 655 1103 devitenrus,
687 1046 741 1091 et
767 1036 968 1105 ubique
992 1036 1268 1106 naufragia
1300 1035 1579 1102 facientes,
1607 1036 1674 1090 ad
1713 1045 1925 1106 portum

335 1129 669 1199 appellamus
719 1128 976 1182 sarcinis‘
1027 1129 1398 1197 spiritualibus
1453 1128 1639 1193 vacui,
1685 1137 1926 1183 extrema

339 1224 628 1292 patiemur.
675 1221 923 1276 Prtesens
951 1221 1147 1290 quippe
1172 1221 1279 1274 vita
1310 1221 1533 1289 pelagus
1553 1227 1638 1275 est
1664 1220 1918 1290 amplum.

334 1315 400 1368 Et
430 1315 569 1368 sicut
613 1313 666 1368 in
697 1313 800 1368 hoc
843 1313 980 1368 mari
1019 1312 1154 1367 varii
1198 1323 1322 1367 sunt
1367 1313 1538 1378 sinus,
1565 1312 1654 1382 qui
1683 1312 1924 1367 diversas

332 1405 532 1459 habent
569 1411 949 1474 tempestates:
977 1401 1326 1475 Egreumque
1353 1418 1502 1458 mare
1532 1418 1564 1456 a
1593 1403 1766 1459 ventis
1795 1402 1929 1458 infe-

335 1506 539 1562 statur;
571 1496 911 1570 Tyrrhenum
942 1496 1156 1562 fretum,
1175 1507 1457 1567 angustum
1486 1506 1599 1560 est;
1628 1495 1928 1566 Charybdis

337 1603 484 1653 vero,
505 1597 726 1658 quaeest
749 1588 894 1642 circa
915 1587 1139 1658 Lybiam
1170 1588 1241 1643 ob
1268 1588 1448 1644 brevia
1481 1587 1717 1658 pericula
1738 1587 1922 1650 offert;

321 1677 622 1748 Propontis
663 1688 816 1732 extra
856 1678 1410 1746 Euxinum-POMum,
1455 1685 1528 1734 ob
1573 1679 1829 1748 impetum
1873 1687 1928 1732 et

327 1771 726 1828 vehementiam
764 1785 948 1842 aqum;
991 1787 1112 1842 quas
1141 1781 1297 1828 extra
1319 1771 1515 1837 Gades,
1537 1773 1683 1842 quod
1708 1773 1927 1842 pelagus

332 1861 472 1916 illud
513 1862 582 1916 sit
611 1861 1064 1929 infrequentatum
1105 1870 1163 1918 et
1205 1862 1467 1933 ignotum,
1495 1863 1722 1932 aliaeque
1763 1863 1926 1916 maris

332 1959 517 2019 partes
545 1952 618 2006 ob
642 1951 777 2006 alias
805 1967 998 2007 causas
1027 1967 1043 2006 :
1087 1952 1168 2008 sic
1194 1960 1248 2007 et
1278 1954 1332 2007 in
1354 1953 1462 2008 vita
1499 1960 1684 2008 nostra
1709 1953 1922 2007 accidit.

331 2043 680 2112 Primumque
704 2044 926 2114 pelagus
954 2052 1039 2099 est
1059 2044 1282 2114 puerilis
1311 2053 1460 2109 aetas,
1493 2059 1616 2116 qua
1646 2045 1824 2100 multis
1844 2055 1926 2100 est

330 2133 739 2202 tempestatibus
764 2133 1015 2201 obnoxia,
1044 2135 1114 2189 ob
1158 2135 1593 2204 imprudentiam,
1618 2135 1923 2190 facilitatem

329 2224 576 2290 nimiam,
603 2239 898 2294 parumque
931 2225 1090 2280 fixam
1121 2225 1380 2280 indolem.»
1414 2225 1649 2296 Ideoque
1676 2227 1924 2295 ptedago—

331 2330 428 2384 gos
448 2325 502 2370 et
526 2315 790 2370 doctores
819 2316 1002 2386 pueris
1029 2316 1335 2383 statuimus,
1364 2316 1455 2386 qui
1485 2316 1536 2372 id
1563 2316 1706 2383 quod
1747 2317 1798 2369 in
1826 2329 1924 2369 na-

331 2417 452 2462 tura
479 2408 662 2462 deficit
687 2407 994 2478 suppleant,
1018 2415 1079 2462 ut
1103 2406 1156 2461 in
1186 2408 1319 2461 mari
1341 2421 1438 2477 per
1461 2415 1632 2462 artem
1657 2406 1928 2476 guberna-

331 2500 547 2554 toriam.
578 2500 705 2554 Post
734 2499 872 2553 hanc
898 2506 1111 2553 aetatem
1143 2497 1525 2553 adolescentiae
1554 2511 1705 2552 mare
1733 2508 1923 2552 succe-

331 2591 432 2658 dit,
461 2591 549 2645 ubi
579 2591 726 2645 ve‘uti
756 2591 1124 2654 vehementes,
1152 2598 1210 2643 ut
1253 2589 1304 2642 in
1351 2585 1541 2657 ligato
1584 2586 1741 2652 mari,
1769 2596 1924 2642 aucta

331 2697 526 2753 nempe
567 2681 1025 2752 concupiscentia.
1069 2679 1128 2735 ln
1174 2680 1275 2735 hac
1314 2682 1546 2735 maxime
1589 2687 1750 2733 :etate
1788 2687 1926 2732 rara:

395 2877 414 2909 ⁸
439 2875 500 2926 lu
521 2873 684 2925 mel.
709 2887 806 2926 non
830 2874 1014 2939 legitur
1036 2886 1150 2935 vox,
1171 2872 1394 2925 sarcinis.

331 3225 462 3281 CAP.
528 3222 620 3279 26.
671 3237 729 3275 v.
773 3221 865 3277 26.
934 3220 1257 3274 Cmnautibus
1312 3228 1480 3272 autem
1533 3217 1637 3270 illis
1661 3255 1678 3282 ,
1730 3213 1924 3283 accepit

281 3313 287 3319 ’
402 3317 553 3370 Jesus
583 3327 785 3383 partem,
817 3321 864 3366 et
891 3313 1084 3382 gratias
1119 3327 1292 3381 agens,
1330 3310 1478 3380 fregit
1506 3307 1740 3375 deditque
1765 3303 1921 3357 disci—

405 3407 561 3476 pulis,
609 3413 656 3458 et
702 3405 776 3457 ait
810 3419 830 3458 :
873 3403 1116 3472 Accipite,
1157 3401 1438 3463 eomedite;
1478 3399 1576 3452 hoc
1617 3407 1689 3450 est
1739 3409 1924 3464 corpus

403 3513 592 3550 meum.
616 3494 706 3549 27.
735 3494 796 3548 Et
819 3494 1074 3563 accipiens
1103 3493 1330 3550 calicem.
1363 3490 1554 3561 gratias
1569 3489 1690 3558 egit,
1723 3496 1768 3540 et
1787 3485 1924 3539 dedit

404 3590 495 3653 eis,
527 3588 699 3641 dicens
728 3601 746 3640 :
785 3585 949 3639 Bibite
977 3601 1041 3640 ea:
1066 3586 1159 3639 hoc
1189 3601 1382 3638 omnes.
1420 3583 1510 3638 28.
1547 3581 1647 3635 Hic
1691 3590 1762 3634 est
1788 3579 1923 3633 enim

403 3681 618 3752 sanguis
641 3695 782 3732 meus
820 3680 936 3733 novi
978 3678 1278 3738 testamenti,
1307 3677 1392 3747 qui
1425 3691 1517 3746 pro
1542 3673 1721 3728 multis
1753 3671 1924 3738 eﬂ'uu-

406 3771 556 3824 detur
583 3770 636 3823 in
656 3769 1002 3823 remissionem
1029 3778 1365 3838 peccatorum.

409 3912 462 3964 I.
509 3909 686 3978 Papae,
716 3913 910 3977 quanta
947 3905 1159 3961 caecitas
1189 3903 1510 3975 proditoris!
1552 3901 1922 3973 Mysteriorum

339 4017 581 4068 Consors,
606 4000 745 4054 idem
771 3998 1097 4069 permansit;
1130 4005 1185 4052 et
1206 3997 1332 4050 dum
1357 3993 1630 4050 tremenda
1663 3993 1927 4046 frueretur

341 4110 544 4159 mensa,
575 4107 681 4147 non
734 4101 968 4145 mutuus
1016 4097 1119 4145 est.
1153 4089 1218 4143 Et
1267 4083 1369 4143 hoc
1419 4088 1589 4142 Lucas
1640 4083 1923 4155 signiﬁcat,

339 4186 546 4248 dicens,
584 4191 698 4251 post
752 4181 865 4236 I'nec
907 4182 958 4235 in
991 4195 1111 4233 cum
1144 4179 1442 4249 ingressum
1476 4178 1640 4231 fuisse
1684 4185 1925 4229 satanam

341 4275 491 4344 (Luc.
519 4273 610 4328 ‘22.
643 4271 696 4343 5)
727 4291 740 4327 :
783 4288 888 4326 non
918 4271 1057 4342 quod
1085 4270 1412 4324 dominicum
1459 4283 1654 4336 corpus
1680 4265 1926 4336 despice-

341 4377 444 4430 ret,
461 4365 717 4434 sedquod
745 4359 1129 4432 impudentiam
1161 4361 1449 4432 proditoris
1474 4359 1742 4414 irrideret.
1761 4354 1928 4427 Majus

344 4457 482 4509 enim
541 4461 815 4524 peccatum
857 4455 1106 4520 utrinque
1159 4452 1314 4508 fiebat
1343 4467 1358 4506 :
1387 4460 1438 4506 et
1467 4450 1607 4520 quod
1659 4465 1779 4505 cum
1837 4449 1930 4503 tali

343 4549 522 4603 animo
545 4548 612 4603 ad
643 4549 894 4619 mysteria
926 4547 1226 4610 accederet,
1263 4554 1316 4600 et
1345 4544 1485 4615 quod
1513 4559 1634 4599 cum
1664 4543 1928 4599 accessis-

345 4647 446 4704 set,
479 4649 581 4692 nec
609 4637 823 4704 timore,
871 4646 970 4691 nec
1012 4635 1294 4700 beneficio,
1339 4649 1440 4689 nec
1488 4632 1694 4689 honore
1738 4632 1932 4688 melior

344 4729 613 4785 evaderet.
643 4727 889 4784 ChriStus
931 4742 1059 4782 vero
1107 4727 1316 4781 etiamsi
1362 4725 1542 4779 omnia
1591 4734 1794 4790 nosset,
1823 4738 1929 4778 non

346 4817 650 4890 prohibuit;
684 4827 740 4872 ut
775 4818 950 4872 discas
989 4818 1161 4886 ipsum
1205 4817 1337 4871 nihil
1369 4832 1554 4872 eorum
1607 4816 1930 4885 praetermit-

347 4920 478 4978 tere,
502 4919 620 4980 quae
647 4909 713 4964 ad
753 4910 1184 4964 emendationem
1228 4906 1533 4963 conferunt.
1576 4899 1701 4964 Ideo
1724 4918 1778 4963 et
1807 4917 1932 4963 ante

345 5013 397 5058 et
436 5011 617 5073 postea
648 5001 956 5072 Irequeuter
977 5003 1147 5072 ipsum
1172 5004 1378 5056 monuit
1397 5016 1460 5055 ac
1481 5000 1930 5067 retinuit,verbis,

345 5094 620 5164 operibus,
653 5093 866 5158 timore,
913 5093 1094 5158 minis,
1138 5091 1344 5146 honore
1385 5099 1439 5146 et
1464 5092 1630 5146 cultu.
1664 5091 1768 5146 Sed
1801 5091 1932 5145 nihil

345 5201 465 5240 eum
492 5201 522 5238 a
552 5194 657 5239 tam
700 5185 847 5255 gravi
877 5185 1064 5238 morbo
1095 5185 1328 5239 reduxit.
1357 5183 1562 5239 Idcirco
1600 5177 1690 5238 illo
1717 5179 1932 5238 demum

348 5273 551 5344 relicto,
578 5276 855 5346 discipulis
886 5282 980 5346 per
1010 5277 1264 5347 mysteria
1299 5291 1486 5330 necem
1518 5291 1666 5330 suam
1698 5285 1935 5331 comme-

343 5375 538 5431 morat,
568 5377 619 5421 et
660 5365 800 5420 inter
828 5365 1149 5420 castrandum
1195 5365 1263 5420 de
1302 5372 1482 5421 cruce'
1507 5365 1761 5435 loquitur,
1794 5380 1932 5434 prae-

338 5458 592 5513 dictionis
622 5457 917 5528 frequentia
951 5458 1254 5528 passionem
1286 5473 1438 5512 suam
1469 5458 1699 5512 toleratu
1729 5457 1935 5513 facilio-

339 5565 457 5604 rem
507 5550 761 5608 reddens.
811 5541 944 5605 Nam
993 5552 1037 5605 si
1067 5560 1190 5622 post
1217 5559 1295 5604 tot
1324 5564 1412 5604 res
1453 5561 1632 5621 gestas
1659 5565 1711 5608 et
1739 5553 1936 5623 prmdi-

335 5658 358 5694 r.
378 5643 548 5698 tiones
580 5641 777 5698 turbati
808 5652 953 5712 sunt,
975 5643 1022 5698 si
1065 5640 1198 5697 nihil
1229 5641 1424 5695 horum
1451 5644 1778 5708 audissent’,
1809 5643 1935 5714 quid

339 5739 450 5789 non
490 5734 700 5806 passuri
745 5733 948 5793 erant?
968 5734 1034 5790 Et
1079 5734 1505 5791 manducautibus
1535 5735 1639 5790 illis
1686 5736 1938 5806 accipiens

412 5891 430 5921 '
455 5890 572 5954 Aﬁr,
593 5904 636 5943 st
658 5901 719 5943 tte
739 5890 847 5946 lucc
869 5890 1064 5957 quidem
1085 5891 1361 5956 audissent;
1387 5906 1482 5944 non
1511 5895 1658 5944 male.

1265 465 1330 522 IN
1368 465 1775 526 MAT'I'IIIEUM
1809 466 2046 526 HOMIL.
2077 469 2342 526 LXXXII.
2383 471 2456 526 aI.
2499 470 2778 527 LXXXIII.

333 583 585 639 medicis.
608 581 702 638 Si:
725 597 793 638 ex
823 580 1041 653 ignavia
1064 589 1270 636 tantum
1295 590 1352 636 et
1377 582 1541 636 animi
1567 590 1788 652 stupore
1813 581 1929 637 haec
1965 657 1968 660 _

3513 475 3621 531 75$

2030 591 2152 637 sunt
2181 584 2618 650 emendationes;
2651 599 2756 640 non
2785 583 2945 640 modo
2968 586 3104 657 quod
3135 586 3224 642 illa
3252 588 3626 647 vehementius

2031 676 2366 746 exagitetur;
2398 677 2492 732 sed
2513 678 2654 748 quod
2681 688 2898 749 peccata
2923 695 3027 733 non
3051 690 3467 749 redarguantur;
3498 693 3626 739 tunc

2031 766 2171 820 enitr
2204 767 2392 820 doctor
2418 776 2471 820 et
2501 768 2818 838 paedagogus
2852 768 3254 824 abscesserunt.
3280 770 3414 824 Cum
3445 777 3627 842 itaqtie

2031 868 2180 911 venti
2209 858 2582 912 vehementius
2611 860 2826 924 reﬂant,
2857 862 2901 914 si
2929 861 3256 930 gubernator
3283 864 3352 917 sit
3382 864 3620 919 imbecil-

2033 948 2154 1013 lior,
2179 964 2443 1017 nemoque
2474 950 2541 1004 sit
2563 952 2652 1020 qui
2676 952 2970 1006 subsidium
2999 953 3208 1018 afferat,-
3230 955 3401 1024 cogi't-a
3428 966 3623 1024 quanta

2031 1042 2103 1093 sit
2134 1042 2469 1110 tempestatis
2499 1042 2830 1111 magnitudo.
2855 1043 2988 1098 Huic
3017 1045 3258 1099 succedit
3281 1045 3622 1111 altera'aatas,

2031 1143 2149 1201 qua:
2175 1141 2259 1186 est
2287 1132 2544 1193 virorum,
2575 1133 2627 1186 in
2655 1148 2756 1201 qua
2787 1133 2864 1187 rei
2895 1133 3176 1188 familiaris
3202 1134 3622 1202 administratio,

2031 1229 2142 1276 tum
2185 1235 2318 1277 uxor
2359 1222 2594 1286 ducitur,
2642 1223 2795 1277 liberi
2847 1233 3221 1291 procreantur,
3253 1225 3446 1278 domus
3493 1239 3620 1279 cura

2029 1314 2254 1382 geritur,
2302 1313 2552 1382 milleque
2599 1313 2986 1369 sollicitudines
3031 1316 3436 1383 superveniunt.
3471 1315 3624 1368 Tunc

2030 1406 2264 1459 maxime
2289 1407 2470 1475 vigent
2498 1406 2718 1459 avaritia
2750 1414 2804 1460 et
2843 1405 3061 1460 invidia.
3103 1405 3159 1461 Si
3193 1407 3352 1476 igitur
3387 1407 3624 1476 singulas

2029 1497 2152 1550 vitae
2206 1507 2388 1566 partes
2440 1511 2561 1551 cum
2620 1494 2911 1566 naufragiis
2960 1497 3299 1563 emetiamur,
3351 1497 3623 1567 quomodo

2029 1597 2354 1656 prmsentem
2404 1588 2567 1640 vitam
2626 1587 3012 1640 transibimus?
3063 1588 3332 1655 quomodo
3383 1587 3622 1640 futurum

2029 1679 2347 1746 supplicium
2391 1677 2727 1732 vitabimus?
2772 1677 2830 1732 Si
2855 1678 2998 1732 enim
3029 1677 3080 1730 in
3109 1678 3279 1746 prima
3310 1686 3466 1732 :rtate
3493 1678 3626 1731 nihil

2030 1769 2145 1822 sani
2171 1767 2538 1833 didicerimus,
2569 1768 2620 1820 iu
2655 1768 2946 1836 juvenlute
2975 1770 3319 1823 continenter
3347 1781 3451 1823 nou
3479 1771 3628 1822 vixe-

2030 1860 2221 1924 rimus,
2254 1859 2461 1912 virilem
2501 1858 2681 1927 adepti
2725 1866 2939 1912 aetatem
2985 1860 3262 1912 avaritiam
3295 1875 3402 1914 non
3431 1859 3627 1914 viceri-

2030 1960 2185 2013 m‘us;
2218 1951 2268 2002 in
2297 1958 2629 2004 senectutem
2670 1950 2822 2018 quasi
2862 1949 2915 2002 in
2947 1951 3214 2004 sentinam
3246 1951 3477 2017 devecti,
3501 1966 3626 2006 cuin

2032 2055 2129 2108 per
2157 2039 2257 2094 hos
2284 2055 2472 2094 omnes
2496 2041 2646 2108 quasi
2681 2041 2900 2109 laqueos
2942 2042 3136 2095 anima:
3185 2042 3486 2096 naviculam
3517 2043 3624 2096 im-

2033 2131 2360 2185 becilliorem
2415 2131 2831 2197 reddiderimus,
2879 2131 3184 2202 tabulisque
3231 2133 3522 2197 dissolutis,
3557 2134 3624 2187 ad

2032 2221 2179 2275 illum
2206 2231 2420 2291 portum
2462 2221 2858 2287 devenerimus,
2893 2237 2993 2292 pro
3031 2224 3399 2294 spiritualihus
3428 2227 3624 2280 merci-

2032 2315 2131 2369 bus
2174 2315 2400 2367 multum
2454 2323 2856 2383 comportantes
2908 2316 3076 2370 lutum
3121 2334 3134 2370 :
3179 2317 3391 2370 diabolo
3435 2317 3624 2380 risura,

2003 2406 2188 2460 .noh’s
2236 2404 2437 2458 luctum
2489 2405 2817 2474 parabimus,
2848 2406 3313 2477 intolerabiliaque
3362 2409 3626 2477 supplicia

2032 2495 2339 2551 afleremus.
2365 2496 2442 2551 Ne
2469 2496 2647 2566 itaque
2677 2497 2792 2552 lucc
2818 2497 2948 2551 fiant
2988 2513 3088 2552 nos
3114 2499 3349 2568 undique
3375 2501 3624 2554 munien.

2033 2597 2133 2652 tes,
2165 2588 2529 2659 adversusque
2557 2603 2746 2643 omnes
2783 2589 2946 2644 animi
2985 2590 3202 2645 morbos
3228 2599 3455 2658 stantes,
3487 2591 3626 2646 divi-

2033 2682 2225 2734 tiarum
2246 2681 2592 2749 cupiditatem
2623 2681 2922 2749 eiiciamus,
2946 2690 3007 2734 ut
3030 2682 3200 2735 futura
3234 2688 3628 2753 consequantur

2034 2771 2194 2832 bona,
2225 2774 2393 2839 gratia
2429 2778 2482 2823 et
2513 2769 2843 2840 benignitate
2889 2769 3102 2824 Domini
3143 2769 3268 2826 Jesu
3299 2772 3515 2838 Christi,
3541 2772 3627 2828 cui

2034 2861 2204 2930 gloria
2237 2861 2295 2913 in-
2317 2859 2510 2914 saecula
2536 2860 2882 2914 sreculerum.
2912 2862 3108 2915 Amen.

1334 3072 1682 3134 HOMILIA
1723 3067 2050 3133 LXXXII.
2096 3069 2182 3130 al.
2228 3068 2585 3129 LXXXIII.

2029 3217 2213 3281 panem
2243 3210 2412 3280 fregit.
2439 3209 2550 3264 Cur
2570 3220 2696 3265 tunc
2727 3219 2967 3280 tempore
2995 3213 3264 3282 paschalis
3292 3214 3396 3271 hoc
3423 3225 3626 3288 myste-

2029 3304 2172 3358 rium
2216 3303 2551 3358 celebravit?
2594 3303 2667 3358 Ut
2709 3303 2946 3374 undique
2985 3306 3183 3371 discas,
3233 3307 3387 3362 illum
3414 3309 3628 3366 Veteris

2016 3394 2357 3450 .Testamenti
2387 3393 2554 3450 fuisse
2581 3394 2961 3464 legislatorem,
2982 3406 3038 3452 et
3062 3411 3124 3453 ea
3153 3413 3272 3466 qua:
3296 3399 3355 3453 in-
3378 3399 3472 3455 illo
3499 3413 3627 3455 sunt

2029 3496 2249 3556 propter
2293 3485 2410 3540 hare
2460 3485 2773 3541 adumbrata
2825 3486 3012 3544 fuisse.
3052 3487 3284 3560 Ideoque
3324 3490 3419 3545 ubi
3467 3497 3629 3563 typus

2030 3585 2164 3641 erat,
2196 3576 2269 3630 ibi
2297 3576 2902 3632 veritatem-constituit.
2937 3578 3172 3648 Vespera
3225 3588 3404 3635 autem
3453 3583 3626 3651 pleni-

2031 3670 2230 3726 tudinis
2255 3678 2558 3740 temporum
2592 3670 2802 3740 siguum
2835 3679 2970 3736 erat,
3004 3670 3380 3743 indicabatque
3410 3680 3498 3728 res
3527 3675 3625 3731 de-

2032 3777 2179 3817 mum
2203 3761 2270 3815 ad
2301 3761 2468 3816 finem
2489 3762 2768 3816 accedere.
2797 3762 3117 3832 Gratiasque
3136 3762 3266 3833 agit,
3297 3765 3496 3820 docens
3525 3773 3626 3821 nos

2030 3851 2302 3922 quomodo
2331 3860 2576 3921 oporteat
2606 3854 2708 3906 hoc
2751 3854 3070 3923 mysterium
3109 3854 3408 3919 celebrare,
3440 3867 3626 3912 esten-

2029 3943 2166 3999 dens
2191 3957 2251 3997 se
2278 3959 2389 3997 non
2412 3936 2638 3996 invitum
2665 3942 2732 3996 ad
2755 3945 3064 4014 passionem
3091 3948 3297 4014 venire,
3317 3948 3628 4004 instituens-

2030 4049 2136 4105 que
2163 4049 2282 4101 nos,
2299 4043 2359 4088 ut
2378 4034 2630 4104 quidquid
2653 4035 2941 4104 patiamur,
2961 4051 3083 4090 cum
3105 4039 3394 4107 gratiarum
3415 4042 3629 4097 actione

2033 4125 2289 4191 feramus,
2322 4125 2627 4194 bonam-que
2673 4126 2797 4181 inde
2839 4142 2988 4196 spem
3016 4128 3268 4184 all‘erens.
3302 4131 3431 4186 Nam
3462 4133 3506 4186 si
3550 4139 3628 4204 ty-

2032 4231 2143 4286 pus-
2159 4225 2214 4272 et
2242 4216 2410 4286 figura
2440 4233 2469 4270 a
2507 4225 2651 4270 tanta
2696 4219 2867 4286 potuit
2895 4220 3156 4275 servitute
3185 4220 3432 4289 liberare,
3463 4224 3630 4277 multo

2034 4308 2206 4377 magis
2233 4309 2433 4363 veritas
2457 4307 2648 4362 orbem
2695 4308 2963 4376 liberabit,
2995 4311 3155 4380 inque
3193 4312 3507 4368 beneficium
3539 4329 3622 4384 ge.

2037 4397 2183 4453 neris
2211 4397 2380 4453 nostri
2405 4397 2666 4453 tradetur.
2703 4398 2906 4454 Idcirco
2935 4413 3038 4453 non
3065 4401 3291 4456 antehac
3320 4406 3630 4472 mysterium

2035 4489 2204 4555 dedit,
2231 4490 2335 4544 sed
2353 4503 2472 4544 cum
2505 4490 2705 4560 legaliaa
2735 4500 2856 4560 post
2897 4491 3015 4546 haec
3040 4500 3314 4547 ceSSatura
3338 4499 3534 4547 essent.
3570 4495 3628 4548 Ιιι

2035 4590 2198 4652 caput
2242 4581 2642 4637 solemnitatum
2687 4596 2874 4636 eorum
2927 4583 3105 4647 solvit,
3155 4583 3222 4638 ad
3273 4585 3431 4638 aliam
3488 4585 3629 4653 ipsos

2039 4673 2373 4728 transferens
2421 4685 2662 4727 mensam
2711 4673 3187 4741 terribilis’simam,
3229 4677 3448 4745 aitque:
3481 4676 3626 4728 Acri-

2039 4766 2162 4836 pite,
2193 4767 2474 4827 comedite;
2501 4766 2594 4819 hoc
2620 4773 2692 4818 est
2721 4780 2907 4834 corpus
2936 4781 3120 4828 meum,
3153 4768 3286 4836 quod
3331 4777 3422 4835 pro
3461 4768 3596 4820 vobis
3616 4769 3644 4797 '-

2040 4857 2298 4927 fraugitur
2325 4854 2533 4923 (I.Cor.
2554 4855 2769 4924 “.24).
2797 4856 3144 4925 thuomodo
3162 4865 3265 4911 non
3291 4858 3480 4912 turbati
3509 4865 3627 4911 sunt

2042 4947 2145 5003 hoc
2172 4948 2490 5002 audientes?
2519 4947 2654 5014 Quia
2694 4948 2858 5001 multa
2907 4961 3206 5018 magnaque
3232 4965 3295 5005 ea
3326 4951 3393 5005 de
3434 4967 3493 5006 re
3519 4952 3628 5022 jam

2041 5041 2171 5111 ipsis
2198 5039 2429 5094 dixerat.
2462 5039 2588 5094 Ideo
2615 5051 2721 5091 non
2755 5038 2885 5092 illud
2912 5038 3050 5094 ultra
3095 5040 3310 5105 statuit;
3356 5041 3479 5112 quia
3521 5043 3631 5112 jam

2040 5133 2178 5188 satis,
2199 5131 2501 5187 audierant.
2531 5131 2760 5186 Causam
2788 5146 2916 5186 vero
2963 5133 3230 5202 passionis
3259 5134 3411 5202 dicit,
3444 5151 3624 5205 pecca-

2041 5231 2216 5278 torum
2246 5237 2440 5292 nempe
2464 5221 2864 5276 remissionem.
2895 5223 2963 5278 Et
2987 5225 3300 5295 sanguinem
3325 5229 3446 5281 novi
3475 5237 3634 5282 testa-

2035 5314 2206 5370 menti
2236 5320 2416 5379 vocat,
2440 5311 2496 5367 id
2525 5319 2632 5380 est,
2659 5311 3093 5383 pollicitationis,
3125 5327 3284 5367 novae
3320 5311 3474 5382 legis.
3507 5309 3650 5363 Hoc-

2035 5405 2196 5462 enim
2204 5405 2322 5472 ja‘m-
2339 5404 2470 5460 olim
2497 5403 2764 5472 pollicitus
2793 5412 2931 5470 erat,
2960 5411 3020 5459 et-
3035 5417 3230 5458 novum
3257 5413 3634 5460 testamentum

2041 5494 2347 5551 conﬁrmat.
2377 5495 2456 5549 Ac
2479 5493 2934 5563 quemadmodum
2963 5493 3129 5547 Vetus
3175 5509 3302 5548 oves
3349 5501 3404 5548 ct
3441 5494 3634 5546 vitulos

2044 5585 2248 5654 habuit,
2281 5585 2362 5641 sic
2384 5595 2439 5641 et
2461 5585 2564 5641 hoc
2584 5584 2914 5641 dominicum
2945 5585 3282 5658 sanguinem.
3309 5583 3445 5639 Hinc
3472 5585 3635 5639 etiam

2043 5678 2279 5735 ostendit
2317 5693 2377 5733 se
2414 5679 2732 5733 moriturum
2777 5692 2898 5733 esse
2941 5694 2958 5734 :
3004 5676 3127 5731 ideo
3159 5683 3216 5732 et
3257 5682 3636 5731 testamentum

2047 5778 2332 5834 memorat,
2361 5777 2416 5824 et
2454 5768 2650 5824 veteris
2676 5769 2837 5825 etiam
2871 5767 3198 5823 mentionem
3223 5763 3387 5821 facit:
3429 5783 3550 5821 nam
3583 5776 3632 5822 et

2113 5895 2131 5926 ί
2157 5892 2270 5952 Alii,
2293 5907 2386 5959 pro
2408 5891 2587 5944 multis.
