4128 6424
629 435 742 493 πθ

627 545 764 600 illud
787 559 1000 616 quoque
1029 557 1128 615 per
1145 544 1450 613 sanguinem
1475 544 1777 599 dedicatum
1803 543 2211 599 fueratJterum

630 647 846 702 quoque
874 632 1060 686 mortis
1079 646 1296 686 causam
1334 631 1484 699 diett,
1517 634 1620 697 Qui
1663 650 1754 701 pro
1783 634 1954 688 multis
1979 631 2211 700 clande-

631 733 715 777 tur
737 726 790 778 in
820 724 1160 779 remissionem
1203 735 1522 794 peccatorum
1550 741 1572 779 :
1608 728 1807 795 aitque,
1837 724 1953 779 Hoc
1974 727 2130 794 facite
2157 726 2210 778 in

627 830 791 867 meam
830 815 1374 868 commemorationem.
1404 814 1598 870 Viden‘
1639 815 1908 884 quomodo
1927 813 2208 870 aJudaicis

623 903 856 957 abducat
883 913 940 958 et
965 913 1155 960 avocet
1183 904 1459 960 moribus?
1497 905 1628 960 Nam
1669 905 1809 960 sicut
1835 905 1984 972 illud,
2015 907 2203 976 inquit,

624 991 983 1046 celebrabatis
1021 993 1074 1047 in
1117 995 1684 1050 commemorationem
1726 995 2102 1050 miraculorum
2144 998 2204 1051 in

625 1081 861 1152 Egypto
887 1083 1176 1152 editorum,
1206 1084 1278 1139 ita
1304 1095 1360 1139 et
1399 1086 1500 1140 hoc
1527 1086 1580 1140 in
1607 1101 1782 1140 meam
1811 1102 2203 1142 commemora-

619 1173 822 1228 tionem
849 1174 1026 1228 facite.
1054 1174 1186 1230 Illud
1217 1175 1442 1230 elfusum
1472 1185 1554 1230 est
1593 1177 1661 1230 ad
1684 1178 1909 1232 salutem
1927 1179 2202 1249 primoge-

619 1262 859 1316 nitorum
906 1279 920 1315 :
971 1262 1076 1318 hoc
1115 1263 1183 1318 ad
1230 1266 1604 1320 remissionem
1650 1275 1986 1335 peccatorum
2041 1271 2200 1326 totius

619 1351 788 1406 orbis.
817 1351 920 1405 Hic
947 1362 1021 1406 est
1054 1353 1190 1406 enim
1215 1355 1425 1424 sanguis
1453 1372 1612 1422 meus,
1642 1356 1831 1426 inquit,
1862 1358 1950 1428 qui
1973 1357 2201 1426 effunde-

610 1451 702 1495 tur
739 1444 792 1497 in
829 1445 1175 1498 remissionem
1203 1456 1541 1516 peccatorum.
1577 1447 1691 1503 Hoc
1735 1465 1893 1519 porro
1935 1450 2091 1517 dixit,
2139 1461 2200 1507 ut

617 1533 778 1586 simul
805 1534 1112 1590 ostenderet
1146 1537 1448 1604 passionem
1477 1546 1532 1591 et
1568 1552 1782 1594 crucem
1830 1555 1949 1594 esse
1991 1552 2195 1612 myste-

611 1623 780 1686 rium,
807 1634 969 1693 atque
997 1623 1096 1678 hac
1120 1625 1327 1680 ratione
1354 1627 1543 1680 iterum
1569 1627 1858 1696 discipulos
1887 1633 2195 1686 consolare-

617 1722 724 1765 tur.
756 1713 820 1767 Et
847 1715 984 1768 sicut
1007 1714 1214 1785 Moyses
1241 1715 1334 1780 ait,
1366 1716 1480 1770 Hoc
1519 1717 1654 1772 vobis
1695 1722 1985 1776 memoriale
2002 1725 2192 1794 sempi-

607 1811 812 1856 ternum
842 1803 1035 1873 (Exod.
1066 1807 1120 1860 5.
1150 1805 1239 1876 15)
1267 1823 1281 1859 :
1310 1807 1388 1861 sic
1426 1817 1481 1862 et
1505 1808 1639 1878 ipse,
1679 1809 1748 1863 In
1783 1828 1946 1866 meam
1973 1830 2192 1870 comme-

615 1895 942 1947 morationem
971 1893 1141 1966 (Luc.
1173 1895 1264 1949 22.
1294 1897 1361 1952 19
1387 1898 1428 1966 ),
1480 1898 1652 1953 donec
1702 1902 1933 1957 veniam.
1987 1904 2189 1960 Idcirco

604 1983 710 2047 ait,
756 1983 1017 2038 Desiderio
1045 1986 1327 2040 desideravi
1364 1988 1460 2042 hoc
1501 1991 1693 2059 pascha
1741 1993 2086 2060 manducare;
2135 1996 2187 2050 id

603 2081 714 2140 est,
744 2074 894 2128 vobis
918 2090 1005 2130 res
1022 2091 1191 2130 novas
1213 2077 1445 2142 tradere,
1468 2087 1524 2133 et
1566 2080 1761 2148 pascha
1789 2081 1938 2148 dare,
1963 2099 2070 2153 quo
2092 2100 2188 2140 vos

608 2164 913 2233 Spirituales
942 2166 1185 2221 reddam.
1213 2168 1280 2222 Et
1309 2170 1424 2238 ipse
1457 2186 1669 2241 quoque
1693 2188 1758 2226 ex
1787 2174 1878 2229 illo
1918 2175 2069 2230 bibit.
2108 2177 2186 2234 Ne

602 2258 748 2312 enim
769 2258 882 2314 hare
895 2259 1172 2316 audientes
1187 2261 1425 2317 dicerent
1439 2279 1455 2316 :
1471 2265 1606 2329 Quid
1618 2267 1782 2336 ergo?
1799 2270 2182 2337 sanguinemne

602 2347 858 2416 bibimus,
884 2359 941 2405 et
981 2367 1198 2407 carnem
1249 2355 1668 2412 manducamus?
1708 2369 1763 2413 et
1806 2361 2178 2430 turbarentur;

595 2452 724 2490 nam
759 2452 880 2492 cum
924 2440 1024 2495 hac
1059 2442 1129 2496 de
1156 2457 1214 2497 re
1255 2444 1417 2498 verba
1471 2446 1686 2512 iaceret,
1717 2449 1787 2504 de
1835 2451 1964 2520 ipsis
2005 2455 2182 2510 verbis

597 2529 750 2583 multi
779 2529 965 2584 οσαιεί
991 2541 1118 2586 sunt
1145 2552 1159 2586 z
1188 2549 1258 2588 ne
1287 2535 1465 2604 itaque
1507 2545 1631 2594 tunc
1671 2542 2032 2612 turbarentur,
2063 2547 2178 2615 pri-

597 2633 723 2672 mus
751 2620 864 2688 ipse
907 2621 1010 2676 hoc
1047 2621 1194 2687 facit,
1225 2633 1283 2678 ut
1310 2624 1430 2678 illos
1457 2626 1524 2680 ad
1553 2630 1929 2699 mysteriorum
1967 2636 2181 2703 partici-

596 2712 868 2779 pationem
931 2715 1215 2784 tranquillo
1260 2717 1442 2770 animo
1488 2720 1818 2776 subeundam
1880 2725 2174 2782 induceret.

596 2799 725 2856 Ideo
753 2818 879 2873 ergo
915 2818 1070 2858 suum
1117 2806 1234 2875 ipse
1264 2810 1578 2878 sanguinem
1627 2812 1781 2868 bibit.
1811 2815 1948 2883 Quid
1993 2819 2173 2888 igitur,

597 2891 828 2962 inquies,
862 2909 929 2950 an
957 2894 1059 2951 hoc
1088 2907 1144 2953 et
1187 2908 1339 2955 vetus
1365 2902 1494 2958 illud
1523 2905 1682 2960 simul
1724 2905 2023 2966 faciendum
2055 2913 2175 2968 est?

590 2981 957 3054 Nequaquam.
982 2986 1107 3042 Ideo
1133 3005 1365 3060 namque
1393 2991 1550 3058 dixit,
1579 2994 1690 3049 Hoc
1709 2999 1880 3066 facite,
1901 3010 1957 3054 ut
1985 3001 2054 3055 ab
2080 3002 2174 3058 illo

588 3071 900 3130 abduceret.
923 3075 1053 3131 Nam
1075 3078 1121 3133 si
1145 3079 1246 3134 hoc
1271 3082 1643 3139 remissionem
1667 3099 2004 3156 peccatorum
2025 3091 2170 3159 facit,

583 3171 650 3216 ut
677 3162 837 3218 etiam
864 3163 1010 3232 facit,
1039 3168 1368 3238 superﬂuum
1393 3173 1497 3227 erit
1522 3173 1674 3230 illud.
1711 3177 1861 3233 Sicut
1887 3193 2016 3251 ergo
2038 3181 2168 3237 olim

578 3253 728 3330 apud
747 3252 982 3324 Judteos,
1000 3258 1079 3314 sic
1099 3268 1156 3315 et
1183 3276 1322 3317 nunc
1345 3279 1558 3334 quoque
1581 3266 1826 3324 beneficii
1852 3273 2166 3328 memoriam

581 3327 846 3415 mysterio
867 3348 1156 3419 colligavit,
1189 3349 1316 3407 hinc
1340 3353 1714 3412 barreticorum
1739 3374 1832 3413 ora
1857 3360 2163 3419 obstruens.

576 3431 720 3489 Cum
747 3437 890 3492 enim
915 3437 1119 3505 dicunt,
1143 3439 1296 3498 Unde
1323 3443 1496 3512 palam
1519 3458 1605 3501 est
1629 3447 1959 3505 immolatum
1999 3452 2164 3509 fuisse

579 3521 895 3581 Christum?
936 3542 1057 3583 cum
1095 3530 1246 3597 aliis,
1297 3532 1457 3587 etiam
1500 3548 1533 3588 a
1577 3539 1874 3607 mysteriis,
1924 3528 2160 3610 ipsorum

577 3612 907 3672 obstruimus
953 3633 1069 3674 ora.
1117 3619 1252 3676 Nam
1294 3623 1342 3678 si
1383 3623 1541 3679 Jesus
1589 3641 1695 3682 non
1724 3638 1966 3687 mortuus
1992 3643 2157 3703 esset,

575 3702 734 3775 cujus
759 3709 1001 3779 symbola
1027 3721 1211 3766 essent
1249 3713 1334 3768 illa
1359 3730 1478 3784 quae
1505 3715 1841 3776 offeruntur?

641 3795 699 3852 2.
731 3797 914 3856 Viden’
942 3815 1063 3856 cum
1089 3814 1283 3873 quanta
1313 3818 1440 3861 cura
1470 3808 1746 3876 provisum
1773 3812 1864 3878 sit,
1894 3824 1953 3868 ut
1972 3830 2156 3872 recor-

563 3887 766 3944 demur
789 3906 1005 3961 semper
1033 3892 1206 3962 ipsum
1236 3911 1335 3966 pro
1358 3898 1514 3956 nobis
1538 3912 1807 3960 mortuum
1835 3920 1956 3963 esse
1975 3908 2000 3960 ‘t
2018 3897 2152 3976 Quia

564 3979 715 4034 enim
743 3980 960 4050 Marcio,
988 3984 1302 4043 Valentinus
1321 3999 1376 4044 et
1400 3990 1581 4048 Manes
1616 3994 1755 4052 hanc
1791 4003 2151 4058 (economiam

567 4072 813 4138 negaturi
841 4082 1020 4139 erant,
1059 4078 1329 4144 passionis
1355 4085 1672 4140 memoriam
1691 4089 1908 4144 assidue
1934 4102 2152 4149 revocat

564 4161 730 4213 etiam
757 4176 854 4231 per
901 4166 1153 4234 mysteria
1173 4208 1191 4234 ,
1225 4178 1284 4222 ut
1310 4185 1470 4226 nemo
1512 4174 1694 4231 seduci
1726 4179 1912 4246 possit,
1943 4196 2150 4253 perque

562 4265 774 4305 sacram
808 4253 952 4308 illam
998 4271 1239 4312 mensam
1265 4260 1423 4314 simul
1449 4276 1705 4346 servat‘et
1734 4267 1988 4325 instituit.
2017 4272 2143 4329 Ete-

561 4342 674 4397 nim
699 4344 830 4400 illud
856 4356 1017 4415 caput
1039 4348 1303 4404 honorum
1333 4361 1437 4407 est.
1466 4353 1593 4411 Ideo
1622 4342 1819 4414 i’aulus
1840 4360 2146 4432 frequenter

561 4433 663 4489 hoc
688 4436 901 4504 repetit.
922 4438 1121 4494 Deinde
1148 4450 1428 4511 postquam
1454 4446 1687 4515 tradidit,
1711 4449 1842 4506 dicit
1868 4467 1883 4506 :
1906 4453 1992 4510 29.
2019 4454 2143 4511 Non

557 4523 723 4578 bibam
746 4525 814 4579 de
854 4527 950 4580 hoc
987 4531 1241 4598 genimine
1266 4534 1377 4587 vitis
1407 4551 1564 4603 usque
1595 4539 1647 4593 in
1672 4541 1806 4596 diem
1832 4544 2007 4612 illam,
2023 4565 2141 4604 cum

554 4614 689 4670 illud
711 4616 876 4670 bibant
904 4634 1086 4673 novum
1113 4621 1362 4677 vobiscum
1386 4626 1441 4679 in
1468 4644 1624 4698 regno
1648 4630 1825 4688 Patris
1861 4639 1976 4690 mei.
2005 4638 2138 4696 Nam

553 4705 678 4773 quia
725 4706 852 4774 ipsis
877 4708 945 4762 de
972 4712 1216 4778 paSsioue
1243 4723 1297 4768 et
1341 4732 1502 4772 cruce
1546 4720 1795 4791 loquutus
1821 4736 1928 4792 est,
1953 4744 2137 4786 resur-

553 4796 808 4851 rectionis
847 4813 1034 4854 rursus
1077 4804 1406 4860 mentionem
1454 4807 1614 4876 facit,
1649 4813 1899 4886 illamque
1931 4818 2016 4874 hic
2045 4837 2134 4877 re-

551 4901 714 4954 gnum
741 4897 914 4942 vocat.
947 4889 1014 4944 Et
1041 4907 1206 4961 quare
1231 4906 1350 4964 post
1377 4903 1823 4960 resurrectionem
1853 4909 2028 4966 bibit?
2054 4912 2131 4968 Ne

552 4976 797 5032 rudiores
826 4990 1074 5048 putarent
1101 4989 1545 5044 resurrectionem
1598 5007 1718 5048 esse
1765 4997 2118 5070 phantasma;

552 5065 655 5121 hoc
692 5068 836 5122 enim
879 5073 1033 5126 multi
1067 5073 1082 5104 ⁸
1109 5075 1319 5144 signum
1347 5093 1468 5134 esse
1495 5088 1901 5144 resurrectionis
1925 5101 2132 5149 statue-

550 5157 699 5211 bant.
725 5157 850 5214 ldeo
877 5164 1104 5230 apostoli
1143 5175 1200 5220 ut
1228 5173 1602 5228 resurrectioni
1634 5175 1792 5232 fidem
1845 5179 2086 5240 facerent
2107 5228 2124 5251 ,

506 5296 511 5303 .
549 5247 657 5304 hoc
687 5250 938 5306 dicebant
971 5271 985 5308 :
1017 5254 1119 5321 Qui
1145 5258 1296 5314 simul
1333 5265 1662 5334 comedimus,
1690 5279 1738 5323 et
1771 5271 1985 5331 bibimus
2010 5247 2128 5333 cum

548 5356 608 5393 eo
655 5339 794 5408 (Act.
845 5341 932 5398 lo.
977 5345 1095 5417 41).
1124 5347 1194 5402 Ut
1250 5350 1408 5420 igitur
1442 5359 1726 5428 ostendat,
1771 5366 1915 5434 quod
1955 5368 2126 5438 ipsum

540 5431 686 5488 clare
719 5443 840 5503 post
891 5441 1335 5496 resurrectionem
1367 5445 1684 5517 visurisint,
1716 5431 1857 5523 quod
1876 5472 1997 5513 cum
2026 5462 2125 5515 illi'

542 5521 721 5578 denuo
742 5524 956 5583 futurus
981 5529 1076 5594 sit,
1107 5540 1162 5584 et
1187 5535 1330 5602 quod
1381 5537 1478 5606 ipsi
1507 5550 1562 5594 et
1589 5558 1653 5598 ex
1682 5521 1820 5610 visu,
1842 5548 1903 5604 et
1933 5567 2000 5606 ex
2033 5569 2123 5609 re-

542 5608 641 5666 bus
665 5612 733 5669 de
756 5615 821 5668 iis
850 5631 969 5686 qua:
997 5629 1147 5687 gesta
1177 5631 1302 5676 sunt
1327 5627 1690 5687 testimonium
1718 5608 1825 5691 sint
1843 5641 2120 5712 reddituri,

536 5700 609 5754 ait
635 5719 649 5756 :
678 5703 853 5758 Donec
881 5708 1013 5765 illud
1042 5710 1207 5766 bibant
1232 5731 1414 5771 novum
1443 5723 1716 5795 uobiscum,
1739 5729 1892 5788 vobis
1927 5700 2120 5792 testili:

570 5797 694 5860 ’.ιω
720 5813 924 5877 habent,
948 5826 1142 5885 ueteres,
1171 5838 1277 5887 pro,
1303 5829 1458 5881 multa.

1299 435 1367 491 'S.
1402 432 2178 492 JOANNIS'CIIRYSOSTO)“
2219 437 2533 498 ARClIlEP.
2574 445 3100 512 CONST'ANTINOP.

2317 551 2579 608 cautibus.
2617 555 2724 612 Vos
2763 562 2906 616 enim
2935 579 3022 620 me
3049 565 3298 626 videbitis
3323 583 3605 646 postquam
3653 596 3902 641 resima

2318 657 2466 698 sero.
2492 645 2628 712 Quid
2657 661 2742 704 est
2765 662 2942 709 autem
2983 657 3136 725 illud,
3169 659 3411 719 Nouum!
3431 645 3495 721 id
3523 679 3628 736 est,
3651 687 3805 728 novo
3835 685 3900 732 ct

2313 729 2556 823 inaudito
2579 739 2760 805 modo,
2793 758 2898 797 non
2928 747 2980 800 in
3007 761 3233 818 corpore
3257 755 3514 823 passibili,
3663 729 3896 822 ἰιιιιιισιζ

2313 821 2402 874 tali
2433 833 2487 878 et
2517 825 2924 900 incorruptibili,
2975 852 3074 894 nec
3101 840 3222 896 cibo
3260 821 3459 914 egenti.
3490 821 3621 905 Post
3645 867 3898 912 resurre-

2309 913 2544 970 ctionem
2587 919 2747 988 igitur
2776 939 2881 979 non
2908 940 2974 982 ex
3004 937 3324 990 necessitate
3350 940 3587 996 comedit
3631 953 3685 999 et
3713 945 3889 1016 bibit;

2310 1016 2484 1071 neque
2508 1007 2652 1063 enim
2685 1011 2749 1065 iis
2785 1023 2910 1069 tunc
2937 1018 3127 1086 egebat
3154 1037 3347 1093 corpus
3364 1043 3387 1092 .;
3419 1029 3522 1084 sed
3564 1032 3632 1086 ad
3678 1007 3889 1092 certius

2307 1099 2716 1155 resurrectionis
2745 1117 3136 1174 augumeatum.
3191 1113 3296 1169 Sed
3324 1131 3428 1172 cur
3466 1129 3588 1189 post
3635 1138 3887 1183 resurre-

2305 1185 2573 1252 ctionem,
2609 1206 2714 1244 non
2761 1209 2974 1264 aquam,
3031 1201 3124 1254 sed
3165 1204 3348 1260 vinum
3393 1185 3568 1264 bibit?
3597 1212 3667 1268 U‘t
3712 1216 3882 1271 aliam

2303 1273 2497 1330 malam
2529 1277 2771 1335 haeresim
2805 1286 3056 1343 radicitus
3077 1292 3356 1349 evelleret.
3401 1297 3538 1366 Quia
3563 1302 3706 1357 enim
3750 1305 3884 1375 qui.

2301 1362 2497 1419 damin
2522 1372 2790 1439 mysteriis
2814 1390 2948 1446 aqua
2977 1388 3213 1448 utuntur,
3242 1393 3299 1439 ut
3318 1362 3564 1446 ostendat
3591 1406 3650 1448 se
3669 1405 3728 1449 et

2299 1462 2554 1528 mysteria
2587 1465 2804 1522 tradidit
2834 1470 2959 1524 vino
2987 1489 3142 1529 usum
3172 1476 3355 1544 fuisse,
3385 1491 3440 1536 et
3484 1493 3605 1554 post
3632 1502 3880 1547 resurreo

2298 1550 2530 1606 ctionem
2561 1556 2676 1611 sine
2697 1563 2966 1630 mysteriis
2995 1566 3049 1619 in
3074 1568 3278 1638 vulgari
3301 1586 3486 1628 mensa
3512 1575 3690 1633 vinum
3717 1581 3880 1636 adlu-

2296 1637 2499 1708 buisse,
2528 1642 2614 1698 Ex
2637 1650 2888 1715 genimine
2907 1653 3040 1720 vitis,
3070 1637 3258 1726 inquit.
3282 1659 3446 1716 Vinea
3467 1674 3646 1721 autem
3665 1670 3876 1739 vinum,

2296 1743 2406 1784 non
2447 1747 2638 1802 aquam
2690 1738 2878 1808 gignit.
2925 1743 3014 1799 50.
3046 1744 3116 1799 Et
3144 1749 3331 1818 hymno
3377 1754 3512 1808 dicto
3551 1759 3784 1814 exierunt
3821 1738 3877 1818 in

2295 1820 2522 1878 Montem
2558 1828 2835 1886 olivarum.
2869 1835 3102 1892 Audiam
3131 1851 3430 1912 quotquot,
3462 1862 3745 1917 porcorum
3794 1855 3881 1909 in-

2292 1922 2424 1977 star,
2451 1924 2638 1971 contra
2677 1934 2920 1978 mensam
2966 1928 3274 1985 sensibilem
3318 1936 3664 1994 comedentes
3708 1942 3877 1998 calci-

2293 2011 2456 2069 trant,
2489 2015 2544 2059 et
2573 2011 2848 2098 temulenti
2878 2027 3104 2086 surgunt
3129 2059 3145 2085 ,
3175 2035 3297 2076 cum
3345 2037 3623 2096 oporteret
3668 2035 3874 2102 gratias

2288 2107 2452 2162 agere
2479 2105 2531 2152 et
2560 2099 2614 2152 in
2663 2088 2890 2172 hymnos
2935 2106 3203 2166 desinere.
3234 2088 3430 2172 Audite
3459 2088 3722 2190 quotquot
3766 2139 3872 2194 po-

2289 2191 2543 2241 stremam
2582 2193 2884 2250 orationem
2934 2203 3314 2270 mysteriorum
3346 2221 3452 2262 non
3497 2214 3868 2280 exspectatis:

2287 2291 2408 2345 qua:
2427 2279 2570 2335 illius
2592 2285 2894 2354 symbolum
2921 2298 3023 2344 est.
3059 2292 3268 2350 Gratias
3314 2299 3422 2368 egit
3463 2279 3747 2374 anteipsam
3786 2306 3871 2361 di-

2286 2369 2507 2438 scipulis
2533 2373 2706 2437 daret.
2737 2386 2795 2431 ut
2821 2379 2984 2434 etiam
3015 2398 3114 2438 nos
3141 2387 3342 2456 gratias
3381 2369 3625 2460 agamus:
3651 2394 3866 2452 Gratias

2285 2461 2394 2529 egit
2422 2471 2477 2517 et
2507 2463 2920 2535 bymnumalixit
2946 2485 3225 2545 postquam
3257 2479 3534 2549 dedisset,
3580 2495 3636 2540 ut
3677 2497 3733 2542 et
3763 2503 3865 2545 nos

2284 2549 2386 2604 hoc
2408 2553 2578 2621 ipsum
2602 2556 2876 2614 faciamus.
2894 2561 3004 2618 Sed
3027 2581 3124 2620 cur
3142 2569 3252 2624 exit
3275 2578 3331 2624 ut
3351 2574 3607 2630 ascendat
3627 2577 3679 2632 in
3705 2593 3864 2634 mon-

2283 2649 2392 2695 tem
2413 2645 2438 2695 1'
2476 2642 2610 2700 Sese
2656 2651 2938 2707 manifeste
2988 2658 3276 2714 ostendens
3305 2671 3361 2716 ut
3388 2663 3652 2735 capiatur,
3683 2683 3754 2725 ne
3783 2671 3862 2726 vi-

2279 2730 2470 2788 deatur
2498 2750 2618 2792 sese
2661 2744 2930 2799 occultare
2960 2763 2973 2798 :
3001 2746 3287 2806 festinabat
3320 2730 3517 2825 quippe
3563 2730 3647 2810 ad-
3677 2759 3858 2818 locum

2277 2820 2430 2878 Judte
2455 2837 2661 2882 notum.
2688 2831 2778 2887 5i.
2811 2833 2949 2889 Tunc
2972 2838 3106 2892 dixit
3135 2841 3206 2895 eis
3224 2859 3244 2895 :
3279 2820 3380 2898 vos
3407 2820 3580 2902 omnes
3597 2851 3860 2906 scandali-

2275 2913 2516 2969 sabimini
2557 2917 2612 2971 in
2643 2937 2740 2974 me.
2772 2923 2975 2981 Deinde
2999 2927 3150 2983 addit
3183 2932 3517 3002 prophetiam
3543 2955 3559 2992 :
3587 2937 3856 3010 Scriptum

2277 3013 2350 3057 est
2388 3008 2525 3061 enim
2549 3049 2565 3073 ,
2599 3013 2880 3080 percutiam
2916 3028 3206 3089 pastorem,
3241 3034 3292 3078 et
3337 3008 3718 3101 dispergentun
3736 3049 3858 3090 aues

2275 3092 2460 3167 (Zach.
2505 3100 2593 3155 15.
2649 3102 2746 3174 7);
2785 3120 2910 3162 cum
2939 3119 2996 3164 ut
3048 3111 3154 3168 illis
3201 3092 3442 3186 suadeat,
3488 3092 3703 3195 semper
3729 3143 3854 3186 esse

2274 3184 2565 3257 Scripturis
2592 3195 3000 3268 attendendum,
3035 3212 3141 3258 tum
3172 3215 3233 3261 ut
3255 3184 3534 3282 signiﬁcet,
3656 3233 3722 3274 cx

2271 3277 2546 3336 voluntate
2573 3284 2812 3356 cruciﬁgi
2839 3329 2854 3353 ,
2881 3298 3044 3360 atque
3071 3277 3623 3367 undiqucv'osteudens
3649 3323 3709 3364 se
3737 3277 3848 3366 non
3891 3295 3896 3299 ’

2267 3381 2390 3424 esse
2416 3385 2447 3424 a
2489 3371 2607 3442 lege
2655 3379 2821 3432 veteri
2847 3381 3099 3449 alienum,
3131 3402 3304 3459 neque
3333 3405 3363 3445 a
3395 3391 3506 3448 Deo
3533 3396 3624 3466 qui
3653 3397 3706 3452 in
3753 3400 3845 3456 illa

2267 3461 2672 3550 praedicabatur,
2698 3468 2928 3542 itemque
2947 3478 3090 3544 quod
3117 3487 3240 3536 tunc
3263 3482 3428 3540 ﬁebat
3448 3501 3514 3542 ex
3538 3461 3845 3550 oeconomia

2266 3549 2401 3615 ﬁeri,
2431 3567 2494 3608 ac
2520 3556 2806 3626 prophetas
2830 3565 3038 3634 omnia,
3067 3584 3188 3638 qua:
3219 3582 3342 3629 tunc
3364 3578 3704 3648 gerebantur,
3729 3584 3842 3654 jam

2261 3642 2391 3698 olim
2426 3649 2743 3715 pradixisse
2766 3695 2783 3721 ,
2815 3663 2874 3710 ut
2899 3656 3023 3714 hinc
3069 3661 3146 3716 illi
3186 3663 3252 3719 de
3283 3642 3593 3728 melioribus
3648 3642 3844 3734 futuris

2260 3734 2550 3794 admodum
2598 3745 2955 3804 conﬁderent.
2992 3751 3261 3825 Docctque
3287 3775 3393 3828 quo
3443 3773 3598 3832 pacto
3633 3780 3838 3839 cogno-

2258 3839 2480 3929 scantur
2506 3835 2694 3904 quales
2721 3848 2868 3908 ante,
2917 3843 3106 3912 quales
3156 3857 3278 3917 post
3322 3865 3535 3910 crucem
3589 3835 3840 3929 discipuli

2255 3914 2477 3976 fuerint.
2506 3923 2638 3979 Nam
2668 3928 2759 3996 qui
2786 3943 2910 3985 cum
2928 3914 3326 4006 cruciﬁgeretur
3351 3957 3419 3998 ne
3445 3953 3588 4002 stare
3613 3914 3832 4019 quidem

2256 4019 2565 4082 potuerunt,
2600 4015 2652 4071 hi
2704 4029 2826 4090 post
2871 4038 3087 4080 crucem
3117 4033 3320 4087 strenui
3347 4042 3402 4088 et
3424 4015 3708 4096 adamante
3737 4042 3836 4098 tir-

2246 4469 2432 4539 gisset,
2454 4489 2562 4542 quo
2589 4492 2695 4531 non
2728 4479 3015 4550 impietatis
3036 4491 3444 4560 prorupissent?
3466 4495 3592 4552 ldeo
3621 4515 3727 4554 non
3758 4517 3829 4558 ex

2246 4574 2342 4616 sua
2375 4572 2578 4620 tantum
2611 4571 2880 4637 passione,
2913 4575 3007 4630 sed
3034 4578 3193 4633 etiam
3223 4597 3290 4636 ex
3333 4583 3399 4639 iis
3425 4601 3546 4657 qua:
3577 4589 3642 4643 ad
3668 4589 3827 4647 disct—

2244 4653 2398 4723 pulos
2419 4668 2682 4725 spectant,
2727 4678 2934 4719 necnon
2977 4682 3042 4722 ex
3073 4672 3343 4741 mysteriis
3368 4714 3384 4738 ,
3416 4688 3640 4734 mortem
3672 4695 3826 4737 suam

2243 4744 2546 4812 conﬁrmat,
2580 4749 2952 4809 Marcionistas
2974 4758 3209 4829 undique
3236 4763 3540 4834 profligans.
3578 4768 3702 4825 Ideo
3731 4785 3820 4828 co-

2242 4835 2519 4905 ryphaeum
2549 4855 2744 4909 negare
2774 4858 2833 4898 se
2879 4849 3155 4916 permittit.
3184 4851 3240 4906 Si
3291 4855 3436 4910 enim
3484 4873 3584 4914 nec
3615 4860 3824 4918 vinctus

2241 4941 2342 4982 nec
2366 4930 2655 4986 cruciﬁxus
2684 4932 2897 5002 fuisset,
2947 4939 3088 4995 unde
3114 4949 3288 4997 tantus
3306 4953 3363 4999 et
3406 4946 3482 5002 illi
3509 4957 3568 5003 et
3606 4952 3823 5022 reliquis

2240 5027 2416 5075 metus
2461 5019 2672 5078 futurus
2719 5028 2874 5081 erat?
2920 5029 3102 5100 Neque
3133 5041 3309 5088 tamen
3352 5037 3474 5094 illos
3501 5040 3557 5095 in
3586 5019 3821 5101 mmrore

2238 5110 2476 5182 reliquit,
2501 5115 2596 5170 sed
2631 5116 2759 5186 quid
2795 5116 2912 5174 ait?
2941 5121 3032 5175 52.
3068 5121 3348 5195 Postquam
3391 5139 3563 5184 autem
3591 5150 3819 5188 resurre-

2236 5218 2382 5270 xero,
2415 5209 2699 5274 praecedam
2721 5225 2807 5264 vos
2823 5210 2875 5264 in
2905 5212 3192 5270 Galilaeam.
3223 5216 3407 5289 Neque
3425 5223 3567 5278 cnim
3595 5240 3663 5280 ex
3686 5227 3819 5283 Caelo

2233 5295 2414 5348 Statim
2441 5307 2687 5367 apparet,
2717 5315 2892 5371 neque
2915 5304 2967 5357 in
2994 5307 3279 5374 quamdam
3311 5311 3583 5381 regionem
3611 5315 3816 5387 longin-

2234 5401 2395 5454 quam
2423 5387 2552 5451 abit,
2585 5390 2679 5444 Sed
2729 5391 2782 5444 in
2810 5391 2922 5461 ipsa
2948 5404 3112 5464 gente
3138 5397 3279 5466 apud
3331 5416 3490 5470 quam
3531 5406 3815 5461 cruciﬁxus

2233 5485 2338 5542 est,
2378 5477 2428 5531 in
2463 5478 2594 5547 ipsis
2626 5479 2737 5536 fere
2788 5482 2942 5549 locis,
2977 5495 3033 5539 ut
3076 5487 3234 5541 etiam
3293 5489 3416 5545 inde
3471 5493 3812 5551 conﬁrmaret

2233 5568 2384 5636 ipsis,
2415 5572 2660 5626 eumdem
2687 5583 2740 5628 et
2761 5577 3074 5632 cruciﬁxum
3101 5578 3289 5648 fuisse,
3321 5591 3377 5637 et
3405 5588 3765 5642 resurrexisse
3791 5629 3808 5654 ,

2232 5670 2288 5713 ut
2336 5659 2461 5716 hinc
2490 5676 2780 5721 mazrentes
2821 5669 2988 5739 magis
3033 5672 3424 5729 consolaretur.
3457 5675 3697 5743 idcirco,
3745 5677 3808 5733 In

2233 5751 2471 5820 Galiltea,
2496 5753 2652 5823 dixit,
2690 5767 2802 5812 uta
2831 5769 2975 5814 metu
3016 5761 3324 5818 Judtcorum
3372 5765 3602 5831 liberati,
3649 5767 3805 5825 dictis

2236 5843 2536 5901 crederent.
2564 5847 2671 5904 llac
2707 5849 2848 5904 enim
2878 5849 2946 5906 de
2975 5866 3134 5912 eausa
3183 5853 3252 5908 ibi
3292 5856 3556 5926 apparuit.
3587 5855 3677 5913 33.
3716 5855 3801 5910 Re-
