4128 6420
281 403 395 462 739

261 517 587 590 ἁμαρτιῶν
609 533 622 548 ·
648 515 742 570 καί
766 531 921 587 φησι,
947 514 1126 568 Τοῦτο
1148 515 1368 569 ποιεῖτε
1399 517 1488 580 είς
1510 516 1623 583 τὴν
1638 517 1794 586 ἐμὴν
1819 517 1962 572 ἀνά-

259 619 533 674 ⁴μνησιν.
583 600 732 666 Εἵδες
772 603 890 665 πῶς
923 602 1105 668 ἐξάγει
1155 601 1264 655 τῶν
1311 602 1614 655 Ἰουδαϊκῶν
1662 603 1821 668 ἐθῶν,
1872 605 1966 658 καὶ

280 688 578 758 ἀφίστησις
642 685 911 753 Καθάπερ
966 686 1074 754 γάρ
1110 685 1286 737 ἐκεῖνο
1317 687 1586 745 ἐποιεῖτε,
1630 687 1832 756 φησὶν,
1885 686 1966 749 είς

281 772 593 841 ἀνάμνησιν
621 769 728 820 τῶν
760 769 819 820 ἐν
848 766 1108 838 Αἰγύπτῳ
1141 767 1437 837 θαυμάτων
1460 807 1474 829 ,
1517 765 1662 821 οὕτω
1688 768 1782 822 καὶ
1806 767 1966 822 τοῦτο

283 855 366 916 είς
394 853 557 923 ἐμήν.
604 851 810 904 Ἐκεῖνο
841 849 1068 919 ἐξεχύθη
1111 851 1191 912 είς
1219 850 1491 920 σωτηρίαν
1533 850 1643 904 τῶν
1693 851 1966 922 πρωτοτό⁴

284 952 397 988 κων
421 950 435 963 ·
471 933 630 987 τοῦτο
655 933 735 996 εἰς
761 933 954 1000 ἄφεσιν
994 931 1277 1001 ἁμαρτιῶν
1315 933 1414 1000 τῆς
1454 931 1782 1002 οἰκουμένης
1823 932 1964 986 ἀπά-

284 1033 405 1088 σης.
439 1016 620 1070 Τοῦτο
648 1017 757 1085 γάρ
785 1015 917 1069 ἐστι
946 1013 1010 1068 τὸ
1041 1009 1185 1084 αᾷιά
1204 1032 1345 1082 μου,
1371 1015 1527 1082 φησὶ,
1556 1015 1623 1068 τὸ
1641 1015 1966 1084 ἐκχυνόμε-

282 1117 397 1155 νον
430 1101 518 1164 είς
538 1098 762 1167 ἄφεσιν
791 1096 1112 1166 ἁμαρτιῶν.
1140 1097 1310 1150 Τοῦτο
1345 1095 1494 1168 [783]
1529 1097 1585 1150 δέ
1625 1097 1798 1166 ἔλεγε,
1834 1100 1966 1152 κάν-

281 1180 474 1234 τεῦθεν
506 1180 722 1243 δεικνὺς
753 1178 867 1249 ἅμα
915 1181 998 1232 ὅτι
1034 1178 1331 1249 μυστήριόν
1361 1181 1476 1231 ἐστι
1522 1179 1584 1230 τὸ
1612 1178 1784 1242 πάθος
1818 1179 1911 1231 καὶ
1935 1179 1964 1231 6

285 1263 540 1333 σταυρὸς,
572 1263 666 1316 καὶ
697 1261 784 1314 διὰ
817 1261 1006 1314 τούτου
1029 1260 1191 1314 πάλιν
1231 1260 1568 1330 παρακαλῶν
1605 1262 1731 1325 τοὺς
1785 1261 1964 1331 μαθη-

282 1347 403 1405 τάς.
437 1345 548 1397 Καὶ
579 1344 832 1412 καθάπερ
874 1344 1120 1413 Μωῦσῆς
1154 1360 1311 1413 φησι,
1353 1341 1532 1396 Τοῦτο
1561 1343 1966 1412 μνημόσυνον

283 1426 430 1493 ὑμῖν
449 1425 722 1480 auinam”
754 1424 896 1478 οὓτω
929 1425 1022 1479 καὶ
1053 1425 1236 1488 αὐτὸς,
1264 1425 1370 1489 Είς
1400 1423 1557 1491 ἐμὴν
1596 1423 1962 1494 ἀνάμνησιν,

284 1507 391 1570 ἕως
427 1507 494 1560 ἂν
556 1507 981 1577 παραγένωμαι.
1025 1505 1123 1558 Διά
1164 1505 1322 1557 τοῦτο
1359 1506 1476 1568 καὶ,
1519 1505 1834 1573 Ἐπιθυμίᾳ
1865 1506 1965 1558 έπ-

283 1589 578 1656 εθύμησα,
607 1588 759 1656 φησὶ,
789 1587 856 1640 τὸ
884 1587 1093 1657 πάσχα
1117 1587 1295 1641 τοῦτο
1308 1586 1540 1656 φαγεῖνο
1567 1587 1835 1652 τουτέστι,
1862 1605 1967 1642 πα-

287 1669 541 1739 ραδοῦναι
589 1669 718 1738 ὑμῖν
759 1668 826 1722 τά
859 1669 1021 1721 καινά
1041 1670 1365 1740 πράγματα,
1414 1671 1510 1722 καὶ
1541 1669 1728 1738 πάσχα
1758 1668 1961 1732 δοῦναι,

284 1751 408 1805 καθ’
445 1750 474 1802 ὃ
516 1749 692 1819 μέλλω
715 1752 1118 1820 πνευματικοὺς
1166 1754 1358 1804 ποιεῖν.
1401 1752 1512 1804 Καὶ
1552 1751 1714 1814 αὐτὸς
1739 1751 1786 1782 ³⁸
1813 1749 1964 1804 έπιεν

287 1832 349 1898 ἐξ
379 1829 565 1884 αὑτοῦ.
592 1832 709 1884 Ἵνα
735 1830 844 1902 γάρ
874 1831 950 1902 μὴ
972 1831 1146 1884 ταῦτα
1177 1833 1468 1896 ἀκούοντες
1497 1834 1714 1893 εἴπωσι,
1743 1831 1809 1885 Τί
1838 1828 1960 1896 οὗνς

284 1909 426 1984 αἷμα
465 1915 693 1986 πίνομεν
726 1916 794 1979 ’⁷,
819 1916 914 1968 καὶ
951 1916 1130 1985 σάρκα
1162 1916 1446 1985 ἐσθίομεν;
1481 1916 1578 1968 καὶ
1618 1914 1963 1986 θορυϐηθῶσι

283 1996 410 2050 τότε
433 2013 447 2026 ·
489 1999 614 2064 (καὶ
669 1998 780 2069 γάρ
828 1998 918 2051 ὅτε
949 1999 1078 2062 τοὺς
1117 1998 1246 2068 περὶ
1283 1998 1487 2051 τούτων
1525 1999 1697 2051 ἐκίνει
1749 1997 1960 2067 λόγους,

284 2080 381 2134 καὶ
403 2080 539 2151 πρὸς
567 2082 636 2134 τά
675 2083 899 2152 ῥήματα
946 2080 1085 2134 αύτά
1130 2081 1314 2134 πολλοὶ
1346 2082 1792 2147 ἐσκανδαλίζοντο
1813 2082 1865 2152 ο)
1896 2083 1961 2136 ἵν’

282 2155 378 2212 οῦν
403 2159 479 2230 μὴ
517 2161 611 2215 καὶ
639 2161 760 2215 τότε
789 2161 1125 2232 ταραχθῶσι,
1160 2162 1375 2232 πρῶτος
1409 2164 1571 2227 αὐτὸς
1599 2164 1756 2216 τοῦτο
1785 2165 1963 2236 ἐποίηο

285 2259 400 2306 σεν,
440 2244 651 2312 ἐνάγων
694 2245 891 2307 αὐτοὺς
925 2245 1217 2316 ἀταράχως
1267 2246 1349 2307 εἰς
1393 2244 1490 2316 τὴν
1524 2246 1810 2300 κοινωνίαν
1853 2247 1962 2300 τῶν

288 2327 629 2400 μυστηρίων.
681 2325 781 2379 Διά
812 2325 971 2378 τοῦτο
1017 2325 1064 2358 ’⁸
1091 2327 1152 2379 τὸ
1181 2325 1376 2379 ἐαυτοῦ
1409 2321 1551 2397 αἷμα
1593 2327 1755 2391 αὐτὸς
1790 2328 1961 2383 ἔπιεν.

284 2407 353 2459 Τί
378 2404 504 2466 οὗν;
531 2411 754 2462 κάκεῖνο
775 2407 884 2479 χρὴ
913 2409 1086 2463 ποιεῖν
1117 2409 1179 2461 τὸ
1211 2408 1441 2462 παλαιόν
1476 2409 1554 2474 ⁹’;
1585 2409 1770 2479 φησίν.
1802 2410 1966 2464 066a-

287 2487 428 2559 μῶς.
458 2489 694 2560 Διά’γάρ
736 2489 898 2544 τοῦτο
927 2485 1068 2551 εἷπε.
1108 2490 1288 2544 Τοῦτο
1330 2491 1572 2552 ποιεῖτε.
1625 2493 1714 2546 ῖνα
1751 2494 1964 2547 ἐκείνου

281 2571 569 2641 ἀπαγάγῃ.
611 2571 675 2624 EI
727 2571 834 2644 γάρ
880 2571 1037 2624 τοῦτο
1061 2571 1258 2643 ἀφεσιν
1303 2573 1590 2645 ἁμαρτιῶν
1647 2574 1962 2646 ἐργάζεται,

283 2655 474 2727 ὥσπερ
509 2654 603 2710 οῦν
632 2657 725 2710 καὶ
755 2657 1069 2727 ἐργάζεται,
1101 2657 1354 2728 περιττὸν
1381 2660 1557 2712 ἐκεῖνο
1594 2659 1797 2715 λοιπόν.
1830 2663 1962 2715 Ὥσ-

283 2754 395 2808 περ
417 2733 510 2791 οῦν
538 2735 759 2790 ἐπὶτῶν
793 2737 1084 2801 Ἰουδαίων,
1112 2737 1256 2792 οὕτω
1285 2739 1378 2791 καὶ
1404 2739 1637 2793 ἐνταῦθα
1656 2741 1670 2771 ¹
1689 2742 1787 2812 τῆς
1807 2743 1966 2814 εὐερ-

282 2819 476 2888 γεσίας
506 2820 837 2891 ἐγκατέδησε
875 2821 936 2873 τὸ
971 2821 1315 2891 μνημόσυνον
1351 2820 1431 2890 τῷ
1475 2823 1795 2894 μυστηρίῳ,
1829 2829 1962 2880 κάν-

281 2901 476 2954 τεῦθεν
529 2901 860 2972 ἐμφράττων
909 2903 1019 2955 τῶν
1053 2903 1348 2974 αίρετικῶν
1380 2905 1449 2958 τά
1495 2905 1757 2975 στόματα.
1794 2908 1964 2961 Ὅταν

283 2983 396 3055 γάρ
428 2983 662 3051 λέγωσι,
708 2983 880 3037 Πόθεν
930 2983 1090 3052 δῆλον
1138 2985 1222 3037 ὅτι
1251 2984 1416 3053 ἐτύθη
1444 2986 1474 3038 6
1521 2985 1790 3057 Χριστόςς
1824 2987 1963 3057 μετά

282 3067 395 3120 τῶν
422 3067 598 3120 ἄλλων
625 3067 719 3120 καὶ¹
747 3066 856 3120 ἀπὸ
883 3066 992 3120 τῶν
1033 3067 1348 3139 μυστηρίων
1376 3068 1574 3131 αὐτοὺς
1615 3070 1967 3138 ἐπιστομίζο-

286 3167 390 3220 μεν
422 3151 464 3204 ³.
500 3151 564 3203 Εί
596 3151 705 3221 γὰρ
732 3149 808 3222 μὴ
845 3150 1116 3206 ἀπέθανεν
1149 3153 1178 3204 6
1223 3151 1430 3223 Ἰησοῦς
1456 3152 1511 3219 ³,
1546 3153 1690 3216 τίνος
1723 3151 1968 3222 σύμϐολα

284 3233 354 3286 τά
379 3231 680 3304 τελούμενα
707 3249 724 3296 ;

357 3384 422 3454 β’.
473 3385 637 3455 Ὀρᾷς
660 3384 760 3454 ὅση
788 3383 980 3453 γέγονε
1015 3383 1243 3454 σπουδὴ,
1269 3385 1410 3438 ὥστε
1433 3384 1521 3438 ἀεὶ
1554 3384 1968 3456 ἀναμιμνήσκε-

286 3466 434 3530 σθαι,
463 3467 544 3520 ὄτι
574 3466 846 3521 ἀπέθανεν
867 3467 1009 3538 ὑπὲρ
1043 3467 1234 3537 ἡμῶν;
1280 3467 1499 3538 Ἐπειδή
1529 3469 1638 3539 γάρ
1662 3469 1887 3540 ἔμελλον
1915 3472 1967 3523 οἱ

285 3551 417 3624 περὶ⁸
464 3549 768 3620 Μαρκίωνα
798 3551 892 3603 καὶ
916 3549 1266 3604 Οὑαλεντῖνον
1318 3552 1414 3604 καὶ
1457 3552 1758 3621 Μανιχαῖον
1785 3552 1806 3583 ⁸
1832 3553 1965 3622 φύε-

286 3633 433 3698 σθαι,
462 3631 668 3703 ταύτην
702 3631 1026 3703 ἀρνούμενοι
1053 3631 1152 3703 τὴν
1173 3633 1508 3702 οἰκονομίαν,
1533 3633 1797 3704 διηνεκῶς
1830 3636 1966 3689 ἀνα-

286 3714 590 3784 μιμνήσκει
647 3712 743 3766 τοῦ
791 3713 999 3777 πάθους
1040 3715 1137 3768 καὶ
1174 3714 1263 3768 διά
1290 3714 1398 3767 τῶν
1434 3715 1746 3786 μυστηρίων
1776 3763 1788 3783 ,
1825 3716 1966 3770 ὥστε

289 3794 494 3865 μηδένα
515 3795 990 3866 παραλογισθῆναι
1007 3813 1023 3828 ο
1052 3794 1189 3866 ὁμοῦ
1221 3797 1322 3868 μὲν
1349 3796 1559 3861 σώζων,
1591 3798 1725 3868 ὁμοῦ
1756 3800 1813 3853 δέ
1839 3817 1968 3854 παι-

283 3877 454 3932 δεύων
473 3877 562 3931 διά
588 3878 688 3948 τῆς
722 3880 875 3948 ἱερᾶς
910 3878 1188 3950 τραπέζης
1211 3881 1448 3952 ἐκείνης.
1481 3882 1593 3935 Καὶ
1624 3882 1732 3957 γάρ
1773 3883 1834 3936 τὸ
1872 3900 1966 3937 κε-

285 3960 514 4029 φάλαιον
535 3960 644 4015 τῶν
674 3959 896 4030 ἀγαθῶν
920 3961 1100 4017 τοῦτο.
1132 3962 1224 4015 Διὸ
1253 3963 1348 4016 καὶ
1386 3965 1414 4016 6
1433 3964 1646 4027 Παῦλος
1667 3963 1828 4017 τοῦτο
1855 3966 1967 4019 ἄνω

284 4043 380 4096 κα⁴ί⁵
399 4044 552 4098 κάτω
579 4043 822 4114 στρέφει.
846 4040 978 4097 Εἶτα
1006 4044 1194 4114 ἐπειδὴ
1218 4046 1525 4114 παρέδωκε,
1551 4047 1715 4118 φησίν
1733 4065 1746 4080 ο
1775 4049 1858 4101 Οὐ
1877 4048 1964 4116 μὴ
1989 4062 1992 4064 ⁷

283 4128 399 4180 πίω
426 4127 495 4180 ἐκ
525 4126 630 4181 τοῦ
660 4126 1030 4196 γεννήματος
1054 4125 1162 4194 τῆς
1184 4127 1459 4197 ἀμπέλου
1485 4131 1709 4199 ταύτης
1726 4130 1836 4197 ἕως
1855 4130 1966 4198 τῆς

283 4213 510 4282 ἡμέρας
551 4214 815 4282 ἐκείνης,
861 4214 1008 4268 ὅταν
1046 4214 1194 4269 αὐτὸ
1221 4216 1374 4270 πίνω
1407 4218 1619 4272 καινὸν
1637 4220 1777 4287 μεθ’
1797 4219 1965 4288 ὑμῶν

279 4295 352 4350 ἐν
380 4295 456 4364 τῇ
486 4297 784 4364 βασιλείᾳ
822 4297 930 4351 τοῦ
959 4300 1191 4365 Πατρός
1217 4316 1357 4367 μου.
1409 4299 1626 4371 Ἐπειδὴ
1679 4300 1786 4372 γάρ
1834 4303 1962 4373 περὶ

283 4379 491 4442 πάθους
518 4381 705 4442 αὐτοῖς
733 4382 830 4433 καὶ
866 4382 1100 4450 σταυροῦ
1141 4381 1410 4452 διελέχθη,
1466 4383 1560 4434 καὶ
1588 4383 1678 4435 τὸν
1708 4384 1836 4453 περὶ
1863 4387 1963 4456 τῆς

285 4461 635 4526 ἀναστάσεως
679 4461 843 4516 πάλιν
875 4464 898 4496 ⁸
921 4464 1328 4534 είσάγειλόγον,
1377 4465 1656 4537 βασιλείας
1683 4468 1763 4531 είς
1799 4468 1962 4538 μέσον

285 4544 626 4615 ἀναμνήσας,
673 4546 768 4599 κα)⁸
802 4545 904 4618 τὴν
942 4547 1239 4602 ἀνάστασιν
1274 4549 1417 4603 οῦτω
1446 4550 1545 4620 τὴν
1572 4549 1765 4603 ἐαυτοῦ
1800 4549 1962 4604 καλέ-

284 4645 406 4691 σας.
434 4628 544 4682 Καὶ
575 4629 722 4693 τίνος
745 4629 932 4686 ἐνεκεν
963 4631 1200 4696 ἀναστάς
1228 4633 1249 4664 ⁸
1267 4633 1448 4699 ἐπιεν;
1479 4634 1596 4686 Ἵνα
1629 4634 1703 4705 μὴ
1723 4635 1962 4706 νομίσω-

282 4725 368 4762 σιν
402 4710 452 4762 οί
481 4709 783 4782 παχύτεροι
833 4713 1138 4781 φαντασίαν
1190 4709 1333 4767 εῖναι
1365 4715 1464 4786 τὴν
1488 4715 1802 4770 ἀνάστασιν.
1853 4717 1960 4771 Τοῦ

279 4794 392 4866 γὰρ
417 4797 718 4868 ἀναστῆναι
751 4797 910 4852 τοῦτο
943 4800 1245 4871 τεκμήριον
1276 4799 1512 4853 ἐτίθεντο
1540 4801 1590 4852 οἱ
1631 4801 1834 4855 πολλοί.
1871 4803 1962 4855 Διὸ

279 4877 379 4931 καὶ
410 4880 460 4932 οἱ
489 4879 778 4933 ἀπόστολοι
835 4880 1118 4944 πείθοντες
1173 4882 1370 4946 αὐτοὺς
1413 4885 1544 4955 περὶ
1591 4885 1958 4950 ἀναστάσεως,

279 4961 439 5016 τοῦτο
471 4962 694 5032 ἐλεγονο
740 4965 972 5031 Οίτινες
1012 4966 1436 5036 συνεφάγομεν
1475 4968 1571 5020 καὶ
1594 4970 1962 5038 συνεπίομεν

279 5043 461 5110 αὐτῷ.
498 5045 686 5117 Δηλῶν
713 5046 894 5100 τοίνυν
922 5049 1006 5101 ὅτι
1037 5049 1198 5101 αὐτὸν
1227 5049 1445 5118 ὄψονται
1480 5051 1788 5104 ἀναστάντα
1822 5052 1958 5121 λαμ-

279 5126 456 5199 πρῶς,
486 5130 579 5182 καὶ
603 5131 722 5199 μετ’
759 5130 940 5184 αὐτῶν
972 5129 1124 5185 ἐσται
1159 5131 1336 5191 πάλιν,
1367 5133 1459 5185 καὶ
1489 5133 1643 5185 αὐτοὶ
1681 5139 1960 5207 μαρτυρή-

282 5224 434 5262 σουσι
467 5209 488 5241 ⁷
519 5213 632 5274 τοῖς
659 5211 990 5282 γινομένοις,
1022 5215 1118 5266 καὶ
1142 5213 1208 5266 δι’
1238 5213 1412 5281 ὅψεως
1435 5216 1530 5266 καὶ
1563 5214 1650 5269 διά
1701 5218 1956 5288 πραγμά·

278 5305 410 5352 των,
445 5291 644 5362 φησίν·
702 5294 850 5360 Ἕως
886 5293 964 5349 ἂν
1002 5295 1150 5349 αὐτὸ
1196 5297 1311 5350 πίω
1339 5298 1551 5350 καινὸν
1589 5299 1718 5366 μεθ’
1769 5299 1956 5367 ὑμῶν,

282 5371 436 5440 ὑμῶν
459 5373 903 5446 μαρτυρούντων.
933 5377 1125 5448 Ὑμεῖς
1144 5379 1253 5450 γάρ
1277 5397 1344 5450 με
1366 5380 1388 5411 ⁸
1407 5379 1602 5449 ὄψεσθε
1631 5381 1956 5435 ἀναστάντα.

281 5455 424 5510 Τίδέ
453 5460 591 5526 ἐστι,
624 5459 883 5526 Καινόν;
923 5453 1162 5529 Καινῶς,
1196 5462 1442 5516 τουτέστι
1485 5461 1670 5530 ξένως,
1708 5465 1771 5517 ού
1801 5463 1960 5535 σῶμα

348 5618 397 5694 ’ξ
416 5619 604 5694 αὐτος]
635 5617 882 5694 θάψοῦν
917 5623 984 5680 G.
1033 5620 1099 5678 II.
1129 5623 1202 5678 Μ.
1272 5623 1325 5694 ί⁹⁷
1355 5624 1497 5679 πίνω
1551 5634 1608 5681 οι
1661 5627 1826 5680 ἐσθίω
1885 5627 1950 5682 Κ.

2136 5626 2305 5680 invito
2361 5623 2460 5694 Ep.

275 5687 440 5752 αὐτὸς
486 5687 654 5746 idem.
729 5693 776 5726 ”
834 5693 1036 5767 τδ]καὶ
1096 5695 1157 5748 τὸ
1206 5693 1344 5750 Edd.
1424 5698 1440 5727 ⁸
1477 5695 1599 5768 τῆς]
1645 5698 1738 5750 ἐπὶ
1792 5699 1893 5768 τῆς
1961 5701 1962 5749 1

275 5758 340 5812 τὸ
363 5775 454 5820 μν.
481 5759 591 5814 τῶν
614 5764 934 5820 μυστηρίων
960 5764 1024 5820 G.
1055 5763 1120 5819 II.
1151 5763 1222 5819 Μ.
1252 5773 1304 5820 el
1335 5762 1536 5820 Intern.
1634 5769 1654 5800 ¹
1686 5768 1962 5820 ἐπεστοιιίζ

2072 5699 2165 5750 ἐπὶ
2219 5696 2316 5759 τ”ς

2066 5785 2129 5820 ,εν
2151 5765 2215 5820 Η.

907 5785 934 5816 ν
960 5785 1024 5820 υ.
1055 5785 1120 5819 n.
1151 5785 1222 5819 υι.
1252 5785 1304 5820 el
1335 5785 1536 5836 ιηιστρ.
1635 5785 1654 5800 ·
1686 5785 2129 5840 επιστομιςωμεν
2154 5785 2215 5820 n.
2251 5785 2318 5819 ιιι.
2351 5785 2701 5835 επιστομιςει

907 5835 929 5910 _'
960 5834 1469 5910 1t_ci}.zv_om._G._K._
1541 5836 1562 5868 ⁸
1589 5837 1854 5910 ἀναστάς]
1887 5839 2027 5910 μετά
2055 5837 2152 5910 τῆν
2185 5833 2568 5910 ἀνάστασινβ.
2605 5834 2701 5910 Ep.-

1599 5906 1642 5937 ¹⁰
1667 5906 1866 5979 ἐχρῆῖρ
1891 5906 1956 5964 Ι»-
1991 5907 2088 5979 Ep-

275 5758 340 5812 τὸ
363 5775 454 5830 μν.
481 5759 591 5844 τῶν
614 5758 934 5888 μυστηρίων
960 5764 1028 5851 (ἶἱ
1055 5763 1120 5819 II.
1151 5763 1222 5819 Μ.
1252 5773 1304 5820 el
1335 5758 1536 5836 Interpi

277 5827 349 5882 Μ.
426 5827 447 5860 ⁸
473 5831 668 5888 Μάνην
694 5831 769 5886 Ed
816 5874 830 5888 .
907 5835 929 5866 ⁸
960 5835 1124 5888 πάλιν
1156 5851 1268 5888 om.
1297 5834 1362 5888 ϐ.
1397 5834 1461 5888 Κ.

277 5827 376 5882 ιι(
426 5827 447 5860 ⁸
473 5827 668 5954 Μάνην
694 5827 830 5890 ΕΜ.
907 5835 929 5866 ⁸
960 5835 1124 5890 πάλιν
1156 5851 1268 5891 om.
1297 5834 1362 5890 (ἓ.
1397 5834 1461 5890 Κ.

280 5915 347 5960 με
374 5912 485 5952 om.
515 5900 580 5954 K.
641 5935 681 5956 ι.
757 5904 779 5936 ⁹
805 5903 918 5960 διὰ]
945 5905 1072 5960 add.
1099 5905 1199 5960 τὴν
1226 5905 1328 5960 τῆς
1359 5904 1470 5960 Edd

280 5915 347 5968 με
374 5912 493 5987 om;
515 5900 597 5981 Κ..
619 5900 681 5956 Ι..
757 5904 779 5936 ⁹
805 5903 918 5976 διὰ]
945 5905 1072 5961 add.
1099 5905 1199 6032 τηῖ
1226 5905 1328 5976 τῆς
1359 5904 1494 5961 Edd.
1599 5906 1642 5937 ¹⁰
1667 5900 1890 5978 ἐχρῆτο

254 5967 402 6024 «ιω.
435 5985 600 6024 αντου
625 5971 762 6030 Edd.
842 5974 886 6006 ³³
919 5975 1128 6047 ἐγίνετο
1197 6018 1214 6034 .
1248 5975 1311 6032 ι..
1389 5977 1432 6007 ⁸⁵
1456 5977 1550 6032 καὶ
1581 5991 1693 6033 om.
1725 5961 1788 6030 (ἶ.
1827 5976 1890 6030 Κ.

1249 400 1317 454 ΙΝ
1351 399 1767 457 ΜΑΤΤΗΞυΜ
1811 403 2042 459 ιιοιιιι..
2085 402 2347 460 LXXXII.
2389 405 2462 460 aI.
2504 402 2791 462 LXXXIII.

3633 403 3744 462 τω

2065 520 2308 590 παθητὸν
2335 520 2495 589 ἔχων,
2520 521 2637 574 ἀλλ’
2673 519 2942 574 ἀθάνατον
2981 519 3135 592 [78η
3176 517 3360 572 λοιπὸν
3397 517 3492 574 καὶ
3528 520 3734 590 ἄφθαρ-

2062 619 2174 665 τον,
2208 603 2303 654 καὶ
2334 603 2395 655 ού
2423 602 2677 670 δεόμενον
2695 603 2925 674 τροφῆς.
2944 604 3018 656 Οὐ
3046 603 3225 655 τοίνυν
3254 601 3346 655 διά
3379 602 3568 674 χρείαν
3604 601 3744 672 μετά

2063 684 2163 754 τὴν
2202 685 2499 738 ἀνάστασιν
2532 684 2701 754 ἔφαγέ
2718 702 2777 738 τε
2800 687 2894 738 καὶ
2927 685 3112 738 ἐπιεν·
3147 684 3266 738 ούδέ
3297 684 3404 755 γάρ
3434 682 3604 737 ἐδεῖτο
3631 683 3745 734 λοι-

2066 765 2169 819 πὸν
2197 766 2258 819 τὸ
2285 768 2443 837 σῶμα
2473 767 2678 820 τούτων
2699 783 2713 798 ·
2752 767 2887 822 ἀλλά
2923 767 2989 821 δι’
3032 770 3052 800 ⁹
3082 767 3431 829 ἀναστάσεως
3467 765 3744 836 πληροφο-

2067 848 2211 920 ρίαν.
2241 848 2350 902 Καὶ
2399 848 2542 911 τίνος
2591 848 2777 903 ἐνεκεν
2808 849 2907 919 οὐχ
2945 848 3088 920 ὕδωρ
3138 849 3290 903 ἔπιεν
3323 847 3580 911 ἀναστὰς,
3622 845 3742 900 ἀλλ’

2046 922 2242 994 ὀίνον;
2298 929 2500 999 Ἀλλην
2562 930 2772 1000 αἵρεσιν
2823 931 3067 1000 πονηρὰν
3120 931 3416 1002 πρόρριζον
3457 929 3738 982 ἀνασπῶν.

2081 1011 2296 1083 Ἐπειδὴ
2320 1012 2428 1080 γάρ
2456 1010 2562 1063 είσί
2589 1029 2734 1074 τινες
2769 1012 2827 1064 ἐν
2852 1014 2965 1075 τοῖς
3001 1012 3321 1083 μυστηρίοις
3343 1010 3497 1064 ῦδατι
3534 1025 3741 1078 κεχρη-

2069 1094 2254 1164 μένοι,
2295 1094 2509 1156 δεικνὺς
2549 1094 2631 1146 ὅτι
2669 1095 2764 1146 καὶ
2798 1094 2959 1163 ήνίκα
2993 1095 3060 1148 τά
3089 1095 3363 1165 μυστήρια
3396 1092 3742 1164 παρέδωκεν,

2065 1173 2206 1230 οἶνον
2245 1177 2551 1246 παρέδωκε,
2587 1177 2681 1228 καὶ
2725 1177 2887 1246 ἡνίκα
2921 1176 3159 1237 ἀναστάς
3203 1175 3373 1245 χωρὶς
3425 1173 3743 1243 μυστηρίων

2064 1260 2228 1329 ψιλὴν
2257 1259 2536 1331 τράπεζαν
2568 1259 2912 1329 παρετίθετο,
2947 1258 3074 1328 οἴνῳ
3096 1257 3362 1328 ἐκέχρητο
3392 1256 3457 1320 ¹⁶,
3495 1255 3597 1308 Ἐκ
3633 1253 3744 1307 τοῦ

2065 1341 2457 1411 γεννήματος,
2490 1339 2644 1409 φησι,
2675 1339 2786 1407 τῆς
2822 1338 3118 1409 ἀμπέλου.
3161 1339 3441 1409 Ἀμπελος
3468 1336 3526 1390 δέ
3559 1334 3701 1389 οἶνον
3723 1375 3740 1397 ,

2065 1424 2164 1492 οὑχ
2195 1422 2338 1492 ὓδωρ
2384 1423 2568 1492 γεννᾷ.
2627 1421 2739 1475 Καὶ
2788 1422 3195 1491 ὑμνήσαντες,
3234 1420 3500 1488 ἐξῆλθον
3555 1421 3642 1484 είς
3672 1417 3742 1470 τό

2068 1507 2206 1574 ὅρος
2238 1504 2355 1557 τῶν
2397 1503 2663 1559 Ἐλαιῶν.
2712 1505 3098 1558 ’Λκουέτωσανί
3119 1505 3230 1556 ὅσοι
3281 1501 3532 1572 καθάπερ
3569 1502 3742 1570 χοῖροι

2067 1587 2337 1650 ἐσθίοντες
2372 1585 2558 1650 ἁπλῶς
2596 1585 2911 1650 λακτίζουσι
2943 1587 3040 1657 τὴν
3067 1586 3348 1656 τράπεζαν
3400 1585 3496 1654 τὴν
3546 1581 3742 1650 αἰσθη-

2066 1671 2186 1741 τὴν,
2234 1671 2329 1723 καὶ⁸
2358 1670 2673 1722 ἀνίστανται
2733 1669 2872 1739 μετά
2906 1669 3097 1740 μέθης,
3135 1668 3253 1720 δέον
3275 1667 3616 1736 εὐχαριστεῖν
3647 1662 3743 1716 καὶ

2069 1755 2150 1817 είς
2171 1751 2338 1822 ὕμνον
2368 1751 2644 1822 τελευτᾷν.
2685 1751 2977 1806 Ἀκούσατε
3012 1754 3126 1804 ὅσοι
3155 1751 3254 1821 τὴν
3280 1748 3600 1802 τελευταίαν
3633 1745 3741 1796 πά-

2066 1836 2148 1890 λιν
2195 1837 2359 1907 εὑχὴν
2394 1836 2496 1889 οὐκ
2542 1836 2843 1906 ἀναμένετε
2884 1835 2994 1888 τῶν
3055 1833 3408 1906 μυστηρίων·
3470 1830 3607 1898 αῦτη
3633 1827 3743 1896 γὰρ

2063 1918 2282 1988 ἐκείνης
2317 1919 2604 1990 σύμϐολον.
2641 1918 3020 1990 Εὐχαρίστησε
3060 1917 3164 1988 πρὸ
3206 1917 3246 1948 ⁸⁸
3274 1916 3367 1968 τοῦ
3406 1913 3588 1966 δοῦναι
3630 1912 3745 1972 τοῖς

2067 2001 2356 2071 μαθηταῖς,
2404 2003 2492 2056 ἵνα
2523 2003 2619 2056 καὶ
2671 2004 2834 2072 ἡμεῖς
2882 1999 3319 2071 εύχαριστῶμεν.
3368 1994 3744 2066 Εύχαρίστησε

2064 2085 2160 2138 καὶ
2196 2085 2403 2154 ὕμνησε
2457 2086 2598 2153 μετά
2649 2084 2712 2137 τὸ
2747 2083 2954 2148 δοῦναι,
2984 2083 3070 2137 ἴνα
3096 2084 3190 2135 καὶ
3229 2083 3393 2151 ἡμεῖς
3425 2078 3556 2132 αὐτὸ
3585 2075 3747 2130 τοῦτο

2063 2166 2328 2236 ποιῶμεν.
2388 2167 2452 2219 Τί
2488 2167 2686 2237 δήποτε
2720 2167 2775 2220 δέ
2823 2169 2904 2230 είς
2943 2165 3006 2218 τὺ
3047 2165 3173 2232 ὅρος
3206 2163 3522 2234 ἐξέρχεται;
3573 2157 3745 2226 Δῆλον

2063 2249 2254 2302 ἐαυτὸν
2280 2249 2448 2302 ποιῶν
2484 2250 2620 2321 πρὸς
2646 2248 2708 2302 τὸ
2729 2249 3030 2320 ληφθῆναι,
3085 2248 3172 2301 ἵνα
3218 2246 3293 2317 μὴ
3343 2244 3470 2313 δόξῃ
3501 2240 3743 2314 κρύπτε-

2067 2330 2212 2386 σθαι.
2251 2332 2520 2385 Ἕσπευδε
2549 2332 2659 2402 γάρ
2680 2332 2774 2384 ἐπὶ
2802 2331 2895 2384 τόν
2913 2331 3080 2385 τόπον
3111 2329 3309 2390 ἐλθεῖν,
3344 2327 3436 2380 τὸν
3463 2321 3745 2392 καῖ’ῐούδᾳ

2065 2411 2361 2483 γνώριμον.
2399 2414 2537 2467 Τότε
2557 2414 2720 2481 λέγει
2753 2412 2959 2478 αὐτοῖς
2984 2428 2998 2443 ⁸
3028 2411 3258 2475 Πάντες
3283 2409 3453 2478 ὑμεῖς
3480 2404 3746 2460 σκανδα-

2063 2495 2436 2563 λισθήσεσθε
2465 2495 2534 2547 ἐν
2564 2495 2714 2563 ἐμοί.
2752 2493 2886 2548 Εἶτα
2925 2495 3074 2563 λέγει
3106 2495 3200 2547 καὶ
3234 2490 3574 2562 προφητείαν
3597 2505 3610 2518 ·
3643 2488 3692 2538 Γ
3693 2484 3747 2538 ἐ-

2065 2591 2318 2645 γραπται
2369 2575 2509 2644 γάρ’
2542 2576 2789 2640 Πατάξω
2825 2576 2934 2629 τὸν
2965 2577 3236 2644 ποιμένα,
3279 2574 3377 2626 καὶ
3405 2573 3745 2637 διασκορπι-

2065 2660 2358 2726 σθήσεται
2415 2660 2489 2712 τὰ
2520 2660 2785 2726 πρόϐατα
2806 2676 2820 2690 ο
2869 2660 3006 2729 όμοῦ
3059 2660 3156 2728 μὲν
3188 2657 3390 2710 πείθων
3419 2654 3618 2715 αὐτοὺς
3657 2651 3748 2703 ἀεῖ⁹

2066 2744 2357 2814 προσέχειν
2394 2744 2508 2804 τοῖς
2554 2740 2983 2811 γεγραμμένοις,
3025 2739 3161 2811 ὁμοῦ
3188 2741 3245 2793 δέ
3277 2739 3451 2808 δηλῶν
3492 2739 3574 2790 ὅτι
3603 2735 3748 2789 κατά

2066 2825 2201 2878 Θεοῦ
2231 2825 2460 2896 γνώμην
2485 2827 2835 2896 ἐσταυροῦτο,
2891 2826 2988 2878 καὶ
3022 2824 3356 2893 πανταχόθεν
3388 2822 3602 2882 δεικνὺς
3647 2818 3748 2870 οὐκ

2067 2907 2346 2980 ἀλλότριον
2372 2908 2502 2961 ὄντα
2545 2909 2736 2961 ἑαυτὸν
2764 2908 2863 2978 τῆς
2890 2907 3157 2969 Παλαιᾶς,
3204 2906 3324 2958 οὐδὲ
3357 2904 3453 2958 τοῦ
3497 2905 3555 2954 ἐν
3605 2901 3746 2969 αὐτῇ

2067 2991 2573 3061 καταγγελλομένου
2605 2991 2772 3055 Θεοῦ,
2805 2990 2899 3043 καὶ
2933 2991 3015 3042 ὃτι
3045 2989 3329 3058 οίκονομία
3366 2986 3428 3040 τὸ
3465 2984 3749 3054 γινόμενον

2065 3071 2155 3146 ἦν,
2186 3076 2279 3129 καὶ
2305 3075 2482 3128 πάντα
2511 3075 2963 3144 προανεκήρυξαν
2984 3072 3033 3124 οί
3067 3072 3342 3140 προφῆται
3366 3067 3572 3123 ἄνωθεν
3598 3064 3666 3118 τά
3690 3065 3749 3116 ἐν

2066 3157 2145 3228 τῷ
2173 3157 2461 3227 πράγματι
2486 3195 2500 3218 ,
2531 3155 2673 3208 ὥστε
2707 3155 2908 3215 αὐτοὺς
2943 3153 3036 3205 καὶ
3066 3153 3194 3221 περὶ
3222 3150 3331 3203 τῶν
3366 3146 3748 3228 χρηστοτέρων

2069 3227 2274 3311 σφόδρα
2316 3239 2560 3311 θαρρεῖν.
2615 3236 2726 3290 Καὶ
2767 3234 3007 3288 διδάσκει
3052 3234 3250 3287 εἰδέναι
3276 3272 3290 3294 ,
3330 3233 3475 3295 τίνες
3513 3230 3611 3299 μὲν
3640 3227 3748 3298 πρὸ

2066 3321 2162 3376 τοῦ
2195 3321 2430 3392 σταυροῦ
2475 3322 2524 3373 οἱ
2578 3318 2857 3390 μαθηταὶ,
2911 3318 3055 3380 τίνες
3083 3317 3139 3369 δὲ
3181 3315 3319 3385 μετά
3353 3314 3444 3367 τὸν
3490 3311 3746 3382 σταυρόν.

2067 3406 2178 3459 Καὶ
2211 3405 2319 3476 γὰρ
2363 3405 2411 3456 οί
2453 3403 2496 3435 ¹²
2556 3399 2960 3471 σταυρουμένου
3013 3400 3149 3470 μηδέ
3193 3399 3382 3468 στῆναι
3435 3395 3748 3464 δυνάμενοί.

2067 3482 2210 3541 οὗτοι
2239 3485 2376 3555 μετά
2398 3485 2626 3538 θάνατον
2655 3483 2876 3552 σφοδροὶ
2909 3482 3003 3535 καὶ
3041 3481 3350 3550 ἀδάμαντος
3386 3477 3746 3547 ἰσχυρότεροι.

2067 3571 2178 3624 Καὶ
2213 3569 2370 3621 τοῦτο
2395 3568 2453 3620 δέ
2479 3566 2612 3620 αὐτὸ
2645 3563 2920 3628 amans“;
2963 3562 3058 3616 τοῦ
3090 3563 3347 3623 θανάτου,
3386 3562 3420 3630 ὴ
3471 3556 3618 3628 φυγὴ
3639 3555 3750 3607 τῶν

2072 3651 2330 3721 μαθητῶν
2379 3649 2475 3702 καὶ
2505 3651 2538 3717 ἠ
2585 3647 2778 3701 δειλία.
2815 3647 2879 3699 EI
2915 3645 3023 3716 γάρ
3063 3644 3304 3698 τοσαῦτα
3341 3641 3534 3711 γέγονέ
3559 3656 3619 3692 τε
3655 3638 3752 3721 καὶ

2067 3719 2285 3803 ἐλέχθη,
2333 3731 2429 3785 καὶ
2476 3727 2894 3798 ἀναισχυντοῦσί
2923 3745 3086 3790 τινες,
3130 3726 3223 3780 καί
3257 3741 3420 3795 φασιν
3473 3721 3636 3776 αὑτὸν
3673 3719 3751 3803 μὴ

2067 3801 2480 3884 ἐσταυρῶσθαι·
2528 3812 2577 3863 εί
2611 3811 2780 3880 μηδὲν
2840 3809 3049 3862 τούτων
3095 3807 3332 3876 συνέϐη,
3383 3804 3488 3858 ποῦ
3535 3805 3637 3856 οὒκ
3681 3801 3752 3856 ἀν

2068 3893 2327 3958 ἐξέπεσον
2357 3893 2740 3964 παρανομίας;
2788 3891 2888 3944 Διά
2924 3907 3007 3942 τοι
3037 3887 3197 3942 τοῦτο
3231 3888 3353 3958 οὐχὶ
3399 3886 3488 3939 διά
3525 3885 3637 3938 τῶν
3667 3885 3749 3936 0!-

2067 3976 2230 4029 κείων
2258 3975 2446 4030 παθῶν
2481 3975 2665 4043 μόνον,
2696 3973 2833 4028 ἀλλά
2861 3973 2955 4025 καὶ⁵
2984 3971 3073 4024 διά
3102 3972 3212 4024 τῶν
3236 3972 3295 4023 ἐν
3333 3971 3448 4033 τοῖς
3478 3967 3752 4039 μαθηταῖς

2069 4059 2277 4129 βεϐαιοῖ
2302 4059 2393 4112 τὸν
2428 4055 2679 4128 περὶτοῦ
2713 4056 2947 4110 θανάτου
2999 4055 3157 4123 λόγον
3179 4093 3195 4118 ,
3248 4054 3342 4107 καὶ
3383 4052 3474 4106 διά
3501 4051 3608 4104 τῶν
3643 4067 3749 4122 μυ·-

2069 4142 2326 4213 στηρίων,
2383 4140 2648 4194 πάντοθεν
2699 4137 3079 4209 καταισχύνων
3123 4137 3250 4201 τοὺς
3302 4135 3371 4190 τά
3421 4134 3748 4206 Μαρκίωνος

2067 4224 2346 4288 νοσοῦτας.
2381 4223 2480 4277 Διά
2509 4223 2667 4276 τοῦτο
2694 4223 2789 4276 καὶ
2821 4222 2913 4276 τὸν
2936 4223 3230 4293 κορυφαῖον
3255 4219 3479 4291 ἀφίησιν
3504 4217 3751 4289 ἀρνήσαρ

2071 4307 2215 4361 σθαι.
2244 4309 2305 4360 Εί
2327 4307 2382 4360 δέ
2407 4307 2482 4377 μὴ
2503 4307 2681 4377 ἐδέθη,
2713 4306 2848 4376 μηδέ
2870 4303 3213 4374 ἐσταυρώθη,
3240 4302 3402 4354 πόθεν
3433 4300 3526 4353 καὶ
3554 4298 3749 4368 ἐκείνῳ

2069 4393 2164 4446 καὶ
2215 4394 2326 4453 τοῖς
2371 4390 2578 4453 λοιποῖς
2632 4389 2888 4451 τοσοῦτος
2943 4387 3160 4455 ἐγένετο
3197 4386 3240 4416 ⁸⁸
3281 4385 3476 4452 φόόος;
3531 4381 3605 4433 Οὐ
3640 4379 3748 4451 μὴν

2069 4474 2282 4544 ἀφῆκεν
2333 4474 2532 4536 αὐτοὺς
2589 4472 2750 4525 πάλιν
2793 4472 2955 4542 μέχρι
3002 4469 3111 4521 τῶν
3161 4464 3502 4534 σκυθρωπῶν
3542 4465 3746 4535 μεῖναι,

2068 4543 2206 4612 ἀλλά
2238 4556 2288 4610 τί
2323 4573 2490 4627 φησι;
2513 4556 2672 4609 Μετὰ
2690 4554 2759 4608 δὲ
2784 4557 2848 4608 τὸ
2877 4551 3190 4622 ἐγερθῆναί
3214 4567 3310 4619 με,
3333 4547 3484 4622 [785]
3507 4543 3749 4614 προάξω

2067 4639 2225 4708 ὑμᾶς
2249 4642 2334 4704 είς
2364 4639 2478 4707 τὴν
2509 4637 2863 4690 Γαλιλαίαν.
2890 4635 3025 4688 Οὐδὲ
3050 4633 3157 4706 γάρ
3195 4633 3305 4687 ἀπὸ
3339 4630 3571 4702 ούρανοῦ
3621 4629 3749 4700 φαι·

2067 4740 2217 4776 νεται
2249 4722 2470 4784 εὐθέως,
2498 4721 2616 4773 ούδέ
2651 4722 2728 4782 είς
2756 4718 2972 4790 μακράν
2997 4735 3120 4770 τινα
3150 4715 3333 4786 χώραν
3356 4714 3596 4775 ἄπεισιν,
3629 4711 3747 4767 ἀλλ’

2068 4808 2125 4859 ἐν
2151 4804 2298 4874 αὐτῷ
2341 4804 2419 4874 τῷ
2452 4805 2614 4868 ἐθνει,
2669 4807 2728 4856 ἐν
2750 4797 2794 4872 ᾧ
2825 4802 2919 4855 καὶ
2961 4802 3005 4833 ¹’⁶
3047 4797 3392 4870 ἐσταυρώθη,
3446 4798 3507 4850 ἐν
3561 4797 3747 4858 αὐτοῖς

2070 4887 2255 4959 σχεδὸν
2273 4889 2385 4949 τοῖς
2408 4887 2643 4957 χωρίοις,
2675 4885 2816 4938 ὥστε
2849 4884 2942 4937 καὶ
2969 4882 3220 4936 ἐντεῦθεν
3241 4882 3439 4943 αὐτοὺς
3472 4879 3749 4934 πιστώσα-

2069 4971 2212 5031 σθαι,
2261 4969 2344 5022 ὅτι
2393 4971 2421 5021 6
2457 4967 2790 5039 σταυρωθεὶς
2839 4965 3000 5028 αὐτὸς
3043 4961 3112 5035 ἦν
3150 4964 3245 5016 καὶ
3271 4963 3300 5014 6
3331 4961 3602 5025 ἀναστάς,
3651 4962 3746 5016 καὶ

2065 5052 2235 5124 ταύτῃ
2273 5051 2764 5123 σκυθρωπάζοντας
2803 5049 3061 5119 μειζόνως
3090 5045 3611 5117 παραμυθήσασθαι.
3645 5045 3746 5099 Διά

2066 5134 2221 5189 τοῦτο
2238 5135 2351 5197 καὶ,
2408 5135 2512 5186 Ἐν
2535 5132 2608 5200 τῇ
2634 5132 2951 5197 Γαπῖιλαίιι,
2983 5125 3158 5190 εἶπεν,
3200 5129 3285 5180 ῖνα
3309 5127 3403 5179 τοῦ
3431 5126 3597 5196 φόϐου
3634 5126 3748 5178 τῶν

2078 5217 2347 5270 Ἰουδαίων
2377 5215 2802 5284 ἀπαλλαγέντες,
2831 5212 3164 5266 πιστεύσωσι
3194 5209 3272 5282 τῷ
3305 5209 3606 5279 λεγομένῳ.
3650 5210 3743 5262 Διὸ

2067 5301 2159 5352 καὶ
2207 5301 2322 5352 ἐκεῖ
2367 5298 2560 5369 ἐφάνη.
2625 5296 2986 5365 Ἀποκριθεὶς
3022 5293 3090 5347 δὲ
3118 5297 3150 5347 ό
3189 5293 3414 5360 Πέτρος
3441 5288 3644 5344 εἶπε-ν’
3669 5293 3741 5345 ΕΖ

2067 5385 2163 5436 καί
2195 5383 2418 5447 πάντες
2471 5378 3110 5445 σκανδαλισθήσονται
3155 5375 3227 5430 ἐν
3267 5375 3394 5437 σοὶ,
3445 5373 3584 5429 ἀλλ’
3624 5371 3743 5443 ἐγὼ

2067 5469 2356 5524 οὐδέποτε
2397 5454 3024 5534 σκανδαλισθήσομαι.

2415 5639 2460 5713 ιτ
2655 5622 3036 5713 κτοδεοῌέιὲς
3058 5615 3190 5713 si”
3210 5617 3734 5713 -EP-,.°:°E€i1..re}

2375 5687 2729 5774 26597506“.
2755 5687 2906 5749 εῖᾰσε
2939 5695 3033 5746 καὶ
3058 5691 3180 5764 [καὶ
3205 5687 3318 5744 oni.
3345 5687 3437 5761 6.]
3472 5687 3734 5769 κατέδησε

2351 5763 2672 5835 ἐπιστόμιζε
2690 5763 2755 5821 It.
2797 5834 2812 5835 ί
2862 5765 2883 5796 ³
2910 5765 2938 5816 6
2967 5761 3200 5833 Χριστὸς
3229 5758 3295 5835 Il.
3323 5761 3353 5813 6
3380 5760 3586 5835 Ἰησους
3619 5774 3735 5835 οιῃ.

2795 5834 2816 5866 "
2849 5830 3408 5903 προσμαρτυρῄσουσι
3438 5830 3502 5883 Κ.
3533 5830 3602 5903 Ι...-
3672 5830 3694 5859 ⁸

2187 5909 2225 5939 ³⁸
2267 5904 2395 5978 πρὸ]
2421 5905 2516 5960 καὶ
2554 5897 2664 5975 πρό
2689 5903 2825 5961 Edd.
2893 5897 2946 5936 “¹¹
2977 5897 3025 5956 οἱ
3053 5897 3266 5959 σωξσ.
3326 5897 3727 5972 σταυρυμένον]

2850 6051 2927 6066 ωδ.
