4128 6430
390 394 485 448 ’ῖΗ

386 513 637 581 spondeus
663 523 831 569 autem
866 514 1046 570 Petrus
1084 518 1214 573 dixit
1241 535 1260 572 :
1288 519 1398 575 Etsi
1429 539 1602 576 omnes
1630 524 1969 587 scaudaliuti

382 606 573 678 ραι-ΞΜ
598 607 650 660 in
680 617 746 672 te,
774 626 867 679 ego
892 618 1058 664 tamen
1076 628 1349 683 numquam
1368 616 1775 670 scandalizabor.

454 700 510 755 5.
538 697 676 764 Quid
708 701 811 764 ais,
864 702 1068 756 Pctre?
1098 704 1361 774 propheta
1388 706 1544 769 dixit,
1599 707 1975 777 Dispergentur

382 807 535 854 ores;
563 791 812 846 Christus
839 795 1040 848 dictum
1080 800 1454 854 continuavit:
1488 809 1545 856 et
1573 811 1626 856 tu
1658 801 1811 865 dicis,
1861 801 1972 858 Ne-

380 883 691 949 quaquam?
721 901 827 937 nou
856 886 989 939 satis
1017 887 1109 943 tibi
1138 899 1264 942 sunt
1290 890 1467 958 priora
1501 893 1588 946 illa
1614 933 1630 955 ,
1663 907 1783 947 cmn
1814 892 1968 949 dice-

390 973 508 1037 has,
541 973 801 1042 Propitius
818 986 923 1029 esto
952 978 1041 1031 tibi
1069 977 1281 1048 (Matth.
1318 980 1404 1035 16.
1437 980 1554 1051 22),
1581 994 1636 1037 et
1667 983 1970 1053 inrrcpatus

381 1063 565 1118 fuisti?
587 1064 712 1119 Ideo
742 1065 890 1121 illum
920 1069 1114 1124 cadere
1134 1070 1282 1134 sinit,
1301 1073 1561 1127 utdoceat
1583 1074 1727 1128 illum
1756 1089 1972 1145 semper

376 1156 595 1212 Christo
614 1159 861 1224 credere,
887 1173 941 1212 et
966 1161 1085 1229 ejus
1115 1165 1436 1218 sententiam
1463 1167 1676 1234 propria
1702 1166 1966 1223 sententia

379 1248 670 1303 tirmiorem
696 1260 903 1319 putare.
943 1251 1159 1322 Reliqui
1181 1270 1310 1309 vero
1349 1272 1454 1311 non
1484 1272 1674 1326 parum
1703 1257 1908 1314 fructus
1931 1273 1963 1313 ιι

375 1339 658 1407 negatione
693 1340 810 1407 ejus
836 1353 1182 1412 acceperunt,
1212 1346 1446 1401 humana
1471 1359 1764 1417 conspecta
1814 1349 1967 1404 inﬁr-

376 1431 558 1484 mitate
580 1472 597 1497 ,
633 1433 833 1501 Deique
864 1437 1176 1492 veracitatc.
1206 1438 1343 1495 Cum
1371 1440 1518 1495 enim
1568 1441 1657 1496 ille
1685 1440 1963 1511 quidpiam

379 1522 709 1588 praedixerit,
737 1540 841 1579 non
874 1526 1015 1580 ultra
1046 1527 1322 1598 disputare
1353 1541 1589 1601 oportet,
1646 1548 1820 1601 neque
1866 1533 1964 1586 ad-

373 1627 562 1667 versus
593 1613 790 1669 multos
838 1616 1158 1687 insurgere:
1192 1618 1423 1675 Gloriam
1459 1624 1624 1686 enim,
1652 1623 1866 1692 inquit,
1908 1623 1963 1676 in

371 1713 439 1768 te,
471 1713 515 1756 et
541 1721 641 1759 non
672 1707 724 1759 in
752 1708 858 1761 alio
887 1708 1090 1764 habebis
1121 1710 1263 1782 (Gal.
1307 1711 1363 1768 6.
1394 1712 1475 1785 ι).
1507 1712 1642 1769 Cum
1664 1716 1807 1769 enim
1842 1728 1962 1783 pre-

369 1796 600 1851 candum
630 1809 797 1863 esset,
830 1815 896 1854 ac
940 1802 1227 1858 dicendum
1255 1846 1270 1868 ,
1307 1805 1509 1873 Adjuva
1543 1822 1662 1869 nos,
1689 1822 1757 1862 ne
1782 1809 1882 1862 abs
1910 1817 1962 1862 te

375 1886 706 1952 scindantur,
753 1890 843 1945 ille
882 1891 933 1945 in
982 1909 1041 1947 se
1086 1895 1344 1963 conlidit,
1391 1908 1444 1951 et
1473 1899 1588 1952 ait:
1617 1897 1731 1953 Etsi
1787 1916 1959 1954 omnes

370 1980 701 2034 scandalizati
714 1985 900 2053 fuerint
919 1984 974 2038 in
997 1994 1066 2052 te,
1094 2003 1186 2057 ego
1203 1999 1368 2044 tamen
1390 2007 1668 2061 numquam
1689 2009 1710 2058 ,'
1735 1992 1953 2048 etiamsi

370 2085 558 2126 ouutes
588 2071 638 2126 id
675 2074 963 2144 patiantur,
996 2078 1189 2147 inquit,
1216 2096 1317 2151 ego
1342 2097 1448 2137 non
1472 2084 1683 2153 patiar:
1712 2085 1856 2155 quod
1897 2085 1959 2139 ιι-

371 2163 483 2216 tum
509 2164 577 2219 ad
610 2166 830 2222 nimiam
875 2169 1259 2227 conﬁdentiam
1292 2174 1547 2242 paulatim
1595 2178 1794 2233 evexit.
1845 2177 1960 2234 Hoc

368 2255 663 2324 reprimere
693 2255 937 2314 Christus
955 2262 1161 2327 volens,
1193 2267 1534 2335 negationem
1565 2273 1805 2339 permisit
1829 2273 1953 2341 qud:

365 2346 511 2399 enim
539 2363 715 2419 neque
757 2351 972 2406 Christo
1022 2370 1199 2425 neque
1240 2361 1515 2429 propheta:
1566 2363 1958 2432 obtemperavit

366 2435 514 2507 (ideo
553 2440 698 2493 enim
735 2441 899 2497 etiam
943 2444 1260 2514 prophetam
1300 2451 1622 2516 induxerat,
1672 2464 1731 2506 ut
1758 2467 1828 2508 ne
1867 2452 1955 2509 ille

365 2530 738 2600 repugnaret),
771 2540 1010 2588 attamen
1041 2537 1166 2605 quia
1200 2539 1380 2592 verbis
1422 2556 1527 2595 non
1574 2550 1856 2611 potuerat,
1887 2558 1953 2598 ex

365 2617 524 2671 rebus
558 2618 687 2688 ipsis
713 2623 979 2678 eruditur.
1003 2624 1156 2692 Quod
1185 2638 1363 2684 autem
1393 2630 1514 2684 ideo
1538 2633 1864 2701 permiserit,
1896 2643 1957 2687 ut

368 2705 517 2760 illum
550 2719 730 2777 postea
759 2716 1095 2785 emendaret,
1129 2719 1253 2773 audi
1280 2721 1406 2790 quid
1439 2720 1621 2778 dicat:
1647 2723 1756 2793 Ego
1780 2734 1954 2778 autem

360 2803 535 2872 rogavi
553 2821 645 2872 pro
672 2815 739 2866 te,
769 2818 826 2860 ut
853 2824 951 2862 non
977 2809 1183 2878 deﬁciat
1230 2813 1357 2880 ﬁdes
1408 2824 1497 2868 tua
1537 2814 1688 2885 (Luc.
1712 2816 1803 2871 22.
1833 2816 1949 2886 52).

363 2891 475 2947 Hoc
529 2895 670 2948 enim
727 2896 909 2960 dixit,
944 2911 1000 2953 nt
1033 2901 1411 2961 vehementius
1457 2906 1603 2961 illum
1662 2917 1947 2980 tangeret,

359 2988 775 3060 ostenderetque
816 2992 959 3049 illius
1008 2995 1216 3063 lapsum
1254 3008 1570 3053 cancrorum
1629 3000 1780 3070 lapsu
1830 3016 1953 3058 esse

360 3076 640 3144 pejorem,
693 3081 991 3153 majorique
1037 3086 1238 3141 auxilio
1285 3102 1419 3157 opus
1470 3090 1688 3147 habere.
1742 3093 1946 3163 Duplex

356 3170 499 3221 enim
522 3172 724 3226 crimen
757 3184 893 3237 erat,
924 3188 979 3231 et
1021 3178 1164 3247 quod
1189 3181 1598 3248 contradixcrit,
1621 3196 1676 3239 et
1705 3185 1848 3255 quod
1889 3198 1951 3243 se

358 3260 475 3314 aliis
516 3267 916 3334 anteposuerit;
968 3271 1180 3324 tertium
1221 3273 1437 3340 gravius
1488 3273 1664 3338 adest,
1693 3274 1837 3343 quod
1866 3284 1951 3329 to-

359 3361 471 3407 tum
496 3355 596 3409 sibi
625 3357 988 3428 adscripserit.
1017 3360 1111 3415 llis
1141 3369 1198 3416 ut
1222 3363 1523 3429 medeatur,
1551 3366 1758 3435 lapsura
1784 3366 1801 3397 ί
1822 3381 1948 3422 eve-

361 3448 477 3500 nire
512 3447 681 3511 sinit;
712 3449 940 3520 ideoque
989 3453 1167 3508 missis
1195 3454 1350 3520 aliis,
1400 3454 1577 3525 ipsum
1620 3459 1943 3528 alloquitur:

359 3534 562 3598 Simon,
597 3538 799 3604 Simon,
832 3557 945 3595 ecce
973 3553 1180 3598 satanas
1206 3547 1441 3615 expetivit
1470 3564 1558 3602 vos
1610 3559 1662 3602 ut
1702 3549 1946 3604 eribraret

354 3627 480 3680 sicut
511 3630 730 3684 triticum
762 3631 866 3704 (Ib.
902 3649 947 3688 υ,
979 3633 1071 3706 3i)
1097 3650 1112 3699 ;
1146 3636 1198 3690 id
1228 3646 1331 3701 est,
1381 3647 1441 3692 ut
1470 3639 1746 3705 turbaret,
1774 3649 1946 3696 tenta-

356 3724 472 3773 ret:
514 3717 623 3793 qu
673 3731 840 3776 autent
886 3742 978 3794 pro
1009 3736 1057 3781 te
1105 3729 1301 3799 rogavi,
1333 3740 1387 3784 ut
1416 3748 1516 3784 non
1547 3731 1784 3803 deﬁceret
1813 3734 1943 3803 ﬁdes

354 3819 458 3864 tua.
492 3813 553 3866 Et
577 3831 690 3876 cur,
719 3816 765 3869 si
793 3833 983 3875 omnes
1012 3822 1284 3889 expetivit,
1328 3839 1432 3876 non
1465 3823 1599 3878 dixit
1628 3844 1641 3880 :
1678 3826 1781 3881 Pro
1811 3842 1928 3880 om—

356 3902 509 3958 nibus
540 3904 760 3975 rogavi?
783 3910 972 3963 Annon
1016 3911 1188 3979 palam
1214 3921 1318 3978 est,
1368 3914 1597 3984 itiipsttlll
1624 3931 1764 3980 esse,
1795 3918 1938 3986 quod

354 4013 513 4063 supra
540 3998 692 4052 dixi?
718 3999 785 4056 Ut
813 4001 1018 4056 scilicet
1041 4004 1366 4073 perstringat
1400 4021 1521 4059 cum
1544 4048 1559 4070 ,
1606 4016 1662 4062 et
1688 4007 1940 4063 ostendat

350 4091 565 4159 graxius
588 4107 747 4159 quam
775 4100 1002 4148 exteros
1030 4093 1236 4164 lapsum
1266 4111 1406 4161 esse,
1439 4097 1505 4150 ad
1535 4098 1682 4152 illum
1727 4114 1936 4159 sermo:

352 4194 472 4232 nem
499 4180 699 4250 dirigit.
733 4182 797 4236 Et
822 4200 917 4238 cur
944 4200 1051 4237 non
1079 4184 1237 4250 dixit,
1261 4185 1375 4254 Ego
1395 4202 1499 4241 non
1529 4189 1746 4258 permisi
1772 4231 1786 4251 ,
1815 4188 1934 4255 sed,

352 4270 588 4342 Rogaui?
611 4274 689 4328 Ad
723 4277 1026 4343 passionem
1057 4279 1251 4343 iturus,
1288 4278 1511 4335 humilia
1558 4280 1795 4351 loquitur
1817 4323 1832 4348 ,
1879 4291 1937 4336 ut

351 4363 736 4421 humanitatem
769 4383 919 4422 suam
950 4368 1309 4426 demonstret.
1354 4372 1484 4426 Nam
1514 4374 1604 4443 qui
1639 4375 1931 4431 Ecclesium

350 4470 513 4524 supra
558 4457 956 4515 confessionem
1005 4462 1123 4532 ejus
1165 4463 1491 4531 aedificavit,
1540 4467 1819 4538 ipsamque
1862 4470 1934 4523 ita

348 4548 590 4614 munivit,
621 4558 682 4603 ut
710 4566 808 4605 nec
833 4551 979 4607 mille
1009 4555 1244 4622 pericula
1265 4594 1284 4620 ,
1316 4571 1416 4611 nec
1443 4557 1592 4612 mille
1621 4568 1825 4614 mortes
1872 4560 1935 4614 il-

346 4640 448 4693 lam
477 4643 688 4709 possint
714 4658 997 4713 superare,
1050 4648 1142 4717 qui
1166 4647 1419 4703 actorum
1449 4648 1550 4719 ipsi
1572 4650 1753 4709 claves
1787 4652 1934 4708 dedit

341 4742 398 4787 et
423 4743 630 4790 tantam
664 4745 1008 4806 potestatem,
1057 4754 1233 4810 neque
1262 4740 1515 4810 precibus
1543 4742 1610 4797 ad
1638 4742 1755 4799 hare
1797 4759 1933 4814 opus

346 4825 531 4905 habuit
551 4828 753 4898 (neque
777 4832 920 4886 enim
944 4840 1075 4887 tunc
1100 4832 1254 4897 dixit,
1284 4833 1523 4905 Rogavi;
1568 4836 1665 4892 sed
1692 4851 1814 4892 cum
1844 4853 1939 4893 au-

341 4904 615 4986 claritate,
663 4918 965 4990 Αῖάεβεαιο
994 4923 1279 4981 Ecclesium
1316 4904 1500 4991 meum
1559 4937 1610 4982 et
1661 4929 1793 4983 dabo
1842 4929 1931 4985 tibi

342 5006 509 5062 claves
538 5010 826 5082 calorum),
853 5015 1125 5083 quomodo
1158 5018 1405 5074 oratione
1428 5032 1566 5089 opus
1589 5019 1843 5087 habebat,
1874 5029 1931 5076 ιιι

338 5100 678 5157 vacillantem
729 5104 889 5159 unius
940 5106 1173 5164 hominis
1202 5110 1435 5164 animam
1487 5111 1929 5182 constringeret?

336 5191 445 5245 Cur
474 5207 608 5264 ergo
633 5194 703 5248 ita
733 5195 983 5266 loquutus
1023 5200 1143 5254 est?
1172 5199 1401 5270 Propter
1442 5216 1571 5257 eam
1607 5218 1770 5274 quam
1814 5205 1927 5275 jam

338 5284 452 5340 dixi
490 5301 742 5353 causam,
768 5296 826 5345 et
852 5297 1072 5358 propter
1095 5290 1311 5347 illorum
1342 5294 1711 5353 inﬁrmitatem
1737 5314 1752 5350 :
1785 5315 1924 5354 non-

340 5376 466 5430 dum
511 5379 652 5434 enim
681 5395 822 5443 eam,
875 5395 1033 5449 quam
1077 5381 1324 5453 decebat,
1377 5385 1446 5441 de
1494 5387 1587 5444 illo
1613 5390 1924 5459 opinionem

340 5466 624 5526 habebant.
652 5472 932 5540 Quomodo
955 5489 1084 5543 ergo
1106 5478 1315 5546 negavit
1339 5478 1362 5532 ?
1383 5477 1501 5535 Non
1522 5480 1694 5550 dixit,
1724 5482 1796 5538 Ut
1817 5498 1923 5538 non

335 5578 500 5632 neges
522 5603 540 5630 ,
595 5566 713 5630 sed,
758 5566 828 5622 Ut
873 5583 979 5623 non
1007 5568 1223 5623 deﬁciat
1254 5570 1388 5627 ﬁdes
1413 5612 1429 5639 ,
1482 5581 1543 5628 ut
1568 5589 1676 5630 non
1705 5576 1927 5631 omnino

338 5664 539 5722 pereat.
588 5654 735 5712 Illius
776 5660 923 5716 enim
964 5676 1092 5715 cura
1122 5659 1178 5714 id
1203 5659 1404 5719 factum
1428 5675 1512 5720 est
1544 5683 1559 5720 :
1596 5681 1721 5725 nam
1749 5677 1925 5724 metus

402 5825 420 5860 ί
456 5828 592 5880 Alias
611 5830 814 5895 legitur,
835 5837 1150 5899 negationem,
1177 5852 1281 5901 pro,
1309 5839 1514 5903 tapsttm.

656 5911 927 5972 ΡΑτιιοι..
973 5913 1089 5972 Gn.
1144 5913 1353 5974 LVllt.

1310 404 1376 460 IN
1413 404 1821 464 MATTHIEUM
1859 409 2091 466 IIOMIL.
2132 412 2394 476 LXXX".
2432 424 2506 480 al.
2547 427 2830 489 LXXXIII.

3560 451 3663 508 7i?

2083 532 2262 633 eretria
2299 535 2462 605 eiecit
2495 559 2509 593 :
2538 543 2726 613 ingens
2767 551 2911 605 enim
2939 564 3090 622 erat;
3124 560 3311 630 ingens
3354 579 3482 621 vero
3518 567 3612 623 fuit
3648 612 3663 637 ,

2077 621 2201 689 quia
2236 628 2437 683 auxilio
2484 646 2584 686 suo
2616 638 2757 696 Deus
2791 643 2940 698 illum
2966 621 3256 706 admodum
3288 654 3543 711 mulavit:
3571 621 3666 715 ad:

2078 715 2295 771 modum
2323 736 2453 777 vero
2475 728 2711 794 nudavit,
2747 734 2871 802 quia
2909 740 3201 797 vehemens
3232 746 3282 799 in
3312 746 3404 801 illo
3447 752 3666 807 morbus

2081 816 2200 910 erat
2225 816 2544 881 arrogantia:
2572 829 2629 873 et
2656 828 3119 887 eontradictionis.
3147 833 3218 891 Ut
3242 851 3373 910 ergo
3408 841 3664 898 radicitus

2077 896 2487 997 huncmorbum
2519 914 2775 979 tolleret,
2806 921 2927 978 ideo
2956 929 3199 996 permisit
3225 941 3283 983 ut
3304 896 3458 988 illum
3486 946 3669 997 terror

2076 993 2375 1052 invaderet.
2417 1003 2550 1069 Quia
2590 1010 2736 1065 enim
2777 1014 3068 1075 vehemens
3098 1022 3148 1074 in
3183 1022 3272 1077 illo
3328 1026 3413 1081 hic
3439 1032 3662 1085 morbus

2072 1095 2211 1195 erat,
2238 1104 2346 1144 nou
2372 1094 2534 1150 modo
2562 1108 2618 1154 et
2663 1107 2936 1175 prophetm
2964 1123 3017 1165 et
3044 1113 3260 1170 Christo
3290 1124 3617 1181 contradixit
3640 1169 3657 1195 ,

2071 1180 2169 1236 sed
2215 1184 2376 1240 etiam
2427 1200 2612 1259 postea
2643 1209 2763 1250 cum
2806 1199 3048 1259 Christus
3084 1207 3330 1278 dixisset,
3364 1214 3453 1268 5t.
3496 1180 3657 1272 Amen

2072 1275 2189 1329 dico
2215 1277 2565 1346 tibi,quoniam
2593 1284 2690 1339 hac
2716 1301 2861 1346 nocte
2883 1333 2897 1356 ,
2947 1307 3218 1370 antequam
3243 1275 3416 1374 guttus
3442 1320 3610 1364 cantet
3637 1353 3655 1377 ,

2069 1377 2148 1421 ter
2172 1384 2252 1423 tne
2291 1375 2514 1442 negabis,
2546 1383 2822 1447 respondit
2848 1402 2861 1439 :
2891 1387 2979 1442 55.
3027 1388 3246 1447 Etiamsi
3272 1402 3548 1466 oportuerit
3579 1375 3660 1457 me

2072 1463 2204 1514 mori
2230 1471 2412 1526 tecum,
2441 1485 2542 1522 non
2569 1481 2616 1525 te
2645 1477 2855 1544 negabo.
2908 1479 3080 1536 Lucas
3109 1483 3262 1555 (Cap.
3410 1490 3504 1560 51)
3529 1506 3657 1547 vero

2066 1555 2235 1615 addit,
2275 1573 2474 1626 quanto
2505 1566 2673 1635 magis
2714 1566 2961 1627 Christus
3009 1576 3262 1645 negabat,
3313 1587 3459 1634 tanto
3487 1555 3657 1654 magis

2067 1646 2282 1703 Petrum
2304 1661 2487 1706 contra
2509 1658 2869 1716 contendisse.
2898 1663 3035 1730 Quid
3059 1669 3161 1722 hoc
3179 1677 3282 1733 est,
3313 1669 3507 1727 Petre?
3536 1646 3656 1730 cum

2035 1785 2044 1794 .
2069 1743 2309 1803 dicebat.
2336 1743 2480 1801 Unus
2509 1758 2728 1805 vestrum
2770 1770 2850 1809 me
2869 1758 3151 1814 traditurus
3179 1773 3272 1823 est,
3306 1763 3534 1822 timebas
3584 1783 3653 1822 ne

2065 1843 2121 1887 tu
2171 1834 2288 1906 ipse
2340 1840 2581 1909 proditor
2608 1858 2780 1911 esses,
2811 1857 2869 1901 et
2916 1850 3347 1922 condiscipulum
3390 1856 3654 1912 sciscitari

2063 1931 2315 1999 eogcbas,
2342 1935 2466 1989 licet
2513 1936 2645 1992 nihil
2674 1937 2865 1994 horum
2898 1941 2991 1996 tibi
3020 1944 3268 2000 conscius
3297 1960 3479 2010 esses;
3511 1963 3652 2002 nunc

2061 2030 2239 2076 autem
2267 2025 2386 2095 ipso
2406 2028 2552 2082 clare
2579 2030 2846 2087 clamante
2872 2049 2934 2088 ac
2955 2034 3189 2101 dicente,
3223 2037 3410 2092 Omnes
3435 2045 3655 2095 scanda-

2065 2112 2363 2181 tizabinn'ni,
2388 2122 2729 2186 contradicis,
2762 2140 2862 2181 nec
2888 2127 3052 2183 semel
3085 2138 3288 2185 tantum
3307 2172 3322 2195 ,
3347 2132 3441 2187 sed
3484 2133 3566 2188 bis
3593 2144 3651 2189 et

2062 2207 2299 2278 plurics?
2329 2208 2442 2264 Hoc
2465 2212 2667 2284 quippe
2696 2216 2826 2272 dicit
2851 2216 3044 2276 Lucas.
3078 2220 3230 2277 Unde
3261 2239 3388 2294 ergo
3412 2224 3513 2279 hoc
3543 2226 3645 2295 ipsi

2059 2300 2328 2370 contigit?
2377 2302 2455 2357 Ex
2510 2308 2676 2360 multa
2722 2311 2968 2379 caritate,
3025 2329 3090 2368 ex
3146 2316 3312 2370 multa
3360 2316 3652 2393 voluptate.

2059 2399 2348 2467 Postquam
2378 2405 2521 2456 enim
2552 2401 2645 2457 illo
2677 2413 2882 2463 terrore
2910 2410 3171 2466 liberatus
3220 2411 3340 2480 fuit,
3370 2428 3436 2467 ne
3465 2413 3650 2482 prodi-

2059 2502 2145 2548 tor
2165 2491 2278 2560 ipse
2301 2505 2465 2561 esset,
2498 2505 2555 2549 et
2580 2498 2910 2566 proditorem
2962 2503 3129 2569 novit,
3166 2520 3286 2559 cum
3316 2505 3636 2562 conﬁdentia

2061 2592 2249 2652 postea
2276 2584 2610 2654 loquebatur,
2635 2597 2689 2643 et
2709 2601 2896 2648 contra
2923 2593 3056 2648 alios
3090 2596 3601 2667 insnrgcbatdicens
3630 2615 3645 2655 :

2063 2674 2172 2728 Etsi
2198 2690 2370 2731 omnes
2399 2680 2736 2735 seandalizati
2755 2685 2966 2753 fuerint,
2998 2702 3091 2755 ego
3116 2705 3215 2742 non
3242 2690 3647 2745 scundalizabor.

2057 2765 2170 2821 Imo
2199 2769 2396 2841 aliquid
2421 2772 2728 2827 ambitionis
2758 2775 3014 2843 hicerat;
3046 2794 3166 2833 nam
3194 2791 3246 2835 et
3270 2780 3320 2834 in
3350 2795 3501 2837 creua
3528 2782 3650 2852 quis

2055 2874 2241 2915 eorum
2270 2863 2440 2933 unajor
2466 2878 2609 2922 esset
2638 2868 3041 2939 disceptabant;
3074 2872 3144 2929 ita
3180 2874 3297 2929 illos
3320 2873 3405 2930 hie
3428 2879 3649 2934 morbus

2055 2951 2378 3021 exagitabat.
2414 2956 2617 3011 ideirco
2665 2959 2810 3013 illum
2841 2961 3104 3027 cohibuit,
3153 2981 3259 3019 non
3288 2967 3353 3021 ad
3405 2969 3649 3040 negatio-

2054 3055 2174 3097 nem
2210 3042 2531 3114 impellens;
2562 3047 2740 3113 absit;
2788 3050 2885 3105 sed
2913 3053 3117 3109 auxilio
3161 3069 3261 3109 suo
3302 3072 3528 3113 vacuum
3558 3075 3644 3117 rc-

2054 3128 2322 3204 linqueus,
2356 3137 2708 3210 humanaeque
2752 3153 2957 3202 natura:
3004 3146 3376 3204 infirmitatem
3428 3151 3646 3208 demon-

2052 3239 2254 3285 strans.
2285 3230 2422 3286 Vide
2468 3241 2651 3289 autem
2694 3238 2970 3306 quomodo
3022 3252 3143 3310 post
3206 3242 3324 3299 haec
3377 3244 3645 3300 demissus

2054 3314 2228 3372 fuerit.
2265 3319 2397 3375 Nam
2428 3333 2552 3392 post
2579 3330 3056 3400 resurrectionem,
3098 3334 3314 3404 quando
3340 3333 3504 3402 dixit,
3543 3337 3644 3398 llic

2050 3418 2217 3462 autem
2244 3412 2370 3481 quid
2401 3414 2578 3486 (Joau.
2606 3418 2694 3475 21.
2725 3419 2866 3493 2|)?
2908 3432 2961 3478 et
2989 3438 3271 3494 repressus
3291 3435 3393 3492 est,
3426 3442 3492 3482 ne
3513 3444 3644 3484 con-

2052 3503 2314 3560 tradicere
2343 3509 2559 3578 quidem
2606 3526 2769 3568 ausus
2808 3524 2912 3581 est,
2937 3525 2995 3571 ut
3022 3514 3128 3582 hic,
3159 3517 3253 3572 sed
3284 3522 3469 3574 tacuit.
3499 3520 3640 3576 Rur-

2050 3614 2249 3669 susque
2277 3613 2397 3672 post
2425 3606 2871 3661 resurrectionem
2915 3622 3039 3663 eum
3087 3608 3257 3676 audit,
3294 3607 3415 3664 Non
3442 3624 3517 3667 est
3560 3631 3642 3671 ve-

2049 3700 2213 3744 strum
2236 3711 2382 3748 nosse
2407 3705 2636 3766 tempora
2673 3697 2751 3751 uel
2794 3710 3047 3755 momenta
3068 3700 3204 3770 (Act.
3242 3701 3292 3756 1.
3324 3701 3403 3772 7),
3455 3718 3640 3758 rursus

2050 3792 2232 3857 tacuit,
2254 3810 2351 3850 nec
2374 3796 2712 3850 contradicit.
2729 3794 3039 3867 Deindequc
3062 3797 3112 3850 in
3143 3799 3420 3853 cremento
3447 3808 3504 3854 et
3523 3804 3639 3857 siu-

2048 3886 2189 3942 done
2210 3904 2331 3945 cum
2362 3889 2603 3944 audisset
2632 3905 2817 3945 vocem
2844 3884 3134 3945 dicentem
3179 3893 3302 3956 sibi,
3341 3892 3470 3952 Ome
3502 3896 3638 3951 Deus

2048 3981 2378 4050 puri/ienuit,
2429 3990 2483 4033 tu
2525 3981 2813 4034 communia
2860 3998 2925 4035 ne
2961 3981 3150 4036 dixeris
3192 3981 3315 4053 (Ib.
3367 3983 3455 4038 10.
3506 3986 3629 4057 15),

2044 4090 2165 4127 eum
2210 4088 2315 4128 non
2369 4073 2513 4127 clare
2541 4074 2705 4128 sciret
2726 4073 2853 4144 quid
2878 4074 2980 4128 sibi
3011 4075 3176 4129 vellet
3205 4074 3359 4143 illud,
3392 4078 3633 4148 quievit,

2044 4179 2214 4234 neque
2241 4164 2541 4218 contendit.

2112 4258 2167 4313 4.
2217 4254 2462 4311 Voluntas
2488 4259 2596 4311 sine
2621 4257 2787 4329 gratia
2818 4274 2917 4313 non
2949 4260 3082 4331 agit,
3115 4270 3171 4314 ut
3197 4278 3288 4317 nec
3321 4263 3489 4333 gratia
3526 4264 3635 4317 sine

2039 4349 2310 4403 voluntate.
2357 4346 2617 4405 Christuttt
2652 4348 2850 4402 edimus
2899 4349 2952 4402 in
3002 4348 3346 4405 Ettcltaristia.
3398 4382 3467 4393 -—
3508 4353 3633 4409 Haec

2043 4454 2204 4509 porro
2238 4438 2415 4491 omnia
2444 4437 2626 4507 lapsus
2656 4438 2746 4493 ille
2769 4449 3020 4509 operatus
3042 4441 3156 4495 fuit.
3188 4443 3355 4497 Antea
3384 4459 3512 4497 vero
3547 4457 3626 4500 to-

2041 4539 2151 4583 tum
2199 4529 2301 4585 sibi
2337 4528 2612 4596 adscribit,
2651 4530 2837 4585 dicens
2877 4549 2891 4585 :
2925 4531 3035 4585 Etsi
3081 4550 3255 4588 omnes
3296 4538 3630 4592 scaudalizati

2039 4623 2261 4692 fuerint,
2294 4637 2384 4693 ego
2422 4638 2524 4675 non
2567 4622 2973 4677 scandalizabor.
3006 4623 3218 4679 Etiamsi
3246 4630 3525 4697 oportuerit
3549 4646 3630 4683 me

2040 4714 2168 4768 mori
2189 4723 2373 4781 tecum,
2390 4730 2489 4766 non
2509 4725 2556 4767 te
2586 4715 2816 4785 negabo;
2841 4728 2960 4769 cum
2983 4715 3163 4771 dicere
3189 4722 3533 4790 oportuisset,
3568 4722 3624 4777 Si

2037 4806 2203 4875 gratia
2248 4814 2333 4860 tua
2380 4804 2552 4868 fruar;
2601 4817 2785 4861 contra
2833 4823 2960 4862 vero
3001 4820 3179 4877 postea
3229 4813 3306 4866 sic
3347 4813 3623 4887 loquitur:

2042 4897 2177 4966 Quid
2206 4897 2347 4951 nobis
2366 4898 2646 4962 attenditis,
2674 4900 2821 4968 quasi
2851 4901 3058 4970 propria
3087 4902 3270 4959 virtute
3296 4907 3372 4959 vel
3400 4908 3581 4976 pietate
3607 4911 3622 4942 '

2036 4990 2303 5059 fecerimus
2346 4988 2477 5041 [tunc
2521 4984 2782 5043 ambulare
2811 4989 2963 5062 (Act.
2993 4993 3041 5045 5.
3076 4994 3143 5048 1‘2
3165 4995 3227 5063 )?
3263 4996 3506 5066 Magnum
3539 5000 3626 5057 hic

2036 5080 2225 5150 dogma
2245 5080 2556 5151 accipimus,
2577 5097 2681 5137 non
2704 5082 2950 5138 sufﬁcere
2969 5084 3197 5143 hominis
3222 5087 3507 5160 fervorem,
3523 5093 3623 5148 nisi

2035 5187 2266 5242 superna
2297 5173 2435 5227 adsit
2479 5174 2683 5243 gratia;
2731 5173 2966 5245 itemque
3003 5177 3138 5233 nihil
3183 5194 3280 5234 nos
3313 5196 3342 5235 a
3391 5195 3621 5252 superna

2034 5267 2201 5339 gratia
2220 5267 2416 5336 juvari,
2465 5268 2565 5322 nisi
2610 5268 2900 5324 voluntatis
2938 5270 3171 5326 studium
3210 5273 3364 5329 adsit.
3412 5275 3480 5330 Et
3508 5277 3624 5332 lucc

2034 5363 2193 5418 ambo
2216 5361 2506 5417 ostendunt
2532 5361 2696 5417 Judas
2720 5372 2773 5417 et
2810 5363 3002 5419 Petrus
3034 5381 3047 5418 :
3079 5365 3166 5421 ille
3192 5382 3421 5439 namque
3455 5370 3624 5424 multo

2035 5456 2198 5510 fultus
2219 5454 2439 5517 auxilio,
2473 5453 2602 5509 nihil
2630 5454 2752 5510 hinc
2774 5453 2978 5511 fructus
3005 5460 3260 5529 percepit,
3292 5461 3411 5530 quia
3431 5461 3618 5525 noluit,

2035 5560 2137 5602 nec
2160 5562 2256 5600 sua
2282 5546 2538 5610 contulit;
2582 5545 2670 5602 hic
2700 5563 2826 5603 vero
2846 5564 2966 5604 cum
3001 5552 3277 5622 preposito
3309 5553 3617 5621 voluntatis,

2032 5639 2156 5708 quia
2180 5639 2325 5693 nullo
2344 5639 2505 5695 fultus
2533 5650 2650 5697 erat
2673 5642 2892 5707 auxilio,
2927 5642 3107 5712 lapsus
3135 5653 3237 5698 cst.
3268 5642 3400 5699 Nam
3430 5658 3496 5700 ex
3528 5644 3618 5701 his

2031 5729 2238 5797 duobus
2264 5730 2433 5785 virtus
2451 5732 2774 5788 contexitur.
2809 5732 3144 5803 Quapropter
3172 5749 3318 5804 rogo,
3350 5750 3418 5793 ne
3439 5736 3618 5795 omnia

2099 5844 2114 5874 ι
2139 5841 2255 5906 Alii,
2280 5842 2354 5894 vet
2384 5849 2628 5907 potestate.
3185 5914 3258 5975 18
