4128 6414
516 389 630 448 313?.

525 508 590 563 ad
620 509 789 563 Deum
816 505 1166 564 remittentes,
1187 502 1535 563 dormianms,
1561 514 1693 552 neve
1713 512 1872 566 agere
1898 493 2116 551 studeo.

525 611 625 663 trs,
658 609 905 668 putemus
942 611 1050 650 ms
1093 594 1321 663 propriis
1364 592 1634 646 laboribus
1677 601 1844 643 totum
1891 590 2118 642 lictores

523 707 665 748 esse.
697 691 882 757 Neque
925 690 1070 745 enim
1111 703 1208 742 nos
1243 689 1463 758 supinos
1494 700 1615 739 esse
1642 685 1749 737 vult
1785 683 1940 736 Deus.
1995 681 2118 734 Ideo

528 799 628 838 non
662 792 830 837 totum
862 783 976 851 ipse
1013 780 1232 849 perlicit
1254 821 1268 842 ,
1317 793 1491 845 neque
1523 777 1633 829 vult
1663 790 1763 829 nos
1807 782 2118 842 arrogantes

524 869 662 929 esse.
683 875 1025 942 Quapropter
1055 887 1159 925 non
1180 879 1349 924 totum
1373 869 1524 922 nobis
1547 867 1714 929 dedit,
1742 865 1833 919 sed
1870 866 2118 933 utrinque

526 983 716 1021 noxam
754 967 1030 1028 auferens,
1072 962 1214 1031 quod
1267 969 1385 1016 erat
1442 960 1572 1015 utile
1621 958 1856 1027 reliquit.
1916 956 2118 1010 Idcirco

524 1058 867 1128 corypliazmn
899 1055 1096 1110 cadere
1126 1053 1406 1124 permisit,
1444 1060 1503 1106 ut
1535 1051 1680 1104 illum
1710 1049 2117 1103 moderatiorem

526 1151 796 1206 redderet.
845 1158 903 1204 et
930 1147 995 1201 ad
1046 1145 1304 1213 majorem
1355 1147 1630 1197 caritatem
1683 1141 1996 1195 induceret:
2025 1137 2120 1194 Cui

523 1242 677 1302 enim,
709 1239 912 1308 inquit,.
928 1238 1042 1307 plus
1068 1239 1329 1290 remimun
1351 1235 1527 1304 {etei-it,
1546 1234 1588 1286 is
1607 1231 1764 1302 magis
1775 1231 1948 1301 diliget
1965 1229 2116 1298 (Luc.

525 1336 578 1390 7.
609 1331 724 1404 47).
759 1333 865 1385 Deo
893 1331 1051 1399 igitur
1080 1329 1278 1394 ubique
1306 1327 1695 1392 obsequantur;
1730 1337 1829 1376 nec
1854 1321 2122 1375 con'radi-

525 1441 716 1480 camus
736 1420 1057 1486 ei,.etiamsi
1085 1418 1303 1488 θάψιοά
1333 1417 1482 1479 dicit,
1513 1415 1706 1469 rationi
1733 1425 1787 1468 et
1816 1413 2118 1484 intelligen-

527 1517 613 1570 tia:
641 1510 1193 1568 uostrm-coutrarinm
1227 1508 1469 1561 videatur
1501 1525 1514 1560 :
1545 1505 1638 1560 sed
1673 1504 1962 1574 praevaleat
2005 1502 2121 1573 ejus

528 1622 708 1661 sermo
735 1604 928 1659 rationi
973 1613 1028 1656 et
1074 1599 1438 1670 intelligentiae
1489 1607 1708 1651 nostrai.
1740 1595 1830 1651 Sic
1855 1597 2016 1650 etiam
2067 1597 2119 1650 in

528 1699 800 1772 mysteriis
830 1696 1107 1758 faciamus,
1145 1710 1251 1747 non
1291 1709 1354 1747 ea
1386 1691 1560 1745 solum
1589 1707 1708 1760 quae
1753 1690 1854 1744 sub
1899 1704 2118 1745 sensum

525 1793 720 1845 eadunt
750 1788 1121 1854 respicientes,
1169 1785 1263 1838 sed
1305 1783 1464 1838 verba
1493 1783 1614 1851 ejus
1651 1782 1960 1836 retinentes.
1991 1781 2121 1836 Ver-

527 1883 873 1954 lmmquippe
897 1881 1014 1949 ejus
1062 1878 1248 1932 fallere
1287 1876 1504 1945 nequit;
1536 1889 1737 1952 sensus
1784 1888 1912 1928 vero
1939 1883 2123 1928 noster

528 1976 684 2031 facile
703 1972 985 2042 decipitur.
1012 1969 1246 2025 Verbum
1270 1967 1384 2036 ejus
1405 1981 1693 2036 numquam
1723 1965 1953 2030 excidit;
1996 1980 2121 2019 seu-

525 2083 619 2122 sns
641 2082 774 2120 vero
800 2060 1190 2133 saepefallitur.
1235 2058 1500 2127 Quoniam
1533 2072 1660 2112 vero
1701 2057 1788 2111 ille
1818 2056 1971 2118 dixit,
2009 2056 2123 2109 Hoc

526 2167 804 2225 cst-corpus
833 2170 1021 2218 meum,
1051 2151 1506 2220 obtemperemus,
1535 2147 1840 2213 credamus,
1879 2157 1932 2202 et
1957 2148 2115 2216 spiri-

527 2251 758 2305 tualihns
786 2249 957 2303 oculis
980 2247 1152 2316 ipsum
1181 2243 1550 2311 reSpiciamus.
1599 2240 1738 2295 Nihil
1773 2242 1922 2295 enim
1949 2241 2124 2296 sensi-

527 2345 632 2398 bile
661 2341 814 2398 nobis
835 2340 1082 2394 Christus
1102 2337 1282 2399 dedit;
1308 2334 1400 2387 sed
1425 2333 1583 2386 rebus
1595 2333 1756 2387 etiam
1779 2332 2124 2386 sensibilibus

526 2435 705 2489 omnia
725 2441 855 2488 sunt
891 2427 1208 2499 Spiritualia.
1243 2427 1332 2480 Sic
1361 2425 1506 2480 enim
1549 2432 1609 2478 et
1643 2425 1693 2477 in
1722 2422 1990 2492 baptismo
2030 2437 2125 2491 per

527 2541 640 2580 rem
663 2522 914 2578 sensilem
941 2521 1141 2574 donum
1171 2532 1323 2585 aquae
1346 2513 1680 2579 conceditur,
1707 2512 1849 2582 quod
1894 2514 2126 2568 efficitur

527 2616 807 2687 spirituale
831 2596 934 2678 est,
973 2608 1252 2680 generatio
1280 2616 1335 2662 et
1365 2605 1699 2674 regeneratio
1717 2647 1732 2670 ,
1765 2604 1879 2658 sive
1902 2619 2126 2659 renova-

531 2709 777 2764 tio.Nam
810 2706 852 2761 si
879 2706 1226 2770 incorporeus
1251 2713 1419 2757 esses,
1454 2696 1593 2750 nuda
1625 2694 1718 2748 tibi
1756 2694 1842 2748 illa
1868 2703 1920 2748 et
1949 2694 2125 2749 incor-

533 2815 691 2870 porea
720 2797 858 2852 dona
888 2793 1194 2854 tribuisset;
1224 2789 1318 2842 sed
1342 2789 1465 2857 quia
1493 2786 1704 2854 corpori
1729 2785 2011 2854 conjuncta
2041 2796 2123 2839 est

531 2891 726 2949 anima.
758 2889 808 2941 iu
843 2883 1184 2941 sensibilibus
1226 2879 1524 2947 Spiritualia
1556 2878 1648 2930 tibi
1699 2878 1938 2945 largitur.
1975 2875 2122 2944 Quot

532 2995 654 3040 sunt
677 2983 765 3054 qui
798 2980 956 3035 modo
997 2977 1198 3037 dicunt,
1236 2973 1440 3029 Vellem
1484 2971 1597 3039 ejus
1621 2971 1880 3032 formam,
1916 2978 2122 3042 typum,

532 3077 871 3137 vestimenta,
923 3071 1285 3125 calceamenta
1331 3063 1553 3118 videre?
1583 3062 1718 3116 Ecce
1764 3061 1911 3114 illum
1953 3060 2121 3123 vides,

534 3170 706 3240 ipsum
736 3165 932 3234 tangis,
981 3161 1154 3230 ipsum
1191 3155 1448 3210 comedis.
1489 3152 1570 3207 Ἐι
1615 3163 1667 3207 lll
1716 3151 1930 3221 quidem
1959 3152 2124 3204 vesti-

535 3269 711 3316 menta
736 3257 917 3312 videre
942 3253 1092 3322 cupis
1123 3269 1136 3307 :
1168 3250 1282 3318 ipse
1323 3262 1449 3301 vero
1490 3246 1725 3313 seipsntn
1756 3244 1846 3297 tibi
1879 3243 1989 3306 dat,
2019 3257 2122 3295 non

534 3352 818 3412 videndum
851 3348 1030 3411 modo,
1061 3345 1155 3400 sed
1187 3339 1511 3412 tangeudum
1534 3379 1549 3402 ,
1580 3334 1973 3391 comedendum
1997 3375 2011 3397 ,
2045 3335 2128 3387 in-

531 3459 617 3502 tus
657 3441 1047 3512 accipiendmn.
1099 3434 1266 3490 Nemo
1324 3433 1503 3500 itaque
1551 3442 1816 3482 nauseans
1867 3426 2121 3491 accedat,

535 3554 694 3594 nemo
723 3535 1001 3594 remissus,
1027 3542 1217 3582 omnes
1252 3524 1525 3580 ardentes.
1551 3536 1741 3574 omnes
1777 3518 2046 3572 ferventes
2071 3527 2126 3571 ct

531 3628 768 3686 excitati.
799 3626 929 3680 Nam
957 3625 999 3676 si
1030 3619 1200 3676 Judmi
1232 3625 1454 3678 stantes,
1484 3613 1729 3676 calceati,
1765 3611 1984 3666 baculos
2015 3627 2127 3663 ma-

533 3723 692 3778 nibus
723 3728 987 3782 tenentes,
1020 3729 1142 3767 cum
1179 3708 1524 3765 festinatione
1548 3704 1925 3766 comedebant,
1959 3702 2127 3756 multo

533 3813 703 3885 magis
744 3821 804 3866 te
852 3809 1074 3879 vigilare
1103 3808 1334 3872 oportet.
1387 3796 1468 3852 llli
1513 3796 1656 3850 enim
1689 3795 1739 3848 in
1788 3793 2123 3849 Palmstinam

534 3907 656 3963 ituri
683 3911 856 3968 erant,
905 3900 1132 3968 ideoque
1178 3896 1442 3949 viatorum
1485 3889 1686 3944 cultum
1730 3886 2035 3950 habebant;
2069 3897 2123 3938 tn

535 4013 664 4055 vero
685 4001 736 4050 in
765 3996 954 4049 malum
984 3991 1306 4060 migraturus
1329 3999 1406 4041 es.

607 4091 662 4144 5.
702 4086 928 4157 Indigna
955 4081 1248 4136 communio
1285 4085 1531 4149 quantum
1584 4075 1794 4128 malum.
1836 4071 2036 4125 Caritas
2080 4079 2127 4123 et

534 4180 908 4252 magniﬁcentia
960 4173 1148 4230 Christi
1186 4173 1246 4224 in
1296 4167 1645 4223 Ettcliaristia.
1676 4163 2127 4228 —Quamohrem

537 4281 755 4344 oportet
791 4281 1007 4338 semper
1031 4263 1252 4333 vigilare
1278 4279 1291 4314 :
1324 4275 1428 4315 non
1456 4271 1683 4327 parvum
1714 4255 1858 4309 enim
1887 4253 2129 4306 imminet

533 4363 854 4435 supplicium
874 4361 939 4414 iis
965 4359 1053 4428 qui
1087 4355 1301 4423 indigne
1327 4350 1740 4405 communicant.
1759 4346 1942 4414 Cogita
1959 4358 2132 4414 quan-

537 4471 649 4514 tum
681 4463 867 4512 contra
899 4450 1222 4522 proditorem
1254 4441 1580 4514 indignaris,
1617 4449 1670 4494 et
1699 4447 1882 4494 contra
1915 4451 2009 4491 cos
2038 4437 2128 4507 qni

535 4551 808 4605 Christum
840 4544 1244 4600 crucifixerunt.
1277 4535 1422 4589 Cave
1465 4547 1626 4602 ergo,
1662 4546 1728 4584 ne
1773 4540 1827 4583 tu
1861 4530 1974 4600 ipse
2005 4543 2131 4582 reus

539 4641 614 4695 sis
645 4638 888 4709 corporis
926 4643 986 4689 et
1027 4629 1299 4700 sanguinis
1335 4623 1554 4679 Christi.
1581 4622 1901 4678 illi-sacrum
1932 4633 2131 4688 corpus

542 4732 898 4790 trucidarunt,
930 4740 984 4781 αι
1015 4734 1134 4796 post
1159 4732 1235 4776 tot
1270 4718 1526 4775 beneficia
1557 4731 1678 4770 cum
1715 4711 1930 4766 sordida
1955 4711 2128 4765 susci-

546 4828 628 4896 pis
648 4823 849 4879 anima.
875 4817 1060 4889 Neque
1098 4814 1242 4870 enim
1286 4810 1416 4866 satis
1461 4808 1641 4862 habuit
1680 4805 1949 4859 hominem
1991 4803 2127 4867 fieri,

542 4895 712 4988 alapis
736 4915 893 4976 caedi,
923 4904 1322 4972 immolari,sed
1351 4904 1586 4974 seipsum
1615 4898 1925 4959 commiscet
1953 4895 2134 4951 nobis-

547 5027 669 5066 eum
693 5050 712 5079 ,
743 5026 848 5064 non
877 5005 982 5060 fide
1011 5013 1214 5059 tantum
1240 5043 1255 5066 ,
1283 4998 1374 5053 sed
1415 4996 1590 5064 reipsa
1614 5008 1712 5048 nos
1749 5005 1946 5060 corpus
1975 5003 2130 5043 suum

550 5079 1070 5176 constitttithuanta
1084 5108 1212 5164 ergo
1229 5091 1455 5160 puritate
1471 5091 1745 5156 oporteret
1769 5097 1889 5136 eum
1907 5095 2025 5134 csse
2041 5080 2130 5147 qui

556 5195 658 5248 hoc
685 5171 878 5254 fruitur
896 5171 1208 5244 sacrificio?
1247 5189 1445 5251 quanto
1473 5177 1636 5232 radiis
1661 5175 1924 5228 solaribus
1954 5171 2135 5241 purio-

554 5301 666 5341 rem
693 5281 815 5338 es~e
843 5255 1113 5350 oporteret
1149 5288 1366 5330 manum
1409 5271 1572 5331 illam,
1606 5282 1725 5338 qua:
1757 5265 1893 5318 hanc
1916 5277 2131 5318 carnem

546 5385 715 5438 secat,
748 5390 808 5427 os
835 5369 974 5441 quod
1016 5365 1276 5437 spirituali
1308 5363 1543 5431 repletur
1573 5361 1723 5429 igne,
1767 5357 1997 5425 linguam
2030 5363 2136 5407 tre-

552 5470 750 5530 mendo
770 5466 1028 5538 Sanguine
1057 5459 1307 5517 tinctam?
1328 5459 1510 5526 Cogita
1541 5458 1797 5524 quantum
1822 5450 2044 5517 adeptus
2063 5445 2136 5499 sis

555 5559 857 5622 honorem?
886 5574 988 5630 qua
1021 5553 1214 5609 fruaris
1253 5547 1479 5603 mensa?
1507 5543 1658 5612 Quod
1696 5539 1870 5610 angeli
1904 5544 2139 5592 tremunt

551 5659 814 5723 videntes,
847 5629 944 5706 nec
973 5649 1091 5704 sine
1118 5652 1260 5700 metu
1280 5638 1544 5708 reSpicere
1565 5632 1846 5686 andcntob
1873 5629 2137 5697 fulgorem

558 5750 684 5806 inde
713 5753 1042 5810 manantem,
1066 5757 1131 5792 eo
1162 5751 1259 5791 nos
1287 5733 1498 5794 alimur,
1532 5726 1655 5781 huic
1683 5723 2098 5779 commisocinur
2120 5761 2134 5784 ,

557 5843 786 5914 l’aitiqne
829 5850 1007 5891 smnus
1063 5827 1263 5886 Christi
1314 5839 1474 5879 untnn
1531 5834 1726 5885 corpus
1775 5828 1827 5870 et
1867 5831 1965 5870 una
1992 5828 2138 5866 caro.

1241 387 1296 439 S.
1338 384 1617 440 JOANNIS
1653 379 2127 438 CHRYSOSTOMI
2167 381 2485 438 ARClllEP.
2527 383 3058 443 CONSTANTINOP.

3710 395 3820 454 τις

2234 493 2364 560 Qui:
2390 495 2622 564 loquetur
2644 503 2892 565 potentias
2932 502 3183 556 Domini?
3224 504 3427 558 audita:
3462 508 3613 577 faciet
3644 527 3821 566 omnes

2226 585 2403 639 laudes
2422 589 2531 655 q'us
2559 593 2576 657 (
2608 589 2753 644 Ρδηι.
2784 593 2906 646 103.
2937 592 2972 645 Ξ
2993 593 3051 663 )?
3077 593 3206 658 Quis
3236 605 3416 663 pastor
3459 599 3684 668 propriis
3714 603 3817 655 sibi

2227 679 2482 733 membris
2507 695 2638 736 oves
2659 684 2864 737 nutrit?
2892 686 3091 756 Ecquid
3125 697 3392 756 pastorem
3420 689 3582 744 dico?
3624 693 3822 749 Matres

2226 785 2368 839 stepe
2397 783 2539 835 sunt,
2571 791 2689 842 quae
2719 786 2836 844 post
2862 788 3071 846 partum
3103 779 3118 810 ⁸
3149 779 3372 833 infantes
3389 780 3507 834 aliis
3523 784 3820 840 nutricibus

2224 862 2391 915 dant:
2425 865 2536 931 ipse
2580 881 2708 920 vero
2750 867 2799 920 id
2831 883 2934 922 non
2966 883 3150 937 passus
3192 880 3293 935 est,
3328 871 3420 926 sed
3459 889 3554 927 nos
3599 877 3821 945 proprio

2225 955 2688 1021 sanguiuetuurit,
2718 969 2772 1012 et
2796 975 2892 1028 per
2921 960 3099 1014 omnia
3132 962 3232 1015 sibi
3255 963 3487 1031 copulat.
3520 965 3817 1022 Considera

2226 1056 2399 1100 autem
2434 1063 2448 1099 :
2480 1061 2544 1101 ex
2575 1059 2754 1102 nostra
2784 1051 3078 1106 substantia
3109 1061 3267 1107 natus
3297 1065 3398 1108 est.
3431 1055 3558 1120 Sed,
3583 1058 3814 1127 inquies,

2228 1138 2356 1192 nihil
2383 1141 2483 1193 hoc
2528 1139 2593 1195 ad
2646 1157 2832 1197 omnes
2863 1144 3092 1212 pertinet
3123 1159 3138 1198 :
3167 1161 3488 1216 quamquam
3534 1149 3599 1202 ad
3630 1166 3820 1206 omnes

2225 1238 2393 1284 certe.
2417 1231 2471 1287 Si
2495 1232 2639 1286 enim
2676 1233 2742 1286 ad
2782 1244 3028 1289 naturain
3069 1246 3305 1290 nostram
3336 1239 3514 1303 venit,
3543 1241 3724 1310 utique
3749 1243 3816 1296 ad

2227 1338 2415 1375 omnes
2437 1325 2581 1378 venit
2611 1341 2624 1378 :
2657 1326 2702 1379 si
2741 1335 2920 1380 autem
2958 1327 3025 1380 ad
3053 1342 3240 1382 omnes
3266 1330 3426 1383 etiam
3459 1331 3526 1384 ad
3559 1332 3815 1401 singulos.

2229 1416 2296 1470 Et
2321 1417 2610 1484 quomodo.
2647 1419 2874 1488 inquies,
2929 1436 3032 1473 non
3062 1437 3251 1474 omnes
3293 1421 3434 1476 hunc
3471 1422 3696 1478 fructum
3727 1441 3821 1480 ac-

2226 1510 2606 1572 ceperuntild
2653 1519 2802 1566 certe
2857 1529 2962 1566 non
3009 1513 3080 1567 illi
3123 1514 3532 1569 adscribendum
3579 1519 3667 1585 qui
3719 1534 3820 1587 pro

2226 1602 2473 1656 omnibus
2503 1602 2630 1656 illud
2655 1602 2873 1672 delegit,
2897 1603 2991 1658 sed
3020 1604 3122 1659 illis
3153 1605 3241 1674 qui
3272 1606 3580 1661 noluerunt.
3610 1605 3818 1676 Cuique

2227 1693 2369 1746 enim
2399 1694 2538 1748 fideli
2574 1710 2667 1763 per
2696 1693 2797 1747 hoc
2825 1696 3136 1766 mysterium
3168 1710 3226 1750 se
3263 1696 3572 1767 conjungit,
3603 1707 3656 1751 et
3684 1713 3820 1766 quos

2227 1785 2432 1853 genuit,
2466 1801 2559 1853 per
2587 1801 2645 1839 se
2675 1785 2861 1851 nutrit,
2911 1802 3085 1856 neque
3117 1787 3205 1840 alii
3247 1788 3440 1852 tradit;
3476 1789 3681 1858 hocque
3724 1791 3818 1844 tibi

2230 1875 2389 1929 tundo
2421 1877 2628 1944 prohat,
2660 1890 2718 1930 se
2759 1891 2974 1931 carnem
3015 1879 3289 1946 accepisse
3335 1890 3499 1932 tuam.
3542 1879 3616 1934 Ne
3643 1881 3822 1950 itaque

2229 1981 2419 2035 segnes
2447 1967 2615 2021 sinms
2643 1977 2788 2020 tanta
2833 1968 3036 2037 dignati
3077 1971 3298 2024 caritate
3327 1979 3382 2025 et
3413 1980 3561 2028 tanto
3591 1971 3819 2030 honore.

2229 2057 2342 2128 Non
2365 2056 2555 2111 videtis
2584 2068 2786 2123 quanto
2811 2059 3012 2128 impetu
3039 2059 3267 2114 infantes
3289 2061 3422 2114 labia
3453 2076 3546 2115 sua
3577 2063 3822 2118 mamilla:

2229 2149 2586 2202 admoveant?
2613 2147 2746 2202 Cuui
2777 2151 2968 2202 eodem
2992 2151 3170 2202 studio
3200 2165 3297 2204 nos
3327 2151 3392 2204 ad
3424 2152 3558 2206 hanc
3589 2155 3816 2208 accedo-

2232 2255 2349 2295 Inus
2377 2256 2640 2306 mensam,
2664 2251 2716 2294 et
2739 2242 2804 2294 ad
2826 2241 3115 2295 tuamiliaut
3145 2243 3438 2313 spiritualis
3462 2246 3635 2312 poculi
3659 2261 3673 2308 ;
3715 2248 3824 2299 imo

2231 2347 2358 2387 vero
2385 2332 2589 2401 majore
2616 2347 2735 2387 cum
2754 2332 2956 2399 studio,
3001 2342 3058 2386 ut
3086 2333 3343 2387 lactentes
3371 2337 3518 2403 pueri
3543 2377 3556 2395 ,
3595 2337 3820 2404 gratiam

2228 2424 2457 2494 Spiritus
2482 2423 2815 2477 attrahatnus
2846 2443 2858 2478 :
2895 2439 3138 2493 unusque
3167 2423 3320 2478 nobis
3349 2426 3415 2478 sit
3442 2425 3617 2491 dolor,
3647 2427 3690 2478 si
3719 2425 3822 2479 hoc

2231 2515 2486 2582 Spirituali
2519 2515 2774 2568 alimento
2807 2514 3094 2583 privemnr.
3127 2515 3241 2568 Non
3271 2525 3395 2568 sunt
3437 2517 3680 2571 humanm.
3713 2517 3823 2569 vir-

2233 2605 2361 2658 tutis
2390 2604 2503 2657 hzec
2529 2619 2712 2673 opera.
2737 2603 2784 2657 Is
2810 2605 2898 2673 qui
2929 2604 3121 2658 tuncin
3152 2605 3238 2658 illa
3271 2620 3422 2661 omna
3445 2605 3820 2672 Inecconfecit,

2231 2706 2282 2750 et
2315 2711 2453 2750 nunc
2497 2697 2659 2752 etiam
2707 2706 2980 2765 operatur.
3014 2697 3122 2750 Nos
3163 2698 3525 2751 ministrorum
3568 2699 3824 2755 habemus

2229 2791 2471 2844 ordinem
2497 2805 2511 2842 :
2536 2791 2624 2860 qui
2657 2804 2786 2844 vero
2813 2790 2901 2843 illa
2944 2791 3237 2845 sanctificat
3267 2802 3319 2845 et
3350 2801 3685 2858 transmutat,
3709 2793 3824 2861 ipse

2229 2893 2331 2937 est.
2361 2881 2549 2937 Nullus
2578 2897 2710 2952 ergo
2734 2881 2900 2936 Iudas
2925 2882 3084 2948 adsit,
3141 2882 3319 2936 nullus
3357 2897 3550 2936 avarus
3584 2900 3596 2935 :
3626 2883 3668 2936 si
3696 2884 3819 2952 quis

2229 2976 2524 3044 discipulus
2556 2991 2660 3030 non
2694 2985 2795 3037 est,
2824 2976 3039 3030 recedat
3075 2993 3087 3027 :
3119 2992 3224 3028 non
3254 2977 3444 3045 recipit
3481 2976 3602 3031 inec
3638 2994 3822 3031 mensa

2230 3085 2325 3125 eos
2353 3072 2443 3140 qui
2469 3071 2603 3124 tales
2635 3085 2740 3123 non
2785 3078 2930 3122 sunt.
2961 3069 3094 3122 Cum
3127 3069 3424 3137 discipulis,
3457 3070 3647 3138 inquit,
3690 3072 3824 3125 meis

2227 3163 2368 3216 facio
2389 3162 2608 3232 pascha.
2642 3162 2764 3216 Haec
2802 3162 2913 3228 ipsa
2947 3175 3132 3214 mensa
3167 3171 3284 3224 est,
3318 3176 3437 3230 qua:
3483 3160 3614 3214 nihil
3647 3166 3824 3215 annus

2230 3270 2386 3324 quam
2433 3254 2518 3308 illa
2562 3252 2744 3307 habet.
2785 3251 2971 3321 Neque
3019 3252 3160 3305 enim
3210 3252 3350 3305 illam
3375 3251 3652 3316 Christus,
3684 3252 3825 3305 hanc

2225 3346 2393 3401 homo
2420 3345 2586 3401 facit:
2619 3344 2712 3398 sed
2735 3352 2790 3397 et
2813 3346 2949 3397 hanc
2994 3356 3047 3397 et
3079 3343 3219 3396 illam
3252 3343 3381 3411 ipse.
3418 3343 3528 3397 lluc
3573 3343 3698 3396 illud
3739 3353 3825 3396 est

2231 3439 2582 3502 cmuaculum,
2629 3438 2715 3490 ubi
2748 3447 2872 3491 tunc
2911 3446 3098 3501 erant;
3131 3434 3256 3489 hinc
3290 3437 3355 3489 ad
3390 3435 3618 3491 Montem
3651 3437 3823 3489 oliva—

2234 3546 2348 3583 rum
2376 3530 2619 3584 exierunt
2652 3543 2788 3582 :nos
2831 3542 3089 3582 exeamus
3141 3527 3206 3580 ad
3254 3542 3443 3580 manus
3484 3543 3773 3596 pauperum
3804 3545 3818 3580 :

2232 3623 2334 3678 hic
2366 3623 2508 3675 enim
2563 3623 2807 3676 locusest
2862 3623 3010 3677 Mons
3057 3620 3339 3673 olivarum.
3387 3619 3551 3674 Oliva:
3593 3636 3824 3690 namque

2235 3719 2485 3787 plantatae
2513 3715 2562 3767 in
2596 3713 2756 3766 domo
2791 3712 2880 3766 Dei
2901 3720 3027 3765 sunt
3049 3727 3342 3780 pauperum
3371 3712 3673 3776 multitudo,
3699 3729 3822 3781 qua:

2233 3808 2434 3862 stillant
2460 3807 2658 3870 oleum,
2692 3804 2829 3872 quod
2855 3803 2962 3856 illic
2986 3803 3140 3856 nobis
3166 3803 3291 3857 utile
3313 3805 3415 3855 erit
3444 3820 3456 3855 :
3491 3803 3630 3872 quod
3661 3803 3822 3873 quin-

2233 3915 2337 3970 que
2385 3899 2486 3952 illze
2533 3897 2764 3965 virgines
2816 3894 3138 3960 habuerunt,
3167 3905 3373 3949 cteterze
3402 3910 3530 3948 Vt'l‘O
3557 3912 3676 3965 qua:
3715 3912 3822 3950 non

2235 3995 2358 4049 hinc
2384 3997 2724 4058 acceperant,
2747 3988 3040 4057 perierunt.
3069 3987 3180 4041 Hoc
3194 3987 3518 4056 accipientes
3535 3988 3819 4055 intremus,

2234 4095 2292 4139 ut
2338 4080 2660 4150 fulgentibus
2692 4078 3029 4147 lampadibus
3071 4077 3136 4130 ad
3181 4092 3437 4144 sponsmn
3478 4077 3819 4131 accedamus.

2235 4177 2345 4232 IIoc
2386 4172 2709 4241 accipientes
2738 4167 2863 4222 hinc
2905 4167 3263 4234 egrediamur.
3307 4167 3474 4220 Nemo
3502 4166 3823 4222 inhumanus

2235 4267 2472 4325 accedat.
2490 4277 2647 4317 nemo
2672 4260 2903 4314 crudelis
2921 4269 2973 4313 et
2999 4258 3400 4323 immisericm-s,
3423 4274 3581 4313 nemo
3603 4260 3823 4313 omnino

2237 4363 2500 4428 impurus.

2306 4450 2359 4505 6.
2378 4448 2511 4502 Haec
2535 4444 2688 4497 vobis
2713 4443 2800 4514 qui
2827 4440 3234 4496 communicatis
3259 4438 3402 4503 dico,
3431 4455 3640 4494 necnon
3671 4441 3822 4494 vobis

2236 4547 2323 4618 qui
2355 4541 2690 4598 ministratis.
2720 4537 2852 4590 Nam
2882 4551 3098 4589 necesse
3126 4543 3212 4590 est
3237 4549 3330 4587 vos
3357 4535 3577 4605 al'oqui,
3609 4545 3664 4588 ut
3697 4551 3822 4590 cum

2239 4637 2401 4694 multa
2432 4630 2700 4701 diiigenria
2733 4627 2848 4681 haec
2885 4629 3021 4680 dona
3064 4625 3413 4680 distribuatis.
3442 4626 3556 4680 Non
3602 4642 3822 4695 parvun

2239 4731 2387 4783 vobis
2425 4723 2741 4795 supplicium
2767 4721 3079 4789 deputatum
3109 4729 3227 4783 est,
3259 4719 3302 4771 si
3333 4734 3489 4786 quem
3522 4719 3825 4788 improbum

2237 4823 2388 4879 vobis
2415 4829 2598 4873 notum
2628 4815 2692 4869 ad
2717 4813 2878 4882 hujus
2911 4826 3108 4866 nimrsze
3149 4812 3602 4880 participationem
3634 4812 3828 4864 admit-

2240 4919 2382 4974 tatis.
2431 4911 2660 4979 Sanguis
2705 4907 2823 4977 ejus
2869 4906 3177 4973 eatquiretur
3215 4904 3282 4956 de
3328 4905 3572 4958 manibus
3611 4905 3824 4958 vestris.

2239 5007 2492 5080 Quamvis
2525 5001 2630 5056 dux
2674 4996 2933 5067 quiSpiam
2963 4994 3026 5048 sit
3049 5035 3066 5061 ,
3095 4996 3336 5063 quamvis
3368 4994 3646 5066 praefectus
3665 5035 3682 5061 ,
3713 4995 3831 5050 sive

2242 5106 2284 5158 is
2315 5103 2426 5169 ipse
2454 5095 2542 5165 qui
2571 5091 2872 5146 diademate
2909 5085 3210 5151 redimitur,
3240 5086 3283 5139 si
3322 5085 3536 5155 indigne
3577 5085 3826 5150 accedat,

2241 5194 2470 5256 cohibe;
2499 5185 2759 5254 majorem
2797 5189 2853 5233 tu
2892 5194 3052 5249 quam
3090 5178 3179 5232 ille
3209 5187 3525 5247 potestatem
3558 5177 3742 5232 habes.
3771 5176 3826 5232 Si

2233 5290 2335 5345 tibi
2370 5285 2487 5338 fons
2517 5291 2680 5349 purus
2709 5274 2852 5346 gregi
2893 5271 3275 5326 custodiendus
3303 5272 3623 5327 commissus
3650 5281 3828 5336 esset,

2244 5400 2305 5438 ac
2335 5378 2542 5434 videres
2566 5387 2626 5426 os
2653 5370 2769 5423 ovis
2793 5366 3087 5435 cujuspiam
3117 5366 3225 5418 luto
3251 5363 3527 5427 futdatum,
3557 5377 3660 5417 non
3688 5363 3837 5416 sine.

2246 5490 2332 5531 res
2357 5469 2589 5525 demisso
2613 5461 2787 5531 capite
2808 5459 3062 5513 fluentum
3087 5457 3321 5510 turbare.
3349 5454 3500 5509 Nunc
3527 5469 3630 5508 non
3655 5469 3833 5524 aqua’,

2246 5567 2339 5620 sed
2365 5557 2658 5630 sanguinis.
2685 5564 2739 5607 et
2759 5553 2978 5621 spiritus
3006 5550 3132 5603 fonti
3158 5547 3506 5603 custodiendo
3527 5547 3834 5614 deputatus,

2237 5649 2282 5702 si
2301 5648 2542 5718 peccatis
2559 5655 2704 5701 terra
2723 5656 2776 5701 et
2795 5647 2908 5700 luto
2927 5643 3252 5699 foedioribus
3269 5640 3583 5712 inquinatos
3601 5633 3843 5691 accede.

2298 5792 2314 5825 ι
2343 5789 2478 5850 Haec,
2501 5796 2610 5853 post
2637 5795 2852 5852 partam,
2877 5787 3061 5835 desunt
3085 5781 3131 5832 in
3154 5781 3329 5831 Morel.
