4074 6410
348 466 409 504 re
421 448 630 511 videas,
647 460 750 501 nec
770 440 1090 516 indigneris,
1115 455 1217 495 nec
1233 438 1514 504 cohibens,
1532 451 1698 509 quam
1726 434 1944 492 veniam

351 539 654 597 merearis?
676 537 885 593 Idcirco
919 550 1019 591 vos
1036 533 1183 589 Deus
1222 533 1325 587 hoc
1347 533 1554 587 honore
1585 528 1862 586 decoravit
1883 535 1944 583 ut

349 632 468 687 inec
480 625 960 685 discernstisJItee
978 632 1157 680 vestra
1170 622 1410 694 dignitas
1418 620 1643 686 est,b:cc
1651 618 1946 684 securitas,

350 725 469 779 hac
482 737 713 786 corona,
735 736 844 776 non
869 730 928 775 ut
949 720 1073 775 alba
1090 717 1517 790 spieudenteqne
1550 715 1735 771 tunica
1764 713 1944 769 induti

348 812 724 871 circumeatis.
747 811 815 870 Et
828 806 1520 879 undenam,iuquies,hunc
1538 815 1593 861 ct
1609 806 1763 862 illum
1785 819 1950 861 nosse

357 909 556 977 passim
577 904 602 960 ι
627 903 745 959 Non
771 902 839 958 de
868 901 1080 974 ignotis,
1112 900 1206 957 sed
1235 899 1305 956 de
1328 898 1471 954 notis
1494 898 1702 969 loquor.
1734 896 1946 967 Aliquid

359 998 669 1053 horribilius
697 996 874 1053 dicam
904 1013 920 1050 :
950 995 1066 1051 Non
1095 1004 1200 1050 tam
1242 1008 1403 1065 grave
1437 1000 1523 1048 est
1556 1005 1950 1061 euergumenos

359 1096 502 1148 intus
525 1108 650 1150 esse
675 1134 694 1159 ,
721 1101 782 1147 ιιι
806 1091 906 1148 hos
928 1106 1066 1161 quos
1087 1089 1219 1145 dicit
1244 1087 1483 1157 Paulus(
1518 1084 1679 1141 Hebr.
1710 1083 1799 1141 10.
1828 1082 1946 1156 ‘39)

357 1186 630 1241 Christum
656 1184 995 1246 canonicam,
1022 1194 1080 1239 et
1102 1181 1415 1252 sanguinem
1455 1179 1761 1235 testamenti
1797 1192 1949 1233 com-

357 1295 519 1334 mune
546 1278 768 1345 dueere,
786 1287 948 1348 atque
974 1275 1207 1346 Spiritus
1233 1275 1460 1345 gratiam
1486 1272 1812 1329 contumelia
1830 1272 1944 1327 alli-

354 1387 501 1427 cere.
524 1362 865 1425 Dteutoniaeo
882 1369 1026 1424 enim
1048 1367 1291 1438 pejorest
1307 1366 1396 1436 qui
1426 1365 1664 1436 peccavit
1689 1375 1743 1420 et
1765 1379 1947 1420 acces-

355 1464 446 1516 sit.
461 1461 539 1517 Illi
555 1463 701 1518 enim
718 1477 839 1516 cum
855 1476 884 1514 a
896 1460 1141 1516 daemone
1154 1466 1436 1522 vexantur,
1455 1474 1564 1512 non
1581 1457 1702 1513 ideo
1715 1458 1946 1527 puniun-

356 1564 442 1609 tur
473 1572 487 1608 :
522 1555 574 1608 hi
614 1568 743 1609 vero
782 1554 830 1609 si
877 1552 1092 1624 indigne
1127 1550 1415 1615 accedant,
1444 1560 1649 1605 ωιθι-ιιο
1684 1550 1947 1620 supplicio

358 1648 655 1703 traduntur.
682 1647 761 1702 Ne
785 1647 963 1718 itaque
988 1645 1088 1702 hos
1118 1654 1324 1701 tantum
1352 1643 1629 1714 pellamus,
1660 1643 1756 1699 sed
1783 1643 1944 1698 etiam

355 1754 580 1805 omnes,
611 1754 750 1810 quos
777 1738 1067 1793 viderimus
1096 1737 1312 1807 indigne
1344 1734 1623 1791 accedere.
1653 1734 1824 1790 Nemo
1847 1750 1946 1789 eo-

358 1846 475 1885 rum
502 1832 589 1901 qui
618 1829 867 1898 discipuli
893 1845 1000 1883 non
1027 1839 1151 1884 sunt
1168 1828 1548 1882 communicet.
1572 1826 1759 1881 Nullus
1780 1826 1945 1881 ludas

356 1922 588 1987 sumat',
618 1937 688 1976 ne
718 1920 875 1977 ludas
911 1921 1050 1974 mals
1094 1921 1344 1990 patiatur.
1383 1918 1591 1986 Corpus
1624 1916 1821 1972 Christi
1862 1918 1946 1972 est

354 2017 472 2072 haec
494 2015 654 2070 etiam
694 2013 996 2069 multitudo.
1029 2012 1164 2068 Vide
1191 2026 1320 2081 ergo
1349 2020 1426 2078 ιιι,
1450 2011 1539 2081 qui
1567 2010 1945 2081 mysteriorum

355 2105 597 2160 minister
631 2121 722 2172 es,
760 2121 830 2162 ne
871 2104 1158 2159 Dominum
1190 2102 1257 2157 ad
1299 2103 1431 2156 iram
1467 2100 1736 2164 concites,
1766 2101 1811 2154 si
1841 2099 1946 2155 hoc

352 2200 549 2265 corpus
591 2212 696 2250 non
740 2209 933 2264 purges
964 2211 980 2248 :
1012 2208 1081 2249 ne
1115 2192 1355 2264 gladium
1382 2193 1483 2247 des
1520 2206 1618 2262 pro
1654 2190 1799 2246 cibo.
1836 2190 1943 2247 Sed

351 2289 569 2348 etiamsi
587 2304 698 2360 prs:
708 2286 1017 2359 ignorantia
1028 2287 1049 2318 ³
1062 2286 1156 2342 ille
1165 2286 1233 2343 ad
1243 2286 1688 2342 communionem
1701 2284 1949 2351 accedat,

418 2431 435 2463 ί
459 2427 635 2478 Savil..
666 2422 830 2475 nullus
861 2428 1020 2474 sumat
1051 2428 1103 2473 ut
1130 2422 1309 2473 ludas.

416 2493 438 2523 ²
459 2465 589 2539 stt-1'
602 2465 996 2539 ’ὑέἱῖῖᾶιᾶῧὲἇξ
1001 2465 1321 2548 suam}
1348 2484 1502 2537 Savll.
1533 2481 1826 2547 legendum,
1842 2493 1961 2548 pro

355 2551 660 2618 arrogantia.

1239 322 1307 378 IN
1343 315 1751 376 MAT'I‘IIA‘ZUM
1792 312 2021 372 liOMlL.
2063 311 2343 369 LXXXIII.
2380 314 2454 371 ttl.
2495 314 2781 376 LXXXIV.

3546 318 3650 375 768

2051 428 2245 485 αιιιὶιιο
2283 430 2464 494 illum,
2494 444 2567 488 ne
2605 435 2815 489 timeas.
2858 433 3012 493 Time
3052 437 3222 493 Deum
3246 439 3288 504 ⁸,
3321 456 3426 496 non
3467 441 3644 496 homi—

2054 536 2197 576 nem.
2218 522 2273 577 Si
2298 524 2486 578 timeas
2509 525 2799 590 hominem,
2822 527 2891 581 ab
2911 528 3007 584 illo
3024 530 3360 599 irrideberis;
3382 535 3429 588 si
3453 535 3644 602 Deum,

2053 614 2216 669 etiam
2248 616 2552 673 hmninibus
2577 621 2897 677 venerabilis
2922 624 3053 679 eris.
3079 625 3137 680 Si
3166 640 3272 680 non
3301 628 3487 693 audes,
3515 630 3645 684 mihi

2053 707 2248 771 adduc;
2276 724 2378 764 nec
2406 711 2713 780 permittam
2737 712 3040 782 huiusmodi
3068 733 3252 775 ausus.
3273 722 3521 778 Animam
3547 742 3646 795 po-

2055 803 2163 856 titts
2199 803 2441 858 amittam
2467 843 2484 866 ,
2513 820 2672 875 quam
2712 807 2928 879 indigno
2964 813 3275 882 sanguinem
3315 816 3645 874 dominicum

2034 893 2357 962 'praelteatn;
2401 904 2457 950 et
2496 898 2810 967 sanguinem
2855 901 3032 970 potius
3080 905 3437 978 profundam,
3484 929 3644 981 quam

2055 985 2394 1040 tremendum
2426 988 2737 1058 sanguinem
2766 991 2889 1047 dem
2915 995 3001 1048 cui
3040 1012 3144 1050 non
3185 1013 3281 1067 par
3305 1011 3406 1055 est.
3436 1001 3492 1057 Si
3527 1016 3648 1074 post

2052 1076 2272 1131 multam
2305 1078 2746 1148 perquisitionem
2783 1082 3057 1155 indignum
3089 1103 3193 1141 non
3234 1094 3449 1146 noveris
3469 1136 3482 1158 ,
3514 1094 3645 1149 nihil

2052 1167 2294 1222 criminis
2312 1170 2436 1225 erit.
2465 1170 2591 1227 llaec
2612 1172 2683 1227 tle
2709 1173 2774 1227 iis
2798 1175 2888 1243 qtti
2912 1178 3177 1233 manifesti
3204 1191 3330 1236 sunt
3351 1184 3489 1240 dicta
3513 1188 3641 1241 sint.

2051 1257 2185 1313 Nam
2206 1261 2251 1315 si
2278 1259 2376 1315 hos
2394 1262 2747 1331 corrigamus,
2774 1266 2883 1320 cito
2910 1269 3071 1324 nobis
3088 1270 3226 1325 Deus
3252 1273 3461 1342 ignotos
3488 1288 3644 1335 notos

2054 1350 2211 1405 facim
2234 1368 2248 1417 ;
2281 1352 2326 1405 si
2355 1362 2530 1407 autem
2560 1365 2716 1410 notos
2738 1356 2995 1421 sinamus,
3026 1362 3179 1429 cujus
3204 1365 3279 1419 rei
3307 1368 3475 1436 gratia
3503 1371 3644 1428 Deus

2053 1443 2208 1498 nobis
2232 1445 2365 1500 alios
2392 1457 2548 1502 notos
2566 1447 2761 1503 iaciat?
2790 1450 2914 1506 lltec
2936 1467 3103 1523 porro
3123 1456 3263 1523 dico,
3281 1474 3385 1513 non
3407 1470 3463 1515 ιιι
3490 1480 3644 1520 coer-

2051 1548 2269 1591 ceamus
2303 1538 2389 1592 vel
2429 1550 2828 1608 scqtnzstremus
2859 1552 3060 1599 tantmn
3080 1587 3095 1612 ,
3124 1549 3218 1603 sed
3249 1560 3305 1605 ut
3333 1555 3644 1615 emendatos

2052 1627 2367 1685 reducamus
2387 1671 2404 1698 ,
2432 1642 2486 1687 ut
2515 1648 2702 1690 eorum
2740 1651 2923 1691 curam
2964 1638 3274 1699 habeamus.
3305 1645 3395 1702 Sic
3421 1651 3568 1707 enim
3591 1664 3648 1709 ρι

2054 1720 2222 1776 Deum
2242 1728 2527 1794 propitium
2556 1728 2892 1796 habebimus,
2913 1742 2968 1786 et
2997 1736 3192 1789 multos
3217 1739 3377 1808 digne
3405 1758 3646 1800 commu-

2053 1814 2294 1909 nicantes
2336 1820 2666 1886 reperiemus
2689 1862 2704 1885 ,
2734 1823 3002 1894 studiique
3027 1838 3078 1881 et
3104 1830 3482 1890 sollicitudinis
3520 1853 3643 1909 erga

2051 1905 2189 1960 alios
2230 1919 2431 1964 nostra:
2477 1912 2699 1967 multam
2744 1917 3062 1985 recipiemus
3104 1925 3404 1979 mercedem
3441 1947 3453 1980 :
3485 1905 3640 1999 quain

2054 2014 2152 2052 nos
2190 2015 2381 2055 omnes
2423 2005 2635 2073 assequi
2681 2008 2985 2077 contingat,
3019 2014 3186 2074 gratia
3226 2024 3278 2070 et
3319 2018 3644 2090 benignitate

2053 2091 2261 2146 Domini
2292 2095 2461 2148 nostri
2483 2095 2609 2151 Jesu
2634 2096 2857 2165 Christi,
2879 2101 2963 2155 cui
2990 2103 3154 2174 gloria
3180 2106 3229 2160 in
3255 2112 3445 2165 sa-cula
3474 2128 3644 2168 Stren-

2054 2184 2248 2244 lorum.
2278 2191 2467 2242 Amen.

2116 2324 2131 2355 ί
2169 2323 2266 2372 Alii
2295 2332 2346 2374 et
2370 2323 2688 2385 Morel.,,tiute
2728 2326 2984 2381 Domimnn
3011 2337 3181 2381 Dentri.

359 2665 3605 2694 M

1311 2742 1658 2803 HOMILIA
1706 2740 2066 2801 LXXXIII.
2110 2741 2196 2803 al.
2243 2741 2600 2804 LXXXIV.

356 2854 481 2909 Car.
507 2852 599 2907 26.
630 2868 681 2905 v.
710 2850 800 2906 36.
846 2849 987 2903 Tunc
1026 2847 1159 2902 venit
1200 2862 1317 2899 cum
1362 2845 1434 2899 eis
1481 2843 1633 2898 Jesus
1675 2844 1729 2896 in
1777 2842 1950 2895 villam

423 2960 537 3016 qua:
554 2945 740 2997 dicitur
760 2940 1102 3004 Getltscmani,
1128 2945 1174 2992 et
1196 2938 1320 2991 dicit
1337 2936 1601 3005 discipulis
1621 2951 1643 2988 :
1663 2922 1846 2990 Sedete
1863 2935 1944 2987 hic

422 3038 581 3091 donec
604 3037 787 3090 vadum
815 3034 940 3088 illuc
958 3075 973 3096 ,
1002 3042 1050 3087 at
1087 3047 1245 3085 orem.
1282 3031 1373 3084 57.
1406 3027 1473 3081 Et
1501 3035 1763 3096 assumpto
1795 3022 1945 3079 Petro

421 3142 468 3186 et
497 3130 694 3185 duobus
719 3129 842 3198 [iliis
870 3125 1101 3181 Zebedati
1117 3166 1132 3186 ,
1160 3124 1311 3195 carpit
1345 3121 1635 3177 contristari
1663 3131 1711 3174 et
1740 3128 1947 3173 mantus

420 3242 545 3290 csse,
574 3224 665 3279 38.
692 3232 739 3277 et
765 3221 893 3276 dixit
922 3221 992 3275 eis
1020 3217 1245 3274 :Tristis
1265 3226 1339 3271 est
1361 3214 1535 3269 attinnt
1559 3229 1670 3267 mea
1693 3229 1852 3281 usque
1877 3210 1947 3265 ad

422 3327 653 3372 mortem.
684 3314 890 3369 Mancte
917 3313 1018 3379 hic,
1047 3321 1092 3365 ct
1120 3307 1327 3380 vigilate
1353 3322 1571 3362 mecum.

426 3452 478 3507 l.
508 3448 642 3515 Quia
660 3446 771 3517 ipsi
799 3459 1014 3514 semper
1045 3442 1354 3505 ltaarcbant,
1386 3438 1507 3495 ideo
1531 3436 1661 3493 dicit
1693 3454 1707 3490 :
1740 3435 1948 3493 Maneto

353 3543 462 3606 hic,
493 3542 651 3595 donec
685 3537 866 3592 cadam
895 3550 940 3590 et
966 3552 1127 3591 orem.
1160 3532 1377 3589 Solebat
1410 3532 1552 3586 enim
1591 3545 1835 3585 seorsum
1875 3528 1946 3583 ab

354 3635 458 3689 illis
485 3649 661 3689 orare.
696 3631 808 3686 lloc
835 3639 1014 3685 autem
1055 3628 1281 3683 faciebat
1303 3668 1319 3692 ,
1357 3635 1415 3679 ut
1457 3640 1555 3679 nos
1592 3623 1846 3688 doceret,
1877 3623 1943 3677 ad

352 3724 677 3796 precandum
717 3722 871 3779 nobis
898 3723 1131 3793 quietem
1158 3730 1212 3774 et
1243 3716 1678 3787 tranquillitatem
1722 3715 1943 3769 multam

351 3833 472 3874 esse
511 3816 826 3887 parandam.
869 3815 938 3870 Et
966 3814 1161 3884 accipit
1200 3822 1312 3867 tres
1350 3810 1679 3882 discipulos,
1708 3809 1946 3878 dicitque

352 3913 456 3967 illis
480 3930 495 3966 :
525 3911 706 3966 Tristis
731 3919 804 3966 est
830 3911 1001 3963 anima
1027 3925 1136 3963 mea
1160 3910 1323 3978 usqué'
1342 3907 1412 3960 ad
1440 3915 1674 3961 mortem.
1701 3903 1810 3959 Cur
1836 3918 1940 3957 non

350 4019 537 4060 omnes
561 4018 745 4059 secum
772 4001 1035 4057 adduxit?
1064 3999 1141 4058 Ne
1173 3999 1539 4055 conciderent.
1567 3996 1672 4051 Sed
1703 3998 1798 4050 hos
1826 4002 1944 4048 tan-

351 4108 462 4152 tutn
487 4096 721 4159 admisit,
751 4095 842 4165 qui
871 4095 1053 4166 gloria:
1080 4109 1193 4147 sua:
1225 4100 1556 4160 spectatores
1585 4088 1816 4143 fuerant.
1850 4089 1945 4141 At-

353 4201 528 4247 tamen
556 4190 656 4246 hos
681 4189 840 4245 etiam
882 4185 1153 4256 relinquit.
1188 4185 1256 4240 Et
1294 4183 1564 4252 paululum
1607 4176 1943 4250 procedetts,

349 4291 471 4339 orat
495 4282 682 4338 dicens
710 4300 723 4337 :
753 4280 843 4337 59.
873 4278 1055 4343 Pater,
1086 4278 1131 4333 si
1159 4274 1395 4346 possibile
1422 4283 1525 4337 est,
1552 4280 1777 4326 transeat
1802 4286 1836 4324 tt
1863 4284 1942 4323 me

349 4376 486 4431 catis
506 4376 621 4430 iste.
658 4372 1007 4428 Verumtamen
1036 4387 1137 4426 non
1162 4369 1292 4424 sicut
1317 4383 1410 4440 ego
1437 4367 1568 4430 colo,
1596 4362 1687 4420 sed
1707 4363 1837 4419 sicut
1864 4371 1940 4417 tu.

350 4470 440 4526 40.
475 4468 538 4524 Et
565 4468 693 4523 reuit
720 4467 790 4521 ad
814 4482 899 4519 eos
919 4506 935 4529 ,
962 4474 1009 4520 ct
1042 4463 1231 4519 inuasit
1258 4478 1343 4518 eos
1381 4459 1682 4515 dormientes
1701 4499 1716 4525 ,
1745 4466 1793 4512 et
1820 4456 1943 4511 dicit

352 4559 507 4617 Petra
529 4577 549 4616 .'
572 4536 658 4614 Ῑια
689 4576 790 4613 non
821 4557 1056 4628 potuistis
1081 4572 1181 4609 una
1204 4555 1331 4608 hora
1356 4552 1568 4624 vigilare
1588 4551 1823 4627 mecum}
1844 4550 1907 4607 di
1922 4590 1936 4605 .

360 4653 575 4725 I'igilate
596 4661 642 4705 et
668 4660 831 4714 orate,
852 4662 909 4703 ut
929 4664 1031 4701 non
1051 4646 1246 4701 intretis
1266 4646 1319 4699 in
1345 4643 1686 4699 tentationem.
1714 4641 1940 4711 Spiritus

346 4745 546 4817 quidem
575 4751 840 4813 promptus
868 4749 961 4803 est,
988 4754 1107 4792 caro
1140 4746 1304 4791 autem
1343 4736 1569 4804 inﬁrma.
1596 4732 1712 4787 Non
1744 4731 1939 4787 frustra

348 4837 562 4917 Petrqm
609 4834 839 4889 maxime
875 4831 1197 4901 alloquitur,
1226 4829 1347 4884 licet
1375 4828 1463 4882 alii
1491 4841 1705 4898 quoque
1729 4824 1932 4880 dormi-

347 4937 508 4993 rent;
551 4925 645 4982 scd
686 4936 744 4979 ιιι
783 4923 1104 4993 perstringat
1145 4921 1294 4976 illum
1329 4919 1399 4973 oh
1436 4933 1651 4974 causam
1692 4915 1940 4987 superius

346 5019 563 5073 dictam.
613 5014 817 5071 Deinde
862 5015 983 5086 quia
1029 5012 1117 5069 alii
1160 5026 1375 5081 quoque
1418 5009 1645 5079 itlipsnm
1693 5006 1938 5062 dixerant

349 5112 493 5185 (cum
519 5110 662 5165 enim
689 5109 877 5163 Petrus
900 5105 1143 5165 dixisset,
1173 5101 1386 5157 Etiamsi
1408 5100 1682 5170 oportuerit
1707 5114 1786 5152 me
1811 5097 1941 5150 mori

346 5213 506 5258 tecum
532 5243 547 5269 ,
576 5218 677 5254 non
703 5209 749 5253 te
777 5199 968 5269 negabo
994 5213 1013 5253 :
1038 5196 1302 5261 similiter,
1332 5194 1504 5262 inquit
1522 5231 1537 5256 ,
1574 5201 1623 5246 et
1659 5206 1830 5246 attines
1858 5189 1939 5242 tli-

346 5295 527 5365 scipuli
562 5292 877 5357 dixerunt),
909 5290 1127 5344 illorum
1165 5286 1528 5342 inﬁrmitatem
1575 5283 1934 5352 rcdarguens,

349 5387 494 5456 ipsos
518 5399 709 5440 omnes
735 5381 1042 5451 alloquitur.
1072 5379 1207 5434 Nam
1234 5378 1331 5449 qui
1361 5375 1502 5433 mori
1524 5390 1646 5431 cum
1673 5374 1768 5430 illo
1792 5372 1940 5428 vole-

348 5479 476 5533 bant
494 5519 512 5544 ,
541 5478 741 5534 dolenti
770 5475 1057 5531 eomlolere
1085 5488 1193 5527 non
1221 5481 1467 5542 poterant
1496 5469 1777 5540 vigilantes
1800 5508 1815 5533 ,
1842 5466 1937 5522 sed

348 5576 378 5614 a
419 5576 614 5616 somno
630 5560 756 5613 victi
783 5569 930 5614 sunt.
961 5557 1078 5627 Ipse
1109 5572 1237 5610 vero
1259 5558 1524 5610 intentius
1558 5563 1770 5607 urattte
1795 5553 1944 5608 vide-

354 5662 507 5707 retur
569 5667 658 5706 res
683 5651 775 5705 illa
806 5666 931 5705 esse
963 5648 1245 5705 simulatio
1274 5665 1289 5714 ;
1325 5648 1515 5702 eadem
1557 5647 1625 5702 de
1656 5662 1823 5701 causa
1850 5661 1946 5701 su-

353 5744 457 5800 dor
523 5743 751 5809 decidit,
805 5749 859 5799 et
922 5756 992 5799 nc
1032 5739 1278 5798 dicerent
1321 5739 1585 5805 haeretici,
1632 5739 1813 5809 ipsum
1846 5737 1920 5794 tri

2058 2842 2257 2896 stitiam
2302 2844 2603 2905 simulasse;
2631 2848 2863 2921 ideoque
2882 2850 3112 2906 sudores
3129 2865 3282 2908 erant
3303 2855 3442 2911 sicut
3481 2869 3646 2928 gutta:

2051 2935 2347 3006 sanguinis,
2374 2947 2429 2991 ct
2450 2940 2671 3009 angelus
2702 2938 2872 3009 ipsmn
2899 2943 3206 3000 confortans
3229 2950 3495 3019 apparuit,
3519 2967 3645 3007 sex-

2050 3039 2316 3099 centaque
2348 3029 2495 3084 luere
2535 3031 2742 3085 timoris
2778 3033 2927 3102 signa
2951 3075 2965 3099 ,
2999 3052 3066 3090 ne
3106 3038 3225 3107 quis
3254 3040 3494 3107 diceret,
3526 3043 3645 3098 ticta

2049 3136 2172 3176 esse
2202 3121 2383 3176 verba.
2419 3121 2530 3176 llae
2554 3122 2714 3177 etiam
2745 3124 2814 3179 dc
2839 3142 2998 3181 causa
3030 3137 3166 3182 orat.
3202 3130 3335 3185 Cum
3368 3149 3497 3203 ergo
3524 3136 3599 3190 ait
3627 3156 3642 3190 :

2049 3210 2113 3266 Si
2154 3212 2392 3281 possibile
2414 3223 2509 3276 est,
2538 3222 2779 3280 transeat,
2811 3214 3190 3274 humanitatem
3223 3223 3489 3285 ostendit;
3522 3240 3642 3280 cum

2047 3312 2227 3360 autem
2253 3303 2404 3368 dicit,
2450 3303 2802 3360 Verumtamen
2833 3323 2932 3362 non
2960 3309 3089 3363 sicut
3119 3326 3210 3381 ego
3236 3313 3367 3377 volo,
3396 3316 3487 3369 sed
3514 3318 3645 3371 sicut

2051 3409 2135 3465 tu,
2167 3398 2415 3453 virtutem
2456 3398 2954 3471 philosophiamque
2983 3401 3276 3469 exhibet‘,
3317 3417 3605 3477 monetque
3626 3452 3641 3475 ,

2050 3492 2316 3548 renitente
2336 3508 2549 3562 quoque
2569 3503 2780 3558 natura,
2804 3495 2969 3549 Deum
2991 3512 3112 3550 esse
3133 3500 3491 3566 sequendum,
3510 3490 3640 3565 Quia

2050 3598 2179 3637 vero
2199 3599 2304 3638 non
2326 3593 2409 3638 Sat
2430 3592 2548 3639 erat
2566 3585 2743 3639 stultis
2762 3585 2932 3640 solum
2957 3589 3231 3642 intercutis
3254 3589 3438 3643 faciem
3463 3603 3645 3646 osten-

2048 3677 2199 3745 dere,
2226 3676 2389 3733 verba
2416 3677 2579 3732 addit.
2608 3676 2813 3732 Rursus
2843 3678 3000 3733 verba
3032 3694 3137 3733 non
3168 3679 3526 3750 sufﬁciebant,
3548 3685 3642 3738 sed

2049 3785 2135 3823 res
2166 3769 2294 3837 ipsa:
2323 3767 2802 3836 desiderabantur,
2834 3768 2951 3824 lucc
2990 3772 3149 3825 etiam
3194 3772 3369 3827 verbis
3406 3775 3642 3839 addidit,

2049 3868 2106 3911 ut
2136 3859 2222 3913 vel
2252 3857 2286 3913 ii
2317 3859 2599 3913 crederent
2627 3859 2717 3928 qui
2759 3859 3046 3914 admodum
3077 3863 3395 3917 contentiosi
3425 3876 3607 3922 essent
3626 3909 3641 3931 ,

2047 3952 2221 4019 ipsum
2248 3959 2297 4005 et
2330 3951 2600 4005 hominem
2644 3950 2840 4006 factum
2876 3961 2930 4006 et
2963 3964 3233 4007 mortuum
3265 3970 3403 4010 esse.
3433 3956 3564 4011 Nam
3596 3962 3640 4012 si

2046 4057 2167 4093 eum
2198 4041 2314 4095 ll:t'c
2343 4042 2519 4095 omnia
2550 4042 2699 4112 signa
2731 4041 2953 4109 fuerint,
2984 4060 3090 4098 non
3120 4044 3313 4100 desunt
3345 4056 3520 4102 tamen
3552 4052 3641 4118 qui

2047 4131 2147 4185 hoc
2177 4147 2282 4186 non
2313 4131 2567 4199 credant,
2602 4133 2768 4187 multo
2800 4135 2968 4204 magis
3006 4133 3054 4188 si
3096 4135 3211 4189 lucc
3248 4152 3353 4191 non
3394 4139 3639 4193 fuissent.

2048 4221 2236 4280 Viden’
2276 4239 2375 4294 per
2415 4233 2615 4295 quanta
2663 4226 2979 4281 oeconomiae
3027 4225 3304 4282 veritatem
3350 4230 3643 4284 ostendat?

2046 4314 2150 4372 Per
2176 4316 2337 4373 verba
2360 4359 2374 4382 ,
2408 4331 2504 4387 per
2529 4333 2589 4371 ca
2617 4333 2736 4387 qua:
2767 4317 2986 4388 patitur.
3025 4317 3229 4372 Deinde
3269 4319 3490 4374 veniens
3515 4320 3641 4376 dicit

2047 4409 2206 4463 Petro
2233 4424 2248 4464 :
2281 4407 2370 4464 Sic
2398 4425 2498 4462 non
2524 4409 2734 4479 potuisti
2759 4426 2860 4463 una
2879 4410 3007 4462 liora
3028 4407 3236 4478 vigilare
3260 4412 3494 4464 mecum?
3513 4412 3641 4466 Om-

2047 4516 2143 4555 nes
2171 4499 2529 4566 dormiebant,
2559 4511 2614 4554 et
2642 4500 2858 4556 Petrum
2895 4501 3153 4569 increpat,
3188 4501 3517 4557 subobscure
3542 4519 3635 4557 co-

2044 4609 2275 4662 arguens
2304 4608 2425 4647 eum
2453 4592 2527 4646 de
2550 4592 2612 4646 iis
2638 4608 2758 4662 qum.
2785 4592 3013 4646 dixerat.
3046 4590 3174 4646 lilud
3207 4609 3334 4648 vero
3353 4635 3368 4658 ,
3401 4593 3601 4649 Mecum
3624 4639 3637 4658 ,

2046 4701 2152 4738 ttott
2194 4685 2311 4740 sine
2348 4700 2509 4739 causa
2551 4685 2799 4754 ponitur,
2832 4684 2927 4739 sed
2956 4699 3020 4738 ac
3051 4685 3095 4739 si
3126 4685 3375 4741 (liceret:
3410 4686 3639 4754 Vigilare

2046 4794 2151 4833 non
2180 4778 2396 4846 potuisti
2425 4794 2656 4844 meeum,
2686 4788 2741 4834 et
2766 4794 2863 4847 pro
2888 4795 2973 4832 me
2999 4778 3229 4834 animum
3259 4790 3400 4835 tuam
3430 4784 3640 4850 pones?

2044 4870 2197 4938 Quod
2243 4886 2371 4926 vero
2408 4870 2684 4941 sequitur,
2718 4869 2951 4938 idipsutn
2989 4869 3289 4925 subindirat
3316 4889 3330 4924 :
3358 4888 3480 4926 nam
3520 4872 3635 4934 ait,

2056 4960 2300 5032 l'igilate,
2330 4971 2377 5015 et
2405 4970 2576 5027 orate,
2605 4970 2658 5014 ut
2688 4977 2750 5015 ne
2777 4962 2979 5015 intretis
3009 4961 3063 5015 in
3100 4964 3440 5017 tentationem.
3479 4963 3640 5018 Vides

2044 5052 2315 5124 quomodo
2340 5068 2549 5107 rursum
2577 5068 2672 5106 eos
2698 5053 2954 5117 instituat,
2987 5069 3053 5107 ne
3079 5054 3130 5108 in
3155 5056 3514 5125 arrogantiam
3543 5055 3629 5110 de-

2043 5147 2264 5211 clinent,
2296 5145 2390 5200 sed
2424 5144 2659 5198 animum
2694 5152 2995 5212 contemni,
3027 5143 3363 5215 humilesque
3391 5146 3519 5209 sint,
3551 5156 3632 5199 to-

2044 5252 2265 5311 tumque
2310 5240 2421 5294 Deo
2466 5236 2820 5293 adscribunt?
2861 5237 2929 5292 Et
2975 5255 3116 5292 nunc
3160 5239 3373 5309 quidem
3420 5239 3634 5294 I’etrum

2043 5334 2348 5404 alloquitur,
2380 5342 2522 5385 nunc
2546 5330 2705 5384 simul
2733 5346 2942 5386 omnes.
2972 5332 3144 5403 Atque
3174 5332 3248 5386 illi
3279 5332 3491 5401 quidem
3520 5334 3633 5386 ait:

2045 5425 2247 5488 Simon,
2281 5424 2484 5488 Simon,
2516 5423 2747 5492 expetivit
2779 5438 2862 5474 vos
2887 5433 3121 5487 satanas,
3154 5431 3209 5475 ut
3237 5423 3480 5476 cribmret
3505 5422 3636 5476 sicut

2044 5518 2265 5573 triticum
2288 5525 2374 5572 :ct
2400 5532 2492 5586 ego
2527 5530 2731 5586 propter
2754 5528 2801 5572 te
2827 5518 2966 5573 oraui
2991 5516 3151 5591 (Luc.
3184 5518 3273 5571 9.2.
3302 5518 3361 5572 5|
3382 5515 3438 5586 );
3472 5516 3631 5571 simul

2040 5626 2171 5668 vero
2198 5611 2457 5669 omnibus
2494 5630 2510 5670 :
2552 5612 2735 5683 Orate,
2776 5613 2991 5686 inquit,
3036 5631 3097 5670 ne
3131 5614 3338 5669 intretis
3371 5615 3425 5668 in
3458 5622 3635 5669 tenta-

2104 5728 2125 5761 ι
2158 5724 2330 5790 Aliqui
2362 5728 2563 5793 legunt,
2596 5731 2752 5786 docet.
