4074 6444
388 336 491 390 τΠ

388 451 585 503 tionem
614 451 630 479 ¹
658 466 672 502 ;
702 447 896 518 ubique
923 444 1282 516 arrogantiam
1309 446 1519 500 illorum
1548 443 1765 513 frangit,
1789 455 1854 496 ac
1876 441 1985 495 sol-

390 542 566 596 licitas
592 541 785 596 reddit.
813 538 1013 594 Deinde
1042 555 1107 593 ne
1135 539 1404 593 videretur
1427 538 1604 591 acrior
1625 553 1767 601 esse,
1796 535 1939 589 addit
1969 552 1982 588 :

390 631 618 703 Spiritus
640 620 837 700 quidem
864 642 1130 701 promptus
1151 639 1246 691 est,
1271 645 1391 682 caro
1413 639 1578 682 autent
1604 629 1828 692 inﬁrma.
1852 626 1985 680 Nam

390 725 432 778 si
459 725 561 787 vis,
591 724 776 792 inquit,
811 730 1035 778 mortem
1075 730 1445 783 contemnere,
1488 738 1593 775 non
1635 721 1854 790 poteris,
1882 718 1985 773 do-

390 832 489 871 nec
519 815 659 869 Deus
692 829 905 867 manum
936 814 1234 883 porrexerit
1262 831 1276 869 :
1303 828 1431 868 caro
1458 805 1601 868 cuitu
1628 813 1863 866 animum
1892 810 1987 866 de-

392 906 588 976 primit.
633 906 945 975 Ilursusque
986 905 1087 959 hoc
1128 906 1299 974 ipsum
1330 905 1722 967 subiudicavit,
1755 903 1940 958 dicens
1969 923 1982 958 :

387 998 472 1052 42.
510 996 666 1051 Pater
685 1038 700 1061 ,
727 997 771 1050 si
799 1015 898 1051 non
927 1005 1089 1067 potest
1119 996 1200 1049 hic
1234 996 1373 1051 calta:
1410 996 1656 1059 transire,
1695 995 1794 1049 nisi
1820 993 1985 1047 bibam

387 1089 555 1153 illum,
579 1091 672 1157 fiat
702 1090 935 1144 voluntas
963 1098 1053 1143 tua
1079 1105 1099 1144 :
1129 1088 1215 1143 hic
1244 1086 1534 1143 ostendens
1559 1104 1620 1142 se
1644 1104 1766 1140 cum
1792 1086 1986 1140 volun-

389 1194 496 1237 tate
528 1182 618 1237 l)ei
649 1180 938 1236 admodum
969 1195 1269 1236 consonare
1289 1221 1306 1245 ,
1336 1188 1392 1234 et
1420 1180 1615 1249 ubique
1656 1179 1804 1233 illmu
1835 1177 1984 1247 sequi

386 1285 667 1346 Oportere,
702 1273 935 1342 illudque
976 1272 1270 1340 requirere.
1315 1271 1403 1326 45.
1446 1270 1508 1324 lit
1542 1270 1775 1333 veniens,
1801 1269 1989 1323 iurauit

385 1381 470 1419 eos
492 1365 816 1418 dormientes.
837 1364 966 1418 Nam
995 1372 1350 1433 praeterquam
1375 1362 1517 1433 quod
1546 1363 1861 1431 intempesta
1884 1375 1987 1414 nox

388 1466 504 1511 erat
523 1498 540 1522 ,
569 1455 712 1511 oculi
739 1471 923 1510 eorum
964 1470 1076 1525 pra:
1111 1468 1345 1509 maerore
1373 1454 1576 1523 gravati
1605 1463 1777 1507 erant.
1808 1450 1992 1506 Tertio

388 1563 603 1618 quoque
632 1547 817 1601 abiens
846 1547 945 1600 hoc
974 1547 1147 1615 ipsum
1171 1545 1422 1614 loquutus
1450 1554 1552 1605 est,
1585 1543 1910 1599 conﬁrmans
1931 1557 1992 1597 se

392 1643 664 1699 hominem
697 1639 894 1695 factum
923 1655 1063 1695 esse.
1089 1636 1223 1694 Nam
1251 1638 1381 1692 illud
1409 1636 1646 1693 secundo
1671 1647 1726 1691 et
1752 1635 1912 1691 tertio
1938 1637 1988 1688 iu

390 1735 682 1807 Seripturis
712 1734 952 1788 veritatis
974 1742 1059 1788 est
1084 1741 1290 1787 certum
1321 1731 1573 1785 iudicium
1608 1746 1624 1784 :
1653 1727 1795 1784 sicut
1820 1737 1877 1783 et
1901 1727 1992 1781 lo-

390 1827 526 1897 seph
559 1824 824 1880 Pharaoni
851 1824 986 1878 dixit
1014 1841 1026 1876 :
1058 1822 1168 1877 Tibi
1205 1823 1445 1893 apparuit
1480 1828 1736 1876 somnium
1771 1819 1994 1874 secundo

398 1917 549 1990 (δεδι.
579 1919 670 1973 il.
698 1917 814 1986 '52),
845 1931 943 1986 pro
970 1915 1217 1978 veritate,
1245 1924 1302 1969 et
1331 1915 1432 1969 hoc
1457 1913 1652 1967 factum
1677 1922 1761 1967 est
1790 1922 1848 1966 ut
1873 1928 1994 1967 cre-

396 2013 493 2066 das
516 2009 565 2065 id
594 2009 812 2065 omnino
842 2007 1076 2062 futurum
1105 2021 1247 2062 esse.
1277 2005 1402 2060 Ideo
1432 2005 1545 2075 ipse
1570 2013 1626 2059 et
1652 2005 1819 2060 semel
1841 2012 1896 2058 et
1916 2004 1997 2057 bis

395 2114 452 2159 et
493 2103 651 2156 tertio
690 2102 917 2171 idipsum
958 2100 1208 2170 loquutus
1242 2107 1360 2163 est,
1392 2107 1453 2151 ut
1481 2098 1798 2151 oeconomiae
1839 2095 1996 2150 tidem

398 2197 617 2249 laceret.
652 2191 718 2246 Et
744 2207 840 2246 cur
880 2189 1118 2246 secundo
1156 2189 1344 2243 venit?
1369 2187 1438 2243 Ut
1472 2188 1591 2242 illos
1620 2187 1997 2259 redargueret,

397 2287 521 2354 quia
554 2287 623 2339 ita
655 2278 890 2339 maerore
919 2282 1093 2337 obruti
1123 2291 1297 2343 erant,
1334 2289 1393 2333 ut
1418 2294 1485 2334 ne
1516 2279 1852 2348 praesentiam
1880 2279 2001 2348 qui-

398 2381 523 2435 dem
551 2379 671 2450 ejus
698 2379 979 2434 sentirent.
1014 2376 1123 2431 Nec
1151 2386 1328 2430 tamen
1362 2374 1655 2444 redarguit,
1687 2374 1779 2429 sed
1817 2374 2002 2444 paulu-

331 2530 334 2534 ,
402 2473 507 2526 lum
535 2471 779 2533 recessit,
807 2468 1177 2525 incredibilem
1203 2482 1392 2522 eorum
1434 2466 1802 2520 inﬁrmitatem
1834 2465 2001 2535 signi-

402 2564 603 2631 lienus,
629 2563 719 2634 qui
760 2578 828 2618 ne
872 2561 1127 2631 increpati
1168 2559 1385 2630 quidem
1426 2560 1725 2629 potuissent
1765 2558 2002 2628 vigilare.

401 2656 518 2711 Non
546 2653 907 2724 expergefacit
929 2663 1109 2707 autem
1139 2666 1237 2705 nec
1268 2652 1509 2719 increpat
1534 2649 1798 2719 amplius,
1830 2664 1897 2704 ne
1921 2660 2005 2704 at-

404 2748 604 2803 tonitos
633 2745 802 2815 magis
831 2743 1172 2813 pereelleret,
1196 2741 1288 2797 sed
1315 2757 1438 2796 eum
1463 2741 1701 2805 abiisset,
1727 2749 1938 2795 orasset
1953 2751 2006 2796 et

404 2840 656 2897 rediisset
677 2880 691 2903 ,
730 2839 803 2893 ait
836 2854 849 2889 :
878 2836 971 2892 45.
1019 2835 1244 2889 Dormite
1276 2834 1392 2905 jam
1418 2843 1464 2888 et
1493 2834 1802 2901 requiescite.
1844 2833 2006 2903 Atqui

407 2943 536 2989 tunc
561 2930 780 3002 vigilare
808 2942 943 2999 opus
982 2937 1136 2994 erat;
1165 2926 1258 2981 sed
1298 2924 1534 2979 ostendit
1576 2924 1724 2993 ipsos
1765 2938 1833 2978 ne
1873 2938 2007 2978 cou~

405 3032 646 3097 spectum
670 3021 884 3093 quidem
909 3018 1169 3074 malorum
1198 3017 1352 3072 facile
1378 3016 1600 3082 laturos,
1628 3016 1722 3071 sed
1750 3015 2009 3085 fugandos

406 3133 530 3173 esse
554 3131 661 3187 pra:
690 3124 897 3169 terrore
916 3154 931 3177 ,
966 3127 1139 3183 neque
1169 3127 1229 3167 se
1261 3112 1473 3166 illorum
1504 3126 1663 3181 egere
1686 3110 1887 3166 auxilio
1909 3152 1924 3173 ,
1957 3120 2011 3164 ct

410 3209 546 3266 tradi
574 3225 634 3263 se
663 3207 884 3262 omnino
912 3216 1184 3275 oportere,
1217 3204 1397 3275 aitque
1427 3222 1441 3258 :
1472 3203 1702 3258 Dormite
1719 3205 1834 3274 jam
1859 3214 1907 3259 et
1930 3220 2014 3258 re-

408 3301 662 3371 quiescite.
709 3298 840 3353 Ecce
864 3297 1289 3367 appropinquavit
1328 3296 1474 3362 liora,
1505 3306 1553 3351 et
1588 3295 1633 3348 F
1634 3296 1755 3351 ilius
1794 3297 2013 3350 hominis

410 3393 638 3446 tradetur
664 3391 717 3443 iu
747 3406 925 3443 manus
957 3396 1294 3457 peccatorum.
1338 3386 1586 3441 Ostendit
1621 3403 1832 3442 rursum
1861 3403 2011 3444 (Bco-

413 3486 608 3540 unmim
638 3483 803 3537 fuisse
836 3481 986 3535 illud.

482 3577 539 3631 9..
567 3574 800 3630 Christus
830 3588 987 3640 neque
1017 3581 1219 3639 peccato
1243 3570 1510 3635 obnoxius,
1541 3587 1699 3641 neque
1727 3572 2017 3625 necessitate

414 3676 639 3731 coactus,
666 3664 755 3717 sed
778 3672 957 3734 sponte
979 3678 1071 3716 sua
1091 3662 1380 3732 passionem
1403 3660 1574 3714 subiit.
1604 3660 1889 3716 Proditoris
1909 3679 1991 3716 scc

418 3761 611 3814 (erutus
654 3757 875 3810 animus.
922 3753 1150 3807 Avaritia
1192 3751 1539 3823 redarguitur.
1574 3783 1641 3797 -—-
1672 3753 1856 3823 Neque
1895 3752 2019 3807 hinc

420 3851 592 3904 Solum
615 3891 631 3911 ,
665 3851 757 3903 sed
785 3845 947 3900 etiam
975 3844 1114 3915 quod
1156 3842 1327 3907 dicat,
1353 3841 1417 3897 lu
1453 3860 1635 3898 manus
1661 3854 2014 3915 peccatorum,

422 3945 635 3998 illorum
659 3941 813 4011 erigit
837 3938 1065 4004 animos,
1090 3936 1381 3993 ostendens
1410 3937 1618 3991 illorum
1648 3938 1894 4008 nequitia:
1919 3938 2022 3992 huc

410 4049 559 4102 opus
597 4048 718 4088 esse
741 4071 758 4096 ,
791 4046 895 4084 non
931 4044 1057 4084 vero
1095 4029 1236 4099 quod
1277 4027 1391 4098 ipse
1423 4038 1643 4098 peccato
1672 4038 1816 4084 esset
1847 4029 2019 4084 ulmo-

426 4128 565 4181 xins.
596 4122 689 4179 46.
718 4121 944 4192 Surgite,
970 4136 1142 4174 eamus
1170 4120 1286 4174 hinc
1308 4134 1327 4183 ,'
1353 4135 1463 4173 erce
1487 4121 1911 4190 appropinquavit
1937 4123 2021 4189 qui

428 4232 508 4270 me
532 4213 712 4268 tradet.
744 4211 836 4266 llis
863 4210 1114 4265 omnibus
1144 4210 1263 4263 illos
1290 4209 1489 4274 erudit,
1521 4225 1626 4264 non
1664 4211 2037 4276 necessitatis,

432 4323 606 4380 neque
651 4303 977 4360 inlirmitatis
997 4345 1013 4368 ,
1042 4300 1137 4357 si-d
1177 4301 1494 4357 (economia:
1523 4299 1802 4371 cujusdam
1835 4301 1990 4357 inclIa
2009 4330 2023 4340 -

433 4404 552 4456 bilis
584 4416 696 4454 rem
727 4413 848 4452 esse
875 4415 889 4451 :
920 4395 1233 4465 pra-sciebat
1257 4393 1402 4449 enim
1419 4404 1713 4452 venturum
1727 4411 1851 4454 esse
1870 4397 2028 4461 ’,προ

430 4496 604 4549 solum
632 4508 737 4545 non
768 4490 919 4560 fugit,
948 4486 1039 4542 sed
1072 4486 1280 4539 obviam
1316 4484 1435 4538 ivit.
1463 4485 1553 4540 47.
1587 4483 1768 4539 Adhuc
1794 4485 1937 4541 enim
1969 4502 2027 4540 eo

430 4590 662 4659 loquente
681 4625 697 4651 ,
739 4600 850 4638 ecce
877 4580 1047 4634 Judas
1079 4597 1206 4633 unus
1232 4597 1304 4640 ex
1344 4579 1611 4634 duodecim
1640 4578 1772 4634 venit
1792 4620 1804 4641 ,
1832 4588 1878 4633 et
1912 4594 2027 4632 cum

429 4682 541 4750 ipso
572 4675 719 4732 turba
747 4675 924 4738 nmlta,
955 4689 1070 4725 cum
1103 4672 1290 4742 gladiis
1318 4682 1361 4725 et
1390 4671 1628 4741 fustibus,
1659 4670 1799 4725 missi
1825 4687 1859 4725 a
1885 4671 2029 4742 prin—

431 4772 628 4843 cipibus
652 4768 981 4825 sacerdotum
1009 4774 1054 4819 et
1083 4764 1364 4819 sruioribus
1396 4764 1593 4832 populi.
1627 4761 1849 4816 Pulchra
1882 4774 2027 4817 certe

432 4863 772 4921 sacerdotum
796 4861 1171 4924 instrumenta,
1189 4872 1312 4912 cum
1334 4855 1526 4926 gladiis
1546 4864 1599 4909 et
1621 4855 1776 4924 lignis
1797 4855 2026 4908 irrnunt.

438 4956 504 5010 lit
530 4954 717 5020 ludas,
747 4951 938 5020 inquit,
964 4964 1085 5003 cum
1108 4948 1208 5012 eis,
1239 4963 1374 5001 unus
1400 4961 1464 4999 es
1490 4945 1792 5000 duodecim.
1822 4944 2030 4999 Rursus

435 5048 585 5101 illum
617 5059 778 5098 unum
807 5052 875 5097 ex
900 5039 1180 5095 duodecim
1215 5037 1381 5102 dicit,
1415 5053 1586 5106 neque
1619 5037 1907 5093 erubescit.
1938 5036 2028 5091 48.

440 5141 537 5209 Qui
575 5149 743 5192 autem
791 5133 1016 5189 tradebat
1063 5149 1212 5198 eum,
1255 5131 1392 5185 dedit
1432 5131 1502 5184 eis
1535 5130 1771 5201 signum,
1812 5129 2028 5183 dicens:

441 5239 818 5299 Quemcumque
860 5224 1118 5281 osculatus
1159 5228 1337 5297 fuero,
1389 5225 1496 5291 ipse
1540 5233 1649 5290 est,
1695 5233 1856 5277 tenete
1898 5240 2034 5279 eum.

442 5329 598 5394 l’apm
624 5366 639 5389 ,
672 5330 929 5393 quantum
970 5319 1146 5374 scelus
1185 5315 1473 5386 proditoris
1512 5316 1725 5369 animus
1761 5313 2037 5384 suscepit?

443 5419 637 5488 quibus
662 5413 833 5468 oculis
864 5421 990 5466 tunc
1014 5409 1320 5479 Magistrum
1353 5407 1598 5477 aspexit?
1624 5421 1731 5476 quo
1761 5422 1854 5460 ore
1884 5421 2038 5459 oscu-

445 5513 581 5565 latus
606 5508 733 5564 est?
769 5507 812 5559 0
847 5502 1163 5559 sceleratam
1202 5501 1476 5555 mentem!
1514 5498 1638 5569 quid
1677 5498 2035 5553 deliberavit?

509 5613 526 5640 ³
562 5609 710 5657 .luxta
761 5618 912 5653 mrum
951 5605 1173 5668 codicem
1202 5602 1493 5668 degendam
1546 5605 1701 5668 esset,
1734 5597 1883 5668 simul
1925 5612 2043 5652 vero

446 5669 668 5720 oumitms
701 5669 947 5719 orandum
973 5680 1080 5717 esse
1111 5662 1233 5715 dicit
1262 5659 1323 5714 tie
1352 5661 1529 5713 intrent
1557 5659 1949 5711 intentationem.

512 5735 532 5764 ⁹
565 5736 648 5781 Sic
677 5733 777 5779 duo
799 5729 939 5780 codd.
961 5727 1160 5785 Caneri,
1182 5724 1468 5793 prwsciebat
1500 5722 1881 5793 enim_v_eutt_trqs
1909 5736 2044 5793 esse;

448 5809 562 5854 mue
582 5798 730 5843 etiam
755 5794 901 5841 lectio
932 5794 1138 5854 quadrat
1176 5787 1234 5841 ad
1259 5789 1463 5847 seriem,
1499 5801 1606 5839 nam
1641 5787 1720 5835 liii:
1753 5788 1815 5834 de
1837 5787 1958 5835 Juda
1990 5793 2047 5836 et

448 5858 599 5905 sociis
628 5863 810 5918 agitur.

1093 331 1149 389 S.
1192 332 1468 389 JUANNIS
1506 328 1992 387 CllllYSOSTOMI
2023 326 2339 384 ARCHIEP.
2381 328 2916 384 CONSTANTINOI’.

3578 336 3684 392 718

2089 441 2218 511 quid
2256 455 2422 494 ausus
2457 440 2577 497 est?
2616 439 2759 510 quod
2803 441 3106 512 symbolum
3148 443 3461 511 proditionis
3491 445 3689 501 dedit?

2093 535 2468 603 Quemcumque
2510 532 2767 586 osculatus
2809 537 2990 601 fuero,
3038 533 3231 603 inquit.
3274 534 3590 591 Conﬁdebat
3634 538 3688 591 in

2095 626 2319 681 lenitate
2345 626 2616 697 magistri:
2641 627 2782 696 quod
2806 627 3038 682 maxime
3063 628 3208 682 illum
3232 627 3560 684 confundere
3587 630 3697 683 da—

2094 718 2243 785 buit,
2270 728 2325 773 et
2354 719 2505 773 venia
2543 719 2690 773 outtni
2729 721 2977 788 privare,
3015 720 3159 790 quod
3199 730 3306 775 tam
3347 736 3711 777 mansuetum'

2093 811 2404 881 magistrum
2438 810 2752 880 prodiderit.
2790 809 2895 866 Sed
2924 827 3042 877 cur,
3082 813 3311 882 inquies,
3342 815 3444 867 hoc
3472 815 3688 884 signum

2091 904 2273 959 dedit?
2294 904 2428 973 Quia
2466 904 2664 973 saepius
2686 904 2755 958 ab
2786 904 2890 958 illis
2916 905 3359 975 comprehensus,
3390 907 3688 975 pertransi-

2095 999 2201 1064 vit,
2229 998 2362 1067 ipsis
2385 997 2766 1052 nescientibus.
2803 999 3052 1052 Attamen
3090 1005 3218 1052 tunc
3241 1012 3455 1068 quoque
3488 996 3688 1052 factum

2095 1090 2298 1154 luisset,
2332 1091 2376 1144 si
2413 1105 2519 1144 non
2552 1090 2666 1160 ipse
2691 1089 2809 1159 capi
2839 1089 3121 1145 voluisset.
3163 1089 3229 1146 Ut
3261 1090 3363 1145 hoc
3389 1091 3559 1160 ipsum
3586 1090 3689 1145 Ju-

2093 1183 2215 1238 dam
2237 1182 2479 1245 doceret,
2503 1182 2688 1237 oculos
2708 1197 2895 1237 eorum
2924 1183 3213 1237 exemeavit
3236 1199 3252 1245 ;
3281 1183 3500 1253 ipseque
3524 1182 3708 1236 interr

2096 1276 2348 1345 rogabat,
2383 1276 2543 1341 Quem
2579 1275 2806 1345 qumitis
2837 1274 3015 1344 (.loan.
3053 1274 3140 1330 l8.
3170 1275 3268 1341 bl?
3300 1274 3400 1344 lpsi
3429 1288 3557 1329 vero
3582 1290 3694 1328 non

2097 1376 2376 1432 noverant,
2404 1368 2648 1438 quamvis
2675 1383 2796 1423 cum
2831 1367 3049 1422 laternis
3073 1377 3129 1422 et
3154 1366 3485 1437 lampadibus
3508 1377 3696 1420 esseut

2096 1462 2392 1532 Judamqne
2436 1476 2616 1515 secum
2662 1461 2941 1515 baberent.
2988 1459 3191 1514 Deinde
3228 1460 3348 1527 quia
3392 1458 3649 1513 dixerunt
3675 1498 3692 1520 ,

2094 1557 2293 1621 Iesum,
2323 1555 2396 1608 ait
2424 1554 2514 1609 ille
2542 1574 2554 1609 :
2583 1553 2695 1626 Ego
2714 1571 2825 1607 sum
2847 1554 2893 1607 is
2912 1570 3057 1621 quem
3080 1553 3305 1623 (tuleritis
3331 1550 3492 1623 (Ibid.
3522 1566 3568 1604 υ.
3597 1550 3692 1621 5);

2096 1659 2150 1703 et
2177 1664 2380 1713 rursus,
2416 1647 2506 1701 5.0.
2536 1646 2726 1709 Amice,
2755 1645 2823 1699 ad
2845 1645 2967 1715 quid
2994 1645 3171 1699 uenisti
3189 1647 3214 1698 .9
3244 1644 3526 1714 Postquam
3546 1643 3695 1698 enim

2097 1740 2331 1795 ostendit
2374 1738 2666 1807 potentiam
2706 1753 2895 1799 suam,
2930 1746 3039 1790 tum
3077 1735 3293 1789 denuuu
3334 1733 3385 1789 id
3432 1733 3628 1803 permis
3650 1741 3698 1786 ι.

2098 1830 2334 1885 Joannes
2363 1846 2491 1883 vero
2519 1829 2595 1882 ait
2618 1829 2658 1891 ί,
2688 1827 2871 1883 Jesum
2900 1827 2967 1881 ad
2998 1826 3143 1881 illam
3179 1840 3346 1895 usque
3384 1825 3571 1879 horam
3596 1822 3693 1879 Ju-

2100 1924 2222 1977 dam
2245 1921 2532 1978 emendare
2559 1921 2793 1975 voluisse
2818 1918 3051 1975 dicendo
3075 1936 3089 1971 :
3114 1918 3280 1986 Juda,
3307 1917 3479 1971 osculo
3507 1915 3553 1970 F
3553 1917 3705 1970 ilium

2102 2015 2320 2069 hominis
2347 2014 2505 2067 tradis
2534 2012 2687 2081 (Luc.
2717 2011 2811 2067 22.
2836 2012 2968 2082 48)?
2993 2010 3104 2066 Nec
3128 2019 3181 2065 te
3211 2010 3374 2080 pudet
3394 2008 3486 2062 tali
3515 2008 3703 2076 prodi-

2105 2108 2265 2161 tionis
2294 2106 2456 2160 modo
2481 2104 2596 2159 uti?
2638 2104 2884 2158 Attamen
2913 2103 3034 2174 quia
3058 2118 3128 2157 ne
3154 2102 3253 2156 hoc
3278 2100 3496 2172 quidem
3524 2101 3704 2169 ipsum

2082 2197 2363 2261 cohibuit,
2390 2197 2631 2251 osculum
2658 2195 2775 2265 ejus
2803 2194 3037 2256 admisit,
3066 2202 3119 2249 et
3138 2195 3371 2262 seipsum
3401 2193 3572 2247 libens
3594 2200 3705 2245 tra-

2105 2291 2260 2346 didit.
2295 2290 2357 2345 Et
2386 2291 2699 2345 immiserunt
2723 2292 2776 2344 in
2797 2289 2945 2344 illum
2969 2292 3170 2351 manus,
3198 2297 3245 2342 et
3273 2295 3541 2341 tenuerunt
3562 2301 3700 2346 eum,

2107 2384 2295 2437 eadem
2345 2382 2457 2450 ipsa
2504 2391 2693 2445 nocte,
2734 2396 2838 2451 qua
2883 2380 3077 2450 pascha
3123 2378 3509 2440 romeilebant;
3553 2383 3708 2430 tanto

2108 2486 2262 2532 erant
2299 2481 2476 2530 lurore
2502 2473 2757 2543 correpti.
2791 2473 3041 2528 Attamen
3069 2472 3200 2526 nihil
3235 2469 3569 2540 potuissent.
3600 2466 3705 2520 nisi

2113 2571 2225 2637 ipse
2253 2568 2302 2622 id
2333 2568 2682 2637 permisisset.
2716 2565 2844 2621 Illud
2874 2576 3050 2620 tamen
3077 2565 3267 2620 ludam
3292 2564 3360 2615 ab
3387 2557 3708 2615 intolerabili

2112 2660 2376 2728 supplicio
2405 2673 2509 2712 non
2540 2657 2823 2725 liberabit,
2854 2656 2948 2712 sed
2981 2656 3168 2725 majori
3205 2655 3497 2708 obnoxium
3533 2647 3712 2703 rediit

2111 2750 2439 2805 tlzttttuttlittni
2475 2768 2487 2803 :
2518 2749 2660 2819 quod
2695 2765 2816 2804 cum
2858 2758 3058 2803 tantam
3092 2757 3149 2803 et
3187 2748 3439 2817 potentiae
3469 2754 3521 2800 et
3553 2756 3708 2796 man-

2113 2843 2413 2896 suetudinis
2453 2841 2797 2911 lenitatisque
2824 2840 2941 2909 ejus
2968 2838 3482 2894 demonstrationem
3511 2838 3713 2891 habue-

2116 2934 2217 2995 rit,
2248 2932 2359 2988 l‘era
2387 2933 2583 2988 sanior
2612 2931 2792 2987 fuerit.
2825 2931 2950 2986 Hau:
2983 2946 3106 2985 cum
3135 2930 3369 2985 sciamus
3389 2970 3403 2995 ,
3433 2928 3711 2982 avaritiam

2117 3024 2380 3094 fugiamus
2405 3044 2417 3079 :
2448 3025 2562 3079 lure
2588 3023 2731 3079 enim
2759 3033 2887 3078 tunc
2910 3022 3079 3087 illum,
3110 3020 3247 3087 luce,
3279 3021 3514 3090 inquam,
3545 3020 3598 3074 in
3622 3016 3714 3075 Ku-

2117 3133 2295 3174 rorem
2319 3118 2549 3188 conjeeit
2577 3134 2590 3170 :
2626 3116 2740 3171 lucc
2765 3115 2833 3170 ad
2858 3125 3153 3171 extremam
3182 3113 3567 3168 immanitatem
3590 3127 3715 3167 eru-

2117 3210 2498 3276 delitatemque
2538 3209 2687 3263 illum
2727 3207 3060 3263 exercitavit.
3101 3204 3286 3276 Neque
3329 3205 3475 3259 illum
3510 3202 3672 3258 modo
3696 3245 3712 3267 ,

2119 3301 2213 3355 sed
2237 3301 2397 3355 etiam
2421 3314 2611 3355 omnes
2636 3300 2725 3369 qui
2753 3299 2844 3354 tali
2873 3298 3062 3363 morbo
3082 3298 3222 3368 capti
3250 3307 3392 3352 sunt.
3415 3296 3548 3352 Cum
3571 3295 3715 3351 enim

2120 3390 2186 3445 ad
2213 3391 2609 3461 desperandum
2638 3390 2707 3444 de
2733 3391 2905 3446 salute
2935 3390 3171 3454 inducat,
3202 3388 3371 3443 multo
3394 3388 3564 3460 magis
3587 3388 3717 3441 alia-

2124 3494 2240 3537 rum
2269 3483 2496 3538 salutem
2525 3480 2806 3552 despicere
2845 3480 3055 3535 suadet.
3086 3479 3266 3551 Atque
3299 3482 3370 3533 ita
3412 3481 3720 3551 tyrannicus

2123 3584 2205 3631 est
2246 3575 2499 3638 morbus,
2545 3585 2603 3628 ut
2649 3575 2809 3628 etiam
2859 3571 3388 3627 vebcmentissimmu
3434 3586 3717 3640 corporum

2122 3682 2363 3722 amorem
2413 3664 2702 3736 aliquando
2745 3676 2982 3736 superet.
3028 3662 3388 3730 Quamobrem
3434 3662 3718 3715 admodum

2125 3761 2419 3821 erubesco,
2460 3758 2599 3828 quod
2645 3757 2798 3811 multi
2844 3757 3085 3828 pecuniis
3127 3766 3407 3825 parcentes
3448 3754 3722 3809 libidinem

2128 3850 2479 3916 refrenarem,
2510 3849 2598 3921 qui
2628 3858 2848 3919 propter
2872 3847 2969 3902 Dei
2995 3848 3239 3902 timorem
3267 3848 3553 3901 noluerunt
3575 3854 3725 3900 caste

2130 3943 2479 4014 modesteque
2522 3943 2725 3998 vivere.
2771 3941 2894 3996 Ideo
2933 3940 3196 4010 fugiamus
3234 3939 3375 3994 illam
3399 3980 3414 4002 ,
3447 3938 3673 3992 obsecro
3707 3954 3720 3990 :

2131 4052 2305 4109 neque
2334 4037 2477 4092 enim
2510 4034 2614 4090 hoc
2637 4033 2847 4089 dicendi
2878 4033 3038 4087 tinem
3070 4030 3277 4085 faciam.
3311 4032 3419 4084 Cur
3443 4044 3661 4094 aurum,
3692 4040 3726 4083 0

2132 4132 2313 4197 homo,
2338 4127 2687 4184 accumulas?
2714 4142 2812 4181 cur
2851 4125 3161 4179 servitutem
3206 4130 3349 4177 tuam
3394 4122 3725 4177 acerbiorem

2132 4220 2349 4276 reddis?
2371 4234 2469 4274 cur
2491 4217 2787 4274 custodiam
2816 4217 3116 4287 graviorem
3140 4255 3155 4281 ,
3184 4229 3282 4269 cur
3307 4212 3723 4267 sollicitudinem

2130 4310 2467 4367 acutiorem?
2494 4309 2623 4364 Puta
2655 4317 2771 4363 tuas
2800 4322 2921 4364 esse
2950 4321 3138 4361 omnes
3166 4306 3281 4360 auri
3312 4320 3495 4366 venas,
3525 4319 3641 4373 quu-
3673 4302 3724 4357 in

2134 4402 2362 4460 met-illis
2383 4409 2529 4463 sunt,
2554 4401 2839 4471 omniaque
2865 4396 2951 4453 illa
2975 4413 3093 4470 quae
3120 4401 3170 4451 in
3192 4396 3382 4451 aerario
3403 4396 3571 4465 regio.
3596 4392 3730 4449 Nam

2133 4494 2177 4549 si
2206 4494 2345 4548 hanc
2377 4501 2575 4548 tantam
2605 4490 2803 4545 molem
2828 4488 2946 4544 auri
2988 4488 3214 4542 haberes
3234 4494 3259 4548 ,‘
3278 4487 3578 4541 custodircs
3609 4495 3725 4537 tan-

2138 4595 2281 4649 tum,
2311 4600 2417 4639 non
2447 4582 2696 4638 utereris.
2727 4581 2939 4636 Etenim
2979 4580 3024 4633 si
3059 4593 3203 4634 nunc
3231 4578 3296 4631 iis
3333 4593 3453 4647 quae
3491 4575 3733 4646 possides

2135 4693 2244 4733 non
2274 4678 2460 4743 uteris,
2494 4675 2587 4731 sed
2618 4674 2686 4729 ab
2725 4674 2789 4729 iis
2817 4673 3054 4729 abstines
3079 4683 3136 4727 ut
3161 4671 3351 4726 alienis
3378 4688 3392 4725 :
3419 4672 3585 4725 multo
3616 4686 3734 4722 tua-

2137 4772 2218 4839 gis
2243 4770 2288 4825 si
2323 4771 2475 4842 plura
2503 4768 2730 4823 haberes
2752 4810 2767 4831 ,
2799 4767 3028 4836 idipsum
3068 4781 3278 4835 ageres.
3318 4765 3450 4820 Nam
3497 4764 3735 4833 pecuniae

2138 4874 2381 4917 aman'es
2409 4860 2606 4922 solent,
2630 4874 2736 4931 quo
2761 4860 2884 4930 plus
2907 4860 3022 4914 auri
3051 4857 3346 4927 possident,
3372 4872 3437 4912 eo
3465 4858 3633 4927 magis
3658 4856 3733 4910 illi

2137 4972 2380 5030 parcere.
2410 4955 2517 5010 Sed
2554 4956 2696 5019 scio,
2738 4953 2980 5023 inquies,
3011 4952 3126 5007 haec
3165 4967 3282 5006 mea
3323 4966 3465 5007 esse.
3506 4952 3642 5019 Ergo
3683 4950 3736 5003 in

2139 5050 2392 5121 opinione
2436 5059 2640 5104 tantum
2667 5090 2684 5115 ,
2718 5060 2821 5101 non
2859 5046 2911 5101 in
2952 5063 3051 5102 usu
3088 5046 3355 5116 possessio
3385 5059 3471 5098 tua
3500 5054 3601 5099 est.
3631 5044 3736 5098 Sed

2144 5145 2269 5199 hinc
2308 5142 2646 5203 hominibus,
2678 5139 2922 5210 inquies,
2956 5137 3307 5194 formidabilis
3347 5140 3553 5192 iuturus
3592 5152 3732 5190 sunt.

2145 5237 2255 5291 lino
2277 5243 2432 5302 captu
2465 5234 2687 5296 facilior,
2718 5231 2992 5297 divitibus,
3030 5232 3370 5300 pauperibus,
3401 5230 3624 5293 furibus,
3652 5244 3740 5300 sy-

2143 5326 2447 5397 cophantis,
2475 5326 2650 5381 servis
2674 5323 3031 5393 omnibusque
3053 5322 3269 5377 demunt
3299 5321 3536 5377 insidiari
3560 5322 3737 5375 volen-

2146 5421 2307 5474 tibus.
2350 5416 2485 5473 Nam
2523 5418 2566 5471 si
2608 5415 2688 5470 vis
2730 5431 2851 5469 esse
2891 5414 3241 5470 formidabilis
3264 5455 3279 5482 ,
3316 5414 3546 5484 priecide
3583 5429 3740 5467 ausas

2145 5512 2336 5582 quibus
2378 5519 2601 5579 possunt
2641 5517 2693 5563 te
2734 5523 2930 5576 capere
2972 5519 3027 5562 et
3062 5522 3258 5562 vexare
3293 5520 3482 5561 omnes
3511 5506 3602 5576 qui
3640 5504 3740 5560 hoc

2147 5607 2317 5671 ipsum
2353 5604 2530 5657 facere
2555 5601 2738 5656 velint.
2776 5603 2966 5654 Annon
2995 5599 3189 5655 audisti
3223 5599 3325 5655 hoc
3364 5599 3740 5671 proverbium,

2148 5695 2446 5765 Pauperem
2485 5693 2783 5748 etuudum
2832 5707 2937 5746 non
2986 5699 3209 5762 possunt
3241 5702 3456 5746 centum
3494 5689 3591 5746 viri
3621 5705 3685 5760 sp
3706 5709 3746 5739 ιο

2186 5838 2198 5867 ¹
2216 5834 2493 5898 Lugendum
2510 5841 2638 5882 esset
2649 5840 2817 5890 ,t.ucas
2830 5828 3282 5895 reroait;siqnidcm
3297 5835 3431 5879 Luca:
3446 5828 3593 5880 verba
3611 5838 3743 5877 sunt.
