4074 6422
364 382 466 434 illi

367 492 538 548 liarel
568 491 808 562 Magnam
835 490 1032 561 quippe
1058 489 1216 544 habet
1257 500 1532 558 patronam
1563 494 1951 558 paupertatem,

364 597 523 652 quam
551 598 620 637 ne
646 597 741 636 rex
769 581 984 652 quidem
1012 582 1127 651 ipse
1157 582 1322 651 possit
1350 581 1564 636 vincere
1590 581 1674 635 vel
1703 584 1915 649 capere.

435 672 491 728 5.
532 674 814 727 Armorum
855 674 1039 725 misera
1077 672 1319 726 conditio.
1364 700 1435 712 -—
1476 674 1713 726 Avarum
1771 682 1952 725 autem

363 776 554 817 omnes
578 762 735 816 simul
766 742 963 817 vexare
1004 772 1267 831 possunt;
1321 778 1493 831 neque
1540 762 1951 816 homines-tan-

367 865 476 906 tum
505 852 649 915 dico,
698 852 798 907 sed
848 862 904 906 et
955 852 1112 906 tinea:
1155 862 1212 906 et
1253 868 1484 907 vermes.
1530 852 1729 921 Ecquid
1779 852 1954 906 tineas

362 944 530 998 (lico?
573 943 794 998 Multum
840 952 1050 1015 tempus
1087 945 1284 1011 solmn,
1333 946 1585 1015 miliaque
1637 944 1827 999 addito
1872 945 1953 998 in-

360 1036 670 1100 commodo,
699 1049 919 1090 avarum
964 1046 1142 1106 potest
1189 1038 1421 1092 maxime
1445 1037 1662 1093 hedere.
1693 1038 1823 1104 Quze
1849 1037 1947 1107 igi-

361 1138 449 1182 tur
494 1138 582 1184 est
608 1128 916 1184 divitiarum
944 1130 1233 1200 voluptas?
1276 1131 1388 1201 Ego
1436 1130 1710 1185 molestias
1749 1133 1947 1196 video;

361 1231 417 1273 tu
445 1219 575 1274 mihi
608 1219 937 1288 voluptatem
967 1220 1113 1274 illam
1141 1220 1369 1290 explica.
1421 1222 1486 1275 Et
1514 1236 1633 1289 quae
1666 1221 1946 1288 tuoleslim,

361 1310 609 1380 inquies?
652 1309 1072 1376 Sollicitudines,
1118 1310 1345 1374 insidim,
1380 1310 1694 1379 iuimicltbe,
1724 1311 1906 1365 odium
1929 1353 1945 1377 ,

361 1399 543 1465 timor,
585 1409 785 1455 :eterna
825 1402 943 1463 sitis
986 1412 1043 1457 et
1083 1401 1260 1457 dolor.
1311 1401 1441 1457 Nam
1478 1403 1523 1457 si
1555 1403 1678 1471 quis
1716 1403 1947 1473 puellam

357 1491 770 1559 complectatur,
799 1506 901 1546 nec
929 1492 1419 1561 concupiscentiam
1466 1496 1709 1564 explere‘
1736 1497 1903 1566 possit
1927 1538 1945 1562 ,

357 1589 604 1634 extremo
640 1580 829 1636 dolore
854 1584 1147 1640 cruciatur.
1198 1584 1289 1641 Sic
1333 1587 1495 1640 etiam
1542 1586 1712 1653 dives,
1765 1604 1942 1642 rerum

357 1672 574 1741 quidem
601 1674 810 1743 copiam
842 1673 1024 1742 habet,
1054 1671 1306 1746 illamque
1333 1680 1708 1749 complectitur
1745 1696 1759 1734 :
1789 1682 1946 1751 cupi-

358 1764 582 1818 ditatem
610 1779 736 1817 vero
765 1778 918 1819 suam
939 1781 1154 1821 Oltlilelll
1185 1768 1403 1838 explere
1430 1769 1646 1840 nequit;
1678 1775 1772 1826 sed
1805 1770 1945 1826 idem

361 1853 640 1923 contingit,
684 1854 825 1924 quod
880 1856 956 1909 ait
1005 1856 1086 1911 vir
1127 1859 1341 1927 sapiens
1379 1877 1392 1913 :
1424 1859 1689 1929 Cupiditas
1729 1864 1946 1916 eimuclti

362 1947 660 2017 virginitatis
687 1949 867 2018 ﬂorent
896 1950 1082 2020 puella:
1107 1952 1301 2023 eripere
1340 1953 1526 2028 (Eccli.
1554 1955 1644 2010 20.
1676 1955 1756 2029 2).
1797 1959 1948 2014 Sicut

361 2038 640 2093 eunuchus
683 2040 941 2109 virginem
969 2043 1249 2111 amplexus
1271 2045 1592 2116 ingemiseit,
1634 2049 1713 2104 sic
1751 2050 1943 2106 divites

360 2142 569 2183 omnes.
623 2128 823 2199 Ecquis
871 2132 1051 2187 dicere
1092 2135 1257 2203 possit
1297 2137 1366 2190 de
1398 2140 1609 2194 caeteris
1649 2142 1945 2197 omnibus?

356 2218 632 2287 quomodo
657 2235 852 2275 avarus
880 2222 1128 2279 omnibus
1155 2223 1370 2281 fastidio
1406 2228 1478 2282 sit
1503 2231 1677 2284 servis
1695 2272 1710 2295 ,
1739 2232 1944 2302 agrico-

359 2311 446 2377 lis,
474 2311 664 2366 vicinis
688 2352 703 2375 ,
749 2313 1018 2369 civitatem
1042 2319 1374 2386 gerentibus,
1405 2320 1595 2390 injuria
1626 2322 1791 2392 lit-sis,
1835 2341 1941 2380 non

358 2401 521 2468 hesis,
588 2405 745 2459 uxori
789 2408 1021 2464 maxime
1067 2412 1328 2480 omnium,
1378 2413 1566 2471 liberis
1608 2417 1728 2487 plus
1782 2436 1943 2491 quam

358 2493 606 2549 Omnibus
637 2496 797 2551 aliis?
835 2496 950 2552 Non
980 2501 1122 2554 enim
1155 2500 1275 2556 illos
1302 2512 1360 2557 ut
1386 2504 1604 2574 liberos,
1651 2508 1748 2563 sed
1793 2509 1944 2579 pejus

357 2599 515 2652 quam
542 2599 731 2642 servos
758 2597 813 2642 ct
844 2590 1014 2658 pretio
1042 2603 1252 2662 emptos
1274 2593 1487 2661 educat,
1518 2598 1663 2656 mille
1696 2600 1809 2668 ira),
1841 2602 1941 2656 do-

361 2674 510 2739 loris,
554 2674 772 2744 furoris,
806 2679 945 2736 risus
969 2684 1283 2740 occasiones
1310 2685 1599 2743 adversum
1630 2706 1690 2746 se
1716 2693 1939 2762 praebet,

358 2767 611 2824 omnibus
657 2769 817 2826 simul
866 2777 1230 2844 spectaculum
1275 2775 1466 2836 factus.
1509 2781 1605 2838 liae
1655 2795 1781 2841 sunt
1826 2789 1942 2856 ejus

359 2857 637 2927 molestiae,
682 2876 748 2917 ac
787 2860 1015 2919 fortasse
1054 2866 1273 2936 plures;
1314 2885 1490 2941 neque
1531 2874 1675 2931 enim
1718 2888 1942 2948 possunt

357 2965 545 3006 omnes
574 2954 865 3021 recenseri,
910 2955 1007 3010 sed
1044 2960 1375 3029 experientia
1422 2962 1658 3021 docebit.
1696 2968 1779 3024 Tu
1813 2986 1942 3025 vero

359 3040 487 3099 mihi
516 3042 843 3112 voluptatem
882 3062 1002 3117 quae
1042 3047 1166 3105 inde
1192 3053 1430 3122 carpitur
1471 3054 1736 3113 describe.
1784 3060 1943 3120 Dives

358 3149 477 3190 esse
519 3135 707 3191 videor
745 3145 801 3192 et
845 3138 1142 3197 existimor.
1176 3142 1356 3214 Ecqua
1397 3147 1642 3216 voluptas
1674 3151 1830 3206 talem
1865 3155 1942 3209 vi-

359 3223 509 3280 deri?
536 3225 754 3283 Invidia:
780 3239 928 3286 certe
950 3248 1146 3288 nomen
1175 3235 1490 3292 maximum.
1511 3239 1715 3297 Nomen
1748 3247 1943 3317 quippe

360 3326 564 3373 tantum
604 3329 729 3375 sunt
769 3321 990 3391 divitias,
1034 3340 1095 3380 re
1129 3341 1376 3383 vacuum.
1407 3329 1514 3386 Sed
1539 3332 1605 3388 de
1636 3335 1720 3388 illa
1753 3340 1941 3393 existi-

364 3409 616 3478 matione,
647 3411 878 3482 inquies,
909 3415 1106 3484 gaudet
1135 3417 1304 3473 dives.
1356 3420 1591 3478 Laetatur
1636 3425 1703 3481 de
1752 3429 1944 3498 quibus

359 3500 644 3558 dolendum
680 3514 846 3560 esset.
901 3508 1218 3572 Dolendum,
1273 3511 1504 3583 inquies,
1551 3519 1757 3587 quare?
1809 3522 1940 3590 Quia

360 3592 486 3648 illud
514 3597 688 3664 ipsum
717 3595 783 3651 ad
811 3600 989 3653 omnia
1019 3599 1258 3657 inutilem
1288 3604 1485 3669 reddit,
1508 3608 1770 3676 timidum,
1798 3613 1945 3684 igna-

358 3700 505 3755 vum,
535 3687 602 3742 ad
629 3691 1111 3759 peregrinationem
1138 3695 1553 3766 suscipiendam,
1603 3702 1671 3757 ad
1715 3715 1942 3762 mortem

359 3779 719 3835 obeundam:
774 3795 901 3837 nam
986 3787 1261 3860 duplicem
1347 3790 1438 3849 ille
1526 3806 1759 3853 mortem
1844 3813 1935 3854 re-

360 3879 527 3941 putat,
559 3873 905 3941 pecuniarum
936 3878 1105 3946 magis
1130 3894 1289 3948 quam
1315 3880 1450 3936 lucis
1475 3885 1700 3954 cupidus
1729 3888 1768 3942 ¹.
1792 3887 1943 3944 Hune

358 3978 459 4019 nec
483 3966 673 4021 casiam
700 3967 956 4036 delectat,
985 3973 1107 4040 quia
1137 3989 1242 4027 non
1273 3974 1373 4029 fert
1395 3992 1603 4042 aurum,
1633 3995 1805 4051 neque
1836 3984 1937 4049 sol,

359 4058 482 4126 quia
527 4073 722 4117 aureos
765 4062 946 4116 radios
989 4079 1095 4118 non
1144 4065 1359 4119 emittit.
1407 4067 1515 4123 Sed
1545 4070 1760 4139 quidam
1792 4084 1939 4142 sunt,

358 4151 590 4220 inquies,
616 4151 707 4222 qul
747 4168 926 4209 rerum
967 4157 1121 4226 copia
1152 4157 1414 4225 fruuntur,
1442 4161 1651 4219 deliciis
1676 4173 1731 4220 et
1768 4168 1942 4223 ventri

358 4242 718 4315 indulgentes,
747 4247 876 4302 vino
911 4264 971 4304 se
1016 4250 1427 4321 ingurgitantes,
1477 4254 1653 4311 lautos
1696 4269 1943 4330 sumptus

356 4332 712 4391 cﬂ'undentes.
758 4337 978 4408 Pejores
1010 4341 1221 4397 cteteris
1263 4344 1393 4399 mihi
1441 4361 1649 4403 narras.
1689 4348 1769 4405 liii
1799 4353 1941 4408 enim

359 4427 592 4482 maxime
614 4438 762 4493 sunt,
792 4431 883 4501 qui
912 4447 1017 4487 non
1044 4433 1316 4493 fruuntur.
1361 4437 1454 4495 Ille
1491 4455 1723 4513 namque
1751 4444 1942 4501 saltem

357 4514 427 4569 ab
450 4516 572 4572 aliis
596 4519 829 4575 abstinet
852 4523 1030 4590 malis,
1057 4525 1148 4580 uni
1176 4529 1415 4596 pecunia:
1444 4533 1616 4589 amori
1650 4535 1895 4593 addictus
1928 4557 1944 4597 :

359 4604 437 4659 illi
480 4622 628 4675 vero,
674 4609 759 4666 bis
805 4613 1037 4683 pejores,
1086 4628 1283 4686 prmter
1317 4622 1639 4691 supradicta,
1674 4625 1863 4682 duram
1890 4637 1946 4685 et

356 4698 704 4769 multiplicem
725 4702 823 4758 sibi
845 4707 1156 4761 servitutem
1178 4710 1473 4779 attrahunt,
1494 4724 1549 4769 et
1573 4729 1672 4772 ceu
1702 4719 1945 4790 tyrannis

354 4788 669 4856 quibusdam
712 4792 1033 4853 immanibus
1060 4813 1181 4856 sese
1204 4801 1406 4858 dedunt
1432 4808 1626 4874 ventri,
1654 4788 1944 4879 corporum

354 4883 549 4948 amori,
578 4884 847 4952 ebrietati,
877 4893 1196 4963 ueterisque
1216 4895 1357 4952 vitiis
1379 4900 1619 4969 quotidie
1636 4903 1947 4961 ministran-

357 4980 457 5038 tes,
488 4984 666 5030 seorta
690 4978 922 5049 alentes,
955 4983 1128 5042 lautas
1166 5002 1352 5045 ctenas
1390 5003 1736 5063 apparantes,
1785 5012 1945 5068 para-

353 5065 507 5133 sitos,
537 5067 843 5128 adulatores
869 5087 1131 5144 ementes,
1165 5079 1218 5134 in
1243 5095 1457 5139 amores
1479 5096 1674 5155 prater
1694 5065 1946 5148 naturam

355 5153 675 5224 incidentes,
725 5162 850 5219 hinc
889 5167 1036 5222 mille
1078 5171 1283 5226 morbis
1309 5182 1366 5228 et
1393 5153 1595 5247 corpus
1621 5189 1677 5235 et
1708 5183 1941 5241 animan‘

354 5248 673 5307 efﬁcientes.
697 5252 816 5311 Non
844 5258 988 5314 enim
1016 5276 1113 5331 pro
1136 5267 1458 5323 necessariis
1482 5269 1621 5325 bona
1646 5271 1940 5345 insumunt,

416 5483 955 5567 :Edi‘det'atjlonteﬁ,
986 5495 1067 5567 κ.ᾳὶ
1084 5496 1189 5567 ,χὰρ
1214 5499 1430 5563 κρεῖττον
1448 5504 1635 5567 ἡγεῖται
1656 5506 1820 5567 τοῦτο,
1852 5511 1947 5565 La-

353 5546 822 5631 ﬂn’eque‘fverterat‘,
855 5546 969 5631 illaut
988 5546 1189 5631 divitias
1216 5546 1321 5631 [ein
1334 5546 1823 5631 ’ehiiiiiiii'ibiiiiiii
1838 5546 1947 5628 Et;

350 5613 520 5692 mea;
535 5609 834 5692 timavi;
858 5609 1335 5692 ι”ξε·ι‹;;,ε‹ι,ρ,τ.τξη.
1353 5609 1947 5692 ’ᾱεέῆῑρῖξῑίίςιςέῖιςξῑ

349 5672 524 5751 liii-ero
539 5672 761 5751 Ipsi-at.
780 5677 872 5751 r_2,_
890 5678 937 5751 .t,
982 5681 1038 5729 to
1057 5695 1068 5729 :
1113 5672 1445 5751 causam?
1459 5672 1944 5749 ’ἶιὶιῶῖᾶιιὶὶι““ᾱὲἶῧιῖἇ

348 5736 503 5855 κζ)ςὲ
527 5732 734 5849 futatim)!
763 5744 809 5790 et
839 5732 983 5793 dolor
999 5778 1014 5804 ,
1064 5732 1463 5813 cogilaittirfcre
1489 5732 1758 5819 ἆὶῖἧᾶἶῖίίίο

1220 373 1285 431 ΙΝ
1323 373 1730 432 ΜΑΤἸΊΙᾸΞΗΜ
1768 367 1999 427 ﬂUMlL.
2041 369 2327 430 LXXXIII.
2369 376 2440 430 al.
2484 376 2767 435 LXXXIV.

3554 393 3659 448 7.30

2065 481 2163 539 sed
2207 498 2307 554 pro
2351 487 2417 542 iis
2457 503 2578 558 qua:
2623 506 2819 560 corpus
2860 500 2917 548 et
2959 493 3121 550 simul
3151 496 3383 555 animam
3415 514 3656 559 corrum-

2061 586 2196 646 punt
2239 578 2622 651 :idipsumque
2677 593 2840 654 agunt
2888 600 2953 641 ac
2992 587 3040 642 si
3089 589 3212 659 quis
3251 605 3448 663 corpus
3491 610 3654 652 exoro

2063 680 2217 733 usus,
2261 678 2412 737 putet
2458 672 2578 725 usui
2619 687 2718 727 suo
2760 676 3043 744 pecuniam
3088 678 3422 749 impendere.
3471 683 3656 755 Itaque

2062 759 2150 812 ille
2176 761 2323 815 solus
2352 762 2625 831 voluptate
2650 764 2866 833 fruitur,
2908 783 3235 841 suarumque
3264 788 3448 829 rerum
3474 775 3649 832 domi-

2059 866 2159 904 nus
2184 860 2288 918 est,
2316 853 2405 923 qui
2443 854 2548 908 illis
2573 865 2631 909 ut
2659 871 2752 925 par
2776 867 2860 912 est
2890 859 3057 914 utitur
3081 878 3095 927 ;
3121 860 3174 915 hi
3205 878 3337 918 vero
3362 867 3503 921 servi
3525 875 3668 922 sunt

2058 948 2113 995 et
2139 943 2333 1011 captivi
2361 959 2376 998 :
2407 959 2529 998 nam
2558 948 2799 1015 corporis
2841 949 3182 1006 inﬁrmitates
3205 962 3260 1008 et
3281 955 3475 1010 anima:
3504 972 3650 1011 mor-

2058 1032 2157 1086 bos
2201 1043 2418 1102 augent.
2451 1035 2730 1102 Quodnam
2774 1054 2903 1110 ergo
2931 1041 3141 1097 fruendi
3167 1058 3358 1114 genus,
3387 1048 3475 1101 ubi
3503 1049 3649 1103 obsi-

2056 1122 2167 1186 dio,
2198 1124 2420 1191 bellum,
2448 1136 2608 1197 atque
2640 1138 2931 1198 tempestas
2971 1134 3196 1189 marinis
3217 1136 3462 1204 procellis
3486 1141 3651 1194 vehe—

2057 1216 2329 1272 mentior"
2375 1217 2507 1274 Nam
2552 1220 2755 1276 divitia:
2794 1223 2839 1277 si
2868 1225 3088 1280 stultum
3117 1226 3391 1284 hominem
3420 1233 3643 1287 invene-

2056 1306 2182 1374 rint,
2215 1310 2517 1367 stultiorem
2550 1313 2821 1381 reddunt;
2867 1318 2911 1371 si
2944 1318 3225 1386 lascivum,
3273 1321 3634 1381 lasciviorem.

2056 1399 2256 1469 Ecqua,
2287 1400 2516 1471 inquies,
2554 1407 2772 1476 pauperi
2802 1424 2869 1463 ex
2901 1410 3183 1479 prodentia
3222 1415 3467 1470 utilitas?
3517 1417 3647 1472 Jure

2054 1488 2182 1543 illud
2220 1490 2453 1561 ignoras.
2479 1492 2665 1565 Neque
2692 1497 2835 1550 enim
2861 1514 3040 1554 cacus
3068 1503 3191 1568 scit,
3219 1504 3346 1573 quid
3385 1506 3518 1561 lucri
3550 1508 3640 1562 lux

2050 1580 2255 1635 amarat.
2285 1583 2423 1638 Audi
2453 1584 2800 1642 Salomouem
2825 1590 3093 1646 dicentem
3126 1610 3139 1645 :
3178 1594 3438 1661 Quantum
3463 1609 3534 1653 est
3566 1600 3646 1652 in-

2053 1680 2128 1724 ter
2154 1673 2381 1727 tenebras
2409 1685 2458 1728 et
2487 1675 2651 1729 lucem
2681 1678 2925 1745 medium,
2973 1691 3169 1735 tantum
3204 1685 3408 1755 sapiens
3433 1686 3644 1742 stultum

2049 1775 2254 1833 superat
2292 1765 2502 1835 (Eccle.
2530 1768 2586 1821 2.
2625 1769 2717 1841 l3)
2746 1813 2759 1826 .
2812 1771 2918 1826 Sed
2948 1789 3072 1828 eum
3099 1775 3189 1844 qui
3220 1776 3273 1831 in
3305 1778 3540 1834 tenebris
3563 1792 3647 1836 eet

2050 1857 2321 1925 quomodo
2364 1860 2724 1918 docebimus?
2771 1864 2906 1920 Nam
2947 1869 3293 1937 pecuniarum
3322 1887 3475 1927 amor
3505 1890 3646 1929 vera:

2054 1948 2289 2004 tenebrae
2339 1960 2485 2020 sunt,
2538 1970 2660 2023 qua:
2713 1971 2893 2011 rerum
2939 1959 3138 2014 nullam
3168 1961 3351 2015 sinunt
3378 1964 3646 2034 respicere

2049 2044 2220 2112 qualis
2273 2054 2376 2108 est,
2428 2046 2523 2101 sed
2572 2048 2680 2104 alio
2732 2050 2887 2122 longe
2937 2053 3120 2109 modo.
3182 2056 3641 2122 Quemadmodum

2048 2137 2191 2190 enim
2220 2137 2309 2206 qui
2338 2136 2391 2192 in
2421 2139 2660 2195 tenebris
2689 2149 2794 2209 est,
2823 2145 3034 2200 etiamsi
3063 2162 3160 2203 vas
3182 2164 3408 2204 aureum
3436 2152 3638 2216 videat,

2049 2230 2255 2284 etiamsi
2286 2230 2517 2301 lapidem
2546 2234 2863 2302 pretiosum,
2913 2239 3124 2294 etiamsi
3162 2242 3478 2296 vestimenta
3512 2259 3641 2312 pur-

2048 2336 2235 2391 purea,
2286 2338 2349 2379 ea
2401 2324 2536 2379 nihil
2581 2339 2703 2382 esse
2752 2328 3059 2395 existimat;
3107 2347 3214 2386 non
3261 2333 3404 2387 enim
3452 2350 3638 2388 eorum

2048 2413 2497 2483 pulchritudinem
2541 2417 2732 2473 videt:
2764 2418 2844 2474 sie
2872 2428 2928 2475 et
2956 2422 3199 2491 pecunia:
3241 2438 3432 2479 amans
3478 2440 3642 2495 expe-

2048 2506 2326 2562 tendarum
2368 2525 2548 2565 rerum
2603 2512 3056 2581 pulchritudinem
3098 2524 3157 2569 ιιι
3207 2524 3482 2586 oporteret
3530 2532 3634 2571 ltOu

2047 2599 2212 2655 videt.
2262 2601 2468 2672 Dissipa
2502 2604 2634 2658 mihi
2664 2605 2945 2676 caliginem
2972 2622 3037 2663 ex
3081 2607 3185 2663 hoc
3218 2610 3408 2664 morbo
3437 2620 3630 2675 ortam,

2047 2703 2100 2748 et
2148 2701 2275 2750 tunc
2316 2695 2522 2752 videbis
2562 2713 2741 2753 rerum
2792 2708 3060 2769 naturam,
3092 2717 3212 2773 qua:
3257 2698 3518 2775 nusquam
3569 2705 3636 2758 ita

2048 2787 2258 2842 videtur
2304 2797 2360 2843 ut
2400 2787 2452 2844 in
2499 2800 2851 2860 paupertate:
2898 2808 3159 2865 nusquam
3208 2794 3281 2850 ita
3322 2796 3639 2851 evincuntur

2048 2877 2181 2933 nihil
2212 2894 2332 2935 esse
2353 2894 2415 2935 ea
2445 2895 2566 2951 quae
2594 2895 2716 2937 esse
2743 2881 3011 2950 videntur,
3047 2895 3105 2939 ut
3134 2885 3184 2941 in
3218 2886 3578 2957 philosophia.

2117 2970 2173 3025 ι.
2216 2969 2495 3026 Domorum
2533 2974 2683 3042 quale
2725 2991 2896 3029 verum
2923 2976 3094 3043 decus,
3137 2978 3288 3046 quale
3330 2998 3501 3034 verum
3546 2982 3638 3036 de-

2046 3060 2219 3115 decus.
2247 3092 2319 3103 —
2344 3062 2448 3119 Sed
2480 3081 2514 3117 o
2543 3065 2688 3120 stulti
2718 3065 2982 3134 homines,
3026 3068 3115 3139 qui
3158 3071 3481 3126 maledicunt
3508 3089 3633 3143 pan

2050 3152 2296 3219 poribus,
2326 3163 2379 3208 et
2399 3155 2583 3209 dicunt
2614 3156 2678 3211 iis
2703 3167 2758 3211 et
2781 3158 2970 3213 domos
3000 3168 3054 3214 et
3075 3160 3234 3214 vitam
3261 3162 3553 3232 deturpari,
3584 3179 3634 3216 et

2042 3242 2230 3296 omnia
2249 3244 2615 3299 confundunt.
2647 3242 2786 3312 Quid
2807 3256 2892 3302 est
2938 3248 3083 3301 enim
3129 3249 3329 3305 domus
3355 3249 3641 3308 dedecus?

2044 3331 2163 3386 Non
2216 3332 2380 3387 habet
2423 3334 2686 3389 eboreum
2720 3336 2919 3390 lectum
2952 3376 2967 3402 ,
3015 3354 3123 3392 non
3178 3355 3304 3395 vasa
3340 3352 3637 3410 argentea;

2045 3423 2141 3480 sed
2196 3423 2383 3495 figliua
2436 3428 2621 3482 omnia
2674 3438 2726 3483 et
2775 3429 2973 3500 lignea.
3022 3429 3135 3485 [loc
3193 3443 3340 3488 certe
3394 3436 3637 3491 maxima

2044 3515 2244 3572 domus
2295 3515 2466 3588 gloria
2523 3526 2581 3573 et
2624 3518 2887 3574 nobilitas
2936 3531 3039 3575 est.
3086 3520 3442 3576 Saccuiarium
3492 3525 3639 3579 enim

2047 3622 2232 3663 rerum
2269 3620 2611 3683 contemptus
2660 3611 2712 3667 id
2752 3626 2897 3682 sape
2941 3609 3124 3680 efﬁcit,
3173 3621 3233 3667 ut
3279 3613 3455 3668 omnis
3507 3629 3636 3669 cura

2046 3699 2388 3772 studiumque
2433 3712 2602 3758 totum
2646 3703 2788 3758 circa
2834 3702 3064 3757 animam
3110 3703 3467 3773 impendatur.
3502 3704 3636 3760 Cum

2046 3807 2177 3863 ergo
2205 3795 2425 3847 multam
2458 3794 2511 3848 in
2543 3794 2904 3849 exterioribus
2935 3794 3348 3851 sollicitudinem
3398 3796 3635 3865 impendi

2046 3885 2268 3950 videris,
2319 3894 2446 3940 tunc
2487 3885 2748 3940 erubesce
2786 3884 2854 3940 de
2885 3895 3033 3941 tanto
3060 3886 3347 3942 dedecore.
3397 3887 3632 3941 Divitmn

2047 3975 2190 4030 enim
2239 3976 2432 4030 dooms
2478 3992 2582 4031 non
2613 3974 2846 4032 debitam
2876 3977 3102 4033 formam
3132 3978 3349 4035 habent.
3385 3980 3517 4034 Cum
3558 3982 3638 4034 vi-

2047 4065 2191 4121 deris
2220 4081 2350 4137 ergo
2378 4067 2517 4138 ligna
2547 4068 2811 4137 tapetibus
2838 4069 3030 4135 velata,
3063 4070 3232 4127 lectos
3271 4082 3494 4141 argento
3542 4087 3636 4126 or-

2050 4166 2203 4214 natos
2230 4157 2380 4228 quasi
2409 4158 2461 4212 in
2494 4158 2725 4227 theatro,
2757 4161 2907 4231 quasi
2935 4162 2988 4215 in
3020 4176 3211 4231 pompa
3239 4162 3477 4229 scenica,
3505 4163 3632 4234 quid

2050 4250 2174 4304 huic
2219 4250 2531 4321 turpitudini
2579 4267 2675 4321 par
2726 4250 2926 4308 fuerit?
2953 4253 3082 4321 Quae
3117 4255 3286 4326 magis
3315 4255 3508 4309 domus
3545 4271 3637 4309 or—

2048 4342 2300 4409 ebestrae,
2331 4352 2386 4400 et
2416 4342 2480 4399 iis
2509 4360 2629 4415 quae
2661 4346 2712 4398 in
2744 4345 3020 4401 orchestra
3069 4345 3202 4401 fiunt
3226 4387 3241 4410 ,
3286 4346 3477 4401 similis
3516 4345 3637 4401 est?

2047 4434 2319 4502 divitisne,
2348 4445 2440 4490 aut
2467 4438 2762 4508 pauperis?
2798 4439 2992 4492 Annon
3040 4439 3214 4509 palam
3241 4450 3322 4494 est
3350 4448 3472 4495 esse
3497 4439 3638 4494 divi-

2050 4528 2158 4584 tis?
2203 4530 2327 4585 Iltec
2364 4529 2524 4601 igitur
2561 4530 2718 4600 plena
2764 4531 3096 4601 turpitudine
3133 4540 3236 4587 est.
3284 4532 3416 4600 Quae
3443 4530 3639 4587 domus

2049 4621 2199 4678 Pauli
2249 4632 2302 4677 et
2345 4620 2634 4678 Abrahami
2682 4623 2930 4680 domibus
2970 4624 3163 4679 similis
3207 4625 3330 4681 est?
3381 4625 3641 4695 Pauperis

2052 4712 2443 4784 proculdubio.
2472 4713 2599 4769 Baio
2646 4728 2776 4786 ergo
2824 4713 3057 4771 maxime
3091 4727 3277 4772 ornata
3309 4725 3392 4773 est
3428 4727 3481 4771 et
3508 4732 3640 4771 eon-

2048 4806 2253 4876 spicua.
2302 4804 2368 4860 Et
2395 4814 2452 4860 ut
2483 4805 2659 4861 discas
2696 4806 2825 4861 illud
2870 4809 3104 4864 maxime
3151 4809 3346 4865 domus
3391 4814 3638 4865 ornatum

2047 4912 2191 4964 esse,
2231 4896 2515 4970 ingredere
2547 4900 2599 4954 in
2630 4900 2850 4957 domum
2895 4900 3162 4969 Zaccbai,
3202 4910 3258 4958 et
3298 4902 3447 4960 disce
3501 4918 3637 4975 quau

2050 4989 2213 5046 modo
2241 4990 2518 5046 ornaverit
2557 5005 2677 5047 eam
2711 4993 2980 5048 Christum
3004 5006 3328 5065 excepturus
3358 5012 3372 5050 :
3416 5011 3523 5050 non
3548 5011 3642 5052 eu-

2048 5083 2222 5138 eurrit
2262 5083 2328 5137 ad
2365 5083 2593 5150 vicinos,
2638 5098 2739 5139 nec
2769 5085 2922 5154 petiit
2948 5093 3168 5141 ornatas
3194 5085 3388 5156 ianuas
3416 5087 3637 5153 bifores,

2049 5191 2156 5231 non
2185 5175 2467 5232 mtbedras
2492 5185 2549 5233 et
2577 5176 2829 5233 subsellia
2857 5192 2922 5234 ex
2950 5178 3118 5235 ebore
3156 5179 3496 5246 concinnata,
3537 5195 3638 5235 nec

2047 5267 2233 5323 eduxit
2282 5284 2346 5322 ex
2397 5269 2665 5338 penuariis
2708 5269 2971 5327 Laconica
3000 5271 3295 5336 velamina;
3341 5271 3434 5327 sed
3466 5280 3639 5330 totum

2046 5360 2262 5415 ornavit
2281 5370 2339 5415 ut
2354 5359 2628 5416 Christum
2651 5361 2894 5418 decebat.
2917 5363 3050 5430 Quis
3075 5364 3166 5419 ille
3185 5364 3440 5421 ornatus?
3465 5361 3635 5416 Diali.

2047 5450 2208 5518 dium,
2239 5449 2434 5521 inquit,
2466 5450 2710 5507 bonorum
2732 5469 2982 5520 nieorum,
3015 5453 3252 5518 Domine,
3304 5455 3370 5509 do
3398 5454 3638 5524 pauperi-

2045 5540 2177 5607 bus;
2203 5550 2250 5596 et
2267 5544 2312 5595 si
2339 5542 2463 5612 quid
2481 5544 2699 5614 aliquem
2722 5545 3044 5616 defraudavi,
3067 5546 3279 5601 reddam
3297 5545 3653 5617 quadruplml'

2045 5632 2199 5704 (Luc.
2232 5637 2319 5691 l9.
2348 5637 2429 5708 8).
2458 5636 2549 5693 Sic
2568 5647 2624 5693 et
2649 5654 2749 5695 nos
2769 5639 2961 5694 domus
2985 5655 3261 5706 oruemus,
3287 5647 3342 5695 ut
3365 5637 3639 5695 Christum

2043 5727 2417 5795 suscipiamus.
2473 5730 2565 5785 lla:
2593 5732 2968 5800 pulcherrima:
3010 5730 3212 5786 bifores
3241 5741 3370 5786 sunt
3399 5750 3413 5786 :
3443 5730 3559 5786 hac
3586 5733 3639 5789 iu

2043 5819 2190 5874 cat-lis
2241 5830 2589 5890 apparantur,
2646 5823 2827 5894 ibique
2883 5831 3157 5880 texuntur.
3205 5822 3305 5881 Ubi
3338 5826 3450 5880 hinc
3483 5832 3637 5889 sunt,
