4074 6402
436 336 534 392 ist
1144 326 1203 384 s.
1240 323 1518 383 JOANNlS
1551 319 2021 378 cuuvsosrom
2052 321 2364 375 Aluntur.
2397 325 2924 387 CONSTANTINOP.
3607 338 3720 394 πίε

438 458 510 512 ibi
539 456 702 512 etiam
728 453 842 509 Rex
870 449 1120 506 caelorum
1145 454 1251 503 est.
1294 443 1349 501 Si
1387 442 1493 498 alio
1533 438 1693 495 modo
1717 437 2019 503 ornaveris,

435 547 708 602 diabolum
733 558 915 605 vocas,
946 539 1196 608 illiusque
1230 535 1479 592 chorum.
1520 531 1683 588 Venit
1724 532 1886 585 etiam
1932 530 2022 586 ille

436 641 489 694 in
536 639 754 693 domum
800 631 1032 689 Μαιώτιξί
1081 627 1348 702 publicani
1395 623 1689 696 (Matth.9.
1720 622 1837 691 10).
1883 620 2021 690 Quid

434 746 564 802 ergo
603 730 727 784 fecit
769 727 900 783 ille?
944 723 1195 781 Ferveuti
1224 719 1500 792 proposito
1525 716 1753 788 primum
1784 716 2019 781 seipsum

434 824 669 887 orimvit,
715 828 825 874 tum
857 816 1094 871 dimissis
1123 813 1375 870 omnibus
1421 819 1683 880 sequutus
1723 813 1806 862 est
1846 804 2018 859 illum.

432 918 523 972 Sic
551 914 836 969 (lonielius
864 911 1084 965 domum
1115 904 1328 961 ornavit
1369 901 1619 972 precibus
1638 907 1692 953 et
1715 898 2019 967 eleemosy-

432 1009 514 1062 nis
548 1006 686 1077 (Act.
707 1004 796 1059 10.
821 1003 880 1069 4)
911 1019 927 1058 :
972 1000 1197 1068 ideoque
1227 995 1486 1050 hactenus
1509 991 1674 1061 fulget
1713 988 1832 1090 plus
1858 1002 2018 1090 quam

434 1103 594 1171 regiae
642 1098 806 1154 mdes.
836 1095 1028 1151 Vilitas
1070 1092 1270 1161 quippe
1295 1088 1490 1142 domus
1519 1098 1624 1138 non
1653 1097 1686 1136 a
1717 1080 1855 1135 vasis
1903 1080 2021 1182 sine

430 1195 622 1250 ordine
665 1189 938 1262 pmjectis,
981 1202 1087 1241 non
1113 1200 1145 1239 a
1173 1182 1417 1250 neglecto
1442 1178 1606 1241 lecto,
1649 1190 1755 1230 non
1785 1187 1813 1225 a
1844 1178 2013 1262 muris

431 1288 578 1342 fumo
623 1261 954 1346 obscuratis,
996 1278 1091 1334 sed
1152 1292 1180 1329 a
1232 1273 1465 1344 nequitia
1530 1266 1906 1322 habitantium.
1960 1261 2018 1317 id

431 1378 576 1448 quod
614 1392 744 1431 sane
772 1374 1023 1430 Christus
1052 1367 1309 1432 ostendit,
1356 1363 1448 1435 qui
1491 1363 1544 1416 in
1589 1359 1747 1413 talem
1775 1356 2015 1418 domum,

431 1474 559 1526 dum
608 1470 652 1524 is
693 1468 783 1538 qui
825 1467 878 1520 in
920 1463 1009 1518 illa
1059 1460 1266 1517 habitat
1295 1457 1364 1512 sit
1406 1453 1625 1525 probus,
1673 1451 1875 1504 intrare
1912 1462 2018 1501 non

433 1561 738 1624 erubescit;
789 1558 842 1612 in
892 1557 1033 1612 illam
1082 1567 1211 1608 vero
1254 1550 1432 1604 aliam.
1483 1542 1689 1598 etiamsi
1739 1554 1904 1594 aureo
1945 1538 2022 1592 la-

431 1653 617 1725 queari
659 1653 915 1705 instructa
968 1648 1066 1705 sit.
1099 1656 1386 1711 numquam
1415 1636 1650 1732 intrabit.
1687 1633 1882 1732 Itaque.
1903 1629 2019 1683 huic

432 1723 594 1817 regiis
618 1743 820 1799 aedibus
843 1737 1171 1810 splendidior
1196 1745 1299 1795 est,
1325 1747 1441 1799 qum
1467 1727 1704 1781 omnium
1734 1723 2014 1828 Pominum

434 1841 660 1907 recipit;
704 1836 792 1890 illa
836 1849 965 1890 vero
1012 1846 1131 1884 cum
1174 1824 1404 1895 laqueari
1437 1830 1487 1875 et
1513 1819 1781 1875 columnis
1814 1819 2015 1917 aur-eisi,

433 1902 560 1986 r‘vis
586 1941 635 1983 et
663 1928 859 1984 cloacis
884 1923 1104 1994 impuris
1130 1920 1319 1974 similis
1345 1926 1448 1979 est,
1496 1926 1617 1981 qua:
1661 1923 1786 1963 vasa
1812 1902 2014 1960 diaboli

434 2026 645 2080 haheat.
696 2021 821 2077 [ire
860 2032 1020 2088 porro
1057 2016 1194 2069 dicta
1224 2010 1380 2066 nobis
1412 2022 1516 2061 non
1549 2003 1749 2058 divites
1772 2004 2018 2069 spectant

432 2119 687 2171 decorum
711 2120 1006 2170 servantes,
1030 2104 1125 2162 sed
1154 2115 1344 2158 avaros
1381 2108 1435 2154 et
1478 2093 1717 2166 pecunire
1748 2096 2012 2144 amantes.

2130 438 2283 508 Apud
2313 440 2410 497 hos
2441 442 2583 497 enim
2607 445 2752 501 nulla
2792 446 2860 501 de
2897 449 3216 503 necessariis
3242 450 3401 506 rebus
3437 468 3564 508 rura
3607 467 3714 519 est,

2128 528 2224 582 scd
2251 529 2318 585 de
2341 543 2549 599 ventre,
2571 533 2640 589 de
2670 538 3002 601 tcmuleutia,
3028 538 3204 609 deque
3235 539 3355 596 aliis
3384 545 3719 614 turpitudine

2130 618 2336 686 plenis;
2369 622 2420 675 in
2450 623 2536 677 illa
2563 635 2744 680 autem
2774 626 2845 682 de
2867 630 3198 698 philosophia
3238 632 3472 689 studium
3500 648 3603 691 est.
3629 637 3704 693 Id-

2127 708 2273 763 circo
2320 727 2610 783 numquam
2658 716 2709 770 in
2753 717 2968 773 domum
2997 721 3328 785 splendidam
3357 724 3601 782 Christus
3625 729 3706 783 in-

2127 801 2328 867 troivit,
2384 805 2477 858 sed
2532 806 2583 859 iu
2631 808 2918 878 publicani,
2959 812 3219 883 principis
3264 816 3711 886 publicanorum,

2129 891 2409 959 piscatoris
2451 894 2660 963 domos,
2704 900 2881 956 missis
2929 904 3087 973 regiis
3128 906 3371 972 aedibus,
3418 910 3596 966 missis
3644 911 3713 965 iis

2128 983 2218 1046 qui
2273 986 2526 1042 mollibus
2558 989 2850 1046 induuntur
2894 997 3250 1053 vestimentis.
3278 997 3334 1054 Si
3362 1010 3417 1054 tu
3446 1001 3606 1070 igitur
3645 1002 3712 1056 il-

2127 1071 2237 1127 lum
2269 1074 2319 1129 in
2345 1075 2562 1131 dommn
2587 1088 2728 1134 tuam
2760 1097 2951 1138 vocare
2970 1086 3120 1149 velis,
3150 1103 3281 1144 orna
3306 1089 3452 1145 illam
3479 1093 3718 1146 elccmo-

2128 1165 2297 1236 synis,
2352 1169 2618 1235 precibus,
2676 1175 2989 1244 pervigiliis,
3035 1180 3527 1248 supplicationibus.
3584 1182 3712 1240 nam

2125 1256 2323 1324 quippe
2353 1259 2494 1328 regis
2520 1260 2719 1318 Chriin
2763 1276 2890 1319 Stllli.
2930 1268 3089 1336 dona,
3126 1271 3211 1325 illa
3257 1287 3386 1327 vero
3419 1290 3708 1343 mamonae,

2124 1346 2324 1402 Christi
2357 1352 2581 1409 inimici.
2611 1353 2889 1412 Neminem
2937 1377 3067 1432 ergo
3110 1364 3306 1431 pudt-at
3343 1367 3560 1423 domum
3611 1370 3713 1425 ba-

2128 1439 2254 1494 bere
2279 1443 2460 1510 vilem,
2490 1445 2534 1500 si
2566 1447 2679 1503 haec
2705 1462 2891 1505 nactus
2910 1453 2977 1507 sit
2999 1467 3309 1512 ornamenta
3337 1474 3352 1524 ;
3384 1474 3541 1516 nemo
3560 1462 3713 1517 dives

2128 1531 2295 1586 altum
2321 1536 2494 1602 sapiat
2521 1536 2588 1591 de
2614 1540 2895 1609 magniﬁca
2933 1544 3115 1612 domo,
3159 1549 3253 1604 sed
3298 1552 3474 1618 potius
3515 1553 3710 1609 erube-

2126 1630 2261 1689 scat,
2307 1637 2361 1678 et
2393 1626 2479 1680 illa
2514 1628 2715 1693 relicta,
2750 1631 2885 1688 hanc
2909 1634 3124 1707 deligat,
3157 1648 3216 1693 ut
3244 1650 3299 1695 et
3325 1641 3411 1697 hic
3438 1642 3710 1700 Christum

2127 1715 2378 1784 excipiat,
2410 1726 2465 1772 et
2493 1719 2603 1775 illic
2630 1724 2847 1778 tcternis
2885 1724 3090 1782 fruatur
3118 1730 3492 1799 tabernaculis,
3539 1736 3713 1804 gratis

2129 1815 2182 1858 ct
2209 1805 2536 1876 benignitate
2568 1810 2774 1868 Domini
2808 1819 2975 1871 nostri
3005 1818 3132 1874 .lesn
3159 1821 3379 1888 Christi,
3427 1826 3514 1879 cui
3540 1825 3711 1896 gloria

2127 1906 2182 1951 et
2209 1897 2491 1967 imperium
2522 1903 2538 1933 ¹
2569 1902 2622 1956 iu
2652 1907 2843 1960 sa‘cula
2869 1911 3207 1967 saculorum.
3237 1912 3428 1969 Amen.

2195 2030 2601 2115 iussa
2627 2039 2659 2088 h
2678 2040 2841 2115 'bent,
2877 2042 2958 2115 cui
2997 2042 3159 2115 glqria
3199 2053 3255 2115 et
3281 2047 3557 2110 imperium.
3601 2063 3717 2100 cum

2127 2098 2307 2143 caterua
2329 2102 2489 2157 Patre,
2510 2106 2556 2148 et
2578 2114 2689 2151 cum
2710 2098 2875 2155 sancto
2892 2112 2937 2156 et
3174 2098 3370 2172 φημί.

431 2454 561 2509 Car.
599 2447 689 2503 26.
733 2461 789 2498 v.
819 2444 904 2499 51.
954 2438 1021 2492 Et
1074 2450 1186 2490 ecce
1229 2445 1361 2484 unus
1388 2439 1561 2479 eorum
1614 2418 1716 2517 qui.
1742 2428 1857 2517 cum
1890 2407 2017 2517 Iesu

499 2549 643 2596 erant
669 2579 685 2603 ,
731 2532 1005 2590 extendens
1056 2539 1260 2579 manum
1286 2563 1298 2584 ,
1334 2512 1613 2588 cvaginavit
1656 2506 1928 2608 gladium,
1971 2508 2019 2553 et

505 2593 789 2702 percutiens
832 2637 1031 2679 servum
1065 2614 1319 2690 pontificis
1353 2652 1368 2676 ,
1410 2602 1687 2676 antputovit
1723 2593 2013 2702 auriculam

502 2691 633 2795 ejus.
656 2720 744 2776 52.
777 2717 918 2772 Tunc
947 2713 1071 2768 dixit
1094 2711 1137 2765 ei
1161 2708 1311 2763 Iesus
1342 2720 1360 2757 :
1391 2701 1639 2795 Converte
1682 2691 1909 2795 gladium
1943 2691 2016 2795 ,ξπ

504 2780 668 2871 locum
696 2827 862 2866 suum.
890 2808 1077 2863 Omnes
1103 2802 1236 2857 enim
1256 2798 1341 2870 qui
1363 2793 1591 2867 gladium
1610 2785 1879 2857 accipient,
1903 2780 2019 2852 gla-

504 2909 589 2963 dio
620 2906 869 2976 peribunt.
898 2900 988 2956 55.
1020 2899 1100 2952 Αη
1151 2902 1298 2964 putas
1326 2889 1444 2961 quia
1485 2901 1585 2939 non
1608 2893 1810 2976 possunt
1839 2886 2021 2976 rqgure

506 2964 717 3055 Patiem
746 3038 761 3062 ,
787 3004 834 3049 et
876 2993 1015 3048 sistet
1046 2985 1171 3040 mihi
1196 2999 1332 3039 nunc
1380 2980 1496 3049 plus
1550 2988 1700 3045 quam
1751 2964 2016 3062 duodecim

504 3094 726 3165 legiones
750 3056 1088 3157 angelorum?
1115 3078 1204 3134 54.
1236 3070 1504 3165 Quomodo
1533 3080 1650 3137 ergo
1681 3056 2020 3131 implebantur

503 3162 803 3257 εέήριιιτως
829 3179 1045 3250 quin“
1071 3180 1263 3244 01’0"“
1288 3162 1490 3264 “"5"”
1598 3263 1603 3264 ,
1687 3252 1699 3264 .
1758 3250 1789 3264 ..

504 3283 559 3337 1.
590 3250 693 3335 Cur
734 3276 965 3332 Christus
994 3264 1257 3337 discipulis
1289 3258 1510 3330 permisit
1553 3263 1606 3306 ut
1646 3250 1846 3322 gladios
1874 3250 2022 3304 habe-

428 3388 560 3432 rent.
588 3405 660 3418 -—
682 3372 812 3441 Quis
850 3377 931 3422 est
958 3380 1094 3422 unus
1122 3363 1223 3417 iste
1243 3358 1331 3429 qui
1353 3354 1644 3409 auriculam
1686 3345 2021 3416 amputavit?

429 3468 665 3525 Joannes
689 3440 822 3520 dixit
858 3462 1024 3516 fuisse
1069 3458 1281 3511 Petrum
1316 3450 1335 3522 (
1355 3448 1514 3502 Joau.
1545 3444 1630 3500 l8.
1660 3442 1723 3498 ιι)
1744 3441 1785 3513 ).
1819 3440 2020 3508 Estque

432 3559 686 3616 ferventis
711 3556 852 3611 illius
877 3550 1039 3607 animi
1065 3563 1218 3618 opus.
1244 3543 1347 3599 Sed
1381 3539 1506 3595 illud
1530 3532 1873 3607 qua-rcndum
1904 3540 2018 3595 est,

434 3668 533 3709 cur
555 3649 789 3723 gladium
819 3643 1144 3717 gestabant,
1172 3636 1312 3709 qttod
1346 3650 1447 3689 non
1482 3631 1608 3686 hinc
1639 3627 1809 3680 solum
1842 3632 2018 3696 patet,

432 3747 527 3804 sed
566 3747 687 3819 quia
719 3740 1025 3810 interregati
1053 3736 1333 3799 dixerunt,
1370 3729 1502 3788 ducs
1534 3728 1621 3783 hic
1645 3742 1764 3782 csse
1795 3725 2018 3819 gladios.

430 3840 539 3893 Cur
578 3817 821 3909 permisit
849 3832 957 3887 illis
980 3829 1225 3886 Christus
1254 3834 1311 3880 ιιι
1349 3823 1556 3895 gladios
1589 3818 1892 3875 baberent?
1924 3817 2019 3871 Et-

429 3934 573 3988 enim
601 3930 705 3986 itoc
729 3928 804 3983 ait
828 3927 1000 3982 Lucas
1046 3925 1220 3995 ipsum
1262 3920 1464 3976 dixisse
1494 3935 1508 3972 :
1537 3914 1755 3980 Quando
1781 3909 1895 3964 misi
1934 3924 2021 3963 vos

435 4024 544 4076 sine
568 4021 772 4076 sacculo
800 4029 847 4073 et
873 4035 992 4088 pera
1011 4027 1059 4071 et
1086 4012 1466 4076 calceamentis,
1500 4025 1619 4063 num
1643 4007 1903 4078 quidpiam
1930 4004 2021 4057 de-

431 4114 527 4186 fuit
553 4113 738 4168 vobis?
776 4112 1017 4180 Cumque
1060 4106 1465 4178 respondissent
1514 4101 1592 4156 illi
1618 4143 1632 4160 .
1683 4097 1851 4159 Nihil,
1885 4095 2021 4151 dixit

434 4207 514 4262 eis
545 4223 560 4257 :
591 4205 698 4261 Sed
722 4221 858 4260 nunc
878 4203 967 4273 qui
998 4201 1144 4255 habet
1180 4199 1444 4255 sacculum
1467 4237 1481 4260 ,
1516 4194 1661 4248 tollat
1707 4189 1943 4246 similiter
1971 4196 2018 4241 et

431 4314 609 4369 peram
631 4312 652 4352 :
674 4306 722 4350 et
747 4296 836 4363 qui
861 4312 963 4349 non
1010 4292 1178 4352 habet.
1207 4290 1388 4346 vendat
1432 4286 1804 4378 uestimentum“
1821 4296 1969 4378 suum
1998 4295 2017 4345 ,°

428 4401 475 4444 et
501 4401 631 4446 emat
655 4389 884 4462 gladium
925 4385 1072 4459 (Luc.
1097 4384 1188 4439 22.
1216 4382 1287 4438 55
1315 4411 1339 4423 -
1371 4379 1484 4451 38).
1514 4374 1578 4433 Et
1602 4392 1722 4432 cum
1755 4374 2023 4462 dixissent

430 4482 529 4554 illi,
558 4459 678 4540 esse
708 4484 814 4536 .ltic
868 4480 1075 4552 gladios
1124 4477 1279 4535 duos,
1311 4473 1445 4529 dixit
1494 4470 1621 4534 illis,
1653 4465 1871 4539 Sufﬁcit.
1913 4459 2022 4517 Cur

425 4597 556 4652 ergo
589 4579 641 4635 id
689 4575 935 4646 permisit
965 4575 1110 4628 illis?
1140 4572 1211 4628 Ut
1240 4568 1397 4624 tidem
1430 4567 1538 4621 illis
1566 4564 1768 4618 faceret
1809 4573 1869 4613 se
1910 4566 2017 4611 tra-

425 4672 659 4728 dendum
694 4667 829 4725 fore.
862 4666 985 4720 ldco
1009 4665 1144 4720 dixit
1175 4663 1303 4728 illis,
1339 4660 1489 4715 Einat
1516 4657 1790 4731 gladium;
1816 4670 1920 4708 non
1961 4662 2022 4708 ut

424 4769 789 4827 armarentur,
818 4758 991 4820 absit;
1020 4756 1114 4811 sed
1148 4764 1206 4811 ut
1232 4770 1327 4825 per
1354 4754 1457 4810 hoc
1487 4753 1847 4824 proditionem
1872 4749 2021 4805 indi-

423 4864 597 4909 caret.
630 4853 698 4909 Et
725 4867 919 4923 quare,
953 4851 1185 4921 inquies.
1217 4863 1400 4919 peram
1432 4846 1634 4902 habere
1656 4845 1863 4918 jussit?
1900 4845 2017 4902 Mo-

426 4950 587 5003 m-bat
613 4962 710 5003 eos
762 4958 819 5003 ut
847 4947 1101 5017 deinceps
1139 4946 1330 5002 attenti
1360 4956 1541 5004 essent
1579 4957 1635 5002 et
1692 4948 2016 5019 vigilarent,

424 5053 721 5108 naagnaqne
756 5039 1034 5110 diligentia
1061 5050 1359 5096 uterentur.
1397 5041 1554 5105 Initio
1579 5043 1723 5099 enim
1747 5085 1762 5109 ,
1795 5055 1854 5100 ut
1880 5076 1883 5081 -
1906 5044 2021 5100 im-

433 5131 655 5197 peritos,
687 5129 850 5183 multa
878 5145 971 5185 sua
999 5135 1194 5187 virtute
1220 5133 1436 5190 fovebat
1461 5154 1475 5201 ;
1504 5137 1698 5194 deinde
1713 5154 1841 5194 vero
1863 5141 2017 5210 quasi

432 5221 610 5289 pullos
637 5237 702 5276 ex
729 5221 853 5274 nido
877 5221 1121 5288 eductos,
1141 5222 1288 5293 jubet
1320 5228 1549 5295 propriis
1567 5228 1644 5283 nti
1667 5228 1784 5283 alis.
1816 5228 2019 5286 Deinde

432 5329 497 5369 ne
527 5323 797 5384 putarent,
819 5328 880 5368 se
911 5330 1017 5381 pra:
1046 5315 1415 5372 imbecillitate
1441 5321 1675 5375 omissos
1720 5318 1908 5387 fuisse,
1929 5322 2022 5390 ju—

429 5409 564 5465 bens
594 5407 712 5463 illos
738 5422 833 5462 sna
863 5406 1076 5474 afferre,
1108 5407 1282 5477 priora
1313 5409 1364 5462 in
1397 5424 1630 5466 mentem
1659 5423 1908 5478 revocat,
1936 5413 2019 5469 di-

428 5514 559 5554 cens
583 5517 598 5556 :
630 5499 754 5555 Cum
791 5499 907 5553 misi
929 5514 1017 5554 nos
1039 5502 1146 5553 sine
1169 5500 1394 5566 sacculo,
1427 5519 1545 5556 num
1567 5504 1830 5577 quidpiam
1857 5507 2019 5577 defuit

426 5590 567 5644 nobis
585 5593 609 5642 εν
637 5601 691 5646 ιιι
713 5593 963 5662 utrinque
986 5592 1126 5647 illius
1146 5594 1437 5663 potentiam
1466 5594 1789 5663 ediscerent,
1811 5606 1867 5652 et
1894 5598 2018 5667 quia

431 5682 686 5750 protexit.
714 5693 771 5739 et
799 5684 922 5754 quia
950 5700 1090 5739 num:
1119 5684 1318 5738 sensim
1351 5685 1468 5741 illos
1496 5686 1768 5756 relinquit.
1792 5688 1897 5744 Sed
1931 5706 2022 5744 un-

427 5768 621 5826 ticnam
652 5774 720 5827 ibi
747 5775 905 5843 gladii
951 5792 1100 5832 erant
1125 5778 1148 5829 ?
1178 5776 1254 5831 iis
1295 5792 1446 5834 canta
1498 5785 1555 5832 et
1598 5794 1785 5834 mensa
1817 5780 2057 5853 egressi‘

2128 2407 2361 2468 fuerant.
2393 2416 2694 2480 Verisimile
2723 2439 2902 2483 autem
2932 2440 3016 2487 est
3055 2432 3124 2487 ibi
3177 2434 3384 2506 gladios
3437 2433 3599 2489 fuisse
3643 2431 3714 2486 ad

2126 2509 2415 2564 secundum
2440 2529 2635 2583 agnum
2662 2535 2676 2582 ;
2706 2522 2827 2574 hinc
2854 2538 2974 2578 cum
3002 2527 3300 2594 audissent,
3334 2530 3505 2598 ipsum
3532 2544 3559 2583 a
3588 2530 3715 2599 qui-

2127 2598 2346 2655 busdam
2377 2606 2731 2669 invadendmn
2760 2633 2900 2685 esse,
2934 2621 3167 2691 gladium
3188 2626 3503 2693 sumpsisse,
3534 2635 3591 2680 ut
3613 2643 3715 2698 pro

2127 2697 2387 2792 magiam
2417 2717 2732 2774 pugnarent,
2762 2711 2904 2779 quod
2936 2728 3001 2767 ex
3034 2714 3243 2769 illorum
3275 2725 3483 2774 tantum
3517 2697 3717 2792 propo-

2124 2785 2230 2838 sito
2266 2801 2314 2844 cl
2353 2793 2625 2853 voluntate
2654 2800 2849 2857 factum
2878 2817 2980 2861 cst.
3010 2807 3347 2879 Quapropter
3374 2785 3591 2867 Petrum
3620 2785 3711 2868 in-

2125 2895 2307 2953 crepat
2342 2891 2483 2959 quod
2520 2892 2700 2964 gladio
2731 2912 2858 2953 usus
2889 2902 2981 2963 sit,
3010 2902 3168 2972 idque
3194 2904 3375 2959 addita
3408 2905 3713 2961 vehementi

2124 2982 2561 3040 comminatione.
2594 2989 2724 3044 Nam
2757 3006 2970 3048 servum
2994 2998 3298 3059 venientem
3317 2999 3460 3057 ultus
3484 3011 3587 3064 est.
3617 3018 3715 3058 ar-

2124 3069 2315 3127 denter
2328 3076 2567 3145 quidem,
2592 3097 2775 3136 verum
2804 3100 2914 3140 non
2947 3102 3005 3141 se
3026 3088 3339 3159 defendens,
3360 3094 3453 3150 sed
3478 3112 3575 3165 pro
3600 3112 3715 3150 ma-

2125 3162 2295 3233 gislro
2323 3183 2583 3237 pugnans.
2628 3173 2810 3247 Neque
2848 3182 3089 3247 permisit
3126 3182 3372 3240 Christus
3419 3162 3714 3259 utialiquod

2127 3261 2251 3319 hinc
2271 3263 2524 3323 damnum
2543 3283 2859 3339 emergeret.
2888 3274 3016 3330 Nam
3036 3282 3245 3336 sanavit
3269 3298 3504 3352 servum,
3520 3295 3574 3341 ct
3590 3301 3712 3341 ma-

2124 3373 2286 3428 guum
2310 3361 2619 3418 miraculum
2636 3367 2821 3434 edidit,
2841 3371 2981 3437 quod
3001 3381 3244 3441 possetet
3267 3376 3641 3449 benignitatem
3658 3389 3718 3435 et

2128 3454 2417 3522 potentiam
2439 3472 2589 3511 suam
2616 3459 2939 3532 patefacere,
2963 3478 3168 3520 necnon
3196 3459 3443 3540 discipuli
3473 3486 3712 3529 amorem

2126 3543 2284 3599 simul
2307 3554 2360 3599 et
2377 3551 2836 3608 mansuetudinem
2855 3572 2867 3609 :
2889 3571 3010 3611 nam
3041 3558 3169 3613 illud
3187 3576 3255 3616 ex
3270 3579 3452 3621 amore
3475 3605 3490 3629 ,
3511 3562 3613 3619 hoc
3639 3581 3715 3621 ex

2126 3639 2430 3695 obcdicntia
2476 3641 2689 3700 fecerat.
2729 3650 2860 3703 Cum
2890 3648 3126 3705 audisset
3145 3657 3307 3723 enim,
3330 3655 3716 3729 Mittegladittss

2125 3733 2177 3786 in
2192 3734 2425 3805 vaginam
2462 3756 2606 3794 suam
2624 3738 2799 3812 (loqu.
2820 3743 2908 3798 l8.
2943 3744 3058 3814 ll).
3077 3748 3258 3804 statim
3271 3749 3596 3819 obsequutus
3607 3762 3714 3818 est,

2127 3839 2227 3882 nec
2244 3837 2422 3896 postea
2444 3829 2672 3899 idipsum
2693 3834 2836 3891 fecit.
2853 3836 3163 3902 Aliusdicit,
3186 3839 3543 3912 interrogasse
3568 3843 3710 3909 illos,

2127 3919 2191 3975 Si
2209 3922 2512 3989 percutimus
2540 3925 2559 3993 (
2575 3921 2704 3978 Luc.
2731 3925 2822 3980 22.
2845 3928 2936 3999 49)
2965 3946 2979 3983 :
3004 3929 3177 4000 ipsum
3204 3948 3333 3990 vero
3355 3934 3711 4004 prohibuisse,

2125 4022 2181 4067 et
2197 4030 2408 4070 ~ervum
2425 4019 2714 4074 sanavisse.
2736 4021 3067 4092 Discipulum
3089 4036 3268 4082 autem
3289 4028 3599 4098 increpavit,
3618 4029 3718 4084 ad-

2125 4104 2234 4159 dita
2277 4111 2710 4174 comminatione,
2755 4121 2812 4166 ut
2853 4114 2942 4170 ille
2983 4132 3188 4173 morem
3226 4128 3438 4189 gereret
3471 4138 3485 4174 :
3523 4120 3714 4177 Omnes

2126 4198 2278 4263 enim,
2325 4198 2515 4270 inquit,
2557 4204 2648 4275 qui
2674 4204 2905 4276 gladium
2956 4208 3226 4279 accipient,
3258 4211 3438 4281 gladio
3458 4211 3711 4281 peribant.

2128 4291 2193 4344 Et
2222 4295 2482 4348 rationem
2512 4296 2725 4365 adjecit,
2744 4296 2932 4353 dicens
2957 4317 2969 4353 :
3003 4300 3083 4354 An
3111 4302 3303 4371 putatis
3322 4302 3445 4371 quia
3467 4282 3714 4374 nonpos-

2125 4403 2235 4441 sum
2260 4404 2442 4457 rogare
2469 4387 2677 4445 Patrem
2697 4408 2885 4459 meum,
2912 4402 2960 4447 et
2985 4395 3126 4449 sistet
3155 4396 3281 4449 milii
3295 4395 3561 4468 plusquam
3580 4399 3715 4453 duo-

2126 4480 2288 4535 decim
2316 4482 2537 4554 legiones
2562 4485 2904 4557 angelorum?
2940 4487 3048 4542 Sed
3076 4490 3330 4559 quomodo
3371 4490 3717 4561 implebuntttr

2129 4572 2459 4645 Scriptum?
2484 4575 2576 4630 llis
2607 4576 2707 4631 feri
2720 4592 2869 4632 orem
2898 4595 3085 4633 comm
3118 4582 3369 4636 restinxit
3389 4622 3404 4645 ,
3449 4584 3716 4639 ostendit-

2126 4686 2231 4741 que
2281 4672 2331 4727 id
2387 4674 2439 4728 in
2470 4674 2761 4745 Scripturis
2790 4677 2994 4733 haberi.
3025 4679 3150 4734 Ideo
3179 4681 3333 4749 prius
3371 4678 3714 4751 precabatur.

2127 4764 2355 4833 utquod
2395 4767 2741 4838 contingebat
2781 4770 2894 4825 miti
2935 4774 3117 4826 animo
3165 4772 3385 4833 ferrent,
3433 4784 3717 4845 pOSlquattt

2124 4857 2407 4913 audierant
2450 4860 2502 4914 id
2557 4861 2850 4917 secundum
2886 4865 3211 4920 voluntatem
3244 4867 3334 4921 Dei
3379 4865 3515 4923 ﬁeri.
3545 4867 3613 4922 Et
3636 4867 3719 4922 his

2126 4947 2337 5006 duobus
2383 4952 2506 5007 illos
2535 4955 2847 5010 consolatus
2877 4966 2981 5023 est,
3031 4974 3098 5012 ex
3145 4959 3406 5029 supplicio
3457 4960 3717 5015 insidian-

2128 5044 2256 5097 tium
2290 5062 2304 5099 :
2333 5060 2454 5100 nam
2484 5047 2578 5115 ait,
2628 5047 2815 5103 Omnes
2854 5051 2941 5119 qui
2966 5050 3195 5121 gladium
3243 5052 3515 5121 accipient,
3546 5053 3720 5124 gladio

2128 5139 2394 5205 peribunt;
2424 5149 2479 5194 ct
2502 5156 2567 5195 ex
2595 5157 2663 5196 eo
2682 5141 2825 5211 quod
2847 5159 2953 5196 non
2984 5143 3254 5199 illibeuter
3273 5146 3385 5199 lucc
3405 5155 3677 5216 pateretur
3700 5163 3715 5198 :

2128 5231 2355 5287 Possum
2388 5235 2555 5298 enim,
2602 5234 2794 5305 inquit,
2833 5251 3023 5305 rogare
3054 5235 3287 5291 Patrem.
3346 5237 3414 5292 Et
3464 5252 3560 5293 cur
3610 5253 3717 5292 non

2125 5323 2279 5385 dixit.
2306 5328 2384 5379 An
2415 5325 2612 5394 putatis
2638 5328 2779 5398 quod
2807 5343 2914 5382 non
2945 5329 3143 5397 possim
3182 5344 3287 5399 ego
3314 5331 3434 5385 illos
3456 5329 3717 5400 perdere!

2125 5417 2260 5481 Quia
2292 5417 2395 5472 tide
2412 5418 2623 5488 dignior
2644 5419 2926 5475 videbatur
2945 5435 3066 5476 esse
3092 5422 3170 5476 sic
3186 5421 3411 5491 loquens
3436 5439 3450 5476 :
3479 5421 3713 5479 nondum

2124 5511 2269 5564 enim
2298 5492 2355 5565 ut
2397 5526 2491 5579 par
2517 5521 2635 5567 erat
2658 5512 2728 5568 de
2776 5513 2870 5568 illo
2921 5514 3226 5569 sentiebant
3255 5532 3268 5567 :
3296 5525 3351 5569 et
3390 5515 3552 5586 paulo
3592 5523 3719 5572 ante

2124 5602 2333 5657 dixerat
2366 5623 2380 5656 :
2418 5602 2595 5658 Tristis
2628 5614 2702 5658 est
2726 5606 2899 5658 anima
2945 5622 3056 5659 mea
3094 5622 3252 5676 usque
3274 5607 3345 5659 ad
3361 5617 3607 5673 mortem;
3637 5614 3711 5672 et,

2128 5694 2306 5763 Pater,
2337 5706 2562 5753 transeat
2605 5713 2636 5749 a
2667 5713 2747 5751 me
2785 5699 2925 5753 calix
2952 5699 3090 5763 iste;
3114 5697 3182 5753 ad
3214 5699 3330 5753 lucc
3350 5698 3399 5751 in
3426 5713 3625 5765 angore
3661 5708 3716 5753 et

2126 5786 2321 5842 sudore
2350 5788 2495 5842 visus
2522 5799 2626 5850 cst,
2663 5797 2823 5861 atque
2865 5790 2933 5845 ab
2957 5789 3164 5861 angelis
3200 5788 3550 5844 confortatus.
3579 5789 3713 5857 Quia
