4074 6466
385 445 488 500 755

383 559 544 627 igitur
598 553 764 608 multa
814 548 1130 606 humanitati
1181 549 1542 618 competentia
1591 547 1811 608 fecerat,
1861 561 1966 600 non

378 649 742 703 verisiiniliter
774 647 851 700 sic
883 645 1025 714 loqui
1055 644 1351 712 potuisset,
1393 646 1476 696 An
1509 641 1702 710 putatis
1747 655 1833 694 me
1862 655 1966 695 non

382 755 545 812 posse
591 741 710 795 illos
741 739 1004 809 perdere?
1053 738 1177 792 Ideo
1206 737 1376 792 dicit:
1419 736 1499 790 An
1536 737 1722 805 putatis
1747 751 1824 788 me
1865 751 1967 787 non

378 849 526 904 posse
553 847 696 886 nunc
721 848 906 903 rogare
940 829 1144 885 Patrem
1177 847 1341 884 meum
1359 831 1385 884 .9
1415 830 1484 883 Ιιζι
1525 829 1626 883 hoc
1653 829 1825 894 ipsum
1851 844 1970 882 rur-

376 939 470 980 sus
518 924 789 978 humiliter
815 923 1022 994 profert
1066 923 1250 976 dicens
1299 921 1500 977 :Sistet
1532 921 1658 976 mihi
1700 919 1967 973 duodecim

374 1019 596 1088 legiones
651 1017 968 1086 angelorum.
1013 1014 1145 1068 Nam
1199 1016 1242 1069 si
1296 1029 1432 1068 initis
1484 1014 1706 1083 angelus
1747 1021 1964 1068 centum

375 1110 645 1176 octoginta
671 1107 907 1176 quinque
935 1107 1098 1159 millia
1147 1105 1422 1159 hominum
1470 1113 1794 1159 armatorum
1822 1105 1966 1158 occi-

375 1202 455 1254 dit
480 1200 559 1270 (4.
595 1198 723 1269 Reg.
753 1199 839 1254 19.
873 1199 998 1267 55),
1029 1214 1095 1252 an
1123 1198 1400 1252 duodecim
1428 1197 1667 1268 legiones
1684 1197 1966 1267 oportebat

373 1303 564 1346 contra
617 1291 765 1346 mille
839 1289 1123 1344 homines?
1173 1289 1288 1344 Non
1343 1290 1546 1359 utique.
1614 1288 1721 1344 Sed
1771 1303 1965 1343 secun-

374 1383 500 1438 dum
527 1391 730 1438 metum
771 1391 826 1436 et
872 1381 1232 1436 infirmitatem
1265 1397 1451 1436 eorunt
1482 1396 1788 1435 sermonem
1824 1390 1958 1435 tem-

373 1483 567 1543 perat:
601 1487 724 1527 nam
784 1472 976 1526 timore
1015 1471 1243 1526 emortui
1285 1479 1458 1525 erant.
1495 1470 1620 1524 ideo
1659 1471 1962 1540 Scripturas

372 1565 437 1618 ad
468 1563 774 1618 firmitatem
794 1562 952 1616 θῆαι-ι
983 1561 1168 1618 dicens
1201 1580 1214 1616 :
1257 1561 1524 1627 Quomodo
1554 1579 1674 1632 ergo
1703 1563 1960 1633 implean-

367 1669 455 1711 tur
477 1657 758 1727 Scriptum
774 1657 802 1710 Ρ
832 1656 957 1711 hinc
981 1658 1261 1711 deterrens
1289 1669 1404 1710 eos.
1434 1655 1566 1710 Nam
1594 1657 1638 1710 si
1665 1656 1961 1726 Scripturis

381 1748 446 1800 ita
479 1747 691 1802 videtur
709 1790 722 1811 ,
752 1764 850 1800 cur
876 1761 971 1801 vos
997 1756 1180 1802 contra
1210 1746 1498 1816 pugnans?

439 1839 496 1893 2.
523 1839 646 1894 llaec
665 1840 962 1909 discipulis,
985 1840 1093 1893 illis
1109 1851 1286 1893 autem
1309 1840 1387 1894 sic
1415 1839 1682 1910 loquitur:
1710 1841 1798 1896 55.
1820 1840 1962 1895 Tan-

367 1948 522 2003 quam
552 1933 620 1984 ad
646 1931 892 1985 latronem
920 1933 1090 1987 existis
1115 1949 1229 1986 cum
1271 1932 1460 2002 gladiis
1488 1943 1536 1986 et
1579 1933 1794 2003 fustibus
1817 1951 1956 1987 com-

372 2023 682 2093 prehendere
701 2040 814 2077 me:
838 2024 1062 2092 quotidie
1093 2024 1146 2076 in
1184 2024 1370 2091 templo
1397 2024 1628 2077 sedebam
1651 2024 1864 2090 docens,
1912 2034 1959 2078 et

365 2130 468 2166 non
508 2130 586 2166 me
611 2114 861 2167 tenuistis.
890 2112 1018 2167 Vide
1043 2123 1238 2183 quanta
1261 2114 1418 2168 faciat
1444 2130 1565 2184 qua:
1593 2117 1798 2183 possint
1836 2116 1958 2171 illos

363 2207 593 2274 erigere.
619 2202 849 2271 Supinos
875 2204 1115 2272 projecit,
1139 2220 1326 2258 aurem
1355 2207 1493 2259 servi
1524 2206 1745 2268 curavit,
1771 2223 1955 2260 necent

365 2295 471 2348 illis
492 2295 850 2348 comminatus
866 2303 952 2348 est
978 2313 990 2348 :
1016 2293 1198 2348 Gladio
1231 2296 1482 2362 peribunt,
1515 2297 1701 2364 inquit,
1734 2299 1819 2367 qui
1845 2297 1958 2367 gla-

363 2390 504 2441 dium
524 2389 804 2457 accipient;
831 2389 972 2458 quod
990 2389 1056 2442 ab
1071 2389 1305 2442 auricula
1333 2390 1572 2443 restituta
1599 2391 1953 2454 continuavit,

364 2482 660 2550 undique,a
683 2482 1051 2549 priesenlihus,
1081 2497 1108 2534 a
1143 2481 1352 2546 futuris,
1374 2484 1666 2551 potentiam
1694 2485 1954 2539 exhibens

362 2587 548 2636 suam,
583 2581 640 2625 ιιι
683 2573 928 2626 ostendat
969 2587 1074 2626 non
1125 2573 1340 2626 illorum
1373 2574 1694 2628 fortitudinis
1741 2577 1790 2628 id
1820 2592 1954 2645 opus

363 2678 481 2716 esse
505 2663 644 2730 quod
675 2664 820 2717 illuni
847 2664 1106 2732 ceperint.
1132 2664 1254 2718 Ideo
1300 2665 1531 2733 subjexit
1560 2683 1572 2718 :
1605 2668 1840 2733 Quotidie
1865 2686 1953 2723 vo-

361 2753 552 2807 biscum
588 2772 728 2809 erant
767 2766 813 2809 et
839 2757 1071 2810 sedebant
1097 2757 1316 2822 docens,
1360 2767 1406 2812 et
1437 2776 1537 2812 non
1580 2778 1659 2814 tne
1685 2763 1954 2827 tenuistis;

296 2845 312 2857 ⁵
364 2847 486 2900 hinc
526 2848 684 2901 etiam
719 2848 1007 2902 ostendens
1029 2850 1381 2918 perniissione
1410 2867 1505 2906 sua
1536 2852 1728 2907 factum
1751 2871 1870 2909 esse
1898 2865 1953 2910 nt

361 2949 664 3007 caperetur.
689 2940 952 2994 Miraculis
981 2950 1158 2994 autem
1193 2943 1582 3010 pranermissis,
1613 2944 1682 2998 de
1709 2946 1949 3000 doctrina

364 3031 615 3098 loquitur,
657 3048 723 3086 ne
743 3031 947 3098 jactare
977 3047 1035 3086 se
1066 3032 1353 3086 videretur.
1384 3035 1514 3086 Cum
1543 3034 1814 3099 docerem,
1844 3054 1948 3092 non

363 3124 605 3178 tenuistis
635 3139 744 3187 uie;
767 3124 1009 3178 silentem
1036 3125 1271 3194 aggressi
1297 3124 1447 3188 estis;
1478 3125 1528 3178 in
1554 3127 1751 3196 templo
1778 3144 1946 3192 erant,

361 3222 416 3268 et
440 3229 598 3268 uento
627 3215 821 3268 invasit
863 3230 985 3268 me:
1021 3229 1161 3267 nunc
1181 3225 1360 3266 autem
1391 3215 1704 3283 intempesta
1736 3215 1863 3272 hora
1896 3229 1951 3273 et

361 3306 534 3360 inedia
565 3316 719 3360 nocte
749 3305 950 3359 irruitis
971 3320 1092 3360 cum
1123 3305 1313 3374 gladiis
1338 3313 1393 3360 et
1421 3304 1685 3359 fustibus?
1713 3307 1847 3372 Quid
1889 3309 1951 3362 il-

363 3401 426 3454 lis
454 3417 590 3470 opus
616 3409 730 3454 erat
755 3400 919 3454 armis
955 3399 1213 3453 adversus
1232 3415 1354 3453 eum
1385 3400 1475 3469 qui
1503 3399 1774 3453 vobiscum
1805 3415 1948 3454 seni-

361 3508 457 3560 per
479 3492 628 3545 erat?
655 3493 734 3544 liis
763 3491 983 3554 docens,
1008 3491 1105 3543 nisi
1137 3506 1194 3544 se
1219 3500 1409 3559 sponte
1441 3491 1766 3557 tradidisset,
1796 3509 1950 3547 nutu-

358 3601 515 3654 quam
541 3585 774 3654 potuisse
799 3586 940 3654 capi.
967 3584 1147 3652 Neque
1168 3585 1308 3638 enim
1340 3585 1392 3650 ii,
1421 3588 1510 3654 qui
1536 3587 1680 3640 illiiitt
1707 3604 1814 3656 pra:
1836 3603 1950 3641 ina-

360 3677 514 3731 uibus
564 3689 616 3732 et
669 3679 720 3730 in
766 3680 942 3733 medio
995 3681 1284 3743 habentes,
1330 3679 1787 3748 comprehendere
1841 3698 1945 3736 non

361 3780 658 3836 potuerant,
685 3781 808 3823 tunc
838 3772 1150 3838 potuissent,
1175 3771 1273 3824 nisi
1309 3773 1420 3840 ipse
1444 3772 1716 3826 voluisset.
1750 3771 1947 3826 Deinde

359 3862 754 3929 ambiguitatem
792 3864 968 3928 solvit,
1000 3879 1096 3917 cur
1127 3864 1178 3916 id
1201 3864 1448 3918 voluerit.
1481 3864 1568 3918 56.
1602 3863 1716 3917 Hoc
1753 3868 1945 3934 factum

355 3961 450 4016 est,
483 3955 670 4022 inquit,
694 3963 747 4006 ut
775 3955 1101 4024 iniplerentnr
1125 3954 1412 4024 Scripturte
1439 3958 1821 4022 prepltetarum.
1854 3954 1944 4009 Vi-

355 4045 532 4098 distin’
561 4048 829 4115 quomodo
873 4065 1039 4116 usque
1086 4048 1152 4101 ad
1191 4049 1431 4102 ultimam
1464 4047 1648 4102 horam
1676 4090 1693 4111 ,
1723 4063 1786 4103 ac
1812 4062 1934 4102 cum

357 4138 468 4206 ipse
497 4138 813 4201 traderetur,
840 4140 1018 4192 omnia
1045 4138 1244 4194 laceret
1279 4139 1344 4193 ad
1373 4140 1584 4194 illorunt
1611 4138 1944 4193 emendatio-

356 4244 499 4295 nem,
525 4244 740 4296 sanans,
769 4230 1172 4299 prophetizans,
1202 4230 1374 4285 minas
1401 4231 1669 4284 intentans
1699 4229 1797 4300 (In
1825 4232 1941 4301 gla-

354 4320 476 4386 dio,
527 4320 730 4390 inquit,
773 4321 1070 4392 peribunt);
1113 4321 1402 4377 ostendens
1445 4336 1507 4378 se
1553 4322 1781 4376 libenter
1834 4322 1941 4391 pati

354 4409 649 4477 (Quotidie,
680 4411 870 4481 inquit,
894 4413 1146 4466 vobiscum
1179 4430 1315 4467 erant
1355 4413 1596 4480 docens),
1627 4429 1778 4468 suam
1818 4430 1939 4468 cum

357 4499 513 4555 Patre
532 4501 873 4555 cottcordiaitt
896 4504 1204 4569 ostendens,
1227 4501 1293 4558 Ut
1314 4505 1638 4570 intpleretttnr
1659 4505 1943 4575 Scriptura:

353 4595 754 4662 prophetariun?
781 4594 890 4648 Cur
911 4606 1088 4652 autem
1122 4614 1226 4650 non
1256 4597 1404 4651 illitiit
1438 4599 1492 4652 in
1519 4599 1719 4668 templo
1745 4607 1937 4653 tenue-

353 4687 517 4738 runt?
546 4685 678 4753 Quia
722 4687 789 4739 ibi
832 4703 939 4740 non
978 4688 1092 4741 ausi
1122 4688 1344 4742 fuissent
1374 4699 1593 4759 propter
1619 4689 1823 4744 turbas.
1855 4689 1940 4745 ld-

351 4777 495 4830 circo
529 4776 672 4832 foras
703 4779 888 4843 exivit,
929 4790 983 4834 et
1023 4795 1054 4834 a
1087 4781 1202 4834 loro
1231 4791 1286 4836 ct
1310 4797 1339 4836 a
1373 4792 1612 4853 tempore
1639 4783 1936 4840 libertatem

350 4869 478 4937 ipsis
500 4884 714 4938 parans,
739 4880 792 4924 et
819 4886 985 4940 usque
1004 4873 1070 4926 ad
1090 4882 1386 4928 extremam
1405 4873 1591 4929 horam
1617 4877 1744 4945 ipsis
1769 4892 1935 4932 exeu-

349 4961 608 5016 sationem
639 4964 952 5032 praecidens.
975 4964 1104 5020 Nam
1126 4966 1214 5034 qui
1247 4982 1304 5021 se
1329 4967 1544 5021 tradidit
1574 4979 1630 5021 iit
1661 4969 1935 5038 prephetis

347 5053 770 5124 obtemperaret,
821 5056 1092 5124 quomodo
1137 5058 1400 5112 contraria
1443 5057 1748 5114 docuisset?
1795 5060 1935 5114 Tum:

347 5159 518 5198 omnes
543 5145 819 5216 discipuli,
868 5147 958 5200 illo
1002 5148 1209 5201 dimisso
1230 5190 1246 5214 ,
1277 5152 1533 5220 iugerum.
1577 5151 1710 5205 Cum
1745 5161 1934 5222 captus

347 5233 471 5300 fuit,
501 5246 846 5301 manserunt;
875 5253 996 5291 cum
1023 5249 1198 5292 autem
1230 5241 1344 5294 haec
1367 5241 1433 5295 ad
1465 5242 1643 5296 turbas
1685 5243 1932 5312 loquutus

344 5337 506 5390 esset,
533 5326 802 5397 fugerunt.
837 5327 1093 5384 Viderunt
1115 5331 1252 5384 enim
1284 5331 1496 5386 demum
1530 5351 1633 5387 non
1667 5335 1799 5388 ultra
1831 5336 1929 5406 ipsi

345 5414 578 5486 fugiendi
608 5419 913 5474 facultatem
953 5419 1086 5487 fore,
1127 5437 1247 5476 cum
1279 5439 1338 5478 se
1363 5424 1475 5493 ipse
1504 5425 1734 5481 libenter
1763 5429 1928 5482 tradi-

344 5506 508 5562 disset
535 5509 658 5576 illis,
701 5521 758 5566 et
786 5511 987 5565 diceret
1018 5511 1118 5566 hoc
1147 5514 1437 5568 secundum
1460 5516 1766 5586 Scripturas
1791 5519 1924 5573 ﬁeri.

341 5597 471 5654 Cum
501 5600 828 5671 aufugissent
858 5604 930 5657 illi
952 5645 967 5669 ,
1015 5603 1215 5658 ducunt
1241 5620 1361 5659 eum
1401 5607 1466 5660 ad
1495 5608 1782 5676 Caipham;
1834 5611 1923 5665 58.

341 5689 524 5746 Petrus
547 5703 714 5748 autem
742 5705 977 5762 sequutus
999 5705 1044 5748 et
1064 5696 1318 5765 ingressus
1347 5706 1438 5761 est,
1470 5708 1522 5752 ut
1544 5699 1728 5752 videret
1749 5701 1919 5768 liuent.

342 5784 530 5854 lugens
555 5785 799 5854 discipuli
837 5787 1054 5852 fervor;
1099 5803 1218 5840 cum
1257 5787 1520 5856 fugientes
1559 5792 1781 5856 videret,
1817 5807 1921 5847 non

344 5875 490 5948 fugit,
522 5878 616 5933 sed
646 5879 791 5934 stetit
819 5888 872 5935 et
913 5895 1031 5935 cum
1065 5880 1168 5935 illis
1193 5881 1450 5937 introivit.
1480 5881 1615 5939 Nam
1636 5885 1734 5940 etsi
1760 5885 1922 5941 Joan-

1235 433 1301 492 lN
1343 431 1754 491 MATTIIEUM
1793 429 2021 486 ilO‘MIL.
2065 431 2352 488 LXXXIV.
2394 438 2446 492 al
2509 437 2770 494 LXXXV.

3561 453 3669 510 τιςι

2081 561 2176 600 nes
2199 549 2221 617 (
2247 547 2377 619 Cap.
2409 551 2496 606 18.
2532 553 2639 624 15)
2665 570 2876 626 quoque
2900 556 3002 612 hoc
3022 559 3238 625 fecerat,
3259 562 3352 618 sed
3374 574 3532 620 notus
3551 579 3670 622 erat

2075 640 2334 705 pttntdici.
2363 642 2432 694 Et
2457 659 2556 696 cur
2593 661 2716 699 eum
2746 647 2837 701 illo
2863 649 3217 716 adduxerunt,
3248 654 3337 707 ubi
3365 665 3519 710 erant
3545 673 3666 711 om-

2076 745 2174 784 nes
2191 739 2498 802 congregati
2523 737 2546 789 ?
2571 737 2640 792 Ut
2667 742 2844 794 omnia
2870 758 2936 796 ex
2968 746 3275 811 imittiliettm
3297 751 3560 804 sententia
3583 751 3664 806 [ιο

2071 837 2279 880 cerent.
2323 827 2418 883 Ille
2447 846 2677 900 namque
2707 844 2832 888 tunc
2861 845 2978 888 erat
3005 851 3248 895 summus
3291 843 3564 909 sacerdos,
3611 854 3667 900 ct

2070 930 2260 972 omnes
2285 919 2394 973 illic
2409 923 2702 977 manebant
2729 942 2744 977 :
2774 925 2852 980 sic
2878 930 3264 996 pernoctabant
3289 941 3342 986 et
3372 934 3663 1002 vigilabant

2073 1024 2171 1077 pro
2199 1025 2256 1064 re
2287 1011 2392 1064 illa.
2426 1012 2541 1066 Non
2565 1014 2711 1069 enim
2753 1019 2948 1086 pascha
2993 1030 3117 1075 tunc
3164 1024 3546 1091 eomederant,
3583 1028 3663 1081 in-

2068 1101 2208 1170 quit,
2240 1102 2336 1156 sed
2358 1118 2419 1157 ea
2445 1104 2516 1158 de
2556 1121 2716 1161 causa
2749 1109 3059 1177 vigilabant.
3079 1111 3212 1167 Cum
3234 1114 3455 1169 dixisset
3481 1117 3624 1171 enim
3645 1159 3660 1182 ,

2071 1190 2230 1246 Hane
2269 1193 2428 1260 facta,
2454 1194 2692 1252 Joannes
2735 1198 2938 1254 addidit
2962 1215 2981 1256 :
3011 1201 3132 1257 Non
3159 1205 3412 1260 intrarunt
3442 1208 3494 1260 in
3524 1225 3661 1278 prte-

2067 1283 2251 1335 toriunt
2270 1325 2286 1349 ,
2314 1294 2370 1338 ut
2413 1302 2512 1340 non
2561 1291 3023 1346 contaminarentur
3044 1332 3060 1357 ,
3088 1296 3176 1348 sed
3209 1307 3262 1348 ut
3301 1297 3663 1351 tnauducnrent

2070 1373 2258 1440 pascha
2282 1373 2462 1443 (Joau.
2494 1377 2580 1431 l8.
2600 1378 2712 1448 28).
2735 1380 2870 1445 Quid
2899 1397 3028 1452 ergo
3055 1384 3340 1440 dicendum
3362 1389 3486 1442 est?
3516 1388 3664 1457 Ipsos

2066 1465 2230 1518 altera
2257 1465 2346 1520 die
2373 1468 2675 1523 comedisse
2693 1513 2708 1534 ,
2741 1480 2796 1525 et
2832 1473 2902 1526 ob
2951 1474 3098 1528 necis
3127 1475 3284 1544 hujus
3311 1477 3660 1548 cupiditatem

2065 1557 2238 1626 legem
2267 1561 2518 1616 violasse.
2552 1561 2734 1632 Neque
2761 1565 2906 1618 enim
2933 1565 3178 1622 Christus
3205 1577 3413 1638 tempus
3444 1571 3655 1639 pascha:

2064 1660 2431 1721 transgressus
2459 1665 2570 1722 est;
2618 1657 2710 1712 sed
2747 1657 2819 1712 illi
2870 1659 2999 1712 nihil
3039 1677 3145 1714 non
3175 1663 3312 1727 ausi,
3357 1665 3657 1734 multasque

2063 1742 2212 1813 leges
2239 1745 2523 1804 violantes.
2558 1748 2682 1816 quia
2717 1763 2912 1818 magno
2950 1751 3130 1804 furore
3157 1753 3435 1815 ardebant,
3461 1764 3653 1810 etcum

2060 1849 2207 1902 sape
2235 1837 2480 1892 occidere
2509 1839 2875 1902 mutavissent,
2912 1857 3017 1895 non
3058 1854 3371 1911 potuerant;
3407 1857 3532 1901 tunc
3562 1864 3658 1901 aii-

2061 1936 2172 1979 teni
2194 1928 2363 1995 ipsum
2387 1930 2657 1996 insperato
2678 1943 2888 2001 captum
2919 1943 3192 1998 tenentis,
3226 1937 3528 1990 maluerunt
3555 1954 3648 2007 pa-

2057 2017 2188 2070 scha
2218 2021 2584 2075 transmittere
2608 2063 2624 2088 ,
2670 2033 2726 2075 iit
2756 2037 2909 2076 Suuni
2940 2025 3214 2092 explerent
3253 2030 3651 2096 sanguinarium

2058 2111 2318 2165 animum.
2343 2112 2632 2181 Propterea
2664 2117 2968 2184 congregati
3015 2130 3138 2170 sunt
3179 2134 3367 2173 omnes
3393 2129 3446 2174 et
3471 2124 3652 2176 conci-

2063 2201 2190 2254 lium
2219 2214 2330 2256 erat
2360 2206 2751 2272 pestilentium,
2779 2221 2842 2258 ac
2880 2207 3163 2275 quemdam
3197 2211 3526 2280 interrogant
3549 2253 3562 2265 .
3595 2223 3652 2268 ut

2056 2294 2289 2362 aliquant
2312 2294 2496 2362 juiliitii
2529 2296 2752 2350 fortnam
2778 2298 2983 2350 insidiis
3012 2300 3121 2351 suis
3141 2301 3509 2356 conciliarent.
3544 2301 3651 2355 Ne-

2056 2403 2153 2450 que
2174 2387 2317 2438 enim
2341 2397 2504 2449 erant,
2536 2388 2728 2457 inquit,
2756 2391 3100 2442 convenientia
3126 2391 3408 2444 testimonia
3439 2394 3455 2460 (
3482 2392 3645 2448 Marc.

2060 2480 2148 2532 14.
2177 2477 2300 2548 58);
2349 2481 2422 2532 ita
2453 2481 2628 2532 lirium
2652 2480 3074 2549 cratjudiciniii,
3106 2485 3389 2553 omniaque
3421 2486 3648 2539 tumultu

2057 2573 2233 2640 plena.
2279 2572 2366 2624 61.
2408 2570 2666 2624 Venientes
2701 2584 2868 2625 autem
2907 2574 3025 2642 falsi
3054 2584 3200 2627 testes
3229 2576 3460 2628 dicebant
3491 2592 3509 2629 :
3539 2577 3650 2630 Iste

2057 2663 2209 2725 dixit,
2237 2662 2446 2714 Salvam
2477 2666 2718 2729 templum
2745 2665 2858 2728 hoc,
2883 2675 2928 2716 et
2959 2666 3010 2717 in
3039 2665 3197 2718 tribus
3223 2665 3398 2720 diebus
3418 2668 3646 2721 excitabo

2049 2760 2181 2813 illud
2218 2758 2385 2828 (Ibid.
2424 2778 2470 2812 υ.
2501 2759 2588 2812 57.
2616 2756 2727 2818 58).
2769 2760 2987 2813 Dixerat
3033 2763 3308 2829 equidem,
3351 2761 3413 2813 In
3468 2765 3638 2814 tribus

2049 2852 2240 2904 diebus
2261 2852 2530 2924 [rescitabo
2586 2846 2902 2918 illud];sed
2959 2867 3066 2904 non
3123 2852 3358 2912 dixerat,
3394 2853 3634 2914 Solvaiu,

2055 2944 2148 2997 sed
2182 2941 2384 2995 Solvite
2417 2941 2618 3012 (Joun.
2657 2946 2712 2995 2.
2757 2943 2822 2996 19
2854 2952 2911 3010 );
2953 2959 3130 3010 neque
3161 2943 3262 2995 lzoc
3290 2944 3356 2997 de
3382 2944 3473 2995 illo
3500 2953 3639 2996 teni-

2053 3035 2162 3104 plo,
2205 3036 2302 3088 sed
2354 3035 2422 3087 de
2450 3050 2677 3101 corpore
2705 3050 2807 3088 suo
2843 3035 3083 3088 dicebat.
3119 3035 3257 3100 Quid
3295 3034 3462 3103 igitur
3485 3052 3639 3088 suni-

2055 3143 2176 3181 nius
2229 3127 2519 3195 pontifex?
2559 3127 2627 3178 lit
2672 3141 2796 3178 eum
2845 3125 2912 3178 ad
2948 3127 3360 3193 responsionem
3386 3137 3630 3196 cogeret,

2052 3227 2108 3272 et
2130 3233 2195 3271 ex
2260 3218 2441 3271 verbis
2490 3218 2604 3271 suis
2653 3227 2871 3284 caperet
2937 3218 3110 3279 illuni,
3174 3217 3306 3269 dicit
3341 3235 3352 3268 :
3383 3215 3473 3270 62.
3509 3217 3633 3270 Non

2062 3308 2218 3361 audis
2279 3307 2406 3375 quid
2445 3308 2532 3359 isti
2566 3315 2832 3360 testantur
2869 3307 3150 3358 adversum
3205 3307 3301 3360 te?
3329 3305 3430 3358 llle
3455 3317 3634 3361 autem

2057 3399 2284 3453 tacebat.
2315 3397 2531 3452 inutilis
2564 3397 2710 3451 enim
2764 3396 3052 3466 responsio
3093 3395 3272 3449 futura
3329 3397 3643 3457 erat,nu|lo

2051 3490 2320 3544 audiente.
2365 3487 2556 3557 Figura
2590 3487 2787 3557 quippe
2817 3487 3094 3541 dumtaxat
3135 3485 3318 3554 judicii
3349 3494 3506 3550 crat;
3541 3484 3636 3538 sed

2052 3597 2235 3636 revera
2266 3583 2528 3635 latronmu
2561 3581 2811 3649 impetus,
2841 3579 2931 3648 qui
2957 3579 3086 3633 etin
3110 3588 3266 3632 antro
3285 3586 3340 3632 et
3367 3577 3419 3632 in
3451 3579 3533 3631 via
3562 3577 3641 3630 ir-

2049 3682 2319 3744 ruinpant.
2352 3672 2473 3726 ideo
2512 3671 2755 3735 tacebat,
2801 3670 3037 3740 pontifex
3086 3685 3212 3724 vero
3265 3669 3642 3738 perseverabat

2051 3767 2234 3821 dicens
2263 3783 2276 3820 :
2301 3766 2388 3821 63.
2415 3765 2613 3833 Adiuro
2639 3776 2685 3818 te
2714 3781 2802 3834 per
2823 3763 2988 3816 Deum
3015 3764 3200 3826 uiuum,
3225 3772 3278 3816 ut
3306 3762 3448 3816 nobis
3475 3763 3637 3827 dicas,

2049 3861 2091 3912 si
2135 3870 2188 3912 tu
2214 3875 2266 3912 es
2295 3859 2525 3912 Christus
2555 3855 2725 3910 Filius
2757 3855 2855 3908 Dei
2882 3857 2996 3908 vivi.
3027 3854 3112 3908 64.
3147 3852 3172 3906 1
3179 3869 3267 3923 pse
3294 3870 3406 3907 vero
3422 3870 3639 3922 respon-

2047 3949 2156 4014 dit,
2198 3949 2276 4001 Tn
2301 3949 2498 4002 dixisti.
2542 3946 2898 4002 Verumtamen
2933 3947 3048 3998 dico
3082 3947 3240 4011 vobis,
3283 3946 3466 3997 amodo
3497 3947 3637 3998 eide-

2049 4042 2162 4096 bitis
2187 4041 2382 4095 Filium
2411 4041 2630 4094 hominis
2656 4041 2908 4096 sedentem
2935 4057 2967 4092 tt
2994 4039 3188 4094 dextris
3211 4039 3404 4093 virtutis
3429 4081 3444 4104 ,
3474 4049 3520 4093 et
3556 4058 3638 4094 ve-

2046 4133 2262 4186 nientem
2281 4134 2335 4186 in
2361 4132 2574 4185 nubibus
2596 4131 2728 4186 aeli.
2769 4131 2861 4187 65.
2887 4131 3029 4185 Tunc
3057 4133 3290 4202 princeps
3321 4132 3635 4185 sacerdotum

2044 4226 2194 4280 scidit
2216 4226 2504 4280 vestimenta
2529 4243 2644 4291 sua,
2675 4225 2883 4280 dicens:
2907 4223 3303 4294 Blaspltemavit.
3329 4223 3441 4277 Hoc
3477 4240 3638 4292 porro

2047 4317 2192 4380 fecit,
2225 4326 2281 4372 ut
2305 4317 2506 4373 crimen
2529 4317 2744 4387 gravius
2770 4315 3027 4381 cfliceret,
3051 4326 3103 4371 et
3127 4333 3191 4371 ex
3224 4332 3279 4370 re
3303 4325 3451 4384 gesta
3474 4317 3635 4369 verba

2047 4409 2303 4464 firmaret.
2335 4409 2632 4478 Quiacnim
2661 4410 2860 4464 dietnm
2915 4408 3041 4462 illini
3085 4415 3286 4461 metum
3336 4407 3634 4460 incusserat

2043 4503 2398 4568 auditoribus,
2432 4502 2481 4555 id
2507 4501 2650 4571 quod
2683 4502 2734 4555 iu
2766 4501 3040 4570 Stephano
3074 4501 3336 4565 iecerunt,
3362 4511 3520 4553 aures
3539 4497 3635 4551 ob-

1983 4591 1986 4596 ’
2043 4601 2336 4656 struentes,
2367 4593 2444 4647 sic
2474 4602 2528 4647 et
2550 4593 2652 4647 hoc
2677 4592 2793 4646 loco
2823 4593 2932 4647 ille.

2115 4687 2168 4741 5.
2212 4686 2320 4742 Sed
2348 4701 2593 4756 quamam
2637 4693 2754 4740 erat
2783 4685 2897 4738 hinc
2927 4683 3300 4753 blasphemia?
3346 4683 3476 4739 Nam
3506 4694 3634 4740 ante

2041 4778 2380 4848 congregatis
2407 4779 2510 4832 illis
2530 4777 2740 4832 dixerat
2767 4793 2782 4831 :
2817 4775 2960 4830 Dixit
2988 4775 3233 4830 Dominus
3255 4776 3477 4830 Domino
3499 4795 3630 4843 meo,

2043 4872 2178 4928 Sede
2198 4890 2229 4924 a
2258 4871 2450 4926 dextris
2473 4873 2614 4934 meis,
2640 4871 2802 4924 donec
2831 4885 3015 4939 ponam
3045 4869 3276 4922 inimicos
3297 4879 3411 4922 tuos
3435 4869 3631 4924 scabel-

2040 4967 2147 5018 lum
2185 4965 2368 5036 pedum
2393 4974 2592 5018 tuorum
2619 4962 2834 5032 (Matth.
2859 4960 2948 5014 22.
2981 4963 3084 5025 44;
3117 4961 3256 5014 l’sal.
3292 4962 3411 5016 109.
3441 4964 3490 5033 1)
3511 4980 3525 5016 :
3547 4963 3632 5017 di-

2033 5067 2290 5126 ctumque
2320 5055 2698 5124 interpretatus
2723 5062 2839 5118 est;
2874 5067 2974 5107 nec
3013 5053 3086 5106 illi
3114 5053 3226 5106 ausi
3251 5065 3372 5107 sunt
3402 5068 3629 5124 respon-

2030 5150 2188 5215 dere,
2221 5148 2316 5203 sed
2345 5157 2655 5212 tacuerunt,
2684 5155 2740 5200 et
2767 5162 2830 5200 ex
2863 5146 2956 5198 illo
2985 5155 3225 5216 tempore
3261 5147 3392 5200 nihil
3439 5158 3629 5202 contra

2036 5239 2303 5293 dixerunt.
2337 5237 2444 5292 Cur
2472 5252 2600 5308 ergo
2639 5237 2838 5290 dictum
2865 5235 2992 5290 illud
3038 5235 3418 5304 blasphemiam
3464 5253 3624 5292 voca~

2036 5332 2198 5385 runt?
2223 5347 2318 5386 cur
2343 5345 2471 5384 vero
2493 5328 2740 5382 Christus
2770 5329 2836 5380 ita
2864 5327 3169 5395 reSpondit?
3201 5327 3266 5382 Ut
3297 5344 3511 5382 omnem
3542 5329 3624 5397 ip-

2035 5425 2110 5477 sis
2137 5425 2348 5478 tol!erct
2373 5422 2777 5486 defensionem;
2812 5437 2933 5475 nam
2965 5436 3133 5490 usque
3155 5421 3219 5475 ad
3248 5423 3488 5475 ultimam
3520 5421 3623 5474 ho-

2033 5532 2147 5572 ram
2182 5517 2437 5570 docuerat
2488 5529 2550 5570 se
2600 5529 2723 5570 esse
2771 5513 3064 5579 Christum,
3120 5529 3150 5568 a
3194 5513 3397 5568 dextris
3451 5512 3624 5568 Patris

2032 5607 2244 5671 sedere,
2276 5616 2330 5662 et
2361 5615 2643 5661 venturum
2673 5605 2851 5659 denuo
2877 5621 2998 5661 esse
3043 5615 3098 5660 ut
3136 5605 3341 5677 judicet
3387 5605 3571 5659 orbem
3603 5622 3618 5660 :

2032 5718 2151 5770 quae
2182 5715 2427 5771 magnam
2459 5700 2574 5767 ejus
2618 5715 2739 5755 cum
2784 5699 2939 5754 Patre
2968 5697 3306 5754 concordiam
3351 5697 3620 5767 significa-

2035 5793 2180 5846 bant.
2209 5791 2550 5846 Vcstimentis
2575 5805 2704 5860 ergo
2723 5790 2960 5844 discissis
2976 5789 3069 5852 ait,
3091 5787 3226 5855 Quid
3247 5788 3382 5842 vobis
3399 5787 3623 5844 videtur!

2030 5883 2146 5939 Non
2177 5884 2281 5940 l'ert
2331 5897 2394 5936 ex
2443 5897 2502 5938 se
2547 5883 2903 5944 sententiam;
2950 5880 3045 5935 sed
3071 5879 3223 5949 quasi
3251 5881 3304 5934 in
3335 5879 3624 5935 manifesto
