  <div class='ocr_page' id='page_1' title='image "/cluster/home/n/w/nwhite01/storage/ocr_20150623/58:no.7:pt.2/coo.31924054869585/297.png"; bbox 0 0 4074 6410; ppageno 0'>
   <div class='ocr_carea' id='block_1_1' title="bbox 503 378 610 435">
    <p class='ocr_par' dir='ltr' id='par_1_1' title="bbox 503 378 610 435">
     <span class='ocr_line' id='line_1_1' title="bbox 503 378 610 435; baseline 0.019 -2"><span class='ocrx_word' id='word_1_1' title='bbox 503 378 610 435; x_wconf 76' lang='lat'><strong>755</strong></span> 
     </span>
    </p>
   </div>
   <div class='ocr_carea' id='block_1_2' title="bbox 505 487 2092 561">
    <p class='ocr_par' dir='ltr' id='par_1_2' title="bbox 505 487 2092 561">
     <span class='ocr_line' id='line_1_2' title="bbox 505 487 2092 561; baseline -0.004 -15"><span class='ocrx_word' id='word_1_2' title='bbox 505 503 724 561; x_wconf 84' lang='lat' dir='ltr'><strong>peccato</strong></span> <span class='ocrx_word' id='word_1_3' title='bbox 751 499 804 545; x_wconf 89' lang='lat' dir='ltr'><strong>et</strong></span> <span class='ocrx_word' id='word_1_4' title='bbox 833 491 975 544; x_wconf 87' lang='lat' dir='ltr'><strong>clara</strong></span> <span class='ocrx_word' id='word_1_5' title='bbox 1007 488 1338 559; x_wconf 83' lang='lat' dir='ltr'><strong>blasphemia</strong></span> <span class='ocrx_word' id='word_1_6' title='bbox 1361 531 1376 556; x_wconf 91' lang='lat'><strong>,</strong></span> <span class='ocrx_word' id='word_1_7' title='bbox 1411 489 1622 544; x_wconf 92' lang='lat' dir='ltr'><strong>illorum</strong></span> <span class='ocrx_word' id='word_1_8' title='bbox 1653 487 1974 543; x_wconf 87' lang='lat' dir='ltr'><strong>sententiam</strong></span> <span class='ocrx_word' id='word_1_9' title='bbox 2003 503 2092 540; x_wconf 84' lang='lat' dir='ltr'><strong>re-</strong></span> 
     </span>
    </p>
   </div>
   <div class='ocr_carea' id='block_1_3' title="bbox 503 579 2095 659">
    <p class='ocr_par' dir='ltr' id='par_1_3' title="bbox 503 579 2095 659">
     <span class='ocr_line' id='line_1_3' title="bbox 503 579 2095 659; baseline -0.003 -21"><span class='ocrx_word' id='word_1_10' title='bbox 503 585 688 654; x_wconf 85' lang='lat' dir='ltr'><strong>quirit.</strong></span> <span class='ocrx_word' id='word_1_11' title='bbox 717 583 848 649; x_wconf 84' lang='lat' dir='ltr'><strong>Quia</strong></span> <span class='ocrx_word' id='word_1_12' title='bbox 871 583 1013 638; x_wconf 88' lang='lat' dir='ltr'><strong>enim</strong></span> <span class='ocrx_word' id='word_1_13' title='bbox 1045 581 1306 647; x_wconf 78' lang='lat' dir='ltr'><strong>sciebant,</strong></span> <span class='ocrx_word' id='word_1_14' title='bbox 1339 583 1384 637; x_wconf 88' lang='lat' dir='ltr'><strong>si</strong></span> <span class='ocrx_word' id='word_1_15' title='bbox 1415 597 1504 636; x_wconf 88' lang='lat' dir='ltr'><strong>res</strong></span> <span class='ocrx_word' id='word_1_16' title='bbox 1535 583 1588 636; x_wconf 92' lang='lat' dir='ltr'><strong>iu</strong></span> <span class='ocrx_word' id='word_1_17' title='bbox 1632 595 1864 659; x_wconf 86' lang='lat' dir='ltr'><strong>examen</strong></span> <span class='ocrx_word' id='word_1_18' title='bbox 1887 579 2095 634; x_wconf 88' lang='lat' dir='ltr'><strong>veniret</strong></span> 
     </span>
    </p>
   </div>
   <div class='ocr_carea' id='block_1_4' title="bbox 502 669 2092 744">
    <p class='ocr_par' dir='ltr' id='par_1_4' title="bbox 502 669 2092 744">
     <span class='ocr_line' id='line_1_4' title="bbox 502 669 2092 744; baseline -0.003 -16"><span class='ocrx_word' id='word_1_19' title='bbox 502 685 661 744; x_wconf 89' lang='lat' dir='ltr'><strong>atque</strong></span> <span class='ocrx_word' id='word_1_20' title='bbox 689 675 739 727; x_wconf 93' lang='lat' dir='ltr'><strong>in</strong></span> <span class='ocrx_word' id='word_1_21' title='bbox 781 672 1046 738; x_wconf 75' lang='lat' dir='ltr'><strong>notitiam,</strong></span> <span class='ocrx_word' id='word_1_22' title='bbox 1073 673 1218 726; x_wconf 89' lang='lat' dir='ltr'><strong>illum</strong></span> <span class='ocrx_word' id='word_1_23' title='bbox 1245 672 1314 727; x_wconf 87' lang='lat' dir='ltr'><strong>ab</strong></span> <span class='ocrx_word' id='word_1_24' title='bbox 1334 673 1480 727; x_wconf 89' lang='lat' dir='ltr'><strong>omni</strong></span> <span class='ocrx_word' id='word_1_25' title='bbox 1511 673 1735 726; x_wconf 86' lang='lat' dir='ltr'><strong>crimine</strong></span> <span class='ocrx_word' id='word_1_26' title='bbox 1756 669 2092 725; x_wconf 80' lang='lat' dir='ltr'><strong>liberandum</strong></span> 
     </span>
    </p>
   </div>
   <div class='ocr_carea' id='block_1_5' title="bbox 501 765 2094 835">
    <p class='ocr_par' dir='ltr' id='par_1_5' title="bbox 501 765 2094 835">
     <span class='ocr_line' id='line_1_5' title="bbox 501 765 2094 835; baseline -0.001 -13"><span class='ocrx_word' id='word_1_27' title='bbox 501 782 643 829; x_wconf 84' lang='lat' dir='ltr'><strong>esse,</strong></span> <span class='ocrx_word' id='word_1_28' title='bbox 675 766 814 834; x_wconf 87' lang='lat' dir='ltr'><strong>apud</strong></span> <span class='ocrx_word' id='word_1_29' title='bbox 858 766 1064 835; x_wconf 89' lang='lat' dir='ltr'><strong>seipsos</strong></span> <span class='ocrx_word' id='word_1_30' title='bbox 1096 767 1242 820; x_wconf 91' lang='lat' dir='ltr'><strong>illum</strong></span> <span class='ocrx_word' id='word_1_31' title='bbox 1287 766 1667 828; x_wconf 83' lang='lat' dir='ltr'><strong>condemnant,</strong></span> <span class='ocrx_word' id='word_1_32' title='bbox 1717 765 2094 835; x_wconf 88' lang='lat' dir='ltr'><strong>auditoresque</strong></span> 
     </span>
    </p>
   </div>
   <div class='ocr_carea' id='block_1_6' title="bbox 505 854 2093 927">
    <p class='ocr_par' dir='ltr' id='par_1_6' title="bbox 505 854 2093 927">
     <span class='ocr_line' id='line_1_6' title="bbox 505 854 2093 927; baseline -0.001 -19"><span class='ocrx_word' id='word_1_33' title='bbox 505 867 877 926; x_wconf 58' lang='lat' dir='ltr'><strong>praeoccupat&quot;</strong></span> <span class='ocrx_word' id='word_1_34' title='bbox 905 857 1168 921; x_wconf 91' lang='lat' dir='ltr'><strong>dicentes,</strong></span> <span class='ocrx_word' id='word_1_35' title='bbox 1203 855 1303 910; x_wconf 85' lang='lat' dir='ltr'><strong>Vos</strong></span> <span class='ocrx_word' id='word_1_36' title='bbox 1325 855 1690 927; x_wconf 74' lang='lat' dir='ltr'><strong>blasphemiam</strong></span> <span class='ocrx_word' id='word_1_37' title='bbox 1710 854 1945 920; x_wconf 73' lang='lat' dir='ltr'><strong>audistis,</strong></span> <span class='ocrx_word' id='word_1_38' title='bbox 1979 865 2093 908; x_wconf 87' lang='lat' dir='ltr'><strong>tan-</strong></span> 
     </span>
    </p>
   </div>
   <div class='ocr_carea' id='block_1_7' title="bbox 503 947 2094 1019">
    <p class='ocr_par' dir='ltr' id='par_1_7' title="bbox 503 947 2094 1019">
     <span class='ocr_line' id='line_1_7' title="bbox 503 947 2094 1019; baseline 0 -17"><span class='ocrx_word' id='word_1_39' title='bbox 503 959 611 1002; x_wconf 89' lang='lat' dir='ltr'><strong>tum</strong></span> <span class='ocrx_word' id='word_1_40' title='bbox 641 963 745 1002; x_wconf 89' lang='lat' dir='ltr'><strong>non</strong></span> <span class='ocrx_word' id='word_1_41' title='bbox 775 959 1030 1019; x_wconf 75' lang='lat' dir='ltr'><strong>cogentes</strong></span> <span class='ocrx_word' id='word_1_42' title='bbox 1059 959 1115 1004; x_wconf 89' lang='lat' dir='ltr'><strong>et</strong></span> <span class='ocrx_word' id='word_1_43' title='bbox 1142 949 1248 1002; x_wconf 92' lang='lat' dir='ltr'><strong>vim</strong></span> <span class='ocrx_word' id='word_1_44' title='bbox 1272 947 1562 1003; x_wconf 65' lang='lat' dir='ltr'><strong>inferentes</strong></span> <span class='ocrx_word' id='word_1_45' title='bbox 1583 948 1650 1002; x_wconf 92' lang='lat' dir='ltr'><strong>ad</strong></span> <span class='ocrx_word' id='word_1_46' title='bbox 1677 949 1995 1003; x_wconf 86' lang='lat' dir='ltr'><strong>sententiam</strong></span> <span class='ocrx_word' id='word_1_47' title='bbox 2016 947 2094 1002; x_wconf 89' lang='lat' dir='ltr'><strong>fc-</strong></span> 
     </span>
    </p>
   </div>
   <div class='ocr_carea' id='block_1_8' title="bbox 503 1039 2090 1110">
    <p class='ocr_par' dir='ltr' id='par_1_8' title="bbox 503 1039 2090 1110">
     <span class='ocr_line' id='line_1_8' title="bbox 503 1039 2090 1110; baseline 0.003 -18"><span class='ocrx_word' id='word_1_48' title='bbox 503 1040 740 1093; x_wconf 89' lang='lat' dir='ltr'><strong>rendam.</strong></span> <span class='ocrx_word' id='word_1_49' title='bbox 763 1039 899 1106; x_wconf 82' lang='lat' dir='ltr'><strong>Quid</strong></span> <span class='ocrx_word' id='word_1_50' title='bbox 931 1041 1090 1109; x_wconf 77' lang='lat' dir='ltr'><strong>igitur</strong></span> <span class='ocrx_word' id='word_1_51' title='bbox 1118 1041 1229 1094; x_wconf 85' lang='lat' dir='ltr'><strong>illi?</strong></span> <span class='ocrx_word' id='word_1_52' title='bbox 1247 1040 1338 1094; x_wconf 87' lang='lat'><strong>66.</strong></span> <span class='ocrx_word' id='word_1_53' title='bbox 1363 1039 1502 1094; x_wconf 83' lang='lat' dir='ltr'><strong>Reus</strong></span> <span class='ocrx_word' id='word_1_54' title='bbox 1519 1050 1592 1095; x_wconf 86' lang='lat' dir='ltr'><strong>est</strong></span> <span class='ocrx_word' id='word_1_55' title='bbox 1613 1041 1830 1105; x_wconf 84' lang='lat' dir='ltr'><strong>mortis;</strong></span> <span class='ocrx_word' id='word_1_56' title='bbox 1859 1047 1915 1094; x_wconf 91' lang='lat' dir='ltr'><strong>ut</strong></span> <span class='ocrx_word' id='word_1_57' title='bbox 1938 1041 2090 1110; x_wconf 86' lang='lat' dir='ltr'><strong>quasi</strong></span> 
     </span>
    </p>
   </div>
   <div class='ocr_carea' id='block_1_9' title="bbox 497 1130 2089 1203">
    <p class='ocr_par' dir='ltr' id='par_1_9' title="bbox 497 1130 2089 1203">
     <span class='ocr_line' id='line_1_9' title="bbox 497 1130 2089 1203; baseline 0.001 -19"><span class='ocrx_word' id='word_1_58' title='bbox 497 1130 602 1202; x_wconf 73' lang='lat' dir='ltr'><strong>iam</strong></span> <span class='ocrx_word' id='word_1_59' title='bbox 634 1131 946 1186; x_wconf 90' lang='lat' dir='ltr'><strong>danmatum</strong></span> <span class='ocrx_word' id='word_1_60' title='bbox 979 1134 1252 1194; x_wconf 80' lang='lat' dir='ltr'><strong>sisterent.</strong></span> <span class='ocrx_word' id='word_1_61' title='bbox 1288 1133 1620 1203; x_wconf 81' lang='lat' dir='ltr'><strong>Pilatumque</strong></span> <span class='ocrx_word' id='word_1_62' title='bbox 1658 1133 1726 1188; x_wconf 81' lang='lat' dir='ltr'><strong>ad</strong></span> <span class='ocrx_word' id='word_1_63' title='bbox 1770 1134 2089 1188; x_wconf 87' lang='lat' dir='ltr'><strong>sententiam</strong></span> 
     </span>
    </p>
   </div>
   <div class='ocr_carea' id='block_1_10' title="bbox 498 1223 2090 1281">
    <p class='ocr_par' dir='ltr' id='par_1_10' title="bbox 498 1223 2090 1281">
     <span class='ocr_line' id='line_1_10' title="bbox 498 1223 2090 1281; baseline 0.002 -3"><span class='ocrx_word' id='word_1_64' title='bbox 498 1223 774 1279; x_wconf 81' lang='lat' dir='ltr'><strong>ferendam</strong></span> <span class='ocrx_word' id='word_1_65' title='bbox 821 1225 1152 1280; x_wconf 81' lang='lat' dir='ltr'><strong>indocerent.</strong></span> <span class='ocrx_word' id='word_1_66' title='bbox 1203 1226 1312 1280; x_wconf 85' lang='lat' dir='ltr'><strong>liae</strong></span> <span class='ocrx_word' id='word_1_67' title='bbox 1342 1237 1520 1281; x_wconf 88' lang='lat' dir='ltr'><strong>mente</strong></span> <span class='ocrx_word' id='word_1_68' title='bbox 1557 1236 1611 1279; x_wconf 88' lang='lat' dir='ltr'><strong>et</strong></span> <span class='ocrx_word' id='word_1_69' title='bbox 1655 1227 1842 1280; x_wconf 90' lang='lat' dir='ltr'><strong>horum</strong></span> <span class='ocrx_word' id='word_1_70' title='bbox 1889 1227 2090 1281; x_wconf 87' lang='lat' dir='ltr'><strong>conscii</strong></span> 
     </span>
    </p>
   </div>
   <div class='ocr_carea' id='block_1_11' title="bbox 494 1315 2088 1386">
    <p class='ocr_par' dir='ltr' id='par_1_11' title="bbox 494 1315 2088 1386">
     <span class='ocr_line' id='line_1_11' title="bbox 494 1315 2088 1386; baseline 0.001 -18"><span class='ocrx_word' id='word_1_71' title='bbox 494 1315 701 1381; x_wconf 87' lang='lat' dir='ltr'><strong>dicunt,</strong></span> <span class='ocrx_word' id='word_1_72' title='bbox 735 1315 870 1369; x_wconf 78' lang='lat' dir='ltr'><strong>Reus</strong></span> <span class='ocrx_word' id='word_1_73' title='bbox 898 1326 970 1369; x_wconf 85' lang='lat' dir='ltr'><strong>est</strong></span> <span class='ocrx_word' id='word_1_74' title='bbox 1001 1316 1214 1379; x_wconf 83' lang='lat' dir='ltr'><strong>mortis;</strong></span> <span class='ocrx_word' id='word_1_75' title='bbox 1243 1317 1339 1384; x_wconf 76' lang='lat' dir='ltr'><strong>ipsi</strong></span> <span class='ocrx_word' id='word_1_76' title='bbox 1370 1317 1710 1378; x_wconf 85' lang='lat' dir='ltr'><strong>accusabant.</strong></span> <span class='ocrx_word' id='word_1_77' title='bbox 1735 1317 1832 1386; x_wconf 83' lang='lat' dir='ltr'><strong>ipsi</strong></span> <span class='ocrx_word' id='word_1_78' title='bbox 1865 1316 2088 1370; x_wconf 85' lang='lat' dir='ltr'><strong>damna-</strong></span> 
     </span>
    </p>
   </div>
   <div class='ocr_carea' id='block_1_12' title="bbox 498 1407 2090 1476">
    <p class='ocr_par' dir='ltr' id='par_1_12' title="bbox 498 1407 2090 1476">
     <span class='ocr_line' id='line_1_12' title="bbox 498 1407 2090 1476; baseline -0.001 -17"><span class='ocrx_word' id='word_1_79' title='bbox 498 1408 644 1471; x_wconf 89' lang='lat' dir='ltr'><strong>bant,</strong></span> <span class='ocrx_word' id='word_1_80' title='bbox 675 1419 728 1460; x_wconf 89' lang='lat' dir='ltr'><strong>et</strong></span> <span class='ocrx_word' id='word_1_81' title='bbox 758 1409 1074 1461; x_wconf 82' lang='lat' dir='ltr'><strong>sententiam</strong></span> <span class='ocrx_word' id='word_1_82' title='bbox 1103 1407 1364 1471; x_wconf 89' lang='lat' dir='ltr'><strong>ferebant,</strong></span> <span class='ocrx_word' id='word_1_83' title='bbox 1391 1408 1628 1461; x_wconf 90' lang='lat' dir='ltr'><strong>omnium</strong></span> <span class='ocrx_word' id='word_1_84' title='bbox 1655 1407 1830 1462; x_wconf 84' lang='lat' dir='ltr'><strong>officia</strong></span> <span class='ocrx_word' id='word_1_85' title='bbox 1854 1421 2090 1476; x_wconf 78' lang='lat' dir='ltr'><strong>occupa-</strong></span> 
     </span>
    </p>
   </div>
   <div class='ocr_carea' id='block_1_13' title="bbox 498 1498 2090 1554">
    <p class='ocr_par' dir='ltr' id='par_1_13' title="bbox 498 1498 2090 1554">
     <span class='ocr_line' id='line_1_13' title="bbox 498 1498 2090 1554; baseline 0.001 -3"><span class='ocrx_word' id='word_1_86' title='bbox 498 1500 646 1552; x_wconf 89' lang='lat' dir='ltr'><strong>bant.</strong></span> <span class='ocrx_word' id='word_1_87' title='bbox 678 1500 784 1553; x_wconf 86' lang='lat' dir='ltr'><strong>Cur</strong></span> <span class='ocrx_word' id='word_1_88' title='bbox 811 1509 990 1552; x_wconf 74' lang='lat' dir='ltr'><strong>autem</strong></span> <span class='ocrx_word' id='word_1_89' title='bbox 1019 1499 1237 1552; x_wconf 85' lang='lat' dir='ltr'><strong>sabbata</strong></span> <span class='ocrx_word' id='word_1_90' title='bbox 1265 1500 1314 1552; x_wconf 86' lang='lat' dir='ltr'><strong>in</strong></span> <span class='ocrx_word' id='word_1_91' title='bbox 1353 1500 1586 1553; x_wconf 90' lang='lat' dir='ltr'><strong>medium</strong></span> <span class='ocrx_word' id='word_1_92' title='bbox 1614 1513 1720 1553; x_wconf 92' lang='lat' dir='ltr'><strong>non</strong></span> <span class='ocrx_word' id='word_1_93' title='bbox 1757 1498 2090 1554; x_wconf 79' lang='lat' dir='ltr'><strong>attulerunt?</strong></span> 
     </span>
    </p>
   </div>
   <div class='ocr_carea' id='block_1_14' title="bbox 495 1589 2090 1661">
    <p class='ocr_par' dir='ltr' id='par_1_14' title="bbox 495 1589 2090 1661">
     <span class='ocr_line' id='line_1_14' title="bbox 495 1589 2090 1661; baseline 0.002 -20"><span class='ocrx_word' id='word_1_94' title='bbox 495 1589 627 1656; x_wconf 82' lang='lat' dir='ltr'><strong>Quia</strong></span> <span class='ocrx_word' id='word_1_95' title='bbox 672 1606 814 1658; x_wconf 64' lang='lat' dir='ltr'><strong>saapc</strong></span> <span class='ocrx_word' id='word_1_96' title='bbox 858 1590 974 1644; x_wconf 92' lang='lat' dir='ltr'><strong>illos</strong></span> <span class='ocrx_word' id='word_1_97' title='bbox 1015 1591 1421 1644; x_wconf 68' lang='lat' dir='ltr'><strong>confutaverat:</strong></span> <span class='ocrx_word' id='word_1_98' title='bbox 1455 1590 1687 1661; x_wconf 84' lang='lat' dir='ltr'><strong>alioquin</strong></span> <span class='ocrx_word' id='word_1_99' title='bbox 1733 1605 1862 1645; x_wconf 87' lang='lat' dir='ltr'><strong>vero</strong></span> <span class='ocrx_word' id='word_1_100' title='bbox 1904 1605 1970 1645; x_wconf 85' lang='lat' dir='ltr'><strong>ex</strong></span> <span class='ocrx_word' id='word_1_101' title='bbox 2025 1590 2090 1644; x_wconf 87' lang='lat' dir='ltr'><strong>iis</strong></span> 
     </span>
    </p>
   </div>
   <div class='ocr_carea' id='block_1_15' title="bbox 495 1681 2085 1751">
    <p class='ocr_par' dir='ltr' id='par_1_15' title="bbox 495 1681 2085 1751">
     <span class='ocr_line' id='line_1_15' title="bbox 495 1681 2085 1751; baseline 0.004 -21"><span class='ocrx_word' id='word_1_102' title='bbox 495 1696 615 1748; x_wconf 78' lang='lat' dir='ltr'><strong>qua:</strong></span> <span class='ocrx_word' id='word_1_103' title='bbox 636 1690 762 1735; x_wconf 89' lang='lat' dir='ltr'><strong>tunc</strong></span> <span class='ocrx_word' id='word_1_104' title='bbox 788 1681 1100 1735; x_wconf 83' lang='lat' dir='ltr'><strong>dicebantur</strong></span> <span class='ocrx_word' id='word_1_105' title='bbox 1117 1682 1364 1737; x_wconf 89' lang='lat' dir='ltr'><strong>volebant</strong></span> <span class='ocrx_word' id='word_1_106' title='bbox 1383 1697 1506 1736; x_wconf 90' lang='lat' dir='ltr'><strong>eum</strong></span> <span class='ocrx_word' id='word_1_107' title='bbox 1528 1697 1718 1751; x_wconf 80' lang='lat' dir='ltr'><strong>capere</strong></span> <span class='ocrx_word' id='word_1_108' title='bbox 1737 1691 1792 1736; x_wconf 91' lang='lat' dir='ltr'><strong>et</strong></span> <span class='ocrx_word' id='word_1_109' title='bbox 1808 1681 2085 1736; x_wconf 87' lang='lat' dir='ltr'><strong>damnare.</strong></span> 
     </span>
    </p>
   </div>
   <div class='ocr_carea' id='block_1_16' title="bbox 495 1773 2086 1844">
    <p class='ocr_par' dir='ltr' id='par_1_16' title="bbox 495 1773 2086 1844">
     <span class='ocr_line' id='line_1_16' title="bbox 495 1773 2086 1844; baseline 0 -17"><span class='ocrx_word' id='word_1_110' title='bbox 495 1773 884 1842; x_wconf 69' lang='lat' dir='ltr'><strong>Praeoccupaus</strong></span> <span class='ocrx_word' id='word_1_111' title='bbox 927 1773 1101 1842; x_wconf 80' lang='lat' dir='ltr'><strong>igitur,</strong></span> <span class='ocrx_word' id='word_1_112' title='bbox 1153 1774 1364 1828; x_wconf 88' lang='lat' dir='ltr'><strong>illorum</strong></span> <span class='ocrx_word' id='word_1_113' title='bbox 1392 1784 1608 1844; x_wconf 86' lang='lat' dir='ltr'><strong>accepta</strong></span> <span class='ocrx_word' id='word_1_114' title='bbox 1642 1773 1928 1840; x_wconf 85' lang='lat' dir='ltr'><strong>sententia,</strong></span> <span class='ocrx_word' id='word_1_115' title='bbox 1962 1788 2086 1829; x_wconf 90' lang='lat' dir='ltr'><strong>cum</strong></span> 
     </span>
    </p>
   </div>
   <div class='ocr_carea' id='block_1_17' title="bbox 497 1866 2086 1937">
    <p class='ocr_par' dir='ltr' id='par_1_17' title="bbox 497 1866 2086 1937">
     <span class='ocr_line' id='line_1_17' title="bbox 497 1866 2086 1937; baseline 0.004 -21"><span class='ocrx_word' id='word_1_116' title='bbox 497 1881 592 1932; x_wconf 82' lang='lat' dir='ltr'><strong>per</strong></span> <span class='ocrx_word' id='word_1_117' title='bbox 640 1866 950 1920; x_wconf 54' lang='lat' dir='ltr'><strong>scissionem</strong></span> <span class='ocrx_word' id='word_1_118' title='bbox 983 1868 1206 1921; x_wconf 79' lang='lat' dir='ltr'><strong>vestium</strong></span> <span class='ocrx_word' id='word_1_119' title='bbox 1250 1868 1487 1920; x_wconf 90' lang='lat' dir='ltr'><strong>omnium</strong></span> <span class='ocrx_word' id='word_1_120' title='bbox 1532 1867 1598 1920; x_wconf 90' lang='lat' dir='ltr'><strong>ad</strong></span> <span class='ocrx_word' id='word_1_121' title='bbox 1628 1884 1685 1922; x_wconf 90' lang='lat' dir='ltr'><strong>se</strong></span> <span class='ocrx_word' id='word_1_122' title='bbox 1714 1869 1922 1922; x_wconf 87' lang='lat' dir='ltr'><strong>animos</strong></span> <span class='ocrx_word' id='word_1_123' title='bbox 1962 1883 2086 1937; x_wconf 85' lang='lat' dir='ltr'><strong>per-</strong></span> 
     </span>
    </p>
   </div>
   <div class='ocr_carea' id='block_1_18' title="bbox 496 1959 2084 2025">
    <p class='ocr_par' dir='ltr' id='par_1_18' title="bbox 496 1959 2084 2025">
     <span class='ocr_line' id='line_1_18' title="bbox 496 1959 2084 2025; baseline 0.002 -15"><span class='ocrx_word' id='word_1_124' title='bbox 496 1959 765 2024; x_wconf 74' lang='lat' dir='ltr'><strong>traxisset,</strong></span> <span class='ocrx_word' id='word_1_125' title='bbox 799 1968 855 2012; x_wconf 93' lang='lat' dir='ltr'><strong>ut</strong></span> <span class='ocrx_word' id='word_1_126' title='bbox 883 1959 1189 2012; x_wconf 87' lang='lat' dir='ltr'><strong>damnatum</strong></span> <span class='ocrx_word' id='word_1_127' title='bbox 1219 1959 1442 2013; x_wconf 82' lang='lat' dir='ltr'><strong>abduxit</strong></span> <span class='ocrx_word' id='word_1_128' title='bbox 1466 1959 1532 2013; x_wconf 89' lang='lat' dir='ltr'><strong>ad</strong></span> <span class='ocrx_word' id='word_1_129' title='bbox 1575 1960 1839 2025; x_wconf 86' lang='lat' dir='ltr'><strong>Pilatum;</strong></span> <span class='ocrx_word' id='word_1_130' title='bbox 1873 1960 1940 2013; x_wconf 88' lang='lat' dir='ltr'><strong>ita</strong></span> <span class='ocrx_word' id='word_1_131' title='bbox 1972 1974 2084 2013; x_wconf 89' lang='lat' dir='ltr'><strong>rem</strong></span> 
     </span>
    </p>
   </div>
   <div class='ocr_carea' id='block_1_19' title="bbox 494 2049 2084 2118">
    <p class='ocr_par' dir='ltr' id='par_1_19' title="bbox 494 2049 2084 2118">
     <span class='ocr_line' id='line_1_19' title="bbox 494 2049 2084 2118; baseline 0.001 -16"><span class='ocrx_word' id='word_1_132' title='bbox 494 2051 795 2118; x_wconf 84' lang='lat' dir='ltr'><strong>composuit</strong></span> <span class='ocrx_word' id='word_1_133' title='bbox 829 2069 842 2104; x_wconf 89' lang='lat'><strong>:</strong></span> <span class='ocrx_word' id='word_1_134' title='bbox 877 2061 930 2103; x_wconf 88' lang='lat' dir='ltr'><strong>at</strong></span> <span class='ocrx_word' id='word_1_135' title='bbox 972 2065 1154 2104; x_wconf 78' lang='lat' dir='ltr'><strong>Coram</strong></span> <span class='ocrx_word' id='word_1_136' title='bbox 1185 2051 1351 2104; x_wconf 79' lang='lat' dir='ltr'><strong>Pilato</strong></span> <span class='ocrx_word' id='word_1_137' title='bbox 1390 2051 1520 2105; x_wconf 84' lang='lat' dir='ltr'><strong>nihil</strong></span> <span class='ocrx_word' id='word_1_138' title='bbox 1549 2051 1724 2105; x_wconf 88' lang='lat' dir='ltr'><strong>simile</strong></span> <span class='ocrx_word' id='word_1_139' title='bbox 1751 2051 1955 2105; x_wconf 90' lang='lat' dir='ltr'><strong>dicunt.</strong></span> <span class='ocrx_word' id='word_1_140' title='bbox 1979 2049 2084 2106; x_wconf 91' lang='lat' dir='ltr'><strong>Sed</strong></span> 
     </span>
    </p>
   </div>
   <div class='ocr_carea' id='block_1_20' title="bbox 493 2143 2087 2214">
    <p class='ocr_par' dir='ltr' id='par_1_20' title="bbox 493 2143 2087 2214">
     <span class='ocr_line' id='line_1_20' title="bbox 493 2143 2087 2214; baseline 0.003 -21"><span class='ocrx_word' id='word_1_141' title='bbox 493 2143 657 2209; x_wconf 84' lang='lat' dir='ltr'><strong>quid?</strong></span> <span class='ocrx_word' id='word_1_142' title='bbox 687 2143 748 2197; x_wconf 86' lang='lat' dir='ltr'><strong>Si</strong></span> <span class='ocrx_word' id='word_1_143' title='bbox 774 2161 874 2196; x_wconf 83' lang='lat' dir='ltr'><strong>non</strong></span> <span class='ocrx_word' id='word_1_144' title='bbox 897 2154 1024 2197; x_wconf 85' lang='lat' dir='ltr'><strong>esset</strong></span> <span class='ocrx_word' id='word_1_145' title='bbox 1054 2145 1136 2196; x_wconf 82' lang='lat' dir='ltr'><strong>hic</strong></span> <span class='ocrx_word' id='word_1_146' title='bbox 1163 2144 1491 2214; x_wconf 82' lang='lat' dir='ltr'><strong>malefactor,</strong></span> <span class='ocrx_word' id='word_1_147' title='bbox 1532 2161 1633 2197; x_wconf 84' lang='lat' dir='ltr'><strong>non</strong></span> <span class='ocrx_word' id='word_1_148' title='bbox 1660 2145 1750 2197; x_wconf 82' lang='lat' dir='ltr'><strong>tibi</strong></span> <span class='ocrx_word' id='word_1_149' title='bbox 1790 2145 2087 2198; x_wconf 83' lang='lat' dir='ltr'><strong>tradidisse-</strong></span> 
     </span>
    </p>
   </div>
   <div class='ocr_carea' id='block_1_21' title="bbox 497 2232 2084 2305">
    <p class='ocr_par' dir='ltr' id='par_1_21' title="bbox 497 2232 2084 2305">
     <span class='ocr_line' id='line_1_21' title="bbox 497 2232 2084 2305; baseline 0.006 -25"><span class='ocrx_word' id='word_1_150' title='bbox 497 2247 609 2286; x_wconf 88' lang='lat' dir='ltr'><strong>mus</strong></span> <span class='ocrx_word' id='word_1_151' title='bbox 635 2249 744 2284; x_wconf 82' lang='lat' dir='ltr'><strong>eum</strong></span> <span class='ocrx_word' id='word_1_152' title='bbox 783 2232 962 2300; x_wconf 86' lang='lat' dir='ltr'><strong>(Joau.</strong></span> <span class='ocrx_word' id='word_1_153' title='bbox 997 2235 1083 2289; x_wconf 80' lang='lat' dir='ltr'><strong>l8.</strong></span> <span class='ocrx_word' id='word_1_154' title='bbox 1115 2233 1204 2302; x_wconf 82' lang='grc'><strong>50)</strong></span> <span class='ocrx_word' id='word_1_155' title='bbox 1230 2251 1244 2297; x_wconf 89' lang='grc'>;</span> <span class='ocrx_word' id='word_1_156' title='bbox 1276 2246 1384 2287; x_wconf 89' lang='lat' dir='ltr'><strong>uta</strong></span> <span class='ocrx_word' id='word_1_157' title='bbox 1415 2234 1639 2303; x_wconf 86' lang='lat' dir='ltr'><strong>publicis</strong></span> <span class='ocrx_word' id='word_1_158' title='bbox 1661 2235 1975 2288; x_wconf 75' lang='lat' dir='ltr'><strong>criminibus</strong></span> <span class='ocrx_word' id='word_1_159' title='bbox 2002 2237 2084 2305; x_wconf 87' lang='lat' dir='ltr'><strong>ip-</strong></span> 
     </span>
    </p>
   </div>
   <div class='ocr_carea' id='block_1_22' title="bbox 491 2326 2085 2383">
    <p class='ocr_par' dir='ltr' id='par_1_22' title="bbox 491 2326 2085 2383">
     <span class='ocr_line' id='line_1_22' title="bbox 491 2326 2085 2383; baseline 0.002 -4"><span class='ocrx_word' id='word_1_160' title='bbox 491 2343 609 2380; x_wconf 80' lang='lat' dir='ltr'><strong>sum</strong></span> <span class='ocrx_word' id='word_1_161' title='bbox 637 2327 860 2381; x_wconf 77' lang='lat' dir='ltr'><strong>interfici</strong></span> <span class='ocrx_word' id='word_1_162' title='bbox 882 2337 1152 2382; x_wconf 88' lang='lat' dir='ltr'><strong>curarent.</strong></span> <span class='ocrx_word' id='word_1_163' title='bbox 1176 2326 1284 2381; x_wconf 88' lang='lat' dir='ltr'><strong>Cur</strong></span> <span class='ocrx_word' id='word_1_164' title='bbox 1300 2343 1404 2381; x_wconf 89' lang='lat' dir='ltr'><strong>non</strong></span> <span class='ocrx_word' id='word_1_165' title='bbox 1429 2329 1638 2382; x_wconf 88' lang='lat' dir='ltr'><strong>occulte</strong></span> <span class='ocrx_word' id='word_1_166' title='bbox 1663 2327 2085 2383; x_wconf 74' lang='lat' dir='ltr'><strong>interfecerunt?</strong></span> 
     </span>
    </p>
   </div>
   <div class='ocr_carea' id='block_1_23' title="bbox 498 2416 2083 2486">
    <p class='ocr_par' dir='ltr' id='par_1_23' title="bbox 498 2416 2083 2486">
     <span class='ocr_line' id='line_1_23' title="bbox 498 2416 2083 2486; baseline 0.004 -20"><span class='ocrx_word' id='word_1_167' title='bbox 498 2416 758 2472; x_wconf 73' lang='lat' dir='ltr'><strong>Volebaut</strong></span> <span class='ocrx_word' id='word_1_168' title='bbox 779 2433 973 2485; x_wconf 80' lang='lat' dir='ltr'><strong>nempe</strong></span> <span class='ocrx_word' id='word_1_169' title='bbox 995 2418 1188 2470; x_wconf 88' lang='lat' dir='ltr'><strong>malam</strong></span> <span class='ocrx_word' id='word_1_170' title='bbox 1216 2418 1288 2471; x_wconf 89' lang='lat' dir='ltr'><strong>illi</strong></span> <span class='ocrx_word' id='word_1_171' title='bbox 1319 2432 1508 2484; x_wconf 76' lang='lat' dir='ltr'><strong>parere</strong></span> <span class='ocrx_word' id='word_1_172' title='bbox 1537 2419 1752 2472; x_wconf 85' lang='lat' dir='ltr'><strong>famam.</strong></span> <span class='ocrx_word' id='word_1_173' title='bbox 1783 2418 1915 2486; x_wconf 86' lang='lat' dir='ltr'><strong>Quia</strong></span> <span class='ocrx_word' id='word_1_174' title='bbox 1943 2419 2083 2473; x_wconf 89' lang='lat' dir='ltr'><strong>enim</strong></span> 
     </span>
    </p>
   </div>
   <div class='ocr_carea' id='block_1_24' title="bbox 496 2511 2086 2582">
    <p class='ocr_par' dir='ltr' id='par_1_24' title="bbox 496 2511 2086 2582">
     <span class='ocr_line' id='line_1_24' title="bbox 496 2511 2086 2582; baseline 0.001 -16"><span class='ocrx_word' id='word_1_175' title='bbox 496 2514 646 2566; x_wconf 90' lang='lat' dir='ltr'><strong>multi</strong></span> <span class='ocrx_word' id='word_1_176' title='bbox 671 2513 815 2566; x_wconf 89' lang='lat' dir='ltr'><strong>illum</strong></span> <span class='ocrx_word' id='word_1_177' title='bbox 838 2512 1138 2578; x_wconf 88' lang='lat' dir='ltr'><strong>audierant,</strong></span> <span class='ocrx_word' id='word_1_178' title='bbox 1161 2512 1556 2582; x_wconf 84' lang='lat' dir='ltr'><strong>admodumqne</strong></span> <span class='ocrx_word' id='word_1_179' title='bbox 1587 2511 1936 2579; x_wconf 75' lang='lat' dir='ltr'><strong>mirabantur,</strong></span> <span class='ocrx_word' id='word_1_180' title='bbox 1965 2513 2086 2567; x_wconf 91' lang='lat' dir='ltr'><strong>ideo</strong></span> 
     </span>
    </p>
   </div>
   <div class='ocr_carea' id='block_1_25' title="bbox 493 2603 2083 2673">
    <p class='ocr_par' dir='ltr' id='par_1_25' title="bbox 493 2603 2083 2673">
     <span class='ocr_line' id='line_1_25' title="bbox 493 2603 2083 2673; baseline 0.003 -18"><span class='ocrx_word' id='word_1_181' title='bbox 493 2621 710 2673; x_wconf 84' lang='lat' dir='ltr'><strong>operam</strong></span> <span class='ocrx_word' id='word_1_182' title='bbox 739 2604 938 2657; x_wconf 87' lang='lat' dir='ltr'><strong>dabant</strong></span> <span class='ocrx_word' id='word_1_183' title='bbox 969 2615 1024 2656; x_wconf 82' lang='lat' dir='ltr'><strong>ut</strong></span> <span class='ocrx_word' id='word_1_184' title='bbox 1057 2603 1268 2673; x_wconf 78' lang='lat' dir='ltr'><strong>publice</strong></span> <span class='ocrx_word' id='word_1_185' title='bbox 1293 2613 1347 2657; x_wconf 89' lang='lat' dir='ltr'><strong>et</strong></span> <span class='ocrx_word' id='word_1_186' title='bbox 1388 2618 1568 2658; x_wconf 86' lang='lat' dir='ltr'><strong>coram</strong></span> <span class='ocrx_word' id='word_1_187' title='bbox 1600 2603 1941 2658; x_wconf 90' lang='lat' dir='ltr'><strong>multitudine</strong></span> <span class='ocrx_word' id='word_1_188' title='bbox 1985 2620 2083 2659; x_wconf 86' lang='lat' dir='ltr'><strong>nc-</strong></span> 
     </span>
    </p>
   </div>
   <div class='ocr_carea' id='block_1_26' title="bbox 493 2691 2082 2762">
    <p class='ocr_par' dir='ltr' id='par_1_26' title="bbox 493 2691 2082 2762">
     <span class='ocr_line' id='line_1_26' title="bbox 493 2691 2082 2762; baseline 0.002 -17"><span class='ocrx_word' id='word_1_189' title='bbox 493 2705 727 2747; x_wconf 83' lang='lat' dir='ltr'><strong>caretur.</strong></span> <span class='ocrx_word' id='word_1_190' title='bbox 757 2691 1004 2748; x_wconf 85' lang='lat' dir='ltr'><strong>Christus</strong></span> <span class='ocrx_word' id='word_1_191' title='bbox 1032 2707 1164 2748; x_wconf 89' lang='lat' dir='ltr'><strong>vero</strong></span> <span class='ocrx_word' id='word_1_192' title='bbox 1189 2692 1239 2746; x_wconf 93' lang='lat' dir='ltr'><strong>id</strong></span> <span class='ocrx_word' id='word_1_193' title='bbox 1282 2709 1386 2746; x_wconf 85' lang='lat' dir='ltr'><strong>non</strong></span> <span class='ocrx_word' id='word_1_194' title='bbox 1421 2693 1715 2762; x_wconf 76' lang='lat' dir='ltr'><strong>impedivit,</strong></span> <span class='ocrx_word' id='word_1_195' title='bbox 1746 2692 1838 2749; x_wconf 86' lang='lat' dir='ltr'><strong>sed</strong></span> <span class='ocrx_word' id='word_1_196' title='bbox 1870 2693 2082 2748; x_wconf 88' lang='lat' dir='ltr'><strong>illorum</strong></span> 
     </span>
    </p>
   </div>
   <div class='ocr_carea' id='block_1_27' title="bbox 495 2784 2086 2855">
    <p class='ocr_par' dir='ltr' id='par_1_27' title="bbox 495 2784 2086 2855">
     <span class='ocr_line' id='line_1_27' title="bbox 495 2784 2086 2855; baseline 0.002 -16"><span class='ocrx_word' id='word_1_197' title='bbox 495 2786 732 2855; x_wconf 84' lang='lat' dir='ltr'><strong>nequitia</strong></span> <span class='ocrx_word' id='word_1_198' title='bbox 759 2784 823 2838; x_wconf 89' lang='lat' dir='ltr'><strong>ad</strong></span> <span class='ocrx_word' id='word_1_199' title='bbox 853 2785 1096 2840; x_wconf 86' lang='lat' dir='ltr'><strong>veritatis</strong></span> <span class='ocrx_word' id='word_1_200' title='bbox 1121 2786 1581 2841; x_wconf 82' lang='lat' dir='ltr'><strong>conﬁrmationem</strong></span> <span class='ocrx_word' id='word_1_201' title='bbox 1624 2803 1750 2841; x_wconf 87' lang='lat' dir='ltr'><strong>usus</strong></span> <span class='ocrx_word' id='word_1_202' title='bbox 1780 2799 1881 2854; x_wconf 89' lang='lat' dir='ltr'><strong>est,</strong></span> <span class='ocrx_word' id='word_1_203' title='bbox 1915 2789 1984 2842; x_wconf 91' lang='lat' dir='ltr'><strong>ita</strong></span> <span class='ocrx_word' id='word_1_204' title='bbox 2028 2799 2086 2842; x_wconf 87' lang='lat' dir='ltr'><strong>ut</strong></span> 
     </span>
    </p>
   </div>
   <div class='ocr_carea' id='block_1_28' title="bbox 496 2879 2083 2943">
    <p class='ocr_par' dir='ltr' id='par_1_28' title="bbox 496 2879 2083 2943">
     <span class='ocr_line' id='line_1_28' title="bbox 496 2879 2083 2943; baseline 0.003 -12"><span class='ocrx_word' id='word_1_205' title='bbox 496 2893 643 2932; x_wconf 82' lang='lat' dir='ltr'><strong>mors</strong></span> <span class='ocrx_word' id='word_1_206' title='bbox 672 2879 788 2943; x_wconf 79' lang='lat' dir='ltr'><strong>ejus</strong></span> <span class='ocrx_word' id='word_1_207' title='bbox 812 2879 1063 2933; x_wconf 89' lang='lat' dir='ltr'><strong>omnibus</strong></span> <span class='ocrx_word' id='word_1_208' title='bbox 1089 2888 1229 2933; x_wconf 85' lang='lat' dir='ltr'><strong>esset</strong></span> <span class='ocrx_word' id='word_1_209' title='bbox 1255 2879 1555 2934; x_wconf 85' lang='lat' dir='ltr'><strong>manifesta.</strong></span> <span class='ocrx_word' id='word_1_210' title='bbox 1589 2883 1662 2934; x_wconf 84' lang='lat' dir='ltr'><strong>Ac</strong></span> <span class='ocrx_word' id='word_1_211' title='bbox 1683 2892 1868 2934; x_wconf 90' lang='lat' dir='ltr'><strong>contra</strong></span> <span class='ocrx_word' id='word_1_212' title='bbox 1892 2882 2083 2936; x_wconf 85' lang='lat' dir='ltr'><strong>accidit</strong></span> 
     </span>
    </p>
   </div>
   <div class='ocr_carea' id='block_1_29' title="bbox 493 2969 2079 3041">
    <p class='ocr_par' dir='ltr' id='par_1_29' title="bbox 493 2969 2079 3041">
     <span class='ocr_line' id='line_1_29' title="bbox 493 2969 2079 3041; baseline 0.003 -21"><span class='ocrx_word' id='word_1_213' title='bbox 493 2987 652 3040; x_wconf 86' lang='lat' dir='ltr'><strong>quam</strong></span> <span class='ocrx_word' id='word_1_214' title='bbox 684 2970 783 3040; x_wconf 90' lang='lat' dir='ltr'><strong>ipsi</strong></span> <span class='ocrx_word' id='word_1_215' title='bbox 814 2969 1082 3024; x_wconf 87' lang='lat' dir='ltr'><strong>volebant.</strong></span> <span class='ocrx_word' id='word_1_216' title='bbox 1120 2970 1196 3024; x_wconf 91' lang='lat' dir='ltr'><strong>Illi</strong></span> <span class='ocrx_word' id='word_1_217' title='bbox 1231 2987 1460 3041; x_wconf 77' lang='lat' dir='ltr'><strong>uanique</strong></span> <span class='ocrx_word' id='word_1_218' title='bbox 1505 2972 1652 3025; x_wconf 91' lang='lat' dir='ltr'><strong>illum</strong></span> <span class='ocrx_word' id='word_1_219' title='bbox 1683 2973 1940 3028; x_wconf 81' lang='lat' dir='ltr'><strong>infamare</strong></span> <span class='ocrx_word' id='word_1_220' title='bbox 1985 2989 2079 3027; x_wconf 83' lang='lat' dir='ltr'><strong>cn-</strong></span> 
     </span>
    </p>
   </div>
   <div class='ocr_carea' id='block_1_30' title="bbox 496 3064 2084 3135">
    <p class='ocr_par' dir='ltr' id='par_1_30' title="bbox 496 3064 2084 3135">
     <span class='ocr_line' id='line_1_30' title="bbox 496 3064 2084 3135; baseline 0.006 -22"><span class='ocrx_word' id='word_1_221' title='bbox 496 3064 731 3131; x_wconf 76' lang='lat' dir='ltr'><strong>piebant,</strong></span> <span class='ocrx_word' id='word_1_222' title='bbox 775 3075 831 3118; x_wconf 90' lang='lat' dir='ltr'><strong>nt</strong></span> <span class='ocrx_word' id='word_1_223' title='bbox 861 3064 1127 3120; x_wconf 89' lang='lat' dir='ltr'><strong>dedecore</strong></span> <span class='ocrx_word' id='word_1_224' title='bbox 1155 3067 1450 3135; x_wconf 79' lang='lat' dir='ltr'><strong>replerent;</strong></span> <span class='ocrx_word' id='word_1_225' title='bbox 1479 3067 1566 3121; x_wconf 89' lang='lat' dir='ltr'><strong>ille</strong></span> <span class='ocrx_word' id='word_1_226' title='bbox 1597 3083 1723 3120; x_wconf 89' lang='lat' dir='ltr'><strong>vero</strong></span> <span class='ocrx_word' id='word_1_227' title='bbox 1750 3067 1847 3122; x_wconf 90' lang='lat' dir='ltr'><strong>bac</strong></span> <span class='ocrx_word' id='word_1_228' title='bbox 1877 3070 2084 3126; x_wconf 88' lang='lat' dir='ltr'><strong>ratione</strong></span> 
     </span>
    </p>
   </div>
   <div class='ocr_carea' id='block_1_31' title="bbox 497 3157 2078 3232">
    <p class='ocr_par' dir='ltr' id='par_1_31' title="bbox 497 3157 2078 3232">
     <span class='ocr_line' id='line_1_31' title="bbox 497 3157 2078 3232; baseline 0.004 -22"><span class='ocrx_word' id='word_1_229' title='bbox 497 3158 665 3226; x_wconf 80' lang='lat' dir='ltr'><strong>magis</strong></span> <span class='ocrx_word' id='word_1_230' title='bbox 694 3157 1010 3225; x_wconf 83' lang='lat' dir='ltr'><strong>Splendidus</strong></span> <span class='ocrx_word' id='word_1_231' title='bbox 1049 3161 1475 3230; x_wconf 82' lang='lat' dir='ltr'><strong>conspicuusque</strong></span> <span class='ocrx_word' id='word_1_232' title='bbox 1501 3162 1688 3214; x_wconf 90' lang='lat' dir='ltr'><strong>evasit.</strong></span> <span class='ocrx_word' id='word_1_233' title='bbox 1723 3163 1800 3216; x_wconf 79' lang='lat' dir='ltr'><strong>Ac</strong></span> <span class='ocrx_word' id='word_1_234' title='bbox 1822 3165 2078 3232; x_wconf 82' lang='lat' dir='ltr'><strong>quemad-</strong></span> 
     </span>
    </p>
   </div>
   <div class='ocr_carea' id='block_1_32' title="bbox 495 3251 2078 3321">
    <p class='ocr_par' dir='ltr' id='par_1_32' title="bbox 495 3251 2078 3321">
     <span class='ocr_line' id='line_1_32' title="bbox 495 3251 2078 3321; baseline 0.003 -18"><span class='ocrx_word' id='word_1_235' title='bbox 495 3251 710 3304; x_wconf 87' lang='lat' dir='ltr'><strong>modum</strong></span> <span class='ocrx_word' id='word_1_236' title='bbox 734 3251 1004 3318; x_wconf 86' lang='lat' dir='ltr'><strong>dicebant,</strong></span> <span class='ocrx_word' id='word_1_237' title='bbox 1031 3251 1338 3307; x_wconf 85' lang='lat' dir='ltr'><strong>Occidamus</strong></span> <span class='ocrx_word' id='word_1_238' title='bbox 1359 3270 1492 3313; x_wconf 86' lang='lat' dir='ltr'><strong>eum.</strong></span> <span class='ocrx_word' id='word_1_239' title='bbox 1520 3271 1580 3308; x_wconf 83' lang='lat' dir='ltr'><strong>ne</strong></span> <span class='ocrx_word' id='word_1_240' title='bbox 1614 3255 1812 3308; x_wconf 75' lang='lat' dir='ltr'><strong>veniant</strong></span> <span class='ocrx_word' id='word_1_241' title='bbox 1843 3254 2078 3321; x_wconf 79' lang='lat' dir='ltr'><strong>Romani,</strong></span> 
     </span>
    </p>
   </div>
   <div class='ocr_carea' id='block_1_33' title="bbox 493 3343 2078 3420">
    <p class='ocr_par' dir='ltr' id='par_1_33' title="bbox 493 3343 2078 3420">
     <span class='ocr_line' id='line_1_33' title="bbox 493 3343 2078 3420; baseline 0.008 -27"><span class='ocrx_word' id='word_1_242' title='bbox 493 3352 541 3393; x_wconf 69' lang='lat' dir='ltr'><strong>et</strong></span> <span class='ocrx_word' id='word_1_243' title='bbox 581 3343 760 3395; x_wconf 84' lang='lat' dir='ltr'><strong>tollant</strong></span> <span class='ocrx_word' id='word_1_244' title='bbox 786 3345 1036 3398; x_wconf 85' lang='lat' dir='ltr'><strong>civitatem</strong></span> <span class='ocrx_word' id='word_1_245' title='bbox 1067 3355 1290 3399; x_wconf 84' lang='lat' dir='ltr'><strong>nostram</strong></span> <span class='ocrx_word' id='word_1_246' title='bbox 1318 3356 1362 3400; x_wconf 89' lang='lat' dir='ltr'><strong>et</strong></span> <span class='ocrx_word' id='word_1_247' title='bbox 1392 3356 1586 3416; x_wconf 81' lang='lat' dir='ltr'><strong>gentem</strong></span> <span class='ocrx_word' id='word_1_248' title='bbox 1615 3347 1812 3417; x_wconf 82' lang='lat' dir='ltr'><strong>(Joan.</strong></span> <span class='ocrx_word' id='word_1_249' title='bbox 1837 3350 1923 3402; x_wconf 81' lang='lat' dir='ltr'><strong>ll.</strong></span> <span class='ocrx_word' id='word_1_250' title='bbox 1954 3350 2078 3420; x_wconf 66' lang='lat'><strong>48),</strong></span> 
     </span>
    </p>
   </div>
   <div class='ocr_carea' id='block_1_34' title="bbox 493 3437 2078 3507">
    <p class='ocr_par' dir='ltr' id='par_1_34' title="bbox 493 3437 2078 3507">
     <span class='ocr_line' id='line_1_34' title="bbox 493 3437 2078 3507; baseline 0.003 -17"><span class='ocrx_word' id='word_1_251' title='bbox 493 3448 547 3490; x_wconf 83' lang='lat' dir='ltr'><strong>et</strong></span> <span class='ocrx_word' id='word_1_252' title='bbox 577 3448 852 3504; x_wconf 58' lang='lat' dir='ltr'><strong>postquam</strong></span> <span class='ocrx_word' id='word_1_253' title='bbox 883 3438 1195 3491; x_wconf 75' lang='lat' dir='ltr'><strong>occiderunt</strong></span> <span class='ocrx_word' id='word_1_254' title='bbox 1232 3453 1375 3503; x_wconf 89' lang='lat' dir='ltr'><strong>eum,</strong></span> <span class='ocrx_word' id='word_1_255' title='bbox 1403 3437 1504 3492; x_wconf 84' lang='lat' dir='ltr'><strong>hoc</strong></span> <span class='ocrx_word' id='word_1_256' title='bbox 1547 3439 1717 3507; x_wconf 92' lang='lat' dir='ltr'><strong>ipsum</strong></span> <span class='ocrx_word' id='word_1_257' title='bbox 1745 3442 1923 3494; x_wconf 85' lang='lat' dir='ltr'><strong>evenit</strong></span> <span class='ocrx_word' id='word_1_258' title='bbox 1955 3459 1968 3494; x_wconf 91' lang='lat'><strong>:</strong></span> <span class='ocrx_word' id='word_1_259' title='bbox 2009 3442 2078 3494; x_wconf 84' lang='lat' dir='ltr'><strong>ita</strong></span> 
     </span>
    </p>
   </div>
   <div class='ocr_carea' id='block_1_35' title="bbox 493 3526 2080 3598">
    <p class='ocr_par' dir='ltr' id='par_1_35' title="bbox 493 3526 2080 3598">
     <span class='ocr_line' id='line_1_35' title="bbox 493 3526 2080 3598; baseline 0.004 -21"><span class='ocrx_word' id='word_1_260' title='bbox 493 3535 549 3578; x_wconf 91' lang='lat' dir='ltr'><strong>et</strong></span> <span class='ocrx_word' id='word_1_261' title='bbox 580 3541 718 3579; x_wconf 91' lang='lat' dir='ltr'><strong>nunc</strong></span> <span class='ocrx_word' id='word_1_262' title='bbox 747 3526 954 3595; x_wconf 86' lang='lat' dir='ltr'><strong>publice</strong></span> <span class='ocrx_word' id='word_1_263' title='bbox 981 3526 1127 3580; x_wconf 91' lang='lat' dir='ltr'><strong>illum</strong></span> <span class='ocrx_word' id='word_1_264' title='bbox 1156 3528 1556 3594; x_wconf 89' lang='lat' dir='ltr'><strong>crucifixerunt,</strong></span> <span class='ocrx_word' id='word_1_265' title='bbox 1583 3539 1640 3582; x_wconf 92' lang='lat' dir='ltr'><strong>ut</strong></span> <span class='ocrx_word' id='word_1_266' title='bbox 1665 3530 1780 3598; x_wconf 85' lang='lat' dir='ltr'><strong>ejus</strong></span> <span class='ocrx_word' id='word_1_267' title='bbox 1803 3533 2080 3586; x_wconf 75' lang='lat' dir='ltr'><strong>existima-</strong></span> 
     </span>
    </p>
   </div>
   <div class='ocr_carea' id='block_1_36' title="bbox 497 3613 2079 3686">
    <p class='ocr_par' dir='ltr' id='par_1_36' title="bbox 497 3613 2079 3686">
     <span class='ocr_line' id='line_1_36' title="bbox 497 3613 2079 3686; baseline 0.006 -20"><span class='ocrx_word' id='word_1_268' title='bbox 497 3613 694 3668; x_wconf 89' lang='lat' dir='ltr'><strong>tionem</strong></span> <span class='ocrx_word' id='word_1_269' title='bbox 730 3615 984 3669; x_wconf 76' lang='lat' dir='ltr'><strong>lzedcrent</strong></span> <span class='ocrx_word' id='word_1_270' title='bbox 1004 3656 1019 3680; x_wconf 93' lang='lat'><strong>,</strong></span> <span class='ocrx_word' id='word_1_271' title='bbox 1052 3625 1107 3670; x_wconf 92' lang='lat' dir='ltr'><strong>et</strong></span> <span class='ocrx_word' id='word_1_272' title='bbox 1135 3618 1460 3671; x_wconf 87' lang='lat' dir='ltr'><strong>contrarium</strong></span> <span class='ocrx_word' id='word_1_273' title='bbox 1488 3621 1684 3672; x_wconf 89' lang='lat' dir='ltr'><strong>evenit.</strong></span> <span class='ocrx_word' id='word_1_274' title='bbox 1715 3619 1872 3686; x_wconf 86' lang='lat' dir='ltr'><strong>Quod</strong></span> <span class='ocrx_word' id='word_1_275' title='bbox 1901 3631 2079 3676; x_wconf 86' lang='lat' dir='ltr'><strong>autem</strong></span> 
     </span>
    </p>
   </div>
   <div class='ocr_carea' id='block_1_37' title="bbox 496 3709 2078 3781">
    <p class='ocr_par' dir='ltr' id='par_1_37' title="bbox 496 3709 2078 3781">
     <span class='ocr_line' id='line_1_37' title="bbox 496 3709 2078 3781; baseline 0.005 -22"><span class='ocrx_word' id='word_1_276' title='bbox 496 3717 810 3776; x_wconf 82' lang='lat' dir='ltr'><strong>potestatein</strong></span> <span class='ocrx_word' id='word_1_277' title='bbox 840 3709 1097 3764; x_wconf 87' lang='lat' dir='ltr'><strong>baberent</strong></span> <span class='ocrx_word' id='word_1_278' title='bbox 1127 3726 1221 3779; x_wconf 84' lang='lat' dir='ltr'><strong>per</strong></span> <span class='ocrx_word' id='word_1_279' title='bbox 1244 3711 1452 3781; x_wconf 91' lang='lat' dir='ltr'><strong>seipsos</strong></span> <span class='ocrx_word' id='word_1_280' title='bbox 1494 3712 1642 3766; x_wconf 90' lang='lat' dir='ltr'><strong>illum</strong></span> <span class='ocrx_word' id='word_1_281' title='bbox 1696 3714 2043 3768; x_wconf 78' lang='lat' dir='ltr'><strong>interﬁciendi</strong></span> <span class='ocrx_word' id='word_1_282' title='bbox 2063 3758 2078 3780; x_wconf 90' lang='lat'><strong>,</strong></span> 
     </span>
    </p>
   </div>
   <div class='ocr_carea' id='block_1_38' title="bbox 493 3799 2081 3873">
    <p class='ocr_par' dir='ltr' id='par_1_38' title="bbox 493 3799 2081 3873">
     <span class='ocr_line' id='line_1_38' title="bbox 493 3799 2081 3873; baseline 0.007 -23"><span class='ocrx_word' id='word_1_283' title='bbox 493 3799 616 3852; x_wconf 89' lang='lat' dir='ltr'><strong>andi</strong></span> <span class='ocrx_word' id='word_1_284' title='bbox 650 3799 876 3855; x_wconf 85' lang='lat' dir='ltr'><strong>Pilatum</strong></span> <span class='ocrx_word' id='word_1_285' title='bbox 901 3801 950 3855; x_wconf 92' lang='lat' dir='ltr'><strong>id</strong></span> <span class='ocrx_word' id='word_1_286' title='bbox 982 3811 1312 3857; x_wconf 83' lang='lat' dir='ltr'><strong>asserenlcm</strong></span> <span class='ocrx_word' id='word_1_287' title='bbox 1350 3820 1363 3854; x_wconf 94' lang='lat'><strong>:</strong></span> <span class='ocrx_word' id='word_1_288' title='bbox 1406 3803 1629 3873; x_wconf 81' lang='lat' dir='ltr'><strong>Accipite</strong></span> <span class='ocrx_word' id='word_1_289' title='bbox 1653 3821 1765 3858; x_wconf 84' lang='lat' dir='ltr'><strong>eum</strong></span> <span class='ocrx_word' id='word_1_290' title='bbox 1796 3821 1900 3870; x_wconf 84' lang='lat' dir='ltr'><strong>vos,</strong></span> <span class='ocrx_word' id='word_1_291' title='bbox 1928 3818 1974 3860; x_wconf 88' lang='lat' dir='ltr'><strong>et</strong></span> <span class='ocrx_word' id='word_1_292' title='bbox 2003 3825 2081 3861; x_wconf 85' lang='lat' dir='ltr'><strong>se-</strong></span> 
     </span>
    </p>
   </div>
   <div class='ocr_carea' id='block_1_39' title="bbox 491 3891 2080 3970">
    <p class='ocr_par' dir='ltr' id='par_1_39' title="bbox 491 3891 2080 3970">
     <span class='ocr_line' id='line_1_39' title="bbox 491 3891 2080 3970; baseline 0.008 -28"><span class='ocrx_word' id='word_1_293' title='bbox 491 3891 711 3944; x_wconf 80' lang='lat' dir='ltr'><strong>cundum</strong></span> <span class='ocrx_word' id='word_1_294' title='bbox 735 3891 892 3959; x_wconf 76' lang='lat' dir='ltr'><strong>legem</strong></span> <span class='ocrx_word' id='word_1_295' title='bbox 916 3902 1129 3947; x_wconf 86' lang='lat' dir='ltr'><strong>vestram</strong></span> <span class='ocrx_word' id='word_1_296' title='bbox 1144 3894 1378 3966; x_wconf 81' lang='lat' dir='ltr'><strong>judicate</strong></span> <span class='ocrx_word' id='word_1_297' title='bbox 1397 3895 1560 3966; x_wconf 86' lang='lat' dir='ltr'><strong>ipsum</strong></span> <span class='ocrx_word' id='word_1_298' title='bbox 1580 3897 1759 3966; x_wconf 80' lang='lat' dir='ltr'><strong>(Joan.</strong></span> <span class='ocrx_word' id='word_1_299' title='bbox 1793 3899 1879 3954; x_wconf 83' lang='lat' dir='ltr'><strong>l9.</strong></span> <span class='ocrx_word' id='word_1_300' title='bbox 1914 3901 1989 3970; x_wconf 82' lang='lat'><strong>6).</strong></span> <span class='ocrx_word' id='word_1_301' title='bbox 2013 3903 2080 3955; x_wconf 82' lang='lat' dir='ltr'><strong>At</strong></span> 
     </span>
    </p>
   </div>
   <div class='ocr_carea' id='block_1_40' title="bbox 489 3980 2078 4058">
    <p class='ocr_par' dir='ltr' id='par_1_40' title="bbox 489 3980 2078 4058">
     <span class='ocr_line' id='line_1_40' title="bbox 489 3980 2078 4058; baseline 0.008 -25"><span class='ocrx_word' id='word_1_302' title='bbox 489 3980 541 4033; x_wconf 90' lang='lat' dir='ltr'><strong>id</strong></span> <span class='ocrx_word' id='word_1_303' title='bbox 578 3983 648 4035; x_wconf 91' lang='lat' dir='ltr'><strong>illi</strong></span> <span class='ocrx_word' id='word_1_304' title='bbox 680 3984 984 4049; x_wconf 86' lang='lat' dir='ltr'><strong>noluerunt,</strong></span> <span class='ocrx_word' id='word_1_305' title='bbox 1017 3995 1074 4038; x_wconf 93' lang='lat' dir='ltr'><strong>ut</strong></span> <span class='ocrx_word' id='word_1_306' title='bbox 1099 3986 1249 4054; x_wconf 80' lang='lat' dir='ltr'><strong>quasi</strong></span> <span class='ocrx_word' id='word_1_307' title='bbox 1280 3987 1512 4056; x_wconf 91' lang='lat' dir='ltr'><strong>iniquus,</strong></span> <span class='ocrx_word' id='word_1_308' title='bbox 1535 3998 1792 4058; x_wconf 83' lang='lat' dir='ltr'><strong>tyrannus</strong></span> <span class='ocrx_word' id='word_1_309' title='bbox 1817 4000 1870 4044; x_wconf 91' lang='lat' dir='ltr'><strong>et</strong></span> <span class='ocrx_word' id='word_1_310' title='bbox 1894 3990 2078 4046; x_wconf 84' lang='lat' dir='ltr'><strong>factio-</strong></span> 
     </span>
    </p>
   </div>
   <div class='ocr_carea' id='block_1_41' title="bbox 495 4072 2080 4145">
    <p class='ocr_par' dir='ltr' id='par_1_41' title="bbox 495 4072 2080 4145">
     <span class='ocr_line' id='line_1_41' title="bbox 495 4072 2080 4145; baseline 0.008 -22"><span class='ocrx_word' id='word_1_311' title='bbox 495 4086 587 4123; x_wconf 85' lang='lat' dir='ltr'><strong>sus</strong></span> <span class='ocrx_word' id='word_1_312' title='bbox 616 4072 784 4124; x_wconf 83' lang='lat' dir='ltr'><strong>occidi</strong></span> <span class='ocrx_word' id='word_1_313' title='bbox 805 4073 1096 4128; x_wconf 88' lang='lat' dir='ltr'><strong>videretur.</strong></span> <span class='ocrx_word' id='word_1_314' title='bbox 1113 4077 1450 4145; x_wconf 84' lang='lat' dir='ltr'><strong>Quapropter</strong></span> <span class='ocrx_word' id='word_1_315' title='bbox 1469 4078 1700 4134; x_wconf 84' lang='lat' dir='ltr'><strong>latrones</strong></span> <span class='ocrx_word' id='word_1_316' title='bbox 1715 4096 1838 4136; x_wconf 90' lang='lat' dir='ltr'><strong>cum</strong></span> <span class='ocrx_word' id='word_1_317' title='bbox 1857 4082 1946 4135; x_wconf 92' lang='lat' dir='ltr'><strong>illo</strong></span> <span class='ocrx_word' id='word_1_318' title='bbox 1959 4098 2080 4138; x_wconf 90' lang='lat' dir='ltr'><strong>cru-</strong></span> 
     </span>
    </p>
   </div>
   <div class='ocr_carea' id='block_1_42' title="bbox 491 4162 2079 4229">
    <p class='ocr_par' dir='ltr' id='par_1_42' title="bbox 491 4162 2079 4229">
     <span class='ocr_line' id='line_1_42' title="bbox 491 4162 2079 4229; baseline 0.009 -15"><span class='ocrx_word' id='word_1_319' title='bbox 491 4162 795 4225; x_wconf 84' lang='lat' dir='ltr'><strong>cilixerunt;</strong></span> <span class='ocrx_word' id='word_1_320' title='bbox 826 4165 1022 4220; x_wconf 88' lang='lat' dir='ltr'><strong>idcirco</strong></span> <span class='ocrx_word' id='word_1_321' title='bbox 1042 4167 1286 4221; x_wconf 88' lang='lat' dir='ltr'><strong>dicebant</strong></span> <span class='ocrx_word' id='word_1_322' title='bbox 1306 4187 1319 4222; x_wconf 92' lang='lat'>:</span> <span class='ocrx_word' id='word_1_323' title='bbox 1345 4168 1470 4223; x_wconf 84' lang='lat' dir='ltr'><strong>Noli</strong></span> <span class='ocrx_word' id='word_1_324' title='bbox 1486 4172 1699 4225; x_wconf 86' lang='lat' dir='ltr'><strong>scribere</strong></span> <span class='ocrx_word' id='word_1_325' title='bbox 1715 4173 1852 4228; x_wconf 85' lang='lat' dir='ltr'><strong>hunc</strong></span> <span class='ocrx_word' id='word_1_326' title='bbox 1875 4191 1981 4228; x_wconf 84' lang='lat' dir='ltr'><strong>esse</strong></span> <span class='ocrx_word' id='word_1_327' title='bbox 1999 4192 2079 4229; x_wconf 84' lang='lat' dir='ltr'><strong>re-</strong></span> 
     </span>
    </p>
   </div>
   <div class='ocr_carea' id='block_1_43' title="bbox 485 4253 2076 4335">
    <p class='ocr_par' dir='ltr' id='par_1_43' title="bbox 485 4253 2076 4335">
     <span class='ocr_line' id='line_1_43' title="bbox 485 4253 2076 4335; baseline 0.006 -27"><span class='ocrx_word' id='word_1_328' title='bbox 485 4271 594 4324; x_wconf 84' lang='lat' dir='ltr'><strong>gem</strong></span> <span class='ocrx_word' id='word_1_329' title='bbox 610 4253 928 4322; x_wconf 72' lang='lat' dir='ltr'><strong>Judreorum,</strong></span> <span class='ocrx_word' id='word_1_330' title='bbox 947 4258 1036 4312; x_wconf 82' lang='lat' dir='ltr'><strong>sed</strong></span> <span class='ocrx_word' id='word_1_331' title='bbox 1052 4257 1195 4312; x_wconf 79' lang='lat' dir='ltr'><strong>illum</strong></span> <span class='ocrx_word' id='word_1_332' title='bbox 1210 4277 1262 4314; x_wconf 83' lang='lat' dir='ltr'><strong>se</strong></span> <span class='ocrx_word' id='word_1_333' title='bbox 1274 4277 1437 4331; x_wconf 82' lang='lat' dir='ltr'><strong>regem</strong></span> <span class='ocrx_word' id='word_1_334' title='bbox 1451 4263 1637 4316; x_wconf 73' lang='lat' dir='ltr'><strong>dixisse</strong></span> <span class='ocrx_word' id='word_1_335' title='bbox 1656 4264 1709 4335; x_wconf 83' lang='lat' dir='ltr'><strong>(J</strong></span> <span class='ocrx_word' id='word_1_336' title='bbox 1717 4283 1812 4317; x_wconf 85' lang='lat' dir='ltr'><strong>oan</strong></span> <span class='ocrx_word' id='word_1_337' title='bbox 1822 4305 1835 4319; x_wconf 94' lang='lat'><strong>.</strong></span> <span class='ocrx_word' id='word_1_338' title='bbox 1858 4268 1879 4321; x_wconf 36' lang='lat' dir='ltr'><strong>‘l</strong></span> <span class='ocrx_word' id='word_1_339' title='bbox 1892 4267 1944 4321; x_wconf 89' lang='lat'><strong>9.</strong></span> <span class='ocrx_word' id='word_1_340' title='bbox 1963 4267 2023 4320; x_wconf 71' lang='grc'><strong>21</strong></span> <span class='ocrx_word' id='word_1_341' title='bbox 2038 4269 2076 4328; x_wconf 94' lang='grc'><strong>).</strong></span> 
     </span>
    </p>
   </div>
   <div class='ocr_carea' id='block_1_44' title="bbox 565 4345 2079 4426">
    <p class='ocr_par' dir='ltr' id='par_1_44' title="bbox 565 4345 2079 4426">
     <span class='ocr_line' id='line_1_44' title="bbox 565 4345 2079 4426; baseline 0.009 -28"><span class='ocrx_word' id='word_1_342' title='bbox 565 4345 786 4400; x_wconf 77' lang='lat' dir='ltr'><strong>Fulsitns</strong></span> <span class='ocrx_word' id='word_1_343' title='bbox 808 4365 896 4416; x_wconf 88' lang='lat' dir='ltr'><strong>per</strong></span> <span class='ocrx_word' id='word_1_344' title='bbox 924 4365 978 4403; x_wconf 84' lang='lat' dir='ltr'><strong>se</strong></span> <span class='ocrx_word' id='word_1_345' title='bbox 1005 4350 1190 4404; x_wconf 84' lang='lat' dir='ltr'><strong>soluta.</strong></span> <span class='ocrx_word' id='word_1_346' title='bbox 1220 4381 1290 4390; x_wconf 90' lang='lat'><strong>-——</strong></span> <span class='ocrx_word' id='word_1_347' title='bbox 1321 4353 1443 4406; x_wconf 66' lang='lat' dir='ltr'><strong>Ilaec</strong></span> <span class='ocrx_word' id='word_1_348' title='bbox 1471 4369 1633 4422; x_wconf 90' lang='lat' dir='ltr'><strong>porro</strong></span> <span class='ocrx_word' id='word_1_349' title='bbox 1659 4356 1834 4409; x_wconf 87' lang='lat' dir='ltr'><strong>omnia</strong></span> <span class='ocrx_word' id='word_1_350' title='bbox 1863 4373 1962 4426; x_wconf 92' lang='lat' dir='ltr'><strong>pro</strong></span> <span class='ocrx_word' id='word_1_351' title='bbox 1993 4373 2079 4412; x_wconf 86' lang='lat' dir='ltr'><strong>ve-</strong></span> 
     </span>
    </p>
   </div>
   <div class='ocr_carea' id='block_1_45' title="bbox 486 4438 2077 4517">
    <p class='ocr_par' dir='ltr' id='par_1_45' title="bbox 486 4438 2077 4517">
     <span class='ocr_line' id='line_1_45' title="bbox 486 4438 2077 4517; baseline 0.008 -27"><span class='ocrx_word' id='word_1_352' title='bbox 486 4438 643 4492; x_wconf 80' lang='lat' dir='ltr'><strong>ritate</strong></span> <span class='ocrx_word' id='word_1_353' title='bbox 673 4440 807 4492; x_wconf 85' lang='lat' dir='ltr'><strong>facta</strong></span> <span class='ocrx_word' id='word_1_354' title='bbox 834 4451 977 4504; x_wconf 90' lang='lat' dir='ltr'><strong>sunt,</strong></span> <span class='ocrx_word' id='word_1_355' title='bbox 1012 4449 1070 4494; x_wconf 92' lang='lat' dir='ltr'><strong>ut</strong></span> <span class='ocrx_word' id='word_1_356' title='bbox 1096 4458 1162 4496; x_wconf 91' lang='lat' dir='ltr'><strong>ne</strong></span> <span class='ocrx_word' id='word_1_357' title='bbox 1189 4444 1372 4498; x_wconf 90' lang='lat' dir='ltr'><strong>umbra</strong></span> <span class='ocrx_word' id='word_1_358' title='bbox 1391 4445 1602 4512; x_wconf 88' lang='lat' dir='ltr'><strong>quidem</strong></span> <span class='ocrx_word' id='word_1_359' title='bbox 1623 4447 1751 4515; x_wconf 87' lang='lat' dir='ltr'><strong>ipsis</strong></span> <span class='ocrx_word' id='word_1_360' title='bbox 1771 4459 2077 4517; x_wconf 88' lang='lat' dir='ltr'><strong>superesset</strong></span> 
     </span>
    </p>
   </div>
   <div class='ocr_carea' id='block_1_46' title="bbox 491 4529 2073 4610">
    <p class='ocr_par' dir='ltr' id='par_1_46' title="bbox 491 4529 2073 4610">
     <span class='ocr_line' id='line_1_46' title="bbox 491 4529 2073 4610; baseline 0.009 -29"><span class='ocrx_word' id='word_1_361' title='bbox 491 4529 818 4598; x_wconf 89' lang='lat' dir='ltr'><strong>impudentis</strong></span> <span class='ocrx_word' id='word_1_362' title='bbox 845 4532 1194 4588; x_wconf 80' lang='lat' dir='ltr'><strong>defensionis.</strong></span> <span class='ocrx_word' id='word_1_363' title='bbox 1237 4533 1292 4588; x_wconf 91' lang='lat' dir='ltr'><strong>In</strong></span> <span class='ocrx_word' id='word_1_364' title='bbox 1341 4538 1588 4607; x_wconf 89' lang='lat' dir='ltr'><strong>sepulcro</strong></span> <span class='ocrx_word' id='word_1_365' title='bbox 1643 4542 1769 4592; x_wconf 89' lang='lat' dir='ltr'><strong>item</strong></span> <span class='ocrx_word' id='word_1_366' title='bbox 1801 4543 2073 4610; x_wconf 85' lang='lat' dir='ltr'><strong>signacula</strong></span> 
     </span>
    </p>
   </div>
   <div class='ocr_carea' id='block_1_47' title="bbox 461 4623 2069 4705">
    <p class='ocr_par' dir='ltr' id='par_1_47' title="bbox 461 4623 2069 4705">
     <span class='ocr_line' id='line_1_47' title="bbox 461 4623 2069 4705; baseline 0.01 -31"><span class='ocrx_word' id='word_1_367' title='bbox 461 4652 464 4655; x_wconf 90' lang='lat'><strong><em>-</em></strong></span> <span class='ocrx_word' id='word_1_368' title='bbox 488 4632 542 4675; x_wconf 82' lang='lat' dir='ltr'><strong>et</strong></span> <span class='ocrx_word' id='word_1_369' title='bbox 561 4623 818 4678; x_wconf 69' lang='lat' dir='ltr'><strong>custodiae</strong></span> <span class='ocrx_word' id='word_1_370' title='bbox 844 4627 1051 4680; x_wconf 88' lang='lat' dir='ltr'><strong>veritati</strong></span> <span class='ocrx_word' id='word_1_371' title='bbox 1080 4628 1420 4696; x_wconf 78' lang='lat' dir='ltr'><strong>splendorem</strong></span> <span class='ocrx_word' id='word_1_372' title='bbox 1449 4633 1778 4687; x_wconf 86' lang='lat' dir='ltr'><strong>attulerunt:</strong></span> <span class='ocrx_word' id='word_1_373' title='bbox 1812 4635 1954 4702; x_wconf 88' lang='lat' dir='ltr'><strong>quod</strong></span> <span class='ocrx_word' id='word_1_374' title='bbox 1987 4637 2069 4705; x_wconf 83' lang='lat' dir='ltr'><strong>ip-</strong></span> 
     </span>
    </p>
   </div>
   <div class='ocr_carea' id='block_1_48' title="bbox 485 4714 2070 4785">
    <p class='ocr_par' dir='ltr' id='par_1_48' title="bbox 485 4714 2070 4785">
     <span class='ocr_line' id='line_1_48' title="bbox 485 4714 2070 4785; baseline 0.009 -21"><span class='ocrx_word' id='word_1_375' title='bbox 485 4730 602 4766; x_wconf 85' lang='lat' dir='ltr'><strong>sum</strong></span> <span class='ocrx_word' id='word_1_376' title='bbox 632 4714 778 4769; x_wconf 88' lang='lat' dir='ltr'><strong>dicas</strong></span> <span class='ocrx_word' id='word_1_377' title='bbox 801 4715 868 4769; x_wconf 90' lang='lat' dir='ltr'><strong>de</strong></span> <span class='ocrx_word' id='word_1_378' title='bbox 900 4717 1532 4785; x_wconf 78' lang='lat' dir='ltr'><strong>irrisiooibns.dicteriis,</strong></span> <span class='ocrx_word' id='word_1_379' title='bbox 1564 4725 1923 4778; x_wconf 88' lang='lat' dir='ltr'><strong>contumeliis.</strong></span> <span class='ocrx_word' id='word_1_380' title='bbox 1959 4726 2070 4779; x_wconf 90' lang='lat' dir='ltr'><strong>llu-</strong></span> 
     </span>
    </p>
   </div>
   <div class='ocr_carea' id='block_1_49' title="bbox 479 4805 2074 4882">
    <p class='ocr_par' dir='ltr' id='par_1_49' title="bbox 479 4805 2074 4882">
     <span class='ocr_line' id='line_1_49' title="bbox 479 4805 2074 4882; baseline 0.008 -25"><span class='ocrx_word' id='word_1_381' title='bbox 479 4805 712 4870; x_wconf 84' lang='lat' dir='ltr'><strong>jusmodi</strong></span> <span class='ocrx_word' id='word_1_382' title='bbox 736 4816 818 4860; x_wconf 92' lang='lat' dir='ltr'><strong>est</strong></span> <span class='ocrx_word' id='word_1_383' title='bbox 847 4806 1048 4862; x_wconf 65' lang='lat' dir='ltr'><strong>falsitas</strong></span> <span class='ocrx_word' id='word_1_384' title='bbox 1079 4828 1091 4862; x_wconf 89' lang='lat'>:</span> <span class='ocrx_word' id='word_1_385' title='bbox 1125 4827 1218 4878; x_wconf 85' lang='lat' dir='ltr'><strong>per</strong></span> <span class='ocrx_word' id='word_1_386' title='bbox 1241 4828 1360 4880; x_wconf 73' lang='lat' dir='ltr'><strong>qum</strong></span> <span class='ocrx_word' id='word_1_387' title='bbox 1399 4812 1618 4867; x_wconf 82' lang='lat' dir='ltr'><strong>insidias</strong></span> <span class='ocrx_word' id='word_1_388' title='bbox 1651 4825 1833 4881; x_wconf 85' lang='lat' dir='ltr'><strong>parat.</strong></span> <span class='ocrx_word' id='word_1_389' title='bbox 1867 4832 1960 4882; x_wconf 84' lang='lat' dir='ltr'><strong>per</strong></span> <span class='ocrx_word' id='word_1_390' title='bbox 1983 4833 2074 4870; x_wconf 86' lang='lat' dir='ltr'><strong>ea-</strong></span> 
     </span>
    </p>
   </div>
   <div class='ocr_carea' id='block_1_50' title="bbox 482 4895 2070 4978">
    <p class='ocr_par' dir='ltr' id='par_1_50' title="bbox 482 4895 2070 4978">
     <span class='ocr_line' id='line_1_50' title="bbox 482 4895 2070 4978; baseline 0.009 -31"><span class='ocrx_word' id='word_1_391' title='bbox 482 4895 602 4949; x_wconf 87' lang='lat' dir='ltr'><strong>dem</strong></span> <span class='ocrx_word' id='word_1_392' title='bbox 652 4897 963 4954; x_wconf 85' lang='lat' dir='ltr'><strong>dissolvitur</strong></span> <span class='ocrx_word' id='word_1_393' title='bbox 997 4919 1008 4951; x_wconf 83' lang='grc' dir='ltr'><strong><em>τ</em></strong></span> <span class='ocrx_word' id='word_1_394' title='bbox 1041 4902 1182 4963; x_wconf 85' lang='lat' dir='ltr'><strong>quod</strong></span> <span class='ocrx_word' id='word_1_395' title='bbox 1216 4902 1302 4956; x_wconf 78' lang='lat' dir='ltr'><strong>hic</strong></span> <span class='ocrx_word' id='word_1_396' title='bbox 1329 4903 1490 4957; x_wconf 78' lang='lat' dir='ltr'><strong>etiam</strong></span> <span class='ocrx_word' id='word_1_397' title='bbox 1521 4907 1762 4973; x_wconf 82' lang='lat' dir='ltr'><strong>conligit.</strong></span> <span class='ocrx_word' id='word_1_398' title='bbox 1812 4906 1943 4960; x_wconf 88' lang='lat' dir='ltr'><strong>Nam</strong></span> <span class='ocrx_word' id='word_1_399' title='bbox 1979 4908 2070 4978; x_wconf 91' lang='lat' dir='ltr'><strong>qui</strong></span> 
     </span>
    </p>
   </div>
   <div class='ocr_carea' id='block_1_51' title="bbox 484 4987 2068 5065">
    <p class='ocr_par' dir='ltr' id='par_1_51' title="bbox 484 4987 2068 5065">
     <span class='ocr_line' id='line_1_51' title="bbox 484 4987 2068 5065; baseline 0.013 -30"><span class='ocrx_word' id='word_1_400' title='bbox 484 4987 674 5040; x_wconf 82' lang='lat' dir='ltr'><strong>vicisse</strong></span> <span class='ocrx_word' id='word_1_401' title='bbox 705 4991 1045 5056; x_wconf 87' lang='lat' dir='ltr'><strong>putabantur,</strong></span> <span class='ocrx_word' id='word_1_402' title='bbox 1077 4991 1126 5044; x_wconf 80' lang='lat' dir='ltr'><strong>lii</strong></span> <span class='ocrx_word' id='word_1_403' title='bbox 1159 4994 1388 5047; x_wconf 78' lang='lat' dir='ltr'><strong>maxime</strong></span> <span class='ocrx_word' id='word_1_404' title='bbox 1416 4995 1620 5064; x_wconf 87' lang='lat' dir='ltr'><strong>pudore</strong></span> <span class='ocrx_word' id='word_1_405' title='bbox 1647 4997 1822 5052; x_wconf 74' lang='lat' dir='ltr'><strong>affecti</strong></span> <span class='ocrx_word' id='word_1_406' title='bbox 1845 5041 1860 5065; x_wconf 90' lang='lat'><strong>,</strong></span> <span class='ocrx_word' id='word_1_407' title='bbox 1892 5009 1943 5054; x_wconf 89' lang='lat' dir='ltr'><strong>et</strong></span> <span class='ocrx_word' id='word_1_408' title='bbox 1974 5015 2068 5054; x_wconf 86' lang='lat' dir='ltr'><strong>su-</strong></span> 
     </span>
    </p>
   </div>
   <div class='ocr_carea' id='block_1_52' title="bbox 483 5079 2088 5157">
    <p class='ocr_par' dir='ltr' id='par_1_52' title="bbox 483 5079 2088 5157">
     <span class='ocr_line' id='line_1_52' title="bbox 483 5079 2088 5157; baseline 0.011 -27"><span class='ocrx_word' id='word_1_409' title='bbox 483 5079 650 5145; x_wconf 83' lang='lat' dir='ltr'><strong>perati</strong></span> <span class='ocrx_word' id='word_1_410' title='bbox 686 5082 985 5146; x_wconf 78' lang='lat' dir='ltr'><strong>perierunt:</strong></span> <span class='ocrx_word' id='word_1_411' title='bbox 1019 5084 1108 5152; x_wconf 93' lang='lat' dir='ltr'><strong>qni</strong></span> <span class='ocrx_word' id='word_1_412' title='bbox 1140 5101 1266 5138; x_wconf 87' lang='lat' dir='ltr'><strong>vero</strong></span> <span class='ocrx_word' id='word_1_413' title='bbox 1297 5086 1469 5141; x_wconf 78' lang='lat' dir='ltr'><strong>victus</strong></span> <span class='ocrx_word' id='word_1_414' title='bbox 1495 5103 1617 5143; x_wconf 89' lang='lat' dir='ltr'><strong>esse</strong></span> <span class='ocrx_word' id='word_1_415' title='bbox 1637 5089 1952 5157; x_wconf 75' lang='lat' dir='ltr'><strong>videbatur,</strong></span> <span class='ocrx_word' id='word_1_416' title='bbox 1985 5092 2088 5147; x_wconf 84' lang='lat' dir='ltr'><strong>hic&#39;</strong></span> 
     </span>
    </p>
   </div>
   <div class='ocr_carea' id='block_1_53' title="bbox 483 5169 2068 5256">
    <p class='ocr_par' dir='ltr' id='par_1_53' title="bbox 483 5169 2068 5256">
     <span class='ocr_line' id='line_1_53' title="bbox 483 5169 2068 5256; baseline 0.014 -38"><span class='ocrx_word' id='word_1_417' title='bbox 483 5169 716 5226; x_wconf 73' lang='lat' dir='ltr'><strong>maxime</strong></span> <span class='ocrx_word' id='word_1_418' title='bbox 745 5173 950 5228; x_wconf 79' lang='lat' dir='ltr'><strong>refulsit</strong></span> <span class='ocrx_word' id='word_1_419' title='bbox 983 5186 1034 5230; x_wconf 82' lang='lat' dir='ltr'><strong>et</strong></span> <span class='ocrx_word' id='word_1_420' title='bbox 1067 5178 1342 5232; x_wconf 83' lang='lat' dir='ltr'><strong>victoriam</strong></span> <span class='ocrx_word' id='word_1_421' title='bbox 1367 5181 1570 5236; x_wconf 88' lang='lat' dir='ltr'><strong>retulit.</strong></span> <span class='ocrx_word' id='word_1_422' title='bbox 1609 5182 1686 5237; x_wconf 87' lang='lat' dir='ltr'><strong>Ne</strong></span> <span class='ocrx_word' id='word_1_423' title='bbox 1716 5199 1844 5253; x_wconf 78' lang='lat' dir='ltr'><strong>ergo</strong></span> <span class='ocrx_word' id='word_1_424' title='bbox 1873 5185 2068 5256; x_wconf 86' lang='lat' dir='ltr'><strong>ubique</strong></span> 
     </span>
    </p>
   </div>
   <div class='ocr_carea' id='block_1_54' title="bbox 483 5263 2065 5344">
    <p class='ocr_par' dir='ltr' id='par_1_54' title="bbox 483 5263 2065 5344">
     <span class='ocr_line' id='line_1_54' title="bbox 483 5263 2065 5344; baseline 0.011 -32"><span class='ocrx_word' id='word_1_425' title='bbox 483 5263 757 5340; x_wconf 77' lang='lat' dir='ltr'><strong>victoriam</strong></span> <span class='ocrx_word' id='word_1_426' title='bbox 786 5281 1108 5334; x_wconf 77' lang='lat' dir='ltr'><strong>qua-ramus,</strong></span> <span class='ocrx_word' id='word_1_427' title='bbox 1145 5287 1241 5324; x_wconf 87' lang='lat' dir='ltr'><strong>nec</strong></span> <span class='ocrx_word' id='word_1_428' title='bbox 1267 5287 1480 5342; x_wconf 87' lang='lat' dir='ltr'><strong>semper</strong></span> <span class='ocrx_word' id='word_1_429' title='bbox 1510 5275 1748 5344; x_wconf 75' lang='lat' dir='ltr'><strong>superari</strong></span> <span class='ocrx_word' id='word_1_430' title='bbox 1767 5291 2065 5331; x_wconf 82' lang='lat' dir='ltr'><strong>vereamur.</strong></span> 
     </span>
    </p>
   </div>
   <div class='ocr_carea' id='block_1_55' title="bbox 481 5355 2067 5430">
    <p class='ocr_par' dir='ltr' id='par_1_55' title="bbox 481 5355 2067 5430">
     <span class='ocr_line' id='line_1_55' title="bbox 481 5355 2067 5430; baseline 0.01 -23"><span class='ocrx_word' id='word_1_431' title='bbox 481 5355 573 5409; x_wconf 72' lang='lat' dir='ltr'><strong>Est</strong></span> <span class='ocrx_word' id='word_1_432' title='bbox 601 5371 724 5410; x_wconf 90' lang='lat' dir='ltr'><strong>cum</strong></span> <span class='ocrx_word' id='word_1_433' title='bbox 756 5358 976 5413; x_wconf 86' lang='lat' dir='ltr'><strong>victoria</strong></span> <span class='ocrx_word' id='word_1_434' title='bbox 1030 5376 1220 5413; x_wconf 80' lang='lat' dir='ltr'><strong>noxam</strong></span> <span class='ocrx_word' id='word_1_435' title='bbox 1263 5364 1417 5417; x_wconf 83' lang='lat' dir='ltr'><strong>alfert</strong></span> <span class='ocrx_word' id='word_1_436' title='bbox 1438 5405 1453 5430; x_wconf 96' lang='lat'><strong>,</strong></span> <span class='ocrx_word' id='word_1_437' title='bbox 1481 5367 1664 5420; x_wconf 90' lang='lat' dir='ltr'><strong>clades</strong></span> <span class='ocrx_word' id='word_1_438' title='bbox 1705 5382 1834 5421; x_wconf 89' lang='lat' dir='ltr'><strong>vero</strong></span> <span class='ocrx_word' id='word_1_439' title='bbox 1863 5368 2067 5422; x_wconf 75' lang='lat' dir='ltr'><strong>milita-</strong></span> 
     </span>
    </p>
   </div>
   <div class='ocr_carea' id='block_1_56' title="bbox 479 5451 2067 5527">
    <p class='ocr_par' dir='ltr' id='par_1_56' title="bbox 479 5451 2067 5527">
     <span class='ocr_line' id='line_1_56' title="bbox 479 5451 2067 5527; baseline 0.009 -24"><span class='ocrx_word' id='word_1_440' title='bbox 479 5461 608 5506; x_wconf 62' lang='lat' dir='ltr'><strong>tvm.</strong></span> <span class='ocrx_word' id='word_1_441' title='bbox 638 5451 769 5506; x_wconf 80' lang='lat' dir='ltr'><strong>Nam</strong></span> <span class='ocrx_word' id='word_1_442' title='bbox 799 5452 937 5507; x_wconf 90' lang='lat' dir='ltr'><strong>inter</strong></span> <span class='ocrx_word' id='word_1_443' title='bbox 961 5469 1074 5520; x_wconf 88' lang='lat' dir='ltr'><strong>eos,</strong></span> <span class='ocrx_word' id='word_1_444' title='bbox 1107 5456 1195 5524; x_wconf 86' lang='lat' dir='ltr'><strong>qui</strong></span> <span class='ocrx_word' id='word_1_445' title='bbox 1229 5456 1300 5509; x_wconf 87' lang='lat' dir='ltr'><strong>ira</strong></span> <span class='ocrx_word' id='word_1_446' title='bbox 1335 5458 1750 5527; x_wconf 79' lang='lat' dir='ltr'><strong>inﬂammantur,</strong></span> <span class='ocrx_word' id='word_1_447' title='bbox 1789 5461 1833 5514; x_wconf 94' lang='lat' dir='ltr'><strong>is</strong></span> <span class='ocrx_word' id='word_1_448' title='bbox 1874 5462 2067 5517; x_wconf 84' lang='lat' dir='ltr'><strong>vicisse</strong></span> 
     </span>
    </p>
   </div>
   <div class='ocr_carea' id='block_1_57' title="bbox 487 5543 2066 5622">
    <p class='ocr_par' dir='ltr' id='par_1_57' title="bbox 487 5543 2066 5622">
     <span class='ocr_line' id='line_1_57' title="bbox 487 5543 2066 5622; baseline 0.009 -29"><span class='ocrx_word' id='word_1_449' title='bbox 487 5543 690 5598; x_wconf 79' lang='lat' dir='ltr'><strong>videtur</strong></span> <span class='ocrx_word' id='word_1_450' title='bbox 718 5543 810 5615; x_wconf 91' lang='lat' dir='ltr'><strong>qui</strong></span> <span class='ocrx_word' id='word_1_451' title='bbox 844 5546 1024 5614; x_wconf 79' lang='lat' dir='ltr'><strong>plures</strong></span> <span class='ocrx_word' id='word_1_452' title='bbox 1052 5547 1675 5618; x_wconf 82' lang='lat' dir='ltr'><strong>cmitumeliasjactavit;</strong></span> <span class='ocrx_word' id='word_1_453' title='bbox 1718 5552 1810 5607; x_wconf 91' lang='lat' dir='ltr'><strong>sed</strong></span> <span class='ocrx_word' id='word_1_454' title='bbox 1838 5551 1924 5608; x_wconf 89' lang='lat' dir='ltr'><strong>hic</strong></span> <span class='ocrx_word' id='word_1_455' title='bbox 1951 5553 2066 5622; x_wconf 84' lang='lat' dir='ltr'><strong>ipse</strong></span> 
     </span>
    </p>
   </div>
   <div class='ocr_carea' id='block_1_58' title="bbox 475 5636 2064 5713">
    <p class='ocr_par' dir='ltr' id='par_1_58' title="bbox 475 5636 2064 5713">
     <span class='ocr_line' id='line_1_58' title="bbox 475 5636 2064 5713; baseline 0.009 -31"><span class='ocrx_word' id='word_1_456' title='bbox 475 5651 498 5682; x_wconf 75' lang='grc' dir='ltr'><strong>ιι</strong></span> <span class='ocrx_word' id='word_1_457' title='bbox 524 5636 841 5702; x_wconf 76' lang='lat' dir='ltr'><strong>gravissimo</strong></span> <span class='ocrx_word' id='word_1_458' title='bbox 867 5637 1056 5691; x_wconf 89' lang='lat' dir='ltr'><strong>morbo</strong></span> <span class='ocrx_word' id='word_1_459' title='bbox 1078 5647 1360 5708; x_wconf 84' lang='lat' dir='ltr'><strong>superatus</strong></span> <span class='ocrx_word' id='word_1_460' title='bbox 1389 5651 1442 5694; x_wconf 88' lang='lat' dir='ltr'><strong>et</strong></span> <span class='ocrx_word' id='word_1_461' title='bbox 1473 5640 1632 5697; x_wconf 73' lang='lat' dir='ltr'><strong>lresus</strong></span> <span class='ocrx_word' id='word_1_462' title='bbox 1658 5653 1740 5696; x_wconf 89' lang='lat' dir='ltr'><strong>est</strong></span> <span class='ocrx_word' id='word_1_463' title='bbox 1773 5661 1786 5696; x_wconf 90' lang='lat'><strong>:</strong></span> <span class='ocrx_word' id='word_1_464' title='bbox 1817 5644 1908 5713; x_wconf 87' lang='lat' dir='ltr'><strong>qui</strong></span> <span class='ocrx_word' id='word_1_465' title='bbox 1939 5659 2064 5698; x_wconf 89' lang='lat' dir='ltr'><strong>vero</strong></span> 
     </span>
    </p>
   </div>
   <div class='ocr_carea' id='block_1_59' title="bbox 483 5722 2062 5804">
    <p class='ocr_par' dir='ltr' id='par_1_59' title="bbox 483 5722 2062 5804">
     <span class='ocr_line' id='line_1_59' title="bbox 483 5722 2062 5804; baseline 0.008 -29"><span class='ocrx_word' id='word_1_466' title='bbox 483 5722 533 5775; x_wconf 89' lang='lat' dir='ltr'><strong>id</strong></span> <span class='ocrx_word' id='word_1_467' title='bbox 556 5724 766 5781; x_wconf 76' lang='lat' dir='ltr'><strong>fortiter</strong></span> <span class='ocrx_word' id='word_1_468' title='bbox 793 5727 911 5781; x_wconf 89' lang='lat' dir='ltr'><strong>tulit</strong></span> <span class='ocrx_word' id='word_1_469' title='bbox 937 5769 951 5791; x_wconf 92' lang='lat'><strong>,</strong></span> <span class='ocrx_word' id='word_1_470' title='bbox 980 5727 1025 5782; x_wconf 85' lang='lat' dir='ltr'><strong>is</strong></span> <span class='ocrx_word' id='word_1_471' title='bbox 1053 5728 1178 5784; x_wconf 76' lang='lat' dir='ltr'><strong>vii-it</strong></span> <span class='ocrx_word' id='word_1_472' title='bbox 1207 5739 1262 5783; x_wconf 87' lang='lat' dir='ltr'><strong>et</strong></span> <span class='ocrx_word' id='word_1_473' title='bbox 1302 5732 1592 5800; x_wconf 74' lang='lat' dir='ltr'><strong>superavit.</strong></span> <span class='ocrx_word' id='word_1_474' title='bbox 1618 5732 1684 5787; x_wconf 86' lang='lat' dir='ltr'><strong>Et</strong></span> <span class='ocrx_word' id='word_1_475' title='bbox 1715 5734 1803 5788; x_wconf 89' lang='lat' dir='ltr'><strong>ille</strong></span> <span class='ocrx_word' id='word_1_476' title='bbox 1844 5735 2062 5804; x_wconf 89' lang='lat' dir='ltr'><strong>quidem</strong></span> 
     </span>
    </p>
   </div>
   <div class='ocr_carea' id='block_1_60' title="bbox 479 5821 2061 5901">
    <p class='ocr_par' dir='ltr' id='par_1_60' title="bbox 479 5821 2061 5901">
     <span class='ocr_line' id='line_1_60' title="bbox 479 5821 2061 5901; baseline 0.009 -33"><span class='ocrx_word' id='word_1_477' title='bbox 479 5832 650 5885; x_wconf 75' lang='lat' dir='ltr'><strong>neque</strong></span> <span class='ocrx_word' id='word_1_478' title='bbox 669 5821 940 5889; x_wconf 82' lang='lat' dir='ltr'><strong>proprium</strong></span> <span class='ocrx_word' id='word_1_479' title='bbox 971 5824 1212 5877; x_wconf 86' lang='lat' dir='ltr'><strong>morbum</strong></span> <span class='ocrx_word' id='word_1_480' title='bbox 1237 5826 1576 5896; x_wconf 75' lang='lat' dir='ltr'><strong>exstinguere</strong></span> <span class='ocrx_word' id='word_1_481' title='bbox 1603 5827 1770 5895; x_wconf 80' lang='lat' dir='ltr'><strong>putuit</strong></span> <span class='ocrx_word' id='word_1_482' title='bbox 1791 5842 1817 5901; x_wconf 52' lang='grc' dir='ltr'><strong>ἱ</strong></span> <span class='ocrx_word' id='word_1_483' title='bbox 1827 5825 1911 5881; x_wconf 89' lang='lat' dir='ltr'><strong>hic</strong></span> <span class='ocrx_word' id='word_1_484' title='bbox 1933 5827 2061 5882; x_wconf 59' lang='lat' dir='ltr'><strong>alie.</strong></span> 
     </span>
    </p>
   </div>
   <div class='ocr_carea' id='block_1_61' title="bbox 1231 370 3035 434">
    <p class='ocr_par' dir='ltr' id='par_1_61' title="bbox 1231 370 3035 434">
     <span class='ocr_line' id='line_1_61' title="bbox 1231 370 3035 434; baseline -0.001 0"><span class='ocrx_word' id='word_1_485' title='bbox 1231 375 1286 434; x_wconf 88' lang='lat' dir='ltr'><strong>S.</strong></span> <span class='ocrx_word' id='word_1_486' title='bbox 1325 375 1602 432; x_wconf 70' lang='lat' dir='ltr'><strong>JOANNIS</strong></span> <span class='ocrx_word' id='word_1_487' title='bbox 1637 370 2109 430; x_wconf 74' lang='lat' dir='ltr'><strong>CllRYSOSTOMi</strong></span> <span class='ocrx_word' id='word_1_488' title='bbox 2149 372 2466 429; x_wconf 72' lang='lat' dir='ltr'><strong>ABCIIIEP.</strong></span> <span class='ocrx_word' id='word_1_489' title='bbox 2506 373 3035 432; x_wconf 74' lang='lat' dir='ltr'><strong>CONSTANTINOP.</strong></span> 
     </span>
    </p>
   </div>
   <div class='ocr_carea' id='block_1_62' title="bbox 3695 384 3802 442">
    <p class='ocr_par' dir='ltr' id='par_1_62' title="bbox 3695 384 3802 442">
     <span class='ocr_line' id='line_1_62' title="bbox 3695 384 3802 442; baseline 0.028 -3"><span class='ocrx_word' id='word_1_490' title='bbox 3695 384 3802 442; x_wconf 63' lang='lat'><strong>756</strong></span> 
     </span>
    </p>
   </div>
   <div class='ocr_carea' id='block_1_63' title="bbox 2203 510 3801 580">
    <p class='ocr_par' dir='ltr' id='par_1_63' title="bbox 2203 510 3801 580">
     <span class='ocr_line' id='line_1_63' title="bbox 2203 510 3801 580; baseline 0.009 -20"><span class='ocrx_word' id='word_1_491' title='bbox 2203 525 2331 563; x_wconf 88' lang='lat' dir='ltr'><strong>num</strong></span> <span class='ocrx_word' id='word_1_492' title='bbox 2365 510 2605 565; x_wconf 85' lang='lat' dir='ltr'><strong>sustulit.</strong></span> <span class='ocrx_word' id='word_1_493' title='bbox 2665 511 2759 566; x_wconf 87' lang='lat' dir='ltr'><strong>Ille</strong></span> <span class='ocrx_word' id='word_1_494' title='bbox 2801 527 2831 565; x_wconf 85' lang='lat' dir='ltr'><strong>a</strong></span> <span class='ocrx_word' id='word_1_495' title='bbox 2879 527 2980 566; x_wconf 86' lang='lat' dir='ltr'><strong>suo</strong></span> <span class='ocrx_word' id='word_1_496' title='bbox 3016 512 3187 566; x_wconf 88' lang='lat' dir='ltr'><strong>victus</strong></span> <span class='ocrx_word' id='word_1_497' title='bbox 3229 524 3348 580; x_wconf 86' lang='lat' dir='ltr'><strong>est;</strong></span> <span class='ocrx_word' id='word_1_498' title='bbox 3377 516 3464 571; x_wconf 86' lang='lat' dir='ltr'><strong>hic</strong></span> <span class='ocrx_word' id='word_1_499' title='bbox 3509 517 3578 574; x_wconf 80' lang='lat' dir='ltr'><strong>de</strong></span> <span class='ocrx_word' id='word_1_500' title='bbox 3617 520 3801 575; x_wconf 84' lang='lat' dir='ltr'><strong>alieno</strong></span> 
     </span>
    </p>
   </div>
   <div class='ocr_carea' id='block_1_64' title="bbox 2203 600 3800 674">
    <p class='ocr_par' dir='ltr' id='par_1_64' title="bbox 2203 600 3800 674">
     <span class='ocr_line' id='line_1_64' title="bbox 2203 600 3800 674; baseline 0.009 -21"><span class='ocrx_word' id='word_1_501' title='bbox 2203 600 2569 669; x_wconf 85' lang='lat' dir='ltr'><strong>triumphavit,</strong></span> <span class='ocrx_word' id='word_1_502' title='bbox 2604 617 2702 656; x_wconf 85' lang='lat' dir='ltr'><strong>nec</strong></span> <span class='ocrx_word' id='word_1_503' title='bbox 2732 603 2894 657; x_wconf 87' lang='lat' dir='ltr'><strong>modo</strong></span> <span class='ocrx_word' id='word_1_504' title='bbox 2927 603 3042 674; x_wconf 84' lang='lat' dir='ltr'><strong>ipse</strong></span> <span class='ocrx_word' id='word_1_505' title='bbox 3064 622 3170 658; x_wconf 90' lang='lat' dir='ltr'><strong>non</strong></span> <span class='ocrx_word' id='word_1_506' title='bbox 3200 605 3422 662; x_wconf 83' lang='lat' dir='ltr'><strong>adustus</strong></span> <span class='ocrx_word' id='word_1_507' title='bbox 3449 619 3535 665; x_wconf 85' lang='lat' dir='ltr'><strong>est</strong></span> <span class='ocrx_word' id='word_1_508' title='bbox 3562 652 3578 674; x_wconf 90' lang='lat'><strong>,</strong></span> <span class='ocrx_word' id='word_1_509' title='bbox 3616 612 3713 666; x_wconf 87' lang='lat' dir='ltr'><strong>sed</strong></span> <span class='ocrx_word' id='word_1_510' title='bbox 3746 623 3800 667; x_wconf 84' lang='lat' dir='ltr'><strong>ct</strong></span> 
     </span>
    </p>
   </div>
   <div class='ocr_carea' id='block_1_65' title="bbox 2201 693 3798 766">
    <p class='ocr_par' dir='ltr' id='par_1_65' title="bbox 2201 693 3798 766">
     <span class='ocr_line' id='line_1_65' title="bbox 2201 693 3798 766; baseline 0.008 -21"><span class='ocrx_word' id='word_1_511' title='bbox 2201 694 2421 748; x_wconf 86' lang='lat' dir='ltr'><strong>alterius</strong></span> <span class='ocrx_word' id='word_1_512' title='bbox 2447 693 2716 749; x_wconf 85' lang='lat' dir='ltr'><strong>ﬂammam</strong></span> <span class='ocrx_word' id='word_1_513' title='bbox 2749 696 3112 766; x_wconf 74' lang='lat' dir='ltr'><strong>insurgentem</strong></span> <span class='ocrx_word' id='word_1_514' title='bbox 3136 698 3406 754; x_wconf 81' lang='lat' dir='ltr'><strong>restinxit.</strong></span> <span class='ocrx_word' id='word_1_515' title='bbox 3433 700 3488 754; x_wconf 90' lang='lat' dir='ltr'><strong>Si</strong></span> <span class='ocrx_word' id='word_1_516' title='bbox 3517 712 3696 758; x_wconf 83' lang='lat' dir='ltr'><strong>autem</strong></span> <span class='ocrx_word' id='word_1_517' title='bbox 3727 720 3798 760; x_wconf 81' lang='lat' dir='ltr'><strong>ea</strong></span> 
     </span>
    </p>
   </div>
   <div class='ocr_carea' id='block_1_66' title="bbox 2199 784 3800 862">
    <p class='ocr_par' dir='ltr' id='par_1_66' title="bbox 2199 784 3800 862">
     <span class='ocr_line' id='line_1_66' title="bbox 2199 784 3800 862; baseline 0.009 -26"><span class='ocrx_word' id='word_1_518' title='bbox 2199 800 2319 854; x_wconf 77' lang='lat' dir='ltr'><strong>qua:</strong></span> <span class='ocrx_word' id='word_1_519' title='bbox 2343 784 2626 839; x_wconf 87' lang='lat' dir='ltr'><strong>videbatur</strong></span> <span class='ocrx_word' id='word_1_520' title='bbox 2651 801 2771 841; x_wconf 86' lang='lat' dir='ltr'><strong>esse</strong></span> <span class='ocrx_word' id='word_1_521' title='bbox 2791 787 3012 842; x_wconf 87' lang='lat' dir='ltr'><strong>victoria</strong></span> <span class='ocrx_word' id='word_1_522' title='bbox 3047 790 3204 857; x_wconf 87' lang='lat' dir='ltr'><strong>potiri</strong></span> <span class='ocrx_word' id='word_1_523' title='bbox 3231 791 3510 854; x_wconf 68' lang='lat' dir='ltr'><strong>voluisset,</strong></span> <span class='ocrx_word' id='word_1_524' title='bbox 3526 795 3642 862; x_wconf 86' lang='lat' dir='ltr'><strong>ipse</strong></span> <span class='ocrx_word' id='word_1_525' title='bbox 3662 813 3800 862; x_wconf 79' lang='grc' dir='ltr'><strong>ιιιιυ-</strong></span> 
     </span>
    </p>
   </div>
   <div class='ocr_carea' id='block_1_67' title="bbox 2199 877 3796 953">
    <p class='ocr_par' dir='ltr' id='par_1_67' title="bbox 2199 877 3796 953">
     <span class='ocr_line' id='line_1_67' title="bbox 2199 877 3796 953; baseline 0.008 -25"><span class='ocrx_word' id='word_1_526' title='bbox 2199 892 2302 946; x_wconf 91' lang='lat' dir='ltr'><strong>que</strong></span> <span class='ocrx_word' id='word_1_527' title='bbox 2325 877 2496 932; x_wconf 91' lang='lat' dir='ltr'><strong>victus</strong></span> <span class='ocrx_word' id='word_1_528' title='bbox 2525 877 2733 944; x_wconf 85' lang='lat' dir='ltr'><strong>fuisset,</strong></span> <span class='ocrx_word' id='word_1_529' title='bbox 2757 889 2812 935; x_wconf 88' lang='lat' dir='ltr'><strong>et</strong></span> <span class='ocrx_word' id='word_1_530' title='bbox 2839 881 3205 937; x_wconf 79' lang='lat' dir='ltr'><strong>adversarium</strong></span> <span class='ocrx_word' id='word_1_531' title='bbox 3224 885 3392 953; x_wconf 81' lang='lat' dir='ltr'><strong>magis</strong></span> <span class='ocrx_word' id='word_1_532' title='bbox 3409 884 3796 944; x_wconf 77' lang='lat' dir='ltr'><strong>inﬂammasset</strong></span> 
     </span>
    </p>
   </div>
   <div class='ocr_carea' id='block_1_68' title="bbox 2198 971 3798 1046">
    <p class='ocr_par' dir='ltr' id='par_1_68' title="bbox 2198 971 3798 1046">
     <span class='ocr_line' id='line_1_68' title="bbox 2198 971 3798 1046; baseline 0.008 -23"><span class='ocrx_word' id='word_1_533' title='bbox 2198 984 2262 1024; x_wconf 87' lang='lat' dir='ltr'><strong>ac</strong></span> <span class='ocrx_word' id='word_1_534' title='bbox 2288 971 2533 1038; x_wconf 67' lang='lat' dir='ltr'><strong>lmsisset,</strong></span> <span class='ocrx_word' id='word_1_535' title='bbox 2562 982 2616 1028; x_wconf 88' lang='lat' dir='ltr'><strong>et</strong></span> <span class='ocrx_word' id='word_1_536' title='bbox 2637 981 2695 1027; x_wconf 91' lang='lat' dir='ltr'><strong>ut</strong></span> <span class='ocrx_word' id='word_1_537' title='bbox 2723 974 2962 1029; x_wconf 81' lang='lat' dir='ltr'><strong>rixantes</strong></span> <span class='ocrx_word' id='word_1_538' title='bbox 2993 977 3264 1041; x_wconf 86' lang='lat' dir='ltr'><strong>mulieres,</strong></span> <span class='ocrx_word' id='word_1_539' title='bbox 3293 978 3452 1032; x_wconf 86' lang='lat' dir='ltr'><strong>ambo</strong></span> <span class='ocrx_word' id='word_1_540' title='bbox 3485 987 3712 1046; x_wconf 76' lang='lat' dir='ltr'><strong>turpiter</strong></span> <span class='ocrx_word' id='word_1_541' title='bbox 3741 992 3798 1035; x_wconf 86' lang='lat' dir='ltr'><strong>et</strong></span> 
     </span>
    </p>
   </div>
   <div class='ocr_carea' id='block_1_69' title="bbox 2199 1061 3794 1133">
    <p class='ocr_par' dir='ltr' id='par_1_69' title="bbox 2199 1061 3794 1133">
     <span class='ocr_line' id='line_1_69' title="bbox 2199 1061 3794 1133; baseline 0.006 -19"><span class='ocrx_word' id='word_1_542' title='bbox 2199 1061 2582 1117; x_wconf 86' lang='lat' dir='ltr'><strong>miserabiliter</strong></span> <span class='ocrx_word' id='word_1_543' title='bbox 2605 1063 2673 1119; x_wconf 89' lang='lat' dir='ltr'><strong>ab</strong></span> <span class='ocrx_word' id='word_1_544' title='bbox 2702 1064 2779 1118; x_wconf 88' lang='lat' dir='ltr'><strong>ira</strong></span> <span class='ocrx_word' id='word_1_545' title='bbox 2809 1068 3060 1133; x_wconf 58' lang='lat' dir='ltr'><strong>prostrati</strong></span> <span class='ocrx_word' id='word_1_546' title='bbox 3095 1067 3338 1124; x_wconf 88' lang='lat' dir='ltr'><strong>fuissent.</strong></span> <span class='ocrx_word' id='word_1_547' title='bbox 3367 1069 3518 1124; x_wconf 72' lang='lat' dir='ltr'><strong>Nunc</strong></span> <span class='ocrx_word' id='word_1_548' title='bbox 3551 1082 3728 1126; x_wconf 82' lang='lat' dir='ltr'><strong>autem</strong></span> <span class='ocrx_word' id='word_1_549' title='bbox 3765 1091 3794 1124; x_wconf 85' lang='lat' dir='ltr'><strong>a</strong></span> 
     </span>
    </p>
   </div>
   <div class='ocr_carea' id='block_1_70' title="bbox 2199 1155 3790 1231">
    <p class='ocr_par' dir='ltr' id='par_1_70' title="bbox 2199 1155 3790 1231">
     <span class='ocr_line' id='line_1_70' title="bbox 2199 1155 3790 1231; baseline 0.004 -23"><span class='ocrx_word' id='word_1_550' title='bbox 2199 1155 2287 1208; x_wconf 88' lang='lat' dir='ltr'><strong>tali</strong></span> <span class='ocrx_word' id='word_1_551' title='bbox 2311 1155 2578 1210; x_wconf 88' lang='lat' dir='ltr'><strong>dedecore</strong></span> <span class='ocrx_word' id='word_1_552' title='bbox 2605 1168 2822 1226; x_wconf 88' lang='lat' dir='ltr'><strong>ereptus</strong></span> <span class='ocrx_word' id='word_1_553' title='bbox 2850 1159 2895 1212; x_wconf 92' lang='lat' dir='ltr'><strong>is</strong></span> <span class='ocrx_word' id='word_1_554' title='bbox 2920 1161 3010 1228; x_wconf 91' lang='lat' dir='ltr'><strong>qui</strong></span> <span class='ocrx_word' id='word_1_555' title='bbox 3038 1160 3442 1229; x_wconf 84' lang='lat' dir='ltr'><strong>philosophatus</strong></span> <span class='ocrx_word' id='word_1_556' title='bbox 3471 1172 3573 1222; x_wconf 84' lang='lat' dir='ltr'><strong>est.</strong></span> <span class='ocrx_word' id='word_1_557' title='bbox 3603 1163 3790 1231; x_wconf 81' lang='lat' dir='ltr'><strong>apleu-</strong></span> 
     </span>
    </p>
   </div>
   <div class='ocr_carea' id='block_1_71' title="bbox 2198 1246 3792 1318">
    <p class='ocr_par' dir='ltr' id='par_1_71' title="bbox 2198 1246 3792 1318">
     <span class='ocr_line' id='line_1_71' title="bbox 2198 1246 3792 1318; baseline 0.007 -19"><span class='ocrx_word' id='word_1_558' title='bbox 2198 1246 2382 1300; x_wconf 86' lang='lat' dir='ltr'><strong>didum</strong></span> <span class='ocrx_word' id='word_1_559' title='bbox 2413 1257 2671 1318; x_wconf 58' lang='lat' dir='ltr'><strong>tropaeum</strong></span> <span class='ocrx_word' id='word_1_560' title='bbox 2701 1259 2756 1304; x_wconf 90' lang='lat' dir='ltr'><strong>et</strong></span> <span class='ocrx_word' id='word_1_561' title='bbox 2777 1251 2828 1304; x_wconf 92' lang='lat' dir='ltr'><strong>in</strong></span> <span class='ocrx_word' id='word_1_562' title='bbox 2860 1265 2919 1304; x_wconf 90' lang='lat' dir='ltr'><strong>se</strong></span> <span class='ocrx_word' id='word_1_563' title='bbox 2943 1263 2991 1305; x_wconf 85' lang='lat' dir='ltr'><strong>et</strong></span> <span class='ocrx_word' id='word_1_564' title='bbox 3027 1252 3079 1305; x_wconf 89' lang='lat' dir='ltr'><strong>in</strong></span> <span class='ocrx_word' id='word_1_565' title='bbox 3106 1253 3413 1307; x_wconf 87' lang='lat' dir='ltr'><strong>adversario</strong></span> <span class='ocrx_word' id='word_1_566' title='bbox 3443 1265 3626 1309; x_wconf 87' lang='lat' dir='ltr'><strong>contra</strong></span> <span class='ocrx_word' id='word_1_567' title='bbox 3653 1257 3792 1310; x_wconf 85' lang='lat' dir='ltr'><strong>iram</strong></span> 
     </span>
    </p>
   </div>
   <div class='ocr_carea' id='block_1_72' title="bbox 2197 1339 3214 1410">
    <p class='ocr_par' dir='ltr' id='par_1_72' title="bbox 2197 1339 3214 1410">
     <span class='ocr_line' id='line_1_72' title="bbox 2197 1339 3214 1410; baseline 0.005 -18"><span class='ocrx_word' id='word_1_568' title='bbox 2197 1339 2390 1402; x_wconf 88' lang='lat' dir='ltr'><strong>erexit,</strong></span> <span class='ocrx_word' id='word_1_569' title='bbox 2423 1339 2642 1410; x_wconf 90' lang='lat' dir='ltr'><strong>quando</strong></span> <span class='ocrx_word' id='word_1_570' title='bbox 2672 1343 2914 1410; x_wconf 87' lang='lat' dir='ltr'><strong>superari</strong></span> <span class='ocrx_word' id='word_1_571' title='bbox 2945 1343 3092 1397; x_wconf 88' lang='lat' dir='ltr'><strong>visus</strong></span> <span class='ocrx_word' id='word_1_572' title='bbox 3112 1353 3214 1398; x_wconf 87' lang='lat' dir='ltr'><strong>est.</strong></span> 
     </span>
    </p>
   </div>
   <div class='ocr_carea' id='block_1_73' title="bbox 2266 1430 3789 1506">
    <p class='ocr_par' dir='ltr' id='par_1_73' title="bbox 2266 1430 3789 1506">
     <span class='ocr_line' id='line_1_73' title="bbox 2266 1430 3789 1506; baseline 0.007 -22"><span class='ocrx_word' id='word_1_573' title='bbox 2266 1431 2321 1486; x_wconf 77' lang='grc'><strong>4.</strong></span> <span class='ocrx_word' id='word_1_574' title='bbox 2365 1430 2495 1484; x_wconf 83' lang='lat' dir='ltr'><strong>Vera</strong></span> <span class='ocrx_word' id='word_1_575' title='bbox 2547 1433 2753 1486; x_wconf 85' lang='lat' dir='ltr'><strong>victoria</strong></span> <span class='ocrx_word' id='word_1_576' title='bbox 2797 1449 2889 1502; x_wconf 85' lang='lat' dir='ltr'><strong>per</strong></span> <span class='ocrx_word' id='word_1_577' title='bbox 2942 1435 3237 1503; x_wconf 82' lang='lat' dir='ltr'><strong>patientiam</strong></span> <span class='ocrx_word' id='word_1_578' title='bbox 3263 1447 3568 1504; x_wconf 81' lang='lat' dir='ltr'><strong>reportatur.</strong></span> <span class='ocrx_word' id='word_1_579' title='bbox 3595 1468 3666 1481; x_wconf 91' lang='lat'><strong>--</strong></span> <span class='ocrx_word' id='word_1_580' title='bbox 3687 1440 3789 1506; x_wconf 75' lang='lat' dir='ltr'><strong>Nc,</strong></span> 
     </span>
    </p>
   </div>
   <div class='ocr_carea' id='block_1_74' title="bbox 2196 1526 3787 1598">
    <p class='ocr_par' dir='ltr' id='par_1_74' title="bbox 2196 1526 3787 1598">
     <span class='ocr_line' id='line_1_74' title="bbox 2196 1526 3787 1598; baseline 0.003 -20"><span class='ocrx_word' id='word_1_581' title='bbox 2196 1540 2404 1593; x_wconf 74' lang='lat' dir='ltr'><strong>quzeso,</strong></span> <span class='ocrx_word' id='word_1_582' title='bbox 2433 1526 2628 1596; x_wconf 90' lang='lat' dir='ltr'><strong>ubique</strong></span> <span class='ocrx_word' id='word_1_583' title='bbox 2656 1526 2936 1582; x_wconf 87' lang='lat' dir='ltr'><strong>victoriam</strong></span> <span class='ocrx_word' id='word_1_584' title='bbox 2961 1543 3283 1596; x_wconf 64' lang='lat' dir='ltr'><strong>quaramns.</strong></span> <span class='ocrx_word' id='word_1_585' title='bbox 3313 1529 3475 1586; x_wconf 89' lang='lat' dir='ltr'><strong>Certe</strong></span> <span class='ocrx_word' id='word_1_586' title='bbox 3503 1533 3589 1598; x_wconf 91' lang='lat' dir='ltr'><strong>qui</strong></span> <span class='ocrx_word' id='word_1_587' title='bbox 3623 1532 3787 1598; x_wconf 68' lang='lat' dir='ltr'><strong>lwsii,</strong></span> 
     </span>
    </p>
   </div>
   <div class='ocr_carea' id='block_1_75' title="bbox 2196 1616 3788 1691">
    <p class='ocr_par' dir='ltr' id='par_1_75' title="bbox 2196 1616 3788 1691">
     <span class='ocr_line' id='line_1_75' title="bbox 2196 1616 3788 1691; baseline 0.004 -22"><span class='ocrx_word' id='word_1_588' title='bbox 2196 1616 2382 1672; x_wconf 67' lang='lat' dir='ltr'><strong>laesum</strong></span> <span class='ocrx_word' id='word_1_589' title='bbox 2403 1619 2549 1683; x_wconf 89' lang='lat' dir='ltr'><strong>vicit,</strong></span> <span class='ocrx_word' id='word_1_590' title='bbox 2581 1618 2673 1672; x_wconf 89' lang='lat' dir='ltr'><strong>sed</strong></span> <span class='ocrx_word' id='word_1_591' title='bbox 2701 1619 3002 1689; x_wconf 88' lang='lat' dir='ltr'><strong>perniciosa</strong></span> <span class='ocrx_word' id='word_1_592' title='bbox 3024 1621 3244 1675; x_wconf 89' lang='lat' dir='ltr'><strong>victoria</strong></span> <span class='ocrx_word' id='word_1_593' title='bbox 3266 1661 3284 1687; x_wconf 92' lang='lat'><strong>,</strong></span> <span class='ocrx_word' id='word_1_594' title='bbox 3308 1637 3428 1691; x_wconf 71' lang='lat' dir='ltr'><strong>qua:</strong></span> <span class='ocrx_word' id='word_1_595' title='bbox 3453 1624 3678 1677; x_wconf 87' lang='lat' dir='ltr'><strong>exitium</strong></span> <span class='ocrx_word' id='word_1_596' title='bbox 3709 1627 3788 1676; x_wconf 71' lang='lat' dir='ltr'><strong>vi.</strong></span> 
     </span>
    </p>
   </div>
   <div class='ocr_carea' id='block_1_76' title="bbox 2193 1709 3788 1780">
    <p class='ocr_par' dir='ltr' id='par_1_76' title="bbox 2193 1709 3788 1780">
     <span class='ocr_line' id='line_1_76' title="bbox 2193 1709 3788 1780; baseline 0.006 -18"><span class='ocrx_word' id='word_1_597' title='bbox 2193 1709 2327 1763; x_wconf 90' lang='lat' dir='ltr'><strong>ctori</strong></span> <span class='ocrx_word' id='word_1_598' title='bbox 2355 1709 2542 1764; x_wconf 81' lang='lat' dir='ltr'><strong>alferat</strong></span> <span class='ocrx_word' id='word_1_599' title='bbox 2573 1726 2587 1765; x_wconf 85' lang='lat'>:</span> <span class='ocrx_word' id='word_1_600' title='bbox 2613 1711 2703 1780; x_wconf 90' lang='lat' dir='ltr'><strong>qui</strong></span> <span class='ocrx_word' id='word_1_601' title='bbox 2733 1725 2862 1765; x_wconf 82' lang='lat' dir='ltr'><strong>vero</strong></span> <span class='ocrx_word' id='word_1_602' title='bbox 2878 1711 3040 1766; x_wconf 68' lang='lat' dir='ltr'><strong>laesus</strong></span> <span class='ocrx_word' id='word_1_603' title='bbox 3066 1722 3146 1766; x_wconf 90' lang='lat' dir='ltr'><strong>est</strong></span> <span class='ocrx_word' id='word_1_604' title='bbox 3177 1721 3232 1768; x_wconf 90' lang='lat' dir='ltr'><strong>et</strong></span> <span class='ocrx_word' id='word_1_605' title='bbox 3256 1713 3425 1768; x_wconf 90' lang='lat' dir='ltr'><strong>victus</strong></span> <span class='ocrx_word' id='word_1_606' title='bbox 3453 1717 3662 1770; x_wconf 88' lang='lat' dir='ltr'><strong>videtur</strong></span> <span class='ocrx_word' id='word_1_607' title='bbox 3695 1758 3709 1780; x_wconf 89' lang='lat'><strong>,</strong></span> <span class='ocrx_word' id='word_1_608' title='bbox 3738 1719 3788 1771; x_wconf 90' lang='lat' dir='ltr'><strong>si</strong></span> 
     </span>
    </p>
   </div>
   <div class='ocr_carea' id='block_1_77' title="bbox 2194 1799 3783 1870">
    <p class='ocr_par' dir='ltr' id='par_1_77' title="bbox 2194 1799 3783 1870">
     <span class='ocr_line' id='line_1_77' title="bbox 2194 1799 3783 1870; baseline 0.004 -16"><span class='ocrx_word' id='word_1_609' title='bbox 2194 1801 2496 1870; x_wconf 72' lang='lat' dir='ltr'><strong>pbilosolibi</strong></span> <span class='ocrx_word' id='word_1_610' title='bbox 2532 1816 2683 1855; x_wconf 89' lang='lat' dir='ltr'><strong>more</strong></span> <span class='ocrx_word' id='word_1_611' title='bbox 2724 1801 2776 1855; x_wconf 92' lang='lat' dir='ltr'><strong>id</strong></span> <span class='ocrx_word' id='word_1_612' title='bbox 2805 1799 2972 1866; x_wconf 87' lang='lat' dir='ltr'><strong>ferat,</strong></span> <span class='ocrx_word' id='word_1_613' title='bbox 3009 1802 3094 1857; x_wconf 92' lang='lat' dir='ltr'><strong>hic</strong></span> <span class='ocrx_word' id='word_1_614' title='bbox 3123 1819 3248 1859; x_wconf 89' lang='lat' dir='ltr'><strong>vere</strong></span> <span class='ocrx_word' id='word_1_615' title='bbox 3275 1819 3534 1859; x_wconf 90' lang='lat' dir='ltr'><strong>coronam</strong></span> <span class='ocrx_word' id='word_1_616' title='bbox 3576 1807 3783 1860; x_wconf 87' lang='lat' dir='ltr'><strong>retulit.</strong></span> 
     </span>
    </p>
   </div>
   <div class='ocr_carea' id='block_1_78' title="bbox 2193 1893 3790 1972">
    <p class='ocr_par' dir='ltr' id='par_1_78' title="bbox 2193 1893 3790 1972">
     <span class='ocr_line' id='line_1_78' title="bbox 2193 1893 3790 1972; baseline 0.004 -23"><span class='ocrx_word' id='word_1_617' title='bbox 2193 1893 2350 1964; x_wconf 72' lang='lat' dir='ltr'><strong>Smpe</strong></span> <span class='ocrx_word' id='word_1_618' title='bbox 2379 1911 2619 1968; x_wconf 90' lang='lat' dir='ltr'><strong>namque</strong></span> <span class='ocrx_word' id='word_1_619' title='bbox 2661 1900 2906 1968; x_wconf 85' lang='lat' dir='ltr'><strong>superari</strong></span> <span class='ocrx_word' id='word_1_620' title='bbox 2939 1901 3133 1955; x_wconf 91' lang='lat' dir='ltr'><strong>melius</strong></span> <span class='ocrx_word' id='word_1_621' title='bbox 3173 1910 3294 1955; x_wconf 89' lang='lat' dir='ltr'><strong>est:</strong></span> <span class='ocrx_word' id='word_1_622' title='bbox 3328 1902 3414 1957; x_wconf 87' lang='lat' dir='ltr'><strong>hic</strong></span> <span class='ocrx_word' id='word_1_623' title='bbox 3457 1919 3616 1972; x_wconf 88' lang='lat' dir='ltr'><strong>porro</strong></span> <span class='ocrx_word' id='word_1_624' title='bbox 3644 1905 3790 1972; x_wconf 77' lang='lat' dir='ltr'><strong>Opti-</strong></span> 
     </span>
    </p>
   </div>
   <div class='ocr_carea' id='block_1_79' title="bbox 2192 1991 3788 2067">
    <p class='ocr_par' dir='ltr' id='par_1_79' title="bbox 2192 1991 3788 2067">
     <span class='ocr_line' id='line_1_79' title="bbox 2192 1991 3788 2067; baseline 0.008 -27"><span class='ocrx_word' id='word_1_625' title='bbox 2192 2003 2311 2043; x_wconf 89' lang='lat' dir='ltr'><strong>mus</strong></span> <span class='ocrx_word' id='word_1_626' title='bbox 2337 1998 2420 2042; x_wconf 91' lang='lat' dir='ltr'><strong>est</strong></span> <span class='ocrx_word' id='word_1_627' title='bbox 2459 1991 2696 2046; x_wconf 66' lang='lat' dir='ltr'><strong>victoriae</strong></span> <span class='ocrx_word' id='word_1_628' title='bbox 2732 1994 2943 2048; x_wconf 91' lang='lat' dir='ltr'><strong>modus.</strong></span> <span class='ocrx_word' id='word_1_629' title='bbox 2974 1993 3104 2048; x_wconf 80' lang='lat' dir='ltr'><strong>Nam</strong></span> <span class='ocrx_word' id='word_1_630' title='bbox 3137 1996 3250 2048; x_wconf 87' lang='lat' dir='ltr'><strong>sive</strong></span> <span class='ocrx_word' id='word_1_631' title='bbox 3277 1997 3396 2066; x_wconf 90' lang='lat' dir='ltr'><strong>quis</strong></span> <span class='ocrx_word' id='word_1_632' title='bbox 3418 1998 3588 2067; x_wconf 83' lang='lat' dir='ltr'><strong>rapiat</strong></span> <span class='ocrx_word' id='word_1_633' title='bbox 3619 2040 3634 2063; x_wconf 93' lang='lat'><strong>,</strong></span> <span class='ocrx_word' id='word_1_634' title='bbox 3667 2000 3788 2052; x_wconf 84' lang='lat' dir='ltr'><strong>sive</strong></span> 
     </span>
    </p>
   </div>
   <div class='ocr_carea' id='block_1_80' title="bbox 2192 2082 3786 2155">
    <p class='ocr_par' dir='ltr' id='par_1_80' title="bbox 2192 2082 3786 2155">
     <span class='ocr_line' id='line_1_80' title="bbox 2192 2082 3786 2155; baseline 0.007 -21"><span class='ocrx_word' id='word_1_635' title='bbox 2192 2082 2471 2150; x_wconf 82' lang='lat' dir='ltr'><strong>percutiat,</strong></span> <span class='ocrx_word' id='word_1_636' title='bbox 2500 2085 2619 2138; x_wconf 88' lang='lat' dir='ltr'><strong>sive</strong></span> <span class='ocrx_word' id='word_1_637' title='bbox 2651 2084 2885 2140; x_wconf 89' lang='lat' dir='ltr'><strong>invideat</strong></span> <span class='ocrx_word' id='word_1_638' title='bbox 2918 2128 2932 2147; x_wconf 85' lang='lat'><strong>,</strong></span> <span class='ocrx_word' id='word_1_639' title='bbox 2978 2087 3066 2155; x_wconf 92' lang='lat' dir='ltr'><strong>qui</strong></span> <span class='ocrx_word' id='word_1_640' title='bbox 3101 2087 3326 2142; x_wconf 90' lang='lat' dir='ltr'><strong>vincitur</strong></span> <span class='ocrx_word' id='word_1_641' title='bbox 3352 2129 3368 2154; x_wconf 95' lang='lat'><strong>,</strong></span> <span class='ocrx_word' id='word_1_642' title='bbox 3402 2104 3501 2143; x_wconf 89' lang='lat' dir='ltr'><strong>nec</strong></span> <span class='ocrx_word' id='word_1_643' title='bbox 3536 2106 3632 2142; x_wconf 90' lang='lat' dir='ltr'><strong>una</strong></span> <span class='ocrx_word' id='word_1_644' title='bbox 3655 2105 3786 2145; x_wconf 87' lang='lat' dir='ltr'><strong>cum</strong></span> 
     </span>
    </p>
   </div>
   <div class='ocr_carea' id='block_1_81' title="bbox 2192 2171 3789 2252">
    <p class='ocr_par' dir='ltr' id='par_1_81' title="bbox 2192 2171 3789 2252">
     <span class='ocr_line' id='line_1_81' title="bbox 2192 2171 3789 2252; baseline 0.008 -27"><span class='ocrx_word' id='word_1_645' title='bbox 2192 2171 2282 2227; x_wconf 91' lang='lat' dir='ltr'><strong>illo</strong></span> <span class='ocrx_word' id='word_1_646' title='bbox 2301 2174 2596 2238; x_wconf 89' lang='lat' dir='ltr'><strong>contendit,</strong></span> <span class='ocrx_word' id='word_1_647' title='bbox 2621 2176 2665 2230; x_wconf 92' lang='lat' dir='ltr'><strong>is</strong></span> <span class='ocrx_word' id='word_1_648' title='bbox 2695 2192 2818 2231; x_wconf 88' lang='lat' dir='ltr'><strong>vere</strong></span> <span class='ocrx_word' id='word_1_649' title='bbox 2848 2178 3017 2232; x_wconf 90' lang='lat' dir='ltr'><strong>victor</strong></span> <span class='ocrx_word' id='word_1_650' title='bbox 3040 2188 3142 2233; x_wconf 89' lang='lat' dir='ltr'><strong>est.</strong></span> <span class='ocrx_word' id='word_1_651' title='bbox 3170 2180 3366 2249; x_wconf 83' lang='lat' dir='ltr'><strong>Ecquid</strong></span> <span class='ocrx_word' id='word_1_652' title='bbox 3393 2181 3584 2252; x_wconf 69' lang='lat' dir='ltr'><strong>loquor</strong></span> <span class='ocrx_word' id='word_1_653' title='bbox 3602 2183 3668 2236; x_wconf 89' lang='lat' dir='ltr'><strong>de</strong></span> <span class='ocrx_word' id='word_1_654' title='bbox 3697 2199 3789 2238; x_wconf 78' lang='lat' dir='ltr'><strong>ra-</strong></span> 
     </span>
    </p>
   </div>
   <div class='ocr_carea' id='block_1_82' title="bbox 2191 2266 3788 2343">
    <p class='ocr_par' dir='ltr' id='par_1_82' title="bbox 2191 2266 3788 2343">
     <span class='ocr_line' id='line_1_82' title="bbox 2191 2266 3788 2343; baseline 0.005 -24"><span class='ocrx_word' id='word_1_655' title='bbox 2191 2266 2313 2335; x_wconf 90' lang='lat' dir='ltr'><strong>pina</strong></span> <span class='ocrx_word' id='word_1_656' title='bbox 2344 2277 2398 2321; x_wconf 90' lang='lat' dir='ltr'><strong>et</strong></span> <span class='ocrx_word' id='word_1_657' title='bbox 2423 2267 2616 2322; x_wconf 90' lang='lat' dir='ltr'><strong>invidia</strong></span> <span class='ocrx_word' id='word_1_658' title='bbox 2645 2270 2669 2322; x_wconf 82' lang='lat'>?</span> <span class='ocrx_word' id='word_1_659' title='bbox 2696 2269 2796 2336; x_wconf 84' lang='lat' dir='ltr'><strong>Qui</strong></span> <span class='ocrx_word' id='word_1_660' title='bbox 2824 2270 2889 2324; x_wconf 90' lang='lat' dir='ltr'><strong>ad</strong></span> <span class='ocrx_word' id='word_1_661' title='bbox 2921 2273 3232 2343; x_wconf 81' lang='lat' dir='ltr'><strong>martyrium</strong></span> <span class='ocrx_word' id='word_1_662' title='bbox 3263 2273 3494 2327; x_wconf 83' lang='lat' dir='ltr'><strong>trahitur</strong></span> <span class='ocrx_word' id='word_1_663' title='bbox 3517 2314 3531 2336; x_wconf 88' lang='lat'><strong>,</strong></span> <span class='ocrx_word' id='word_1_664' title='bbox 3562 2275 3631 2327; x_wconf 88' lang='lat' dir='ltr'><strong>ila</strong></span> <span class='ocrx_word' id='word_1_665' title='bbox 3662 2276 3788 2328; x_wconf 89' lang='lat' dir='ltr'><strong>vin-</strong></span> 
     </span>
    </p>
   </div>
   <div class='ocr_carea' id='block_1_83' title="bbox 2189 2359 3787 2435">
    <p class='ocr_par' dir='ltr' id='par_1_83' title="bbox 2189 2359 3787 2435">
     <span class='ocr_line' id='line_1_83' title="bbox 2189 2359 3787 2435; baseline 0.005 -23"><span class='ocrx_word' id='word_1_666' title='bbox 2189 2359 2281 2422; x_wconf 91' lang='lat' dir='ltr'><strong>cit,</strong></span> <span class='ocrx_word' id='word_1_667' title='bbox 2311 2359 2539 2424; x_wconf 87' lang='lat' dir='ltr'><strong>vinctus,</strong></span> <span class='ocrx_word' id='word_1_668' title='bbox 2571 2361 2885 2432; x_wconf 75' lang='lat' dir='ltr'><strong>ﬂagellatus,</strong></span> <span class='ocrx_word' id='word_1_669' title='bbox 2917 2365 3494 2435; x_wconf 53' lang='lat' dir='ltr'><strong>concisus,jugulatus.</strong></span> <span class='ocrx_word' id='word_1_670' title='bbox 3528 2369 3696 2433; x_wconf 55' lang='grc' dir='ltr'><strong>Αῑνμιο</strong></span> <span class='ocrx_word' id='word_1_671' title='bbox 3722 2378 3787 2420; x_wconf 89' lang='lat' dir='ltr'><strong>nt</strong></span> 
     </span>
    </p>
   </div>
   <div class='ocr_carea' id='block_1_84' title="bbox 2193 2447 3789 2526">
    <p class='ocr_par' dir='ltr' id='par_1_84' title="bbox 2193 2447 3789 2526">
     <span class='ocr_line' id='line_1_84' title="bbox 2193 2447 3789 2526; baseline 0.006 -26"><span class='ocrx_word' id='word_1_672' title='bbox 2193 2447 2244 2501; x_wconf 92' lang='lat' dir='ltr'><strong>in</strong></span> <span class='ocrx_word' id='word_1_673' title='bbox 2273 2449 2424 2503; x_wconf 90' lang='lat' dir='ltr'><strong>bellis</strong></span> <span class='ocrx_word' id='word_1_674' title='bbox 2452 2451 2589 2505; x_wconf 90' lang='lat' dir='ltr'><strong>vinci</strong></span> <span class='ocrx_word' id='word_1_675' title='bbox 2617 2452 2812 2506; x_wconf 91' lang='lat' dir='ltr'><strong>dicitur</strong></span> <span class='ocrx_word' id='word_1_676' title='bbox 2852 2454 2895 2508; x_wconf 88' lang='lat' dir='ltr'><strong>is</strong></span> <span class='ocrx_word' id='word_1_677' title='bbox 2921 2454 3008 2524; x_wconf 93' lang='lat' dir='ltr'><strong>qui</strong></span> <span class='ocrx_word' id='word_1_678' title='bbox 3037 2454 3180 2510; x_wconf 85' lang='lat' dir='ltr'><strong>cadit</strong></span> <span class='ocrx_word' id='word_1_679' title='bbox 3208 2497 3223 2520; x_wconf 93' lang='lat'><strong>,</strong></span> <span class='ocrx_word' id='word_1_680' title='bbox 3259 2455 3489 2526; x_wconf 85' lang='lat' dir='ltr'><strong>idipsuin</strong></span> <span class='ocrx_word' id='word_1_681' title='bbox 3518 2457 3654 2525; x_wconf 85' lang='lat' dir='ltr'><strong>apud</strong></span> <span class='ocrx_word' id='word_1_682' title='bbox 3685 2474 3789 2510; x_wconf 82' lang='lat' dir='ltr'><strong>nos</strong></span> 
     </span>
    </p>
   </div>
   <div class='ocr_carea' id='block_1_85' title="bbox 2191 2541 3782 2615">
    <p class='ocr_par' dir='ltr' id='par_1_85' title="bbox 2191 2541 3782 2615">
     <span class='ocr_line' id='line_1_85' title="bbox 2191 2541 3782 2615; baseline 0.006 -24"><span class='ocrx_word' id='word_1_683' title='bbox 2191 2541 2411 2593; x_wconf 89' lang='lat' dir='ltr'><strong>victoria</strong></span> <span class='ocrx_word' id='word_1_684' title='bbox 2444 2549 2548 2596; x_wconf 86' lang='lat' dir='ltr'><strong>est.</strong></span> <span class='ocrx_word' id='word_1_685' title='bbox 2582 2541 2855 2614; x_wconf 84' lang='lat' dir='ltr'><strong>Nusquam</strong></span> <span class='ocrx_word' id='word_1_686' title='bbox 2887 2546 3028 2598; x_wconf 87' lang='lat' dir='ltr'><strong>enim</strong></span> <span class='ocrx_word' id='word_1_687' title='bbox 3061 2547 3200 2600; x_wconf 87' lang='lat' dir='ltr'><strong>male</strong></span> <span class='ocrx_word' id='word_1_688' title='bbox 3227 2557 3444 2615; x_wconf 81' lang='lat' dir='ltr'><strong>agentes</strong></span> <span class='ocrx_word' id='word_1_689' title='bbox 3475 2549 3736 2602; x_wconf 81' lang='lat' dir='ltr'><strong>vincimus</strong></span> <span class='ocrx_word' id='word_1_690' title='bbox 3763 2592 3782 2615; x_wconf 94' lang='lat'><strong>,</strong></span> 
     </span>
    </p>
   </div>
   <div class='ocr_carea' id='block_1_86' title="bbox 2190 2633 3786 2708">
    <p class='ocr_par' dir='ltr' id='par_1_86' title="bbox 2190 2633 3786 2708">
     <span class='ocr_line' id='line_1_86' title="bbox 2190 2633 3786 2708; baseline 0.006 -22"><span class='ocrx_word' id='word_1_691' title='bbox 2190 2633 2284 2686; x_wconf 88' lang='lat' dir='ltr'><strong>scd</strong></span> <span class='ocrx_word' id='word_1_692' title='bbox 2313 2633 2508 2702; x_wconf 85' lang='lat' dir='ltr'><strong>ubique</strong></span> <span class='ocrx_word' id='word_1_693' title='bbox 2533 2635 2668 2688; x_wconf 85' lang='lat' dir='ltr'><strong>mala</strong></span> <span class='ocrx_word' id='word_1_694' title='bbox 2693 2639 2975 2706; x_wconf 85' lang='lat' dir='ltr'><strong>patientes.</strong></span> <span class='ocrx_word' id='word_1_695' title='bbox 2999 2638 3148 2693; x_wconf 87' lang='lat' dir='ltr'><strong>Tunc</strong></span> <span class='ocrx_word' id='word_1_696' title='bbox 3171 2640 3596 2708; x_wconf 85' lang='lat' dir='ltr'><strong>splendidissima</strong></span> <span class='ocrx_word' id='word_1_697' title='bbox 3615 2643 3786 2695; x_wconf 89' lang='lat' dir='ltr'><strong>victo-</strong></span> 
     </span>
    </p>
   </div>
   <div class='ocr_carea' id='block_1_87' title="bbox 2193 2725 3783 2798">
    <p class='ocr_par' dir='ltr' id='par_1_87' title="bbox 2193 2725 3783 2798">
     <span class='ocr_line' id='line_1_87' title="bbox 2193 2725 3783 2798; baseline 0.004 -19"><span class='ocrx_word' id='word_1_698' title='bbox 2193 2725 2326 2780; x_wconf 88' lang='lat' dir='ltr'><strong>Ioria</strong></span> <span class='ocrx_word' id='word_1_699' title='bbox 2347 2735 2449 2791; x_wconf 87' lang='lat' dir='ltr'><strong>est,</strong></span> <span class='ocrx_word' id='word_1_700' title='bbox 2477 2741 2597 2782; x_wconf 83' lang='lat' dir='ltr'><strong>cum</strong></span> <span class='ocrx_word' id='word_1_701' title='bbox 2623 2728 2872 2798; x_wconf 85' lang='lat' dir='ltr'><strong>patiendo</strong></span> <span class='ocrx_word' id='word_1_702' title='bbox 2903 2741 3160 2787; x_wconf 86' lang='lat' dir='ltr'><strong>nocentes</strong></span> <span class='ocrx_word' id='word_1_703' title='bbox 3191 2731 3473 2789; x_wconf 87' lang='lat' dir='ltr'><strong>vincimus.</strong></span> <span class='ocrx_word' id='word_1_704' title='bbox 3514 2732 3644 2788; x_wconf 92' lang='lat' dir='ltr'><strong>Ilinc</strong></span> <span class='ocrx_word' id='word_1_705' title='bbox 3685 2747 3783 2786; x_wconf 90' lang='lat' dir='ltr'><strong>os-</strong></span> 
     </span>
    </p>
   </div>
   <div class='ocr_carea' id='block_1_88' title="bbox 2191 2819 3785 2893">
    <p class='ocr_par' dir='ltr' id='par_1_88' title="bbox 2191 2819 3785 2893">
     <span class='ocr_line' id='line_1_88' title="bbox 2191 2819 3785 2893; baseline 0.004 -21"><span class='ocrx_word' id='word_1_706' title='bbox 2191 2819 2428 2874; x_wconf 89' lang='lat' dir='ltr'><strong>tenditur</strong></span> <span class='ocrx_word' id='word_1_707' title='bbox 2453 2836 2481 2873; x_wconf 88' lang='lat' dir='ltr'><strong>a</strong></span> <span class='ocrx_word' id='word_1_708' title='bbox 2515 2821 2626 2874; x_wconf 91' lang='lat' dir='ltr'><strong>Deo</strong></span> <span class='ocrx_word' id='word_1_709' title='bbox 2664 2836 2784 2876; x_wconf 86' lang='lat' dir='ltr'><strong>esse</strong></span> <span class='ocrx_word' id='word_1_710' title='bbox 2827 2823 3100 2877; x_wconf 88' lang='lat' dir='ltr'><strong>victoriam</strong></span> <span class='ocrx_word' id='word_1_711' title='bbox 3129 2865 3142 2886; x_wconf 86' lang='lat'><strong>,</strong></span> <span class='ocrx_word' id='word_1_712' title='bbox 3176 2839 3294 2893; x_wconf 74' lang='lat' dir='ltr'><strong>qua:</strong></span> <span class='ocrx_word' id='word_1_713' title='bbox 3333 2835 3576 2879; x_wconf 91' lang='lat' dir='ltr'><strong>naturam</strong></span> <span class='ocrx_word' id='word_1_714' title='bbox 3617 2824 3785 2878; x_wconf 87' lang='lat' dir='ltr'><strong>habet</strong></span> 
     </span>
    </p>
   </div>
   <div class='ocr_carea' id='block_1_89' title="bbox 2189 2912 3783 2985">
    <p class='ocr_par' dir='ltr' id='par_1_89' title="bbox 2189 2912 3783 2985">
     <span class='ocr_line' id='line_1_89' title="bbox 2189 2912 3783 2985; baseline 0.003 -21"><span class='ocrx_word' id='word_1_715' title='bbox 2189 2912 2518 2965; x_wconf 89' lang='lat' dir='ltr'><strong>contrariam</strong></span> <span class='ocrx_word' id='word_1_716' title='bbox 2549 2922 2786 2966; x_wconf 71' lang='lat' dir='ltr'><strong>externte</strong></span> <span class='ocrx_word' id='word_1_717' title='bbox 2815 2913 2887 2966; x_wconf 91' lang='lat' dir='ltr'><strong>illi</strong></span> <span class='ocrx_word' id='word_1_718' title='bbox 2920 2914 3156 2969; x_wconf 74' lang='lat' dir='ltr'><strong>victoria:</strong></span> <span class='ocrx_word' id='word_1_719' title='bbox 3190 2932 3202 2967; x_wconf 93' lang='lat'>:</span> <span class='ocrx_word' id='word_1_720' title='bbox 3234 2915 3390 2985; x_wconf 89' lang='lat' dir='ltr'><strong>idque</strong></span> <span class='ocrx_word' id='word_1_721' title='bbox 3413 2917 3641 2969; x_wconf 88' lang='lat' dir='ltr'><strong>maxime</strong></span> <span class='ocrx_word' id='word_1_722' title='bbox 3671 2914 3783 2968; x_wconf 85' lang='lat' dir='ltr'><strong>fur-</strong></span> 
     </span>
    </p>
   </div>
   <div class='ocr_carea' id='block_1_90' title="bbox 2191 3002 3782 3076">
    <p class='ocr_par' dir='ltr' id='par_1_90' title="bbox 2191 3002 3782 3076">
     <span class='ocr_line' id='line_1_90' title="bbox 2191 3002 3782 3076; baseline 0.004 -21"><span class='ocrx_word' id='word_1_723' title='bbox 2191 3002 2431 3057; x_wconf 90' lang='lat' dir='ltr'><strong>titndinis</strong></span> <span class='ocrx_word' id='word_1_724' title='bbox 2457 3012 2827 3072; x_wconf 80' lang='lat' dir='ltr'><strong>argumentum</strong></span> <span class='ocrx_word' id='word_1_725' title='bbox 2851 3014 2953 3059; x_wconf 85' lang='lat' dir='ltr'><strong>est.</strong></span> <span class='ocrx_word' id='word_1_726' title='bbox 2983 3004 3071 3060; x_wconf 90' lang='lat' dir='ltr'><strong>Sic</strong></span> <span class='ocrx_word' id='word_1_727' title='bbox 3093 3009 3311 3060; x_wconf 80' lang='lat' dir='ltr'><strong>marina-</strong></span> <span class='ocrx_word' id='word_1_728' title='bbox 3335 3016 3496 3076; x_wconf 75' lang='lat' dir='ltr'><strong>petra-</strong></span> <span class='ocrx_word' id='word_1_729' title='bbox 3514 3022 3782 3076; x_wconf 72' lang='lat' dir='ltr'><strong>percussa:</strong></span> 
     </span>
    </p>
   </div>
   <div class='ocr_carea' id='block_1_91' title="bbox 2189 3095 3771 3154">
    <p class='ocr_par' dir='ltr' id='par_1_91' title="bbox 2189 3095 3771 3154">
     <span class='ocr_line' id='line_1_91' title="bbox 2189 3095 3771 3154; baseline 0.001 -6"><span class='ocrx_word' id='word_1_730' title='bbox 2189 3095 2383 3150; x_wconf 84' lang='lat' dir='ltr'><strong>fluctus</strong></span> <span class='ocrx_word' id='word_1_731' title='bbox 2423 3096 2724 3149; x_wconf 83' lang='lat' dir='ltr'><strong>dissolvunt</strong></span> <span class='ocrx_word' id='word_1_732' title='bbox 2758 3115 2769 3148; x_wconf 92' lang='lat'><strong>:</strong></span> <span class='ocrx_word' id='word_1_733' title='bbox 2804 3095 2883 3149; x_wconf 90' lang='lat' dir='ltr'><strong>sic</strong></span> <span class='ocrx_word' id='word_1_734' title='bbox 2908 3097 3078 3150; x_wconf 90' lang='lat' dir='ltr'><strong>sancti</strong></span> <span class='ocrx_word' id='word_1_735' title='bbox 3110 3112 3299 3152; x_wconf 90' lang='lat' dir='ltr'><strong>omnes</strong></span> <span class='ocrx_word' id='word_1_736' title='bbox 3337 3098 3592 3154; x_wconf 86' lang='lat' dir='ltr'><strong>celebrati</strong></span> <span class='ocrx_word' id='word_1_737' title='bbox 3620 3113 3771 3152; x_wconf 83' lang='lat' dir='ltr'><strong>coro-</strong></span> 
     </span>
    </p>
   </div>
   <div class='ocr_carea' id='block_1_92' title="bbox 2191 3185 3781 3258">
    <p class='ocr_par' dir='ltr' id='par_1_92' title="bbox 2191 3185 3781 3258">
     <span class='ocr_line' id='line_1_92' title="bbox 2191 3185 3781 3258; baseline 0.004 -20"><span class='ocrx_word' id='word_1_738' title='bbox 2191 3201 2309 3238; x_wconf 89' lang='lat' dir='ltr'><strong>nam</strong></span> <span class='ocrx_word' id='word_1_739' title='bbox 2335 3186 2651 3245; x_wconf 81' lang='lat' dir='ltr'><strong>retulerunt.</strong></span> <span class='ocrx_word' id='word_1_740' title='bbox 2686 3185 3070 3256; x_wconf 88' lang='lat' dir='ltr'><strong>splendidaque</strong></span> <span class='ocrx_word' id='word_1_741' title='bbox 3089 3195 3208 3258; x_wconf 88' lang='lat' dir='ltr'><strong>trop</strong></span> <span class='ocrx_word' id='word_1_742' title='bbox 3224 3205 3286 3240; x_wconf 80' lang='lat' dir='ltr'><strong>ra</strong></span> <span class='ocrx_word' id='word_1_743' title='bbox 3307 3199 3615 3252; x_wconf 85' lang='lat' dir='ltr'><strong>erexerunt,</strong></span> <span class='ocrx_word' id='word_1_744' title='bbox 3639 3189 3781 3244; x_wconf 85' lang='lat' dir='ltr'><strong>hanc</strong></span> 
     </span>
    </p>
   </div>
   <div class='ocr_carea' id='block_1_93' title="bbox 2190 3277 3776 3349">
    <p class='ocr_par' dir='ltr' id='par_1_93' title="bbox 2190 3277 3776 3349">
     <span class='ocr_line' id='line_1_93' title="bbox 2190 3277 3776 3349; baseline 0.001 -19"><span class='ocrx_word' id='word_1_745' title='bbox 2190 3292 2295 3330; x_wconf 84' lang='lat' dir='ltr'><strong>non</strong></span> <span class='ocrx_word' id='word_1_746' title='bbox 2324 3277 2656 3330; x_wconf 89' lang='lat' dir='ltr'><strong>contentiosc</strong></span> <span class='ocrx_word' id='word_1_747' title='bbox 2683 3278 2956 3332; x_wconf 85' lang='lat' dir='ltr'><strong>victoriam</strong></span> <span class='ocrx_word' id='word_1_748' title='bbox 2989 3281 3321 3349; x_wconf 81' lang='lat' dir='ltr'><strong>consequuti.</strong></span> <span class='ocrx_word' id='word_1_749' title='bbox 3354 3280 3430 3335; x_wconf 82' lang='lat' dir='ltr'><strong>Ne</strong></span> <span class='ocrx_word' id='word_1_750' title='bbox 3455 3291 3506 3334; x_wconf 90' lang='lat' dir='ltr'><strong>te</strong></span> <span class='ocrx_word' id='word_1_751' title='bbox 3536 3296 3776 3344; x_wconf 71' lang='lat' dir='ltr'><strong>moveas,</strong></span> 
     </span>
    </p>
   </div>
   <div class='ocr_carea' id='block_1_94' title="bbox 2192 3367 3774 3439">
    <p class='ocr_par' dir='ltr' id='par_1_94' title="bbox 2192 3367 3774 3439">
     <span class='ocr_line' id='line_1_94' title="bbox 2192 3367 3774 3439; baseline 0.007 -21"><span class='ocrx_word' id='word_1_752' title='bbox 2192 3368 2358 3436; x_wconf 87' lang='lat' dir='ltr'><strong>inquit</strong></span> <span class='ocrx_word' id='word_1_753' title='bbox 2385 3409 2400 3433; x_wconf 91' lang='lat'><strong>,</strong></span> <span class='ocrx_word' id='word_1_754' title='bbox 2437 3383 2535 3422; x_wconf 89' lang='lat' dir='ltr'><strong>nec</strong></span> <span class='ocrx_word' id='word_1_755' title='bbox 2563 3367 2911 3439; x_wconf 75' lang='lat' dir='ltr'><strong>defatigcris:</strong></span> <span class='ocrx_word' id='word_1_756' title='bbox 2949 3371 3090 3425; x_wconf 77' lang='lat' dir='ltr'><strong>licus</strong></span> <span class='ocrx_word' id='word_1_757' title='bbox 3119 3372 3254 3425; x_wconf 89' lang='lat' dir='ltr'><strong>hanc</strong></span> <span class='ocrx_word' id='word_1_758' title='bbox 3284 3373 3374 3426; x_wconf 89' lang='lat' dir='ltr'><strong>tibi</strong></span> <span class='ocrx_word' id='word_1_759' title='bbox 3408 3373 3774 3429; x_wconf 81' lang='lat' dir='ltr'><strong>fortitudinem</strong></span> 
     </span>
    </p>
   </div>
   <div class='ocr_carea' id='block_1_95' title="bbox 2190 3452 3778 3533">
    <p class='ocr_par' dir='ltr' id='par_1_95' title="bbox 2190 3452 3778 3533">
     <span class='ocr_line' id='line_1_95' title="bbox 2190 3452 3778 3533; baseline 0.005 -22"><span class='ocrx_word' id='word_1_760' title='bbox 2190 3459 2399 3522; x_wconf 85' lang='lat' dir='ltr'><strong>indidit,</strong></span> <span class='ocrx_word' id='word_1_761' title='bbox 2432 3452 2614 3513; x_wconf 87' lang='lat' dir='ltr'><strong>utnon</strong></span> <span class='ocrx_word' id='word_1_762' title='bbox 2638 3476 2701 3514; x_wconf 80' lang='lat' dir='ltr'><strong>ex</strong></span> <span class='ocrx_word' id='word_1_763' title='bbox 2723 3475 3012 3530; x_wconf 80' lang='lat' dir='ltr'><strong>congressu</strong></span> <span class='ocrx_word' id='word_1_764' title='bbox 3037 3463 3240 3530; x_wconf 88' lang='lat' dir='ltr'><strong>vincas,</strong></span> <span class='ocrx_word' id='word_1_765' title='bbox 3262 3465 3354 3518; x_wconf 90' lang='lat' dir='ltr'><strong>sed</strong></span> <span class='ocrx_word' id='word_1_766' title='bbox 3381 3466 3624 3533; x_wconf 89' lang='lat' dir='ltr'><strong>patiendo</strong></span> <span class='ocrx_word' id='word_1_767' title='bbox 3655 3475 3778 3520; x_wconf 91' lang='lat' dir='ltr'><strong>tan-</strong></span> 
     </span>
    </p>
   </div>
   <div class='ocr_carea' id='block_1_96' title="bbox 2190 3551 3777 3620">
    <p class='ocr_par' dir='ltr' id='par_1_96' title="bbox 2190 3551 3777 3620">
     <span class='ocr_line' id='line_1_96' title="bbox 2190 3551 3777 3620; baseline 0.008 -18"><span class='ocrx_word' id='word_1_768' title='bbox 2190 3560 2320 3604; x_wconf 90' lang='lat' dir='ltr'><strong>tum.</strong></span> <span class='ocrx_word' id='word_1_769' title='bbox 2370 3551 2445 3604; x_wconf 85' lang='lat' dir='ltr'><strong>Ne</strong></span> <span class='ocrx_word' id='word_1_770' title='bbox 2485 3553 2653 3606; x_wconf 76' lang='lat' dir='ltr'><strong>aciem</strong></span> <span class='ocrx_word' id='word_1_771' title='bbox 2699 3554 2931 3609; x_wconf 86' lang='lat' dir='ltr'><strong>instruas</strong></span> <span class='ocrx_word' id='word_1_772' title='bbox 2960 3595 2975 3620; x_wconf 92' lang='lat'><strong>,</strong></span> <span class='ocrx_word' id='word_1_773' title='bbox 3024 3565 3082 3611; x_wconf 90' lang='lat' dir='ltr'><strong>et</strong></span> <span class='ocrx_word' id='word_1_774' title='bbox 3120 3557 3395 3613; x_wconf 87' lang='lat' dir='ltr'><strong>victoriam</strong></span> <span class='ocrx_word' id='word_1_775' title='bbox 3437 3560 3636 3614; x_wconf 84' lang='lat' dir='ltr'><strong>referes</strong></span> <span class='ocrx_word' id='word_1_776' title='bbox 3665 3577 3677 3610; x_wconf 90' lang='lat'><strong>:</strong></span> <span class='ocrx_word' id='word_1_777' title='bbox 3708 3576 3777 3615; x_wconf 88' lang='lat' dir='ltr'><strong>ne</strong></span> 
     </span>
    </p>
   </div>
   <div class='ocr_carea' id='block_1_97' title="bbox 2187 3645 3777 3721">
    <p class='ocr_par' dir='ltr' id='par_1_97' title="bbox 2187 3645 3777 3721">
     <span class='ocr_line' id='line_1_97' title="bbox 2187 3645 3777 3721; baseline 0.006 -25"><span class='ocrx_word' id='word_1_778' title='bbox 2187 3645 2581 3714; x_wconf 81' lang='lat' dir='ltr'><strong>congrediaris,</strong></span> <span class='ocrx_word' id='word_1_779' title='bbox 2615 3656 2668 3699; x_wconf 82' lang='lat' dir='ltr'><strong>et</strong></span> <span class='ocrx_word' id='word_1_780' title='bbox 2705 3649 3086 3713; x_wconf 88' lang='lat' dir='ltr'><strong>coronaberis;</strong></span> <span class='ocrx_word' id='word_1_781' title='bbox 3144 3650 3299 3718; x_wconf 84' lang='lat' dir='ltr'><strong>longe</strong></span> <span class='ocrx_word' id='word_1_782' title='bbox 3347 3649 3537 3704; x_wconf 89' lang='lat' dir='ltr'><strong>fortior</strong></span> <span class='ocrx_word' id='word_1_783' title='bbox 3585 3661 3777 3721; x_wconf 84' lang='lat' dir='ltr'><strong>poten-</strong></span> 
     </span>
    </p>
   </div>
   <div class='ocr_carea' id='block_1_98' title="bbox 2193 3739 3778 3807">
    <p class='ocr_par' dir='ltr' id='par_1_98' title="bbox 2193 3739 3778 3807">
     <span class='ocr_line' id='line_1_98' title="bbox 2193 3739 3778 3807; baseline 0.006 -17"><span class='ocrx_word' id='word_1_784' title='bbox 2193 3739 2399 3807; x_wconf 82' lang='lat' dir='ltr'><strong>liorqnc</strong></span> <span class='ocrx_word' id='word_1_785' title='bbox 2444 3754 2502 3792; x_wconf 84' lang='lat' dir='ltr'><strong>es</strong></span> <span class='ocrx_word' id='word_1_786' title='bbox 2549 3740 2859 3794; x_wconf 87' lang='lat' dir='ltr'><strong>adversario</strong></span> <span class='ocrx_word' id='word_1_787' title='bbox 2889 3752 2998 3797; x_wconf 89' lang='lat' dir='ltr'><strong>tuo.</strong></span> <span class='ocrx_word' id='word_1_788' title='bbox 3031 3741 3138 3796; x_wconf 89' lang='lat' dir='ltr'><strong>Cur</strong></span> <span class='ocrx_word' id='word_1_789' title='bbox 3165 3753 3215 3797; x_wconf 90' lang='lat' dir='ltr'><strong>te</strong></span> <span class='ocrx_word' id='word_1_790' title='bbox 3246 3745 3513 3799; x_wconf 88' lang='lat' dir='ltr'><strong>dedecore</strong></span> <span class='ocrx_word' id='word_1_791' title='bbox 3556 3747 3727 3798; x_wconf 81' lang='lat' dir='ltr'><strong>aiticis</strong></span> <span class='ocrx_word' id='word_1_792' title='bbox 3754 3747 3778 3799; x_wconf 67' lang='grc' dir='ltr'>ἶ</span> 
     </span>
    </p>
   </div>
   <div class='ocr_carea' id='block_1_99' title="bbox 2187 3829 3773 3905">
    <p class='ocr_par' dir='ltr' id='par_1_99' title="bbox 2187 3829 3773 3905">
     <span class='ocr_line' id='line_1_99' title="bbox 2187 3829 3773 3905; baseline 0.005 -23"><span class='ocrx_word' id='word_1_793' title='bbox 2187 3829 2264 3883; x_wconf 86' lang='lat' dir='ltr'><strong>Ne</strong></span> <span class='ocrx_word' id='word_1_794' title='bbox 2290 3831 2386 3884; x_wconf 86' lang='lat' dir='ltr'><strong>des</strong></span> <span class='ocrx_word' id='word_1_795' title='bbox 2416 3831 2490 3883; x_wconf 92' lang='lat' dir='ltr'><strong>illi</strong></span> <span class='ocrx_word' id='word_1_796' title='bbox 2519 3831 2692 3885; x_wconf 91' lang='lat' dir='ltr'><strong>locum</strong></span> <span class='ocrx_word' id='word_1_797' title='bbox 2723 3832 2935 3887; x_wconf 83' lang='lat' dir='ltr'><strong>dicendi</strong></span> <span class='ocrx_word' id='word_1_798' title='bbox 2975 3843 3029 3887; x_wconf 89' lang='lat' dir='ltr'><strong>te</strong></span> <span class='ocrx_word' id='word_1_799' title='bbox 3066 3849 3412 3905; x_wconf 81' lang='lat' dir='ltr'><strong>congressum</strong></span> <span class='ocrx_word' id='word_1_800' title='bbox 3443 3837 3650 3900; x_wconf 69' lang='lat' dir='ltr'><strong>vii-isse,</strong></span> <span class='ocrx_word' id='word_1_801' title='bbox 3677 3838 3773 3892; x_wconf 87' lang='lat' dir='ltr'><strong>sed</strong></span> 
     </span>
    </p>
   </div>
   <div class='ocr_carea' id='block_1_100' title="bbox 2190 3921 3772 3994">
    <p class='ocr_par' dir='ltr' id='par_1_100' title="bbox 2190 3921 3772 3994">
     <span class='ocr_line' id='line_1_100' title="bbox 2190 3921 3772 3994; baseline 0.004 -20"><span class='ocrx_word' id='word_1_802' title='bbox 2190 3921 2429 3990; x_wconf 77' lang='lat' dir='ltr'><strong>relinque</strong></span> <span class='ocrx_word' id='word_1_803' title='bbox 2461 3921 2606 3974; x_wconf 89' lang='lat' dir='ltr'><strong>illum</strong></span> <span class='ocrx_word' id='word_1_804' title='bbox 2653 3933 2957 3992; x_wconf 81' lang='lat' dir='ltr'><strong>stupentem</strong></span> <span class='ocrx_word' id='word_1_805' title='bbox 3009 3936 3169 3994; x_wconf 90' lang='lat' dir='ltr'><strong>atque</strong></span> <span class='ocrx_word' id='word_1_806' title='bbox 3220 3927 3473 3980; x_wconf 88' lang='lat' dir='ltr'><strong>invictam</strong></span> <span class='ocrx_word' id='word_1_807' title='bbox 3522 3928 3772 3981; x_wconf 86' lang='lat' dir='ltr'><strong>virtutem</strong></span> 
     </span>
    </p>
   </div>
   <div class='ocr_carea' id='block_1_101' title="bbox 2189 4015 3774 4088">
    <p class='ocr_par' dir='ltr' id='par_1_101' title="bbox 2189 4015 3774 4088">
     <span class='ocr_line' id='line_1_101' title="bbox 2189 4015 3774 4088; baseline 0.006 -22"><span class='ocrx_word' id='word_1_808' title='bbox 2189 4025 2329 4068; x_wconf 88' lang='lat' dir='ltr'><strong>tuam</strong></span> <span class='ocrx_word' id='word_1_809' title='bbox 2369 4015 2651 4069; x_wconf 84' lang='lat' dir='ltr'><strong>mirantem</strong></span> <span class='ocrx_word' id='word_1_810' title='bbox 2683 4059 2698 4080; x_wconf 85' lang='lat'><strong>,</strong></span> <span class='ocrx_word' id='word_1_811' title='bbox 2736 4017 3092 4088; x_wconf 89' lang='lat' dir='ltr'><strong>omnibusque</strong></span> <span class='ocrx_word' id='word_1_812' title='bbox 3119 4019 3386 4074; x_wconf 82' lang='lat' dir='ltr'><strong>dicentem</strong></span> <span class='ocrx_word' id='word_1_813' title='bbox 3415 4031 3464 4076; x_wconf 87' lang='lat' dir='ltr'><strong>te</strong></span> <span class='ocrx_word' id='word_1_814' title='bbox 3493 4025 3609 4075; x_wconf 87' lang='lat' dir='ltr'><strong>sine</strong></span> <span class='ocrx_word' id='word_1_815' title='bbox 3638 4037 3774 4076; x_wconf 84' lang='lat' dir='ltr'><strong>eou-</strong></span> 
     </span>
    </p>
   </div>
   <div class='ocr_carea' id='block_1_102' title="bbox 2183 4109 3775 4184">
    <p class='ocr_par' dir='ltr' id='par_1_102' title="bbox 2183 4109 3775 4184">
     <span class='ocr_line' id='line_1_102' title="bbox 2183 4109 3775 4184; baseline 0.005 -22"><span class='ocrx_word' id='word_1_816' title='bbox 2183 4123 2370 4175; x_wconf 68' lang='lat' dir='ltr'><strong>gressu</strong></span> <span class='ocrx_word' id='word_1_817' title='bbox 2405 4109 2612 4163; x_wconf 85' lang='lat' dir='ltr'><strong>vicisse.</strong></span> <span class='ocrx_word' id='word_1_818' title='bbox 2647 4109 2736 4163; x_wconf 86' lang='lat' dir='ltr'><strong>Sic</strong></span> <span class='ocrx_word' id='word_1_819' title='bbox 2757 4120 2811 4164; x_wconf 87' lang='lat' dir='ltr'><strong>et</strong></span> <span class='ocrx_word' id='word_1_820' title='bbox 2840 4111 3026 4166; x_wconf 83' lang='lat' dir='ltr'><strong>beatus</strong></span> <span class='ocrx_word' id='word_1_821' title='bbox 3055 4111 3253 4180; x_wconf 81' lang='lat' dir='ltr'><strong>Josepb</strong></span> <span class='ocrx_word' id='word_1_822' title='bbox 3298 4114 3488 4184; x_wconf 89' lang='lat' dir='ltr'><strong>ubique</strong></span> <span class='ocrx_word' id='word_1_823' title='bbox 3514 4114 3775 4183; x_wconf 65' lang='lat' dir='ltr'><strong>pratdica-</strong></span> 
     </span>
    </p>
   </div>
   <div class='ocr_carea' id='block_1_103' title="bbox 2187 4201 3771 4271">
    <p class='ocr_par' dir='ltr' id='par_1_103' title="bbox 2187 4201 3771 4271">
     <span class='ocr_line' id='line_1_103' title="bbox 2187 4201 3771 4271; baseline 0.006 -21"><span class='ocrx_word' id='word_1_824' title='bbox 2187 4212 2272 4254; x_wconf 71' lang='grc' dir='ltr'><strong>μιν</strong></span> <span class='ocrx_word' id='word_1_825' title='bbox 2299 4243 2314 4264; x_wconf 83' lang='grc'>,</span> <span class='ocrx_word' id='word_1_826' title='bbox 2350 4201 2490 4271; x_wconf 86' lang='lat' dir='ltr'><strong>quod</strong></span> <span class='ocrx_word' id='word_1_827' title='bbox 2525 4201 2663 4255; x_wconf 88' lang='lat' dir='ltr'><strong>male</strong></span> <span class='ocrx_word' id='word_1_828' title='bbox 2711 4203 2959 4269; x_wconf 87' lang='lat' dir='ltr'><strong>patiemlo</strong></span> <span class='ocrx_word' id='word_1_829' title='bbox 3011 4205 3206 4258; x_wconf 83' lang='lat' dir='ltr'><strong>malum</strong></span> <span class='ocrx_word' id='word_1_830' title='bbox 3242 4205 3532 4260; x_wconf 81' lang='lat' dir='ltr'><strong>inferentes</strong></span> <span class='ocrx_word' id='word_1_831' title='bbox 3561 4207 3771 4261; x_wconf 75' lang='lat' dir='ltr'><strong>vicerit.</strong></span> 
     </span>
    </p>
   </div>
   <div class='ocr_carea' id='block_1_104' title="bbox 2184 4291 3771 4365">
    <p class='ocr_par' dir='ltr' id='par_1_104' title="bbox 2184 4291 3771 4365">
     <span class='ocr_line' id='line_1_104' title="bbox 2184 4291 3771 4365; baseline 0.003 -19"><span class='ocrx_word' id='word_1_832' title='bbox 2184 4291 2313 4346; x_wconf 85' lang='lat' dir='ltr'><strong>Nam</strong></span> <span class='ocrx_word' id='word_1_833' title='bbox 2346 4292 2680 4345; x_wconf 80' lang='lat' dir='ltr'><strong>insidiatores</strong></span> <span class='ocrx_word' id='word_1_834' title='bbox 2711 4294 2783 4345; x_wconf 94' lang='lat' dir='ltr'><strong>illi</strong></span> <span class='ocrx_word' id='word_1_835' title='bbox 2818 4294 2965 4347; x_wconf 85' lang='lat' dir='ltr'><strong>t&#39;ucre</strong></span> <span class='ocrx_word' id='word_1_836' title='bbox 2994 4293 3183 4348; x_wconf 89' lang='lat' dir='ltr'><strong>fratres</strong></span> <span class='ocrx_word' id='word_1_837' title='bbox 3214 4305 3269 4349; x_wconf 89' lang='lat' dir='ltr'><strong>et</strong></span> <span class='ocrx_word' id='word_1_838' title='bbox 3293 4295 3536 4365; x_wconf 73' lang='lat' dir='ltr'><strong>AEgyptia</strong></span> <span class='ocrx_word' id='word_1_839' title='bbox 3558 4298 3771 4352; x_wconf 88' lang='lat' dir='ltr'><strong>mulier:</strong></span> 
     </span>
    </p>
   </div>
   <div class='ocr_carea' id='block_1_105' title="bbox 2183 4385 3772 4454">
    <p class='ocr_par' dir='ltr' id='par_1_105' title="bbox 2183 4385 3772 4454">
     <span class='ocr_line' id='line_1_105' title="bbox 2183 4385 3772 4454; baseline 0.006 -20"><span class='ocrx_word' id='word_1_840' title='bbox 2183 4401 2364 4437; x_wconf 73' lang='lat' dir='ltr'><strong>verum</strong></span> <span class='ocrx_word' id='word_1_841' title='bbox 2395 4399 2582 4438; x_wconf 90' lang='lat' dir='ltr'><strong>omnes</strong></span> <span class='ocrx_word' id='word_1_842' title='bbox 2621 4385 2710 4438; x_wconf 87' lang='lat' dir='ltr'><strong>ille</strong></span> <span class='ocrx_word' id='word_1_843' title='bbox 2743 4387 3037 4453; x_wconf 84' lang='lat' dir='ltr'><strong>superavit.</strong></span> <span class='ocrx_word' id='word_1_844' title='bbox 3074 4387 3150 4441; x_wconf 89' lang='lat' dir='ltr'><strong>Ne</strong></span> <span class='ocrx_word' id='word_1_845' title='bbox 3178 4387 3305 4440; x_wconf 70' lang='lat' dir='ltr'><strong>mLhi</strong></span> <span class='ocrx_word' id='word_1_846' title='bbox 3333 4404 3603 4443; x_wconf 71' lang='lat' dir='ltr'><strong>carcerem</strong></span> <span class='ocrx_word' id='word_1_847' title='bbox 3634 4430 3650 4454; x_wconf 92' lang='lat'><strong>,</strong></span> <span class='ocrx_word' id='word_1_848' title='bbox 3680 4391 3772 4445; x_wconf 89' lang='lat' dir='ltr'><strong>ubi</strong></span> 
     </span>
    </p>
   </div>
   <div class='ocr_carea' id='block_1_106' title="bbox 2181 4479 3773 4548">
    <p class='ocr_par' dir='ltr' id='par_1_106' title="bbox 2181 4479 3773 4548">
     <span class='ocr_line' id='line_1_106' title="bbox 2181 4479 3773 4548; baseline 0.006 -18"><span class='ocrx_word' id='word_1_849' title='bbox 2181 4479 2469 4533; x_wconf 80' lang='lat' dir='ltr'><strong>conclusus</strong></span> <span class='ocrx_word' id='word_1_850' title='bbox 2503 4479 2618 4543; x_wconf 84' lang='lat' dir='ltr'><strong>fuit,</strong></span> <span class='ocrx_word' id='word_1_851' title='bbox 2652 4494 2718 4532; x_wconf 89' lang='lat' dir='ltr'><strong>ne</strong></span> <span class='ocrx_word' id='word_1_852' title='bbox 2749 4480 2968 4548; x_wconf 80' lang='lat' dir='ltr'><strong>regiam,</strong></span> <span class='ocrx_word' id='word_1_853' title='bbox 3005 4481 3089 4535; x_wconf 89' lang='lat' dir='ltr'><strong>ubi</strong></span> <span class='ocrx_word' id='word_1_854' title='bbox 3119 4492 3325 4536; x_wconf 85' lang='lat' dir='ltr'><strong>versata</strong></span> <span class='ocrx_word' id='word_1_855' title='bbox 3371 4495 3446 4536; x_wconf 88' lang='lat' dir='ltr'><strong>est</strong></span> <span class='ocrx_word' id='word_1_856' title='bbox 3483 4485 3564 4538; x_wconf 85' lang='lat' dir='ltr'><strong>illa</strong></span> <span class='ocrx_word' id='word_1_857' title='bbox 3589 4527 3602 4547; x_wconf 97' lang='lat'><strong>,</strong></span> <span class='ocrx_word' id='word_1_858' title='bbox 3635 4485 3773 4539; x_wconf 71' lang='lat' dir='ltr'><strong>alle-</strong></span> 
     </span>
    </p>
   </div>
   <div class='ocr_carea' id='block_1_107' title="bbox 2181 4570 3767 4644">
    <p class='ocr_par' dir='ltr' id='par_1_107' title="bbox 2181 4570 3767 4644">
     <span class='ocr_line' id='line_1_107' title="bbox 2181 4570 3767 4644; baseline 0.004 -21"><span class='ocrx_word' id='word_1_859' title='bbox 2181 4586 2274 4638; x_wconf 69' lang='lat' dir='ltr'><strong>ges</strong></span> <span class='ocrx_word' id='word_1_860' title='bbox 2303 4587 2317 4633; x_wconf 87' lang='lat'><strong>;</strong></span> <span class='ocrx_word' id='word_1_861' title='bbox 2351 4570 2443 4624; x_wconf 81' lang='lat' dir='ltr'><strong>sed</strong></span> <span class='ocrx_word' id='word_1_862' title='bbox 2476 4570 2701 4624; x_wconf 90' lang='lat' dir='ltr'><strong>ostende</strong></span> <span class='ocrx_word' id='word_1_863' title='bbox 2729 4572 2855 4626; x_wconf 86' lang='lat' dir='ltr'><strong>mihi</strong></span> <span class='ocrx_word' id='word_1_864' title='bbox 2888 4573 3006 4642; x_wconf 87' lang='lat' dir='ltr'><strong>quis</strong></span> <span class='ocrx_word' id='word_1_865' title='bbox 3031 4574 3222 4633; x_wconf 83' lang='lat' dir='ltr'><strong>vietus.</strong></span> <span class='ocrx_word' id='word_1_866' title='bbox 3247 4576 3368 4644; x_wconf 88' lang='lat' dir='ltr'><strong>quis</strong></span> <span class='ocrx_word' id='word_1_867' title='bbox 3388 4578 3554 4631; x_wconf 90' lang='lat' dir='ltr'><strong>victor</strong></span> <span class='ocrx_word' id='word_1_868' title='bbox 3585 4576 3767 4639; x_wconf 85' lang='lat' dir='ltr'><strong>fuerit,</strong></span> 
     </span>
    </p>
   </div>
   <div class='ocr_carea' id='block_1_108' title="bbox 2181 4662 3769 4736">
    <p class='ocr_par' dir='ltr' id='par_1_108' title="bbox 2181 4662 3769 4736">
     <span class='ocr_line' id='line_1_108' title="bbox 2181 4662 3769 4736; baseline 0.005 -22"><span class='ocrx_word' id='word_1_869' title='bbox 2181 4664 2298 4730; x_wconf 90' lang='lat' dir='ltr'><strong>quis</strong></span> <span class='ocrx_word' id='word_1_870' title='bbox 2330 4662 2380 4716; x_wconf 93' lang='lat' dir='ltr'><strong>in</strong></span> <span class='ocrx_word' id='word_1_871' title='bbox 2410 4677 2641 4716; x_wconf 62' lang='lat' dir='ltr'><strong>maerore</strong></span> <span class='ocrx_word' id='word_1_872' title='bbox 2670 4662 2828 4716; x_wconf 84' lang='lat' dir='ltr'><strong>fuerit</strong></span> <span class='ocrx_word' id='word_1_873' title='bbox 2859 4705 2872 4725; x_wconf 89' lang='lat'><strong>,</strong></span> <span class='ocrx_word' id='word_1_874' title='bbox 2912 4664 3031 4732; x_wconf 89' lang='lat' dir='ltr'><strong>quis</strong></span> <span class='ocrx_word' id='word_1_875' title='bbox 3079 4665 3128 4718; x_wconf 91' lang='lat' dir='ltr'><strong>in</strong></span> <span class='ocrx_word' id='word_1_876' title='bbox 3181 4666 3472 4736; x_wconf 75' lang='lat' dir='ltr'><strong>voluptate.</strong></span> <span class='ocrx_word' id='word_1_877' title='bbox 3507 4668 3595 4721; x_wconf 90' lang='lat' dir='ltr'><strong>Illa</strong></span> <span class='ocrx_word' id='word_1_878' title='bbox 3623 4669 3769 4722; x_wconf 89' lang='lat' dir='ltr'><strong>enim</strong></span> 
     </span>
    </p>
   </div>
   <div class='ocr_carea' id='block_1_109' title="bbox 2181 4753 3771 4822">
    <p class='ocr_par' dir='ltr' id='par_1_109' title="bbox 2181 4753 3771 4822">
     <span class='ocr_line' id='line_1_109' title="bbox 2181 4753 3771 4822; baseline 0.004 -16"><span class='ocrx_word' id='word_1_879' title='bbox 2181 4769 2284 4808; x_wconf 91' lang='lat' dir='ltr'><strong>non</strong></span> <span class='ocrx_word' id='word_1_880' title='bbox 2315 4753 2473 4808; x_wconf 90' lang='lat' dir='ltr'><strong>modo</strong></span> <span class='ocrx_word' id='word_1_881' title='bbox 2499 4757 2723 4822; x_wconf 83' lang='lat' dir='ltr'><strong>justum,</strong></span> <span class='ocrx_word' id='word_1_882' title='bbox 2756 4754 2848 4808; x_wconf 85' lang='lat' dir='ltr'><strong>sed</strong></span> <span class='ocrx_word' id='word_1_883' title='bbox 2881 4770 2977 4808; x_wconf 85' lang='lat' dir='ltr'><strong>nec</strong></span> <span class='ocrx_word' id='word_1_884' title='bbox 3000 4756 3160 4808; x_wconf 83' lang='lat' dir='ltr'><strong>animi</strong></span> <span class='ocrx_word' id='word_1_885' title='bbox 3193 4759 3436 4812; x_wconf 87' lang='lat' dir='ltr'><strong>morbum</strong></span> <span class='ocrx_word' id='word_1_886' title='bbox 3464 4773 3616 4812; x_wconf 80' lang='lat' dir='ltr'><strong>Suum</strong></span> <span class='ocrx_word' id='word_1_887' title='bbox 3647 4762 3771 4812; x_wconf 84' lang='lat' dir='ltr'><strong>viu-</strong></span> 
     </span>
    </p>
   </div>
   <div class='ocr_carea' id='block_1_110' title="bbox 2179 4847 3772 4918">
    <p class='ocr_par' dir='ltr' id='par_1_110' title="bbox 2179 4847 3772 4918">
     <span class='ocr_line' id='line_1_110' title="bbox 2179 4847 3772 4918; baseline 0.004 -22"><span class='ocrx_word' id='word_1_888' title='bbox 2179 4863 2302 4900; x_wconf 78' lang='lat' dir='ltr'><strong>cere</strong></span> <span class='ocrx_word' id='word_1_889' title='bbox 2334 4847 2505 4915; x_wconf 92' lang='lat' dir='ltr'><strong>potuit</strong></span> <span class='ocrx_word' id='word_1_890' title='bbox 2532 4865 2544 4898; x_wconf 93' lang='lat'><em>:</em></span> <span class='ocrx_word' id='word_1_891' title='bbox 2578 4847 2665 4900; x_wconf 88' lang='lat' dir='ltr'><strong>ille</strong></span> <span class='ocrx_word' id='word_1_892' title='bbox 2708 4862 2838 4900; x_wconf 87' lang='lat' dir='ltr'><strong>vero</strong></span> <span class='ocrx_word' id='word_1_893' title='bbox 2868 4858 2919 4900; x_wconf 89' lang='lat' dir='ltr'><strong>et.</strong></span> <span class='ocrx_word' id='word_1_894' title='bbox 2947 4847 3090 4902; x_wconf 86' lang='lat' dir='ltr'><strong>illam</strong></span> <span class='ocrx_word' id='word_1_895' title='bbox 3123 4857 3176 4900; x_wconf 86' lang='lat' dir='ltr'><strong>et</strong></span> <span class='ocrx_word' id='word_1_896' title='bbox 3211 4850 3584 4918; x_wconf 81' lang='lat' dir='ltr'><strong>gravissimum</strong></span> <span class='ocrx_word' id='word_1_897' title='bbox 3619 4866 3772 4903; x_wconf 71' lang='lat' dir='ltr'><strong>mor-</strong></span> 
     </span>
    </p>
   </div>
   <div class='ocr_carea' id='block_1_111' title="bbox 2181 4939 3766 5011">
    <p class='ocr_par' dir='ltr' id='par_1_111' title="bbox 2181 4939 3766 5011">
     <span class='ocr_line' id='line_1_111' title="bbox 2181 4939 3766 5011; baseline 0.003 -20"><span class='ocrx_word' id='word_1_898' title='bbox 2181 4940 2302 4992; x_wconf 80' lang='lat' dir='ltr'><strong>lium</strong></span> <span class='ocrx_word' id='word_1_899' title='bbox 2329 4939 2617 5008; x_wconf 66' lang='lat' dir='ltr'><strong>superavit.</strong></span> <span class='ocrx_word' id='word_1_900' title='bbox 2647 4940 2701 4994; x_wconf 90' lang='lat' dir='ltr'><strong>Si</strong></span> <span class='ocrx_word' id='word_1_901' title='bbox 2727 4941 2826 5003; x_wconf 80' lang='lat' dir='ltr'><strong>vis,</strong></span> <span class='ocrx_word' id='word_1_902' title='bbox 2863 4941 2971 5007; x_wconf 83' lang='lat' dir='ltr'><strong>ipsa</strong></span> <span class='ocrx_word' id='word_1_903' title='bbox 3002 4941 3159 4993; x_wconf 86' lang='lat' dir='ltr'><strong>verba</strong></span> <span class='ocrx_word' id='word_1_904' title='bbox 3190 4943 3395 5006; x_wconf 80' lang='lat' dir='ltr'><strong>audias,</strong></span> <span class='ocrx_word' id='word_1_905' title='bbox 3424 4955 3478 4998; x_wconf 88' lang='lat' dir='ltr'><strong>et</strong></span> <span class='ocrx_word' id='word_1_906' title='bbox 3504 4952 3766 5011; x_wconf 79' lang='lat' dir='ltr'><strong>tropauun</strong></span> 
     </span>
    </p>
   </div>
   <div class='ocr_carea' id='block_1_112' title="bbox 2181 5030 3770 5100">
    <p class='ocr_par' dir='ltr' id='par_1_112' title="bbox 2181 5030 3770 5100">
     <span class='ocr_line' id='line_1_112' title="bbox 2181 5030 3770 5100; baseline 0.004 -18"><span class='ocrx_word' id='word_1_907' title='bbox 2181 5030 2384 5085; x_wconf 84' lang='lat' dir='ltr'><strong>videbis</strong></span> <span class='ocrx_word' id='word_1_908' title='bbox 2412 5032 2426 5062; x_wconf 85' lang='grc'>¹</span> <span class='ocrx_word' id='word_1_909' title='bbox 2455 5049 2468 5082; x_wconf 90' lang='lat'><strong>:</strong></span> <span class='ocrx_word' id='word_1_910' title='bbox 2495 5031 2767 5084; x_wconf 76' lang='lat' dir='ltr'><strong>Adduxiin</strong></span> <span class='ocrx_word' id='word_1_911' title='bbox 2789 5031 2927 5084; x_wconf 82' lang='lat' dir='ltr'><strong>nobis</strong></span> <span class='ocrx_word' id='word_1_912' title='bbox 2949 5033 3046 5083; x_wconf 80' lang='lat' dir='ltr'><strong>huc</strong></span> <span class='ocrx_word' id='word_1_913' title='bbox 3065 5049 3272 5098; x_wconf 79' lang='lat' dir='ltr'><strong>puerum</strong></span> <span class='ocrx_word' id='word_1_914' title='bbox 3304 5033 3591 5100; x_wconf 65' lang='lat' dir='ltr'><strong>Habacum,</strong></span> <span class='ocrx_word' id='word_1_915' title='bbox 3617 5047 3672 5089; x_wconf 85' lang='lat' dir='ltr'><strong>ut</strong></span> <span class='ocrx_word' id='word_1_916' title='bbox 3697 5037 3770 5088; x_wconf 78' lang='lat' dir='ltr'><strong>il-</strong></span> 
     </span>
    </p>
   </div>
   <div class='ocr_carea' id='block_1_113' title="bbox 2177 5123 3764 5194">
    <p class='ocr_par' dir='ltr' id='par_1_113' title="bbox 2177 5123 3764 5194">
     <span class='ocr_line' id='line_1_113' title="bbox 2177 5123 3764 5194; baseline 0.003 -18"><span class='ocrx_word' id='word_1_917' title='bbox 2177 5123 2370 5177; x_wconf 84' lang='lat' dir='ltr'><strong>luderet</strong></span> <span class='ocrx_word' id='word_1_918' title='bbox 2394 5124 2536 5177; x_wconf 82' lang='lat' dir='ltr'><strong>nobis</strong></span> <span class='ocrx_word' id='word_1_919' title='bbox 2568 5123 2720 5194; x_wconf 82' lang='lat' dir='ltr'><strong>(Gen.</strong></span> <span class='ocrx_word' id='word_1_920' title='bbox 2754 5125 2842 5176; x_wconf 69' lang='lat'><strong>39.</strong></span> <span class='ocrx_word' id='word_1_921' title='bbox 2881 5125 2987 5193; x_wconf 71' lang='grc'><strong>14).</strong></span> <span class='ocrx_word' id='word_1_922' title='bbox 3021 5123 3133 5177; x_wconf 76' lang='lat' dir='ltr'><strong>Non</strong></span> <span class='ocrx_word' id='word_1_923' title='bbox 3163 5125 3250 5179; x_wconf 88' lang='lat' dir='ltr'><strong>ille</strong></span> <span class='ocrx_word' id='word_1_924' title='bbox 3275 5125 3462 5190; x_wconf 87' lang='lat' dir='ltr'><strong>illusit,</strong></span> <span class='ocrx_word' id='word_1_925' title='bbox 3487 5145 3520 5178; x_wconf 93' lang='lat' dir='ltr'><strong>o</strong></span> <span class='ocrx_word' id='word_1_926' title='bbox 3547 5130 3764 5190; x_wconf 84' lang='lat' dir='ltr'><strong>misera,</strong></span> 
     </span>
    </p>
   </div>
   <div class='ocr_carea' id='block_1_114' title="bbox 2175 5215 3763 5290">
    <p class='ocr_par' dir='ltr' id='par_1_114' title="bbox 2175 5215 3763 5290">
     <span class='ocr_line' id='line_1_114' title="bbox 2175 5215 3763 5290; baseline 0.003 -18"><span class='ocrx_word' id='word_1_927' title='bbox 2175 5217 2266 5272; x_wconf 86' lang='lat' dir='ltr'><strong>sed</strong></span> <span class='ocrx_word' id='word_1_928' title='bbox 2298 5215 2560 5279; x_wconf 81' lang='lat' dir='ltr'><strong>diabolus,</strong></span> <span class='ocrx_word' id='word_1_929' title='bbox 2592 5216 2680 5285; x_wconf 91' lang='lat' dir='ltr'><strong>qui</strong></span> <span class='ocrx_word' id='word_1_930' title='bbox 2705 5216 2856 5279; x_wconf 80' lang='lat' dir='ltr'><strong>dixit,</strong></span> <span class='ocrx_word' id='word_1_931' title='bbox 2885 5228 2936 5270; x_wconf 86' lang='lat' dir='ltr'><strong>te</strong></span> <span class='ocrx_word' id='word_1_932' title='bbox 2963 5231 3118 5286; x_wconf 79' lang='lat' dir='ltr'><strong>posse</strong></span> <span class='ocrx_word' id='word_1_933' title='bbox 3141 5218 3763 5290; x_wconf 76' lang='lat' dir='ltr'><strong>adamantemfrangcro:</strong></span> 
     </span>
    </p>
   </div>
   <div class='ocr_carea' id='block_1_115' title="bbox 2177 5309 3762 5381">
    <p class='ocr_par' dir='ltr' id='par_1_115' title="bbox 2177 5309 3762 5381">
     <span class='ocr_line' id='line_1_115' title="bbox 2177 5309 3762 5381; baseline 0.001 -16"><span class='ocrx_word' id='word_1_934' title='bbox 2177 5327 2280 5366; x_wconf 93' lang='lat' dir='ltr'><strong>nou</strong></span> <span class='ocrx_word' id='word_1_935' title='bbox 2301 5311 2390 5364; x_wconf 85' lang='lat' dir='ltr'><strong>ille</strong></span> <span class='ocrx_word' id='word_1_936' title='bbox 2409 5310 2499 5363; x_wconf 90' lang='lat' dir='ltr'><strong>tibi</strong></span> <span class='ocrx_word' id='word_1_937' title='bbox 2521 5310 2726 5363; x_wconf 83' lang='lat' dir='ltr'><strong>induxit</strong></span> <span class='ocrx_word' id='word_1_938' title='bbox 2749 5325 2970 5378; x_wconf 86' lang='lat' dir='ltr'><strong>puerum</strong></span> <span class='ocrx_word' id='word_1_939' title='bbox 2989 5309 3269 5365; x_wconf 76' lang='lat' dir='ltr'><strong>llebra-um</strong></span> <span class='ocrx_word' id='word_1_940' title='bbox 3294 5314 3380 5381; x_wconf 87' lang='lat' dir='ltr'><strong>qui</strong></span> <span class='ocrx_word' id='word_1_941' title='bbox 3403 5313 3762 5374; x_wconf 72' lang='lat' dir='ltr'><strong>insidiari-tur.</strong></span> 
     </span>
    </p>
   </div>
   <div class='ocr_carea' id='block_1_116' title="bbox 2175 5401 3765 5471">
    <p class='ocr_par' dir='ltr' id='par_1_116' title="bbox 2175 5401 3765 5471">
     <span class='ocr_line' id='line_1_116' title="bbox 2175 5401 3765 5471; baseline 0.004 -19"><span class='ocrx_word' id='word_1_942' title='bbox 2175 5404 2267 5458; x_wconf 85' lang='lat' dir='ltr'><strong>sed</strong></span> <span class='ocrx_word' id='word_1_943' title='bbox 2289 5401 2770 5470; x_wconf 75' lang='lat' dir='ltr'><strong>nialignusdzvmon</strong></span> <span class='ocrx_word' id='word_1_944' title='bbox 2794 5402 2880 5470; x_wconf 91' lang='lat' dir='ltr'><strong>qui</strong></span> <span class='ocrx_word' id='word_1_945' title='bbox 2899 5403 3160 5471; x_wconf 81' lang='lat' dir='ltr'><strong>impuram</strong></span> <span class='ocrx_word' id='word_1_946' title='bbox 3177 5403 3444 5459; x_wconf 69' lang='lat' dir='ltr'><strong>it‘sciviam</strong></span> <span class='ocrx_word' id='word_1_947' title='bbox 3474 5405 3682 5468; x_wconf 78' lang='lat' dir='ltr'><strong>indidit,</strong></span> <span class='ocrx_word' id='word_1_948' title='bbox 3718 5407 3765 5460; x_wconf 81' lang='lat' dir='ltr'><strong>is</strong></span> 
     </span>
    </p>
   </div>
   <div class='ocr_carea' id='block_1_117' title="bbox 2175 5492 3758 5563">
    <p class='ocr_par' dir='ltr' id='par_1_117' title="bbox 2175 5492 3758 5563">
     <span class='ocr_line' id='line_1_117' title="bbox 2175 5492 3758 5563; baseline -0.001 -14"><span class='ocrx_word' id='word_1_949' title='bbox 2175 5495 2266 5549; x_wconf 87' lang='lat' dir='ltr'><strong>tibi</strong></span> <span class='ocrx_word' id='word_1_950' title='bbox 2300 5495 2483 5549; x_wconf 87' lang='lat' dir='ltr'><strong>illusit.</strong></span> <span class='ocrx_word' id='word_1_951' title='bbox 2507 5492 2644 5560; x_wconf 62' lang='lat' dir='ltr'><strong>Qu‘d</strong></span> <span class='ocrx_word' id='word_1_952' title='bbox 2672 5509 2801 5563; x_wconf 73' lang='lat' dir='ltr'><strong>ergo</strong></span> <span class='ocrx_word' id='word_1_953' title='bbox 2830 5493 3026 5562; x_wconf 86' lang='lat' dir='ltr'><strong>.losepb</strong></span> <span class='ocrx_word' id='word_1_954' title='bbox 3050 5494 3071 5545; x_wconf 70' lang='grc' dir='ltr'><strong>’ἒ</strong></span> <span class='ocrx_word' id='word_1_955' title='bbox 3094 5493 3257 5547; x_wconf 87' lang='lat' dir='ltr'><strong>Tacet</strong></span> <span class='ocrx_word' id='word_1_956' title='bbox 3283 5535 3298 5559; x_wconf 94' lang='lat'><strong>,</strong></span> <span class='ocrx_word' id='word_1_957' title='bbox 3341 5507 3500 5563; x_wconf 83' lang='lat' dir='ltr'><strong>atque</strong></span> <span class='ocrx_word' id='word_1_958' title='bbox 3528 5497 3596 5550; x_wconf 82' lang='lat' dir='ltr'><strong>ita</strong></span> <span class='ocrx_word' id='word_1_959' title='bbox 3627 5513 3758 5550; x_wconf 83' lang='lat' dir='ltr'><strong>con-</strong></span> 
     </span>
    </p>
   </div>
   <div class='ocr_carea' id='block_1_118' title="bbox 2173 5585 3762 5660">
    <p class='ocr_par' dir='ltr' id='par_1_118' title="bbox 2173 5585 3762 5660">
     <span class='ocr_line' id='line_1_118' title="bbox 2173 5585 3762 5660; baseline 0.001 -21"><span class='ocrx_word' id='word_1_960' title='bbox 2173 5587 2477 5650; x_wconf 85' lang='lat' dir='ltr'><strong>demnatur,</strong></span> <span class='ocrx_word' id='word_1_961' title='bbox 2510 5585 2955 5655; x_wconf 81' lang='lat' dir='ltr'><strong>queiuadmmlum</strong></span> <span class='ocrx_word' id='word_1_962' title='bbox 3012 5597 3066 5639; x_wconf 80' lang='lat' dir='ltr'><strong>et</strong></span> <span class='ocrx_word' id='word_1_963' title='bbox 3117 5586 3380 5641; x_wconf 67' lang='lat' dir='ltr'><strong>Christus.</strong></span> <span class='ocrx_word' id='word_1_964' title='bbox 3415 5587 3506 5642; x_wconf 87' lang='lat' dir='ltr'><strong>Illa</strong></span> <span class='ocrx_word' id='word_1_965' title='bbox 3565 5589 3762 5660; x_wconf 80' lang='lat' dir='ltr'><strong>quippe</strong></span> 
     </span>
    </p>
   </div>
   <div class='ocr_carea' id='block_1_119' title="bbox 2171 5678 3761 5750">
    <p class='ocr_par' dir='ltr' id='par_1_119' title="bbox 2171 5678 3761 5750">
     <span class='ocr_line' id='line_1_119' title="bbox 2171 5678 3761 5750; baseline 0.001 -15"><span class='ocrx_word' id='word_1_966' title='bbox 2171 5680 2349 5735; x_wconf 90' lang='lat' dir='ltr'><strong>omnia</strong></span> <span class='ocrx_word' id='word_1_967' title='bbox 2376 5679 2566 5733; x_wconf 88' lang='lat' dir='ltr'><strong>horum</strong></span> <span class='ocrx_word' id='word_1_968' title='bbox 2588 5691 2735 5733; x_wconf 89' lang='lat' dir='ltr'><strong>erant</strong></span> <span class='ocrx_word' id='word_1_969' title='bbox 2763 5679 2962 5748; x_wconf 61' lang='lat' dir='ltr'><strong>figurai.</strong></span> <span class='ocrx_word' id='word_1_970' title='bbox 2990 5679 3052 5733; x_wconf 80' lang='lat' dir='ltr'><strong>Et</strong></span> <span class='ocrx_word' id='word_1_971' title='bbox 3077 5678 3164 5734; x_wconf 92' lang='lat' dir='ltr'><strong>illc</strong></span> <span class='ocrx_word' id='word_1_972' title='bbox 3189 5679 3401 5750; x_wconf 89' lang='lat' dir='ltr'><strong>quidem</strong></span> <span class='ocrx_word' id='word_1_973' title='bbox 3427 5680 3481 5734; x_wconf 88' lang='lat' dir='ltr'><strong>in</strong></span> <span class='ocrx_word' id='word_1_974' title='bbox 3511 5681 3761 5750; x_wconf 85' lang='lat' dir='ltr'><strong>vinculis,</strong></span> 
     </span>
    </p>
   </div>
   <div class='ocr_carea' id='block_1_120' title="bbox 2234 5831 3667 5899">
    <p class='ocr_par' dir='ltr' id='par_1_120' title="bbox 2234 5831 3667 5899">
     <span class='ocr_line' id='line_1_120' title="bbox 2234 5831 3667 5899; baseline -0.001 -14"><span class='ocrx_word' id='word_1_975' title='bbox 2234 5838 2249 5868; x_wconf 72' lang='grc' dir='ltr'>ί</span> <span class='ocrx_word' id='word_1_976' title='bbox 2279 5837 2390 5891; x_wconf 75' lang='lat' dir='ltr'><strong>Alii,</strong></span> <span class='ocrx_word' id='word_1_977' title='bbox 2413 5842 2456 5884; x_wconf 77' lang='lat' dir='ltr'><strong>et</strong></span> <span class='ocrx_word' id='word_1_978' title='bbox 2481 5831 2660 5884; x_wconf 55' lang='lat' dir='ltr'><strong>ardebis</strong></span> <span class='ocrx_word' id='word_1_979' title='bbox 2693 5833 2927 5897; x_wconf 67' lang='lat' dir='ltr'><strong>quomoda</strong></span> <span class='ocrx_word' id='word_1_980' title='bbox 2959 5832 3146 5883; x_wconf 71' lang='lat' dir='ltr'><strong>cladem</strong></span> <span class='ocrx_word' id='word_1_981' title='bbox 3180 5839 3424 5898; x_wconf 76' lang='lat' dir='ltr'><strong>acceptam</strong></span> <span class='ocrx_word' id='word_1_982' title='bbox 3447 5844 3667 5899; x_wconf 67' lang='lat' dir='ltr'><strong>arguam.</strong></span> 
     </span>
    </p>
   </div>
  </div>
