4074 6430
224 492 325 552 757

222 607 310 660 illa
339 606 390 659 in
412 602 557 673 regia
584 610 721 657 erat.
749 601 817 655 Et
846 599 972 671 quid
1002 601 1146 655 hoc?
1177 600 1265 656 Ille
1325 615 1548 670 namque
1576 609 1692 655 erat
1715 615 1808 653 co-

220 705 415 753 ronato
444 695 635 767 quovis
659 695 1015 765 splendidior,
1039 695 1141 749 etsi
1161 695 1365 749 catenis
1391 704 1615 747 onustus
1649 710 1662 746 :
1693 689 1809 747 haec

221 806 349 844 vero
374 790 554 842 vincto
583 788 772 857 quovis
794 787 1043 841 miserior
1074 788 1124 840 in
1159 786 1320 855 regiis
1350 786 1597 839 thalamis
1627 799 1810 839 versa-

222 890 398 937 batur.
429 880 533 935 Sed
559 895 661 933 non
691 878 815 933 hinc
846 880 1043 939 solum,
1072 878 1166 932 sed
1195 880 1262 932 ab
1284 879 1401 949 ipso
1428 878 1574 933 exitu
1595 886 1651 932 et
1680 877 1805 942 line,

220 982 274 1027 et
312 972 590 1025 victoriam
632 979 685 1024 et
727 969 933 1025 cladem
966 969 1146 1024 videre
1172 971 1314 1024 licet.
1340 971 1468 1037 Quis
1495 970 1637 1024 enim
1668 969 1809 1038 quod

219 1064 387 1117 voluit
413 1074 598 1117 nactus
627 1072 729 1126 est,
761 1062 973 1116 vinctus
1001 1078 1067 1114 an
1092 1063 1272 1132 regina
1304 1063 1320 1094 ¹
1345 1063 1483 1117 ?Ille
1509 1063 1808 1117 castitatem

219 1169 445 1209 servare
468 1163 695 1207 conatus
717 1164 799 1207 est
824 1194 837 1217 ,
868 1152 960 1206 illa
992 1153 1203 1223 eripere
1230 1154 1413 1208 voluit.
1442 1154 1572 1221 Quis
1598 1170 1726 1223 ergo
1757 1153 1811 1209 id

285 1354 300 1383 ¹
336 1352 533 1411 Quidam
559 1352 800 1401 habent...
825 1359 998 1401 Nactus
1030 1357 1099 1401 est
1119 1348 1143 1400 ἶ)
1165 1349 1364 1409 vinctus,
1383 1349 1470 1400 sed
1503 1361 1597 1399 non
1620 1349 1806 1413 regina.

1112 487 1178 546 IN
1217 486 1624 546 MA'I’I‘IIAZUM
1657 486 1883 542 IlOIllL
1928 484 2195 547 LXXXV,
2234 488 2303 541 al.
2348 486 2629 544 LXXXVI.

3401 490 3502 546 7S8

1912 600 2052 669 quod
2084 599 2293 655 volebat
2333 602 2508 656 clfecit
2537 605 2669 673 'tqui
2711 604 2849 659 male
2900 619 3087 674 passus
3117 615 3199 660 est
3229 648 3245 672 ,
3287 621 3352 661 an
3380 622 3503 678 qua:

1911 691 2051 746 male
2079 690 2201 746 fecit
2227 693 2250 743 ?
2281 693 2504 748 Planum
2533 704 2615 748 est
2636 710 2758 750 eum
2781 695 2871 766 qui
2892 696 3031 751 male
3062 711 3248 766 passus
3274 707 3377 752 est.
3400 698 3498 752 llic

1912 799 2041 854 ergo
2071 793 2153 840 est
2179 786 2267 855 qui
2298 786 2441 841 vicit.
2467 788 2594 842 Hmc
2617 804 2738 843 cum
2756 789 2988 844 sciamus
3017 830 3031 855 ,
3065 790 3203 845 hanc
3232 792 3505 861 patientia:

1913 876 2187 931 victoriam
2217 893 2597 947 persequamur
2627 897 2642 946 ;
2676 881 2817 934 illam
2843 896 2972 936 vero
2995 881 3238 951 injuriam
3264 881 3503 937 inferen-

1916 972 2044 1025 tium
2092 970 2375 1041 fugiamus.
2421 972 2511 1026 Sic
2537 972 2683 1027 enim
2714 983 3033 1041 praesentem
3064 975 3229 1028 vitam
3270 974 3505 1043 negotiis

1916 1064 2137 1119 liberam
2175 1072 2229 1119 et
2268 1078 2492 1133 prorsus
2530 1064 2871 1134 tranquillam
2902 1064 3166 1120 ducemus
3199 1106 3215 1129 ,
3243 1075 3299 1121 ct
3327 1064 3503 1119 futura

1915 1157 2054 1211 bona
2076 1172 2468 1225 consequemur
2490 1199 2505 1223 ,
2529 1158 2696 1227 gratia
2727 1168 2781 1212 et
2811 1158 3138 1228 benignitate
3165 1158 3378 1212 Domini
3402 1172 3505 1211 no-

1914 1251 2010 1304 stri
2040 1249 2167 1304 .Iesu
2195 1249 2434 1314 Christi,
2468 1251 2554 1305 cui
2591 1251 2758 1321 gloria
2799 1263 2855 1306 et
2895 1251 3176 1320 imperium
3229 1250 3283 1304 iu
3309 1250 3503 1305 sa‘cula

1915 1341 2252 1395 s:eculornm.
2280 1341 2472 1395 Amen.

3249 1452 3497 1464 -—-————

1256 1527 1601 1588 HOMILIA
1646 1525 1968 1586 LXXXV.
2014 1527 2098 1587 al.
2146 1527 2499 1587 LXXXVI.

220 1654 348 1710 Car.
401 1650 491 1708 26.
548 1669 598 1705 v.
650 1650 739 1706 67.
786 1646 931 1703 Tunc
960 1660 1204 1719 spuerunt
1252 1650 1306 1703 in
1354 1650 1536 1720 faciem
1578 1650 1688 1717 ejus
1716 1690 1730 1712 ,
1760 1658 1806 1699 et

297 1744 533 1813 colaphis
563 1759 677 1795 eum
703 1741 987 1795 ceciderunt
1016 1756 1033 1805 ;
1074 1739 1165 1792 alii
1198 1750 1368 1793 autem
1406 1740 1602 1809 palmas
1643 1739 1697 1791 in
1720 1737 1809 1806 fa-

295 1838 419 1889 cient
458 1836 568 1905 cjus
597 1833 861 1897 dederunt,
893 1831 989 1897 68,
1010 1832 1226 1884 dicentes
1246 1846 1265 1884 :
1293 1829 1603 1899 Prophetiza
1627 1828 1767 1884 nobis
1788 1867 1805 1895 ,

297 1929 511 1989 Christe,
541 1927 651 1995 quis
672 1934 742 1979 est
772 1924 859 1996 qui
886 1934 932 1977 te
954 1924 1200 1992 percussit
1228 1923 1254 1975 ?
1289 1933 1395 1979 etc.

299 2032 350 2085 1.
383 2029 681 2081 Juda’orum
708 2028 903 2098 objecta
931 2025 1221 2079 crudelitas.
1253 2022 1695 2093 Evangelistarum
1720 2037 1808 2076 ve-

226 2123 409 2185 racitas
430 2119 935 2175 admiranda—Cur
962 2117 1063 2172 hoc
1088 2116 1387 2182 faciebant,
1421 2133 1542 2169 cum
1570 2116 1800 2170 occisuri

226 2213 373 2267 illum
402 2222 585 2268 essent
615 2211 782 2282 ?quid
806 2226 940 2279 Opus
971 2209 1273 2279 lmjusmodi
1299 2208 1589 2271 comoedia,
1623 2207 1725 2261 nisi
1756 2217 1812 2260 ut

227 2304 523 2374 petulantes
556 2304 767 2379 illorum
798 2318 976 2356 mores
1005 2302 1056 2356 iu
1085 2300 1334 2355 omnibus
1370 2307 1683 2369 perspectos
1715 2300 1811 2352 ha-

228 2399 353 2453 beas
378 2399 400 2449 ?
422 2399 509 2467 qui
538 2398 695 2468 quasi
716 2407 910 2451 venatu
940 2395 1176 2458 invento,
1205 2394 1283 2449 sic
1311 2409 1461 2447 suam
1488 2391 1811 2447 exercebant

224 2490 588 2559 petulantiam,
610 2487 916 2557 insaniaque
938 2486 1145 2556 repleti,
1168 2485 1269 2539 hoc
1292 2484 1442 2555 quasi
1466 2483 1655 2539 festum
1673 2484 1813 2538 cele-

226 2582 470 2644 brabant,
483 2596 599 2634 cum
616 2579 881 2649 voluptate
895 2580 1177 2644 irruentes,
1193 2577 1622 2647 etsanguinarios
1636 2591 1812 2630 mores

222 2671 641 2727 exhibentes.Tu
658 2671 997 2729 verodiseinu
1092 2686 1196 2733 1m,
1212 2668 1327 2725 haec
1340 2684 1462 2723 cum
1480 2677 1624 2723 tanta
1647 2683 1809 2724 accu-

222 2767 429 2820 ratione
452 2766 801 2825 narrantiwn.
833 2827 837 2832 ν
1026 2804 1029 2807 γ
1140 2779 1216 2817 ‘m
1243 2763 1471 2818 mireris.
1495 2762 1643 2818 Unde
1658 2778 1812 2817 amor

224 2857 529 2912 veritatisin
561 2856 661 2910 illi.
728 2873 777 2910 ,τη
917 2874 1003 2910 Γειι
1047 2873 1087 2907 ··.
1124 2857 1246 2925 quia
1274 2871 1393 2926 qua:
1410 2855 1668 2925 probrosa
1690 2870 1811 2910 esse

223 2948 562 3015 videbantur,
590 2964 710 3002 cum
732 2950 875 3001 omni
929 2948 1117 3001 eritate
1136 2956 1376 3011 narrant,
1406 2945 1536 2999 nihil
1552 2946 1806 3010 celantes,

222 3059 327 3097 non
355 3042 751 3107 erubescentes,
775 3042 865 3097 sed
895 3042 1114 3095 a'oriant
1151 3050 1394 3108 putantes
1416 3040 1723 3104 maximam,
1752 3045 1811 3093 ut

224 3148 405 3187 revera
426 3143 565 3196 erat,
590 3133 731 3202 quod
752 3133 1005 3186 Dominus
1027 3131 1171 3186 orbis
1196 3131 1316 3184 talia
1336 3145 1429 3198 pro
1451 3129 1604 3183 nobis
1623 3143 1810 3197 passus

220 3234 381 3279 esset.
409 3224 520 3278 lloc
544 3225 659 3293 ejus
676 3223 1062 3293 providentiam
1086 3221 1407 3277 inell‘abilem
1439 3262 1455 3286 ,
1489 3220 1810 3290 illorumque

224 3316 511 3385 nequitiam
536 3316 688 3370 venia
712 3315 981 3385 indignam
1010 3313 1340 3382 comprobat,
1370 3312 1460 3383 qui
1493 3311 1617 3365 talia
1637 3311 1807 3366 aude-

224 3395 355 3449 bant
413 3405 603 3449 contra
650 3396 834 3449 mitem
880 3407 1337 3463 mansuetumque
1389 3394 1562 3457 illum,
1607 3393 1802 3462 bisque

223 3481 347 3537 illos
375 3480 555 3538 verbis
593 3484 1009 3553 compellantem
1040 3500 1163 3554 qua:
1186 3484 1395 3537 leonem
1420 3499 1619 3553 agnum
1653 3484 1800 3540 face-

227 3587 285 3626 re
310 3574 636 3642 potuissent.
662 3572 806 3628 Nihil
829 3576 998 3642 enim,
1038 3576 1173 3629 nihil
1196 3575 1278 3628 vel
1308 3574 1399 3627 ille
1420 3575 1797 3630 niansuetudi-

222 3662 329 3727 nis,
343 3664 426 3718 vel
451 3664 525 3717 illi
542 3665 884 3720 contumelia:
893 3674 947 3720 et
959 3664 1300 3721 crudelitatis
1314 3676 1457 3720 retro
1471 3666 1807 3736 reliquerunt

222 3768 317 3806 seu
335 3753 494 3809 factis
513 3770 605 3809 seu
626 3755 830 3810 verbis.
851 3754 984 3822 Quae
997 3757 1179 3812 omnia
1198 3755 1369 3811 Isaias
1387 3758 1650 3827 propheta
1671 3773 1803 3829 pra:-

223 3846 512 3909 nuutiavit,
553 3863 662 3900 uno
700 3851 865 3903 verbo
906 3864 1123 3904 omnem
1158 3850 1546 3905 contumeliam
1587 3850 1798 3907 descri-

228 3929 367 3986 bens
399 3953 410 3986 :
450 3930 909 3996 Quemadmodum
964 3935 1330 4006 obstupescent
1379 3952 1538 4006 super
1557 3949 1603 3991 te
1628 3937 1805 4003 multi,

218 4023 297 4075 sic
356 4023 615 4093 inglorius
666 4026 767 4077 erit
797 4025 938 4095 apud
1000 4025 1236 4081 homines
1298 4036 1541 4095 aspectus
1582 4037 1726 4091 tuus,
1756 4038 1806 4082 et

216 4112 393 4181 gloria
419 4124 510 4166 tua
542 4114 678 4166 inter
699 4113 838 4183 ﬁlios
863 4116 1130 4170 hominum
1159 4117 1177 4187 (
1208 4115 1345 4171 Isai.
1371 4117 1458 4171 52.
1498 4114 1626 4186 Ν).
1665 4117 1806 4183 Quid

228 4199 359 4255 huic
389 4202 736 4257 contumelia:
762 4220 856 4267 par
886 4204 1049 4259 fuerit
1072 4204 1097 4257 ‘l
1120 4204 1174 4257 In
1205 4204 1398 4259 faciem
1429 4204 1602 4269 illam,
1635 4222 1803 4273 quam

217 4287 410 4342 videns
430 4304 583 4343 mare
599 4290 893 4344 reveritum
913 4300 1020 4355 est,
1042 4307 1208 4362 quam
1236 4293 1290 4346 in
1310 4307 1477 4347 cruce
1494 4292 1576 4347 sol
1592 4294 1805 4361 videns,

216 4375 403 4428 radios
450 4391 584 4429 suos
607 4377 715 4431 alio
747 4383 946 4432 avertit
974 4379 991 4410 ⁸
1016 4420 1031 4443 ,
1061 4379 1461 4449 conspuebant,
1495 4380 1684 4450 alapas
1704 4380 1809 4435 im-

219 4461 539 4530 pingebant,
559 4462 677 4531 ejus
699 4479 836 4534 capu
850 4466 1269 4536 tpercutiebant,
1289 4467 1503 4524 insania
1522 4484 1619 4524 sua
1641 4484 1807 4538 supra

230 4550 453 4604 modum
476 4550 708 4621 abrepti.
727 4552 922 4623 Plagas
940 4557 1082 4609 enim
1104 4557 1350 4611 omnium
1368 4557 1808 4613 contumeliosis.

222 4636 400 4692 simas
430 4638 755 4703 intulerunt,
808 4642 1053 4710 colaphis
1086 4645 1377 4708 caedentes,
1410 4644 1803 4715 percutientcs.

218 4725 507 4797 plagisque
524 4737 813 4796 sputorum
830 4731 1139 4785 convicium
1156 4730 1501 4786 addiderunt.
1518 4730 1809 4802 Verbaque

220 4827 421 4870 rursus
440 4813 734 4871 derisionis
754 4817 910 4885 plena
945 4816 1314 4886 proferebant,
1334 4818 1581 4874 dicentes
1607 4835 1622 4873 :
1666 4815 1805 4873 Pro-

223 4902 437 4967 phetiza
468 4902 640 4968 nobis,
675 4901 903 4967 Christe,
927 4908 1045 4974 quis
1078 4917 1155 4959 est
1182 4906 1273 4975 qui
1291 4908 1609 4978 tepercussit
1628 4908 1805 4977 ?quo-

217 4987 367 5042 niam
388 4989 570 5059 ipsum
597 5006 721 5046 esse
746 4992 1067 5061 prophetam
1089 4993 1335 5064 plerique
1351 4993 1630 5050 dicebant.
1649 4993 1808 5049 AJius

215 5073 393 5143 (Luc.
425 5076 515 5130 22.
542 5077 610 5132 64
642 5078 867 5146 )autem
907 5081 1063 5147 dicit,
1115 5088 1264 5152 ipsos
1315 5082 1456 5139 facie
1504 5083 1624 5153 ejus
1660 5092 1808 5139 veste

210 5164 499 5232 obvoluta,
530 5166 606 5221 ita
627 5166 848 5235 fecisse,
870 5171 1029 5238 quasi
1054 5170 1315 5226 infamem
1336 5187 1399 5226 ac
1422 5172 1626 5227 nullius
1647 5172 1805 5241 pretii

213 5250 491 5306 hominem
519 5254 575 5307 in
622 5255 803 5310 medio
842 5257 1182 5312 habuissent.
1203 5257 1271 5313 Et
1296 5274 1405 5314 non
1436 5260 1592 5315 liberi
1619 5259 1807 5326 modo,

217 5332 314 5382 sed
340 5330 501 5386 etiam
522 5333 663 5386 servi
688 5332 805 5388 haec
822 5334 1121 5402 petulanter
1136 5348 1321 5391 contra
1346 5339 1517 5406 ipsum
1544 5339 1803 5396 lecerunt.

217 5416 351 5473 Ilaec
376 5420 614 5489 legamus
642 5422 953 5493 frequenter
973 5466 985 5487 ,
1020 5425 1134 5479 haec
1160 5427 1439 5482 audiamus
1467 5436 1529 5481 ut
1552 5443 1646 5497 par
1672 5438 1756 5484 est
1788 5472 1803 5495 ,

217 5509 337 5563 hanc
364 5510 416 5564 in
437 5513 631 5567 animis
673 5516 872 5571 nostris
906 5517 1241 5584 scribamus;
1276 5518 1390 5574 haec
1412 5522 1608 5590 quippe
1652 5523 1806 5578 nobis

216 5603 553 5661 honorabilia
582 5617 729 5662 sunt.
766 5609 821 5664 In
851 5609 935 5664 bis
959 5626 1059 5681 ego
1091 5615 1256 5666 altum
1288 5614 1471 5682 sapio,
1502 5631 1607 5671 non
1630 5617 1801 5672 solum

210 5692 284 5749 de
310 5694 455 5750 mille
474 5698 701 5754 mortuis
727 5715 864 5770 quos
889 5702 1167 5757 suscitavit
1188 5744 1201 5765 ,
1234 5702 1327 5758 sed
1359 5705 1519 5759 etiam
1565 5707 1630 5761 de
1672 5723 1801 5762 cru-

211 5784 448 5842 ciatibus
476 5803 612 5858 quos
644 5805 839 5859 passus
864 5800 965 5848 est.
996 5793 1119 5849 Haec
1140 5795 1436 5866 sscpissime
1461 5796 1654 5854 Paulus
1682 5814 1799 5855 ver-

279 5916 298 5948 ι
336 5915 638 5979 Mihradios
654 5932 765 5972 suos
787 5922 1053 5975 occultavit.

531 6017 802 6076 ΡΔτιιοι.
851 6019 967 6079 Gn.
1016 6018 1230 6080 LVIII.

1915 1657 2016 1714 sat,
2045 1664 2259 1703 crucem
2286 1648 2427 1713 dico,
2463 1659 2713 1715 mortem,
2747 1651 3013 1705 cruciatus
3038 1692 3053 1717 ,
3084 1651 3344 1715 convicia,
3375 1665 3507 1705 con-

1916 1740 2179 1801 tumelias,
2204 1740 2450 1797 dicteria.
2487 1742 2552 1795 Et
2578 1741 2738 1796 modo
2772 1743 2986 1810 quidem
3013 1743 3088 1796 ait
3109 1783 3122 1800 .
3159 1741 3418 1797 Exeamus
3438 1744 3506 1795 ad

1911 1831 2099 1898 ipsum,
2127 1832 2455 1902 opprobrium
2480 1834 2592 1899 eius
2621 1838 2836 1906 ferentes
2857 1833 3039 1906 (Hebr.
3075 1833 3269 1905 I3.l5)
3296 1850 3309 1899 ;
3348 1834 3507 1888 modo

1912 1932 2111 1988 autem,
2147 1924 2247 1990 Qui
2273 1941 2365 1992 pro
2395 1926 2582 1995 gaudio
2611 1926 2704 1978 sibi
2733 1925 2990 1995 proposito
3021 1942 3219 1979 crucem
3244 1926 3502 1989 sustinuit,

1912 2015 2190 2084 ignominia
2211 2025 2495 2086 contempta
2529 2015 2706 2087 (Ibid.
2741 2017 2828 2070 12.
2849 2016 2886 2069 2
2912 2017 2951 2083 ).
2998 2017 3086 2072 69.
3120 2015 3305 2071 Petrus
3335 2027 3504 2069 autem

1913 2106 2039 2175 foris
2083 2107 2285 2162 sedebat
2327 2110 2380 2162 in
2426 2109 2557 2162 atrio
2581 2125 2599 2161 :
2629 2118 2675 2162 et
2700 2112 2909 2163 accessit
2938 2117 3004 2162 ad
3034 2126 3146 2161 eum
3172 2126 3274 2162 una
3314 2110 3505 2161 ancilla

1914 2199 2125 2253 dicens:
2155 2198 2217 2253 Et
2243 2209 2297 2253 tu
2323 2217 2434 2254 eras
2462 2216 2577 2253 cum
2618 2200 2744 2253 Jesu
2791 2199 3027 2254 Galilaeo.
3072 2200 3163 2254 70.
3194 2200 3295 2253 Ille
3333 2210 3503 2253 autem

1914 2294 2109 2364 negavit
2134 2311 2305 2348 coram
2343 2294 2574 2347 omnibus
2616 2293 2787 2348 dicens
2819 2336 2834 2358 ,
2871 2294 3059 2348 Nescio
3084 2294 3208 2361 quid
3234 2294 3379 2347 dicis.
3409 2294 3499 2349 71.

1912 2378 2039 2433 Cum
2080 2389 2246 2434 autem
2274 2380 2474 2434 exiisset
2504 2379 2558 2433 in
2582 2380 2878 2433 vestibulum
2912 2421 2925 2443 ,
2950 2380 3075 2432 vidit
3100 2380 3243 2431 illum
3274 2380 3379 2432 alia
3408 2420 3421 2439 ,
3457 2390 3504 2431 et

1911 2470 2032 2523 dicit
2061 2470 2131 2524 eis
2159 2486 2177 2523 :
2206 2470 2270 2524 Et
2298 2471 2379 2523 hic
2396 2480 2502 2523 erat
2524 2486 2637 2523 cum
2659 2468 2786 2523 Jesu
2810 2469 3103 2523 Nazarene.
3129 2469 3215 2525 72.
3240 2470 3308 2522 Et
3329 2485 3504 2523 rursus

1911 2563 2108 2632 negavit
2124 2579 2234 2615 cum
2244 2564 2555 2632 jnramento.
2577 2563 2665 2617 75.
2692 2560 2815 2615 Post
2834 2562 3072 2632 pusillum
3093 2571 3260 2616 autem
3282 2578 3395 2615 cum
3418 2578 3504 2613 ac-

1909 2655 2168 2707 cessissent
2186 2655 2271 2722 qui
2292 2654 2509 2719 stabant,
2527 2653 2760 2706 dixerunt
2783 2653 2937 2706 Petro
2963 2669 2979 2705 :
3006 2651 3133 2705 Vere
3153 2664 3205 2706 tu
3222 2653 3406 2707 catillis
3428 2669 3504 2717 es;

1911 2760 2028 2796 nam
2062 2744 2260 2814 loquela
2284 2755 2371 2797 tua
2400 2743 2725 2813 manifestum
2755 2754 2802 2797 te
2832 2744 2955 2814 facit
2981 2745 3018 2796 ί.
3045 2744 3135 2798 74.
3177 2742 3322 2798 Tunc
3356 2745 3506 2813 erupit

1910 2836 2337 2889 anathematizarc
2353 2837 2589 2905 etjurare
2626 2837 2761 2903 quod
2783 2839 2884 2889 non
2905 2837 3121 2890 novisset
3137 2835 3409 2889 hominem.
3440 2834 3506 2888 Et

1907 2930 2146 2983 continuo
2162 2930 2327 3001 gallus
2360 2932 2597 2983 cantavit.
2616 2931 2705 2985 75.
2729 2929 2793 2985 Et
2808 2929 3101 2983 recordatus
3117 2938 3189 2983 est
3207 2929 3389 2983 Petrus
3404 2946 3507 2982 vcr-

1907 3020 1955 3074 bt
1970 3021 2095 3075 Iesu
2114 3023 2247 3091 quod
2258 3023 2454 3075 dixerat
2482 3064 2495 3087 ,
2515 3020 2827 3092 Priusquam
2844 3022 3009 3091 gallus
3026 3031 3211 3087 cantet,
3228 3030 3303 3075 ter
3315 3038 3392 3074 me
3411 3037 3501 3075 ne-

1906 3114 2069 3185 gabis.
2095 3114 2160 3168 Et
2186 3132 2412 3186 egressus
2434 3114 2594 3185 foras,
2617 3114 2753 3185 ﬂevit
2779 3130 2970 3167 amare.
2992 3113 3036 3168 Ο
3056 3129 3140 3167 res
3159 3130 3325 3169 novas
3341 3124 3395 3168 et
3420 3115 3501 3169 in-

1907 3208 2225 3263 credibiles!
2249 3208 2382 3262 Cum
2406 3207 2801 3275 apprehensum
2817 3206 2950 3260 vidit
2966 3206 3272 3277 Magistrum
3297 3207 3495 3271 solum,

1909 3308 2113 3354 tantum
2136 3298 2354 3358 exarsit.
2376 3297 2818 3368 utstrlclogladio
2830 3311 3046 3350 servum
3070 3297 3413 3365 percusserit,
3445 3306 3500 3350 et

1906 3391 2198 3446 auriculam
2222 3389 2527 3452 absciderit;
2547 3403 2667 3443 cum
2684 3397 2861 3443 autem
2880 3388 3049 3457 magis
3068 3386 3330 3457 indignari
3347 3396 3400 3441 et
3416 3387 3499 3440 in—

1905 3482 2058 3538 cendi
2095 3499 2192 3553 par
2216 3492 2331 3537 erat
2361 3524 2373 3544 .
2406 3491 2549 3535 tanta
2577 3481 2799 3536 audiens
2828 3481 3069 3536 convicia
3100 3522 3115 3546 ,
3159 3492 3284 3535 tunc
3314 3489 3494 3551 negat.

1902 3573 2064 3641 Cujus
2085 3574 2226 3627 enim
2255 3571 2489 3627 furorem
2518 3586 2625 3625 non
2649 3571 2961 3626 incitassent
2990 3586 3051 3626 ea
3082 3586 3203 3640 quae
3233 3581 3344 3625 tum
3369 3588 3497 3642 age-

1904 3666 2098 3721 bantur
2116 3665 2142 3717 ?
2172 3667 2421 3720 Attamen
2451 3666 2643 3719 timore
2669 3666 2839 3719 vietus
2865 3664 3156 3737 discipulus
3183 3681 3289 3720 non
3334 3666 3497 3721 modo

1902 3774 2008 3812 non
2041 3756 2462 3826 indignationem
2489 3755 2694 3825 profert
2719 3797 2734 3821 ,
2766 3754 2859 3809 scd
2889 3755 3051 3810 etiam
3081 3764 3278 3824 negat,
3302 3771 3365 3810 ac
3390 3758 3491 3810 mi~

1901 3862 2036 3900 sene
2091 3846 2319 3916 vilisque
2370 3844 2564 3917 puellm
2617 3845 2787 3899 minas
2839 3860 2945 3899 non
2993 3844 3141 3908 fert;
3184 3859 3284 3899 nec
3329 3846 3495 3900 semel

1900 3938 2096 4001 solum,
2124 3936 2219 3990 sed
2247 3937 2407 3991 etiam
2431 3935 2666 3990 secundo
2688 3944 2740 3989 et
2764 3934 2922 3989 tertio
2951 3942 3110 4019 negat
3132 3976 3148 4001 ,
3182 3935 3342 4002 idque
3368 3936 3493 3990 bre-

1902 4029 1949 4081 vi
2006 4037 2247 4097 tempore
2275 4046 2287 4080 :
2319 4043 2424 4082 non
2456 4041 2637 4081 coram
2673 4026 2946 4096 judicibus
2970 4068 2986 4092 ,
3020 4043 3141 4081 nam
3176 4026 3307 4083 foris
3336 4038 3491 4082 erat:

1901 4122 2074 4191 ipsum
2096 4122 2239 4175 enim
2268 4134 2542 4189 egressum
2570 4120 2636 4174 ad
2680 4119 3004 4174 vestibulum
3049 4120 3450 4190 iuterrogarunt
3476 4138 3490 4175 :

1900 4229 2072 4285 neque
2096 4214 2274 4268 statim
2295 4213 2498 4285 lapsum
2522 4226 2674 4267 suum
2696 4211 2879 4267 sensit.
2898 4210 3049 4279 Quod
3067 4221 3122 4268 et
3148 4211 3318 4267 Lucas
3337 4211 3491 4285 (Cap.

1897 4307 1987 4363 22.
2020 4308 2109 4377 61)
2139 4349 2156 4375 ,
2202 4306 2349 4373 dicit,
2392 4306 2641 4362 nimirum
2676 4306 2910 4375 respexit
2949 4305 2999 4360 in
3048 4307 3196 4361 illum
3245 4306 3492 4360 Christus

1897 4400 2189 4457 ostendens
2218 4401 2389 4469 ipsum
2420 4414 2527 4454 non
2575 4397 2735 4455 modo
2784 4398 3058 4468 negavisse
3090 4441 3105 4465 ,
3158 4398 3250 4453 sed
3281 4399 3441 4453 etiam
3471 4440 3486 4459 ,

1898 4501 2150 4547 cantante
2173 4492 2293 4547 licet
2322 4491 2463 4561 gallo
2496 4532 2511 4555 ,
2543 4490 2750 4558 lapsum
2775 4504 2927 4543 suum
2961 4504 3066 4543 non
3096 4489 3364 4554 sensisse,
3395 4490 3489 4544 sed

1901 4585 2107 4638 monitu
2155 4582 2391 4651 Magistri
2422 4597 2558 4653 opus
2606 4581 2877 4636 habuisse.
2912 4584 3175 4651 Aspectus
3218 4582 3337 4649 ejus
3392 4596 3489 4649 pro

1898 4691 2028 4730 Voce
2059 4676 2194 4739 fuit,
2234 4676 2370 4731 adeo
2407 4676 2594 4729 timore
2624 4673 2902 4745 perculsus
2927 4682 3062 4727 erat.
3094 4673 3303 4728 Marcus
3332 4672 3490 4741 (Cap.

1902 4770 1985 4824 14.
2020 4769 2220 4837 68-72)
2248 4783 2376 4822 vero
2408 4768 2480 4821 ait
2508 4810 2523 4832 ,
2568 4776 2848 4837 postquam
2876 4765 3043 4820 semel
3074 4774 3357 4834 negasset,
3380 4766 3492 4834 gal-

1904 4864 2006 4916 lum
2062 4861 2395 4925 cantavisse,
2451 4868 2731 4930 postquam
2799 4860 2955 4913 tertio
3035 4867 3319 4928 negasset,
3378 4868 3487 4911 tum

1900 4954 2138 5010 secundo
2158 4953 2458 5009 cantavisse
2478 4952 2699 5024 gallum,
2722 4953 3022 5006 accuratius
3040 4966 3328 5006 recensens
3346 4951 3493 5005 inlir-

1900 5044 2135 5102 mitatem
2167 5046 2412 5115 discipuli
2444 5086 2460 5111 ,
2513 5044 2601 5115 qui
2640 5046 2790 5116 quasi
2828 5053 3071 5100 mortuus
3112 5053 3227 5099 erat
3254 5044 3445 5099 timore
3477 5062 3492 5097 :

1898 5148 1953 5194 et
1985 5138 2086 5193 hoc
2112 5136 2321 5193 Marcus
2352 5152 2381 5190 a
2409 5137 2666 5204 magistro
2688 5150 2795 5190 suo
2815 5135 3001 5191 didicit
3026 5178 3042 5201 ,
3074 5145 3192 5190 erat
3218 5136 3361 5191 enim
3389 5136 3491 5191 l‘e-

1901 5230 1964 5283 tri
1993 5229 2310 5298 discipulus.
2336 5230 2453 5293 Quo
2479 5228 2649 5293 magis
2675 5226 3024 5281 admirandus
3047 5237 3129 5281 est
3156 5266 3171 5292 ,
3203 5227 3348 5299 quod
3383 5244 3490 5282 non

1900 5318 2061 5374 modo
2092 5319 2331 5389 magistri
2361 5316 2563 5386 lapsum
2593 5333 2698 5371 non
2729 5317 3012 5382 celaverit,
3035 5317 3131 5373 sed
3157 5317 3301 5388 quod
3328 5319 3489 5372 etiam

1898 5412 2092 5466 clarius
2121 5426 2277 5482 quam
2300 5409 2393 5464 alii
2418 5411 2717 5464 narraverit
2741 5452 2755 5477 ,
2791 5425 2856 5464 eo
2885 5410 3001 5479 ipso
3022 5410 3163 5481 quod
3194 5410 3489 5480 discipulus

1899 5513 2063 5559 esset.

1969 5597 2023 5650 2.
2064 5595 2341 5662 Quomodo
2379 5595 2536 5663 igitur
2577 5611 2764 5650 verum
2793 5596 2892 5650 erit
2933 5595 2984 5649 id
3028 5594 3168 5665 quod
3204 5592 3483 5649 Mattltams

1900 5696 2102 5752 narrat,
2146 5684 2413 5740 Christum
2462 5686 2685 5753 dixisse,
2734 5685 2890 5740 Amen
2929 5687 3041 5740 dico
3079 5686 3186 5749 tibi,
3217 5693 3483 5752 antequam

1964 5822 1979 5853 ³
2019 5826 2146 5877 Haec,
2170 5832 2283 5882 nam
2319 5816 2513 5882 loquela
2538 5825 2622 5868 tua
2642 5816 2951 5882 manifestum
2990 5823 3034 5882 te
3066 5813 3201 5882 facit,
3225 5814 3406 5882 desunt
3430 5828 3477 5882 in

1892 5882 2099 5995 ῗῖιεγίιὲι
2121 5881 2307 5955 Morel.,
2329 5876 2416 5931 sed
2443 5881 2685 5930 habentur
2708 5881 2759 5929 in
2778 5876 2880 5928 Mss.
2900 5876 3124 5941 plurimis
3162 5885 3312 5941 atque
3336 5876 3387 5927 lu
3411 5880 3489 5929 bi-

1966 5956 2007 5995 ts
2074 5956 2229 5993 τέξεις.

3097 6033 3170 6093 19
