2037 3199
319 226 368 252 ’7ῗὲἶὲ

318 285 400 317 guttus
418 286 500 309 rantet
512 303 519 314 ,
532 287 568 307 ter
582 289 621 307 mc
636 281 757 316 negabis?
770 288 830 307 cum
848 280 952 307 Marcus
965 279 1037 306 dicat
1050 283 1111 313 post

319 328 423 355 tertiam
440 328 606 362 negationem
621 327 719 361 gallum
741 325 860 353 secundo
874 325 1045 353 eantavisse?
1056 324 1109 351 Sed

319 373 376 399 lure
386 372 530 399 admodum
555 365 617 399 vera
632 376 660 399 et
674 379 792 399 consona
806 376 878 399 suttl.
893 371 960 404 Quia
973 370 1044 398 enim
1058 370 1111 397 sitt-

315 419 383 454 gulis
396 419 499 446 vicibus
511 420 578 446 solet
593 419 678 454 gallus
693 425 733 446 ter
746 424 894 454 quaterque
906 422 1025 448 cantare.
1041 417 1111 444 Mar-

315 473 362 492 cus
377 464 404 492 id
415 464 489 498 dicit,
506 470 534 492 ιιι
555 464 672 492 declaret
691 472 743 491 non
759 470 852 492 vocem
877 464 948 491 illam
965 464 1051 498 ipsum
1066 470 1111 490 re-

318 509 435 542 tinuisse,
455 515 482 538 et
494 511 526 538 ad
548 515 665 538 mentem
689 517 840 537 revocasse.
862 509 953 544 Itaque
969 513 1112 543 utrumque

317 564 408 584 verum
432 561 485 585 est.
507 557 665 592 Priusquam
688 556 759 584 enirn
784 556 870 591 gallus
889 556 1004 591 primam
1026 555 1110 582 vicem

315 605 496 639 explevisset,
511 608 554 631 ter
568 604 684 639 negavit.
699 604 785 637 Atque
798 610 813 629 a
827 601 934 629 Christo
952 601 985 628 de
1002 604 1112 635 peccato

315 650 443 681 monitus,
457 657 509 676 nott
524 656 605 676 ausus
618 654 658 676 est
676 648 762 683 palam
777 647 852 679 flere.
865 655 900 675 ne
915 655 962 682 per
977 647 1110 682 lacrymas

315 701 486 723 accusaretur
510 705 518 723 :
541 696 588 723 sed
606 695 729 731 Egressus
753 696 822 730 foras
837 694 904 729 ﬂevit
922 701 1017 720 amare.
1033 693 1110 728 (Cap.

316 739 362 767 97.
384 740 410 768 Ι.
481 741 634 768 Advenienle
646 746 729 767 autent
742 741 782 767 die
796 740 893 767 ductmt
915 739 1004 767 .Iesum
1018 748 1034 766 ιι
1051 738 1111 767 Cai-

316 787 368 822 pha
384 787 418 813 ad
438 786 565 814 Pilatum.
581 787 646 820 Quia
662 787 732 814 enim
745 786 817 814 illum
834 785 957 813 occidere
976 785 1110 818 volebant,

317 841 366 860 nec
386 837 509 867 poterant
528 832 563 860 ob
580 831 687 864 festum,
715 832 747 858 ad
776 831 916 866 praesidem
940 830 1050 858 ducunt.
1072 830 1111 857 Tu

317 886 380 904 vero
396 878 458 905 milti
472 878 626 906 consideres
638 877 773 913 quomodo
795 884 839 904 res
854 876 1026 912 processeritI
1044 881 1073 903 ιιι
1084 876 1110 903 itt

318 923 385 950 l'csto
399 931 443 951 res
457 924 532 951 lieret
548 933 554 951 :
576 923 616 951 sic
635 924 706 951 enim
731 931 848 956 superne
861 922 998 950 definitum
1016 922 1110 949 fuerat.

315 969 342 996 2.
358 968 429 996 Tunc
440 969 624 1002 ridensJudas,
638 970 680 1004 qui
691 969 829 996 tradiderat
840 977 906 1000 eum,
916 968 984 1004 quod
994 968 1112 995 condent-

316 1023 390 1043 natus
399 1022 460 1044 esset
472 1038 479 1048 ,
494 1017 640 1052 paenitentia
654 1017 745 1043 ductus
758 1016 842 1043 retulit
854 1016 958 1052 triginta
969 1021 1110 1051 argenteos.

316 1063 371 1091 Hoc
387 1063 465 1099 hujus
475 1069 503 1091 et
522 1064 628 1091 illorum
639 1063 742 1091 crimen
758 1067 836 1098 auget
850 1072 857 1090 :
870 1062 959 1098 hujus,
971 1070 1025 1090 non
1040 1062 1110 1097 quod

315 1109 469 1143 pcenitentia
484 1109 579 1136 ductus
594 1109 649 1142 sit,
675 1109 723 1136 sed
744 1108 815 1143 quod
838 1108 948 1139 tardius.
969 1113 997 1135 et
1020 1116 1049 1135 se
1063 1116 1112 1135 suo

313 1155 412 1189 judicio
426 1155 609 1188 damnaverit;
623 1162 652 1182 se
662 1155 734 1182 enim
748 1154 889 1182 tradidisse
902 1154 1041 1181 confessus
1051 1160 1091 1181 est
1103 1163 1110 1182 :

315 1202 419 1228 illorum
443 1209 517 1232 vero.
539 1201 609 1236 quod
631 1209 691 1228 cttm
707 1206 818 1236 possent
833 1200 1018 1236 pmttitentiam
1032 1208 1111 1234 agere

314 1252 340 1274 ιιι
355 1248 461 1279 mutari,
481 1256 533 1275 non
556 1248 727 1283 resipuerint.
753 1247 891 1282 Perpende
904 1252 992 1274 autem
1005 1247 1112 1282 quando

318 1295 474 1330 ptenitcnlia
486 1296 608 1323 ducatur.
619 1296 685 1323 Cum
698 1295 844 1330 perfectum
861 1295 1053 1329 impletumque
1065 1294 1112 1321 fuit

315 1345 463 1375 peceatum.
480 1341 552 1367 Talis
567 1348 663 1375 nempe
674 1340 797 1367 diabolus
812 1344 853 1367 est
868 1349 873 1366 :
888 1347 934 1366 eos
948 1340 991 1372 qui
1005 1347 1058 1366 non
1073 1340 1112 1366 vi-

316 1386 400 1420 gilant
415 1393 468 1413 non
483 1386 548 1413 sinit
569 1391 710 1421 peccaturo
735 1386 878 1420 respicere.
900 1393 933 1412 ne
947 1385 1028 1412 semel
1043 1385 1111 1419 capti

314 1431 498 1465 potnitentiam
523 1435 612 1466 agant.
642 1431 692 1458 Tot
718 1430 781 1458 Jesu
808 1430 906 1458 Christi
928 1430 1018 1457 verbis
1046 1430 1110 1456 nihil

315 1477 398 1504 tlexus
413 1481 453 1504 est
469 1485 476 1502 :
492 1484 552 1503 eum
570 1484 633 1503 vero
648 1476 736 1503 scelus
756 1476 811 1511 jam
828 1481 1009 1511 perpetratum
1025 1476 1111 1510 perfe—

314 1527 440 1557 ctumque
466 1522 524 1554 fuit,
550 1527 612 1549 tunc
641 1522 797 1556 ptrnitentia
822 1520 917 1548 ductus
930 1521 1043 1548 estsine
1057 1521 1109 1547 ulla

314 1569 437 1595 utilitate.
451 1568 516 1594 Nam
530 1567 598 1602 qttod
612 1568 730 1602 soipsum
742 1567 919 1598 damnaverit,
931 1567 1001 1602 qttod
1013 1575 1109 1602 argen-

313 1619 371 1641 teos
397 1613 550 1648 projccerit.
575 1621 625 1641 nec
643 1613 751 1641 Judteos
775 1614 906 1640 reveritus
933 1613 1023 1646 fuerit,
1053 1612 1110 1640 ltarc

312 1667 401 1686 otmua
416 1659 548 1686 laudanda
563 1659 677 1687 fuissent
690 1667 697 1692 ;
713 1659 785 1694 quod
798 1666 862 1686 vero
884 1667 914 1686 se
928 1659 1110 1694 strangulave-

312 1705 357 1737 rit,
370 1705 469 1731 nullam
486 1710 572 1739 potest
588 1705 695 1732 veniam
710 1704 863 1737 admittere,
877 1704 1040 1739 malignique
1054 1704 1109 1732 dec-

313 1750 400 1776 ntonis
416 1754 457 1776 est
468 1758 543 1784 opus.
560 1750 702 1785 Prteripuit
714 1750 785 1778 enim
799 1758 860 1778 eum
870 1757 885 1778 a
897 1751 1063 1784 poenitentia,
1082 1756 1110 1778 ut

315 1796 418 1822 nulluttt
430 1804 462 1823 ex
478 1797 522 1823 illa
534 1796 691 1830 ptenitentia
702 1796 816 1823 fructum
828 1796 958 1831 consequi
968 1801 1069 1832 posset.
1082 1802 1109 1824 et

313 1841 466 1875 turpissima
481 1840 659 1876 omnibusque
673 1846 735 1868 nota
750 1846 836 1868 tnorte
849 1842 956 1869 sustulit
969 1862 976 1875 ,
993 1841 1109 1869 suadens

313 1887 347 1913 i'li
366 1892 396 1914 ut
414 1887 532 1921 seipsum
557 1887 733 1914 interimeret.
749 1886 787 1913 Tn
804 1895 867 1914 vero
880 1887 944 1913 mihi
969 1888 1107 1915 veritatem

312 1933 466 1961 consideres
491 1934 570 1961 velint
595 1933 712 1968 undique
740 1933 895 1969 fulgentem.
922 1934 1001 1961 etiam
1023 1942 1054 1961 ex
1077 1934 1109 1961 iis

313 1980 403 2011 rebus,
432 1987 497 2013 quas
523 1979 670 2007 adversarii
694 1979 794 2007 faciunt
818 1980 859 2006 vel
876 1980 1020 2014 patiuntur.
1042 1979 1107 2006 Nam

312 2025 367 2058 ipsa
379 2032 451 2051 mors
467 2024 620 2058 proditoris,
634 2026 665 2052 iis
674 2026 718 2060 qui
732 2025 870 2052 Christum
886 2025 1047 2052 damnarunt
1060 2033 1106 2052 ora

312 2071 426 2098 obstruit
440 2091 448 2103 ,
464 2079 551 2105 neque
575 2071 627 2098 illis
643 2071 763 2098 umbram
791 2071 954 2098 defensionis
970 2071 1105 2106 relinquit.

312 2117 380 2151 Quid
393 2117 464 2144 enim
478 2117 567 2144 dicere
582 2122 693 2152 possunt
707 2117 754 2150 illi,
769 2116 877 2151 quando
895 2117 974 2143 talem
987 2116 1107 2151 proditor

312 2164 453 2190 adversum
470 2171 499 2191 se
512 2164 655 2199 protulisse
667 2164 829 2191 sententiam
845 2163 989 2189 narratur?
1000 2162 1053 2189 Sed
1072 2163 1105 2189 il-

313 2212 398 2238 lorum
421 2211 500 2239 verba
523 2211 672 2239 videmnus.
697 2211 864 2246 Principibus
880 2210 1050 2238 sacerdotum
1065 2218 1108 2237 ar-

312 2263 424 2292 genteos
437 2259 528 2286 retulit
540 2278 547 2290 ,
561 2264 586 2286 et
602 2258 639 2287 ait
652 2266 659 2284 :
676 2258 703 2285 ι.
720 2257 827 2285 Peccavi
842 2257 944 2284 tradens
957 2257 1107 2292 sanguinem

312 2305 417 2338 iustum.
433 2304 466 2330 At
479 2304 517 2331 illi
539 2304 658 2331 dixerunt
682 2312 691 2330 :
708 2303 775 2336 Quid
795 2305 829 2330 art
851 2302 918 2330 nos?
942 2301 982 2329 Tu
1004 2302 1106 2329 videris.

353 2349 387 2377 Et
398 2351 517 2385 projectis
527 2352 652 2385 argenteis
667 2350 692 2376 in
705 2350 809 2383 templo,
827 2349 938 2381 recessit,
951 2354 974 2375 ct
987 2348 1073 2375 abiens
1083 2356 1108 2374 se

313 2396 454 2429 utspendit.
469 2395 534 2422 Nam
558 2394 730 2423 conscientia:
749 2394 873 2422 stimulos
887 2402 939 2421 non
960 2394 1028 2420 tulit.
1041 2393 1107 2421 Per-

314 2442 399 2475 pende
412 2447 499 2469 antem
513 2442 576 2469 mihi
589 2442 695 2469 Jndteos
709 2442 772 2469 illttd
786 2443 871 2476 ipsum
888 2442 1025 2469 facientes.
1042 2441 1107 2468 Nant

314 2496 373 2514 eum
389 2488 423 2514 ab
439 2488 470 2514 iis
485 2497 543 2524 quae
560 2489 629 2523 passi
653 2484 730 2515 erant
742 2488 878 2515 emendari
902 2487 1042 2519 deberent,
1055 2496 1107 2514 ttott

317 2534 388 2567 prius
407 2534 518 2568 gradum
541 2535 658 2570 sistunt,
674 2542 752 2569 quam
777 2529 914 2568 peceatum
933 2533 1106 2568 pet-fecerint.

316 2578 418 2605 Etenim
443 2579 520 2613 hujus
545 2585 692 2614 peccatum,
717 2580 788 2614 quod
820 2579 933 2614 proditio
959 2584 1027 2612 erat,
1054 2579 1108 2613 jam

316 2630 496 2659 perpetratum
509 2627 607 2658 literal;
632 2626 737 2653 illorum
757 2634 821 2653 vero
838 2630 975 2660 peccatum
991 2625 1107 2652 nondum

315 2670 476 2704 completum
490 2672 632 2699 erat.Cunt
646 2677 733 2699 autem
749 2672 786 2699 illi
803 2673 888 2699 scelus
902 2672 1072 2706 perfecerunt
1083 2677 1110 2698 et

314 2716 504 2744 crueifuerunt
520 2725 590 2748 eum,
608 2721 669 2745 tunc
689 2723 716 2745 et
739 2718 788 2753 ipsi
809 2718 950 2746 turbantur
961 2740 967 2751 ,
983 2727 1052 2746 nunc
1067 2719 1110 2746 di—

313 2768 406 2791 centes
429 2773 434 2789 :
460 2762 524 2790 Noli
548 2764 655 2791 scribere
678 2765 742 2791 hunc
769 2773 822 2791 esse
855 2774 938 2801 regem
960 2764 1111 2793 Jndworum

317 2808 406 2843 (Joan.
425 2808 469 2836 l9.
493 2809 524 2837 21
539 2809 559 2845 ).
578 2810 655 2845 Atqui
669 2810 730 2844 quid
746 2810 843 2837 timetis
855 2831 862 2842 ,
878 2811 941 2845 quid
956 2811 1108 2844 turbamini,

316 2860 419 2881 tuortuo
435 2855 492 2890 jam
509 2863 621 2890 corpore
645 2856 670 2883 in
696 2863 776 2883 cruce
791 2856 944 2890 pendente?
956 2856 1033 2884 Nunc
1047 2865 1110 2885 vero

318 2900 472 2928 custodiunt
488 2901 552 2928 illud
575 2906 601 2929 et
626 2901 738 2929 dicunt:
767 2901 809 2928 Ne
834 2903 899 2937 forte
918 2898 1035 2937 fuientur
1052 2911 1109 2930 eum

316 2946 434 2981 discipuli
460 2949 530 2983 ejus;
549 2954 573 2976 et
594 2949 688 2983 populo
708 2949 803 2982 dicant,
819 2949 903 2984 ipsum
924 2951 1110 2982 resurrexisse;

654 225 680 250 Ps.
702 223 841 251 JOANNIS
860 218 1109 251 CHII’YSOSTOMI.

1164 220 1293 248 RCHIEP.
1314 220 1581 249 COXSTAXTlNOP.
1913 226 1959 255 76η

1168 283 1192 304 et
1204 277 1251 304 m't
1262 278 1411 305 novissimus
1424 287 1494 305 error
1509 279 1581 313 peior
1601 278 1685 313 priore
1704 280 1713 313 (
1727 274 1821 307 Matth:
1837 280 1882 307 27.
1900 281 1959 317 ει).

1166 324 1200 351 At
1210 329 1283 352 certe
1298 325 1320 351 si
1336 324 1360 351 id
1377 325 1503 357 dixerint,
1520 326 1570 352 nisi
1587 333 1629 352 res
1644 334 1705 353 vera
1722 326 1811 358 interit,
1826 326 1905 356 facile
1919 337 1959 356 rc-

1166 371 1312 406 dargnitnr.
1336 371 1388 399 Sed
1410 372 1545 406 qumuodo
1568 372 1726 400 furabuntur
1751 374 1796 408 qui
1820 374 1868 401 illo
1890 382 1960 403 coul-

1167 416 1299 451 preltenSo
1318 425 1352 444 ne
1366 422 1439 445 stare
1452 417 1560 452 quidem
1574 419 1632 446 ausi
1659 424 1732 452 sunt,
1756 420 1866 455 quando
1888 428 1961 457 cory-

1160 462 1258 495 'ph:cus
1274 467 1314 490 ter
1326 463 1400 490 illum
1413 464 1530 498 negavit,
1550 464 1646 499 puellae
1659 466 1896 494 comminationem
1912 475 1960 494 non

1167 507 1254 535 ferens
1264 508 1277 535 ?
1289 508 1354 539 Sed.
1369 514 1397 536 ut
1409 509 1475 542 dixi,
1490 509 1599 537 demum
1609 510 1797 539 turbabantur.
1807 512 1885 545 Quod
1894 513 1961 540 enim

1161 554 1264 581 scirent
1276 562 1331 582 rem
1343 562 1403 582 esse
1417 560 1566 589 peccatum,
1581 560 1655 590 patet
1669 564 1702 584 ex
1716 557 1748 584 iis
1757 565 1817 592 qua:
1828 557 1958 592 dicebant.

1163 597 1205 625 Tu
1219 599 1321 626 videtis.

1201 644 1290 672 Avari:
1310 644 1394 673 ludas
1415 646 1441 673 in
1454 647 1596 682 exemplum
1611 647 1775 683 proponitur.
1792 664 1828 670 —-
1843 650 1939 678 Audite
1951 672 1957 683 ,

1165 690 1247 722 arari,
1260 691 1375 726 cogitate
1387 700 1446 726 quae
1458 692 1502 720 ille
1515 700 1609 727 passus
1620 694 1674 726 sit;
1689 690 1825 729 quomodo
1840 697 1959 730 pecunias

1166 737 1305 769 amiserit,
1319 742 1346 764 et
1360 737 1451 765 scelus
1464 740 1660 774 perpetraverit
1672 748 1679 771 ς
1696 741 1833 775 quomodo
1847 743 1958 768 avaritiae

1166 781 1278 808 fructum
1291 790 1343 809 non
1358 783 1468 815 tulerit,
1490 788 1517 810 et
1532 784 1648 812 animam
1663 785 1820 819 perdiderit.
1838 786 1912 814 Talis
1923 792 1959 814 est

1166 828 1286 855 avaritia:
1303 830 1423 864 tyrannis
1439 838 1446 856 :
1459 838 1509 857 nec
1520 836 1632 866 argento
1644 831 1740 858 fruitur
1754 853 1762 865 ,
1777 840 1828 859 nec
1840 833 1958 867 prtesemi

1166 875 1234 907 vita,
1252 884 1300 904 nec
1314 876 1403 904 futura
1422 886 1428 904 τ
1444 877 1493 905 sed
1514 879 1603 905 omnia
1627 878 1768 906 confertim
1783 880 1892 913 amisit,
1906 887 1957 906 ma-

1166 922 1271 957 luntque
1287 928 1380 950 nactus
1394 923 1463 958 apud
1475 924 1535 951 illos
1552 923 1660 958 famam,
1671 925 1765 960 laqueo
1773 926 1864 961 gulam
1878 925 1956 961 fregit.

1165 967 1236 1001 Sed,
1252 973 1280 995 ut
1294 968 1347 996 dixi
1362 990 1369 1001 ,
1387 974 1446 1003 post
1460 977 1516 996 rem
1532 975 1667 1005 peractam
1680 991 1687 1004 ,
1702 970 1809 1005 quidattt
1826 979 1883 998 rem
1896 971 1958 1005 aspi-

1166 1015 1248 1042 ciunt.
1261 1013 1328 1042 Vide
1342 1015 1420 1049 igitur
1433 1021 1461 1043 et
1473 1016 1533 1043 illos
1545 1037 1552 1049 ,
1570 1021 1671 1044 tantum
1683 1016 1785 1044 facinus
1805 1017 1880 1044 clare
1900 1024 1955 1044 scn-

1167 1063 1216 1090 tire
1230 1063 1363 1096 nolentes,
1388 1063 1435 1091 sed
1458 1064 1587 1097 dicentes,
1613 1063 1652 1091 Tu
1664 1064 1765 1092 uideris.
1780 1064 1847 1098 Quze
1862 1071 1905 1092 res
1919 1071 1957 1091 eo-

1166 1117 1224 1135 rum
1240 1109 1346 1144 cnlpam
1370 1114 1449 1145 auget
1465 1119 1472 1137 :
1486 1118 1546 1137 nam
1569 1110 1627 1138 hinc
1647 1110 1727 1138 verba
1741 1109 1802 1138 su'nt
1819 1112 1956 1138 testiﬁcan-

1167 1154 1230 1181 tium
1253 1155 1355 1182 facinus
1382 1164 1442 1183 esse
1475 1157 1659 1188 horrendum,
1685 1157 1731 1184 sed
1755 1157 1838 1184 anitni
1872 1155 1956 1183 morbo

1165 1199 1299 1227 ebriorum
1313 1222 1320 1233 ,
1337 1201 1381 1236 qui
1407 1201 1536 1228 nollenta
1560 1206 1685 1235 suscepto
1706 1202 1825 1229 satanico
1848 1201 1955 1228 facinore

1165 1245 1302 1274 absistere
1315 1267 1322 1279 ,
1338 1246 1386 1274 sed
1410 1246 1479 1275 fictio
1504 1248 1659 1283 ignorantiae
1680 1247 1811 1274 velamine
1834 1255 1864 1275 se
1884 1247 1954 1273 stulte

1165 1291 1311 1324 operirent.
1328 1291 1394 1319 Nam
1409 1293 1430 1319 si
1452 1298 1512 1327 post
1534 1300 1640 1320 crucem
1659 1293 1715 1320 lucc
1730 1292 1872 1324 dixissent,
1890 1297 1952 1327 post-

1165 1344 1244 1370 quam
1259 1335 1382 1364 Christus
1391 1337 1446 1371 jam
1460 1343 1582 1365 mortuus
1602 1342 1670 1371 erat,
1688 1346 1721 1365 tte
1734 1342 1798 1365 tunc
1813 1338 1919 1372 quidem
1932 1336 1953 1364 id

1166 1381 1358 1410 rationabiliter
1368 1382 1419 1410 dici
1432 1388 1554 1418 poterat;
1569 1383 1632 1411 licet
1648 1383 1673 1410 id
1687 1391 1739 1411 non
1754 1384 1823 1411 adeo
1835 1384 1954 1411 damnan-

1165 1427 1227 1454 dum
1240 1427 1333 1456 fuisset
1347 1437 1434 1456 :nunc
1447 1434 1535 1457 autem
1546 1429 1609 1456 dum
1620 1429 1707 1456 adhuc
1719 1429 1763 1456 ille
1771 1429 1843 1462 apud
1856 1437 1900 1456 vos
1908 1432 1951 1459 est.

1164 1478 1192 1499 et
1204 1473 1276 1500 illum
1288 1474 1397 1509 potestis
1409 1474 1555 1507 dimittere,
1567 1475 1702 1509 quomodo
1715 1475 1766 1502 hoc
1778 1475 1870 1503 dicere
1881 1474 1952 1502 aude-

1166 1518 1218 1544 tis?
1230 1518 1293 1545 llare
1306 1520 1405 1554 quippe
1419 1519 1540 1547 defensio
1564 1521 1678 1547 maxima
1693 1525 1735 1548 est
1749 1522 1894 1548 accusatio.
1907 1519 1952 1547 Cur

1165 1569 1191 1591 et
1210 1572 1262 1599 qua
1286 1565 1319 1592 de
1337 1566 1436 1593 causa?
1451 1566 1518 1601 Quia
1541 1567 1566 1593 in
1594 1566 1757 1601 proditorem
1774 1572 1860 1594 totum
1875 1566 1950 1593 scelus

1164 1611 1274 1645 rejieitis
1287 1632 1294 1645 ,
1316 1611 1379 1639 illud
1393 1612 1512 1639 dicentes
1524 1633 1531 1645 ,
1553 1612 1593 1640 Tu
1609 1613 1701 1640 uideris
1713 1634 1720 1645 ,
1744 1621 1804 1640 cum
1829 1612 1929 1648 possitis
1939 1618 1949 1637 α

1163 1657 1264 1685 Christi
1287 1666 1352 1686 nece
1373 1658 1504 1686 desistere
1515 1659 1671 1693 ,,illumque
1692 1659 1831 1687 dimittere
1845 1667 1855 1687 :
1870 1665 1949 1686 verum

1164 1709 1317 1738 susceptum
1341 1705 1430 1731 scelus
1446 1704 1581 1739 perfecere
1595 1725 1601 1736 ,
1619 1704 1763 1739 proditioni
1790 1711 1896 1731 crucem
1910 1702 1949 1730 all-

1164 1748 1268 1776 dentes.
1285 1749 1353 1783 Quid
1368 1751 1439 1777 enim
1461 1750 1617 1785 impedivit,
1632 1758 1692 1777 cum
1705 1751 1753 1785 ipsi
1766 1750 1887 1778 dicerent
1898 1771 1904 1782 ,
1918 1747 1949 1775 Tu

1164 1795 1265 1826 videris,
1281 1796 1425 1830 quominus
1445 1796 1605 1824 desisterent
1625 1804 1640 1823 a
1653 1796 1793 1824 facinore?
1807 1797 1884 1824 Nunc
1896 1802 1949 1823 vero

1163 1842 1327 1868 contrarium
1344 1841 1454 1873 faciunt.
1470 1850 1563 1870 necent
1579 1842 1708 1877 adjiciunt
1725 1863 1731 1875 ,
1745 1850 1776 1870 ac
1790 1849 1846 1870 tum
1863 1842 1947 1871 verbis.

1165 1893 1219 1915 tum
1236 1887 1322 1919 factis.
1346 1896 1375 1916 se
1399 1889 1592 1916 inevitabilibus
1617 1889 1693 1916 malis
1723 1889 1870 1917 involvunt.
1893 1887 1947 1916 Nam

1164 1939 1254 1968 postea
1267 1954 1274 1967 ,
1292 1934 1463 1968 permittente
1479 1934 1564 1962 Pilato
1580 1956 1587 1964 .
1611 1934 1741 1962 latronem
1755 1936 1902 1963 ntalncrttnt
1913 1933 1946 1959 di-

1164 1980 1242 2013 mitti,
1255 1988 1334 2016 qnam
1350 1980 1453 2014 Jesum,
1470 1987 1498 2009 et
1513 1981 1643 2009 latronem
1665 1981 1791 2016 quidem,
1804 1981 1946 2009 innumero-

1163 2037 1220 2055 rum
1233 2028 1365 2055 seelerum
1381 2028 1544 2060 c0nvictum,
1557 2028 1727 2056 innocentem
1741 2028 1816 2055 decla
1822 2030 1943 2056 ravernnt,

1163 2074 1296 2101 Christum
1312 2078 1400 2100 autem
1413 2095 1421 2104 ,
1436 2073 1481 2108 qui
1498 2073 1570 2108 ipsos
1587 2072 1652 2101 nihil
1665 2073 1782 2101 laeserat.
1798 2074 1852 2101 imo
1864 2071 1903 2107 qui
1916 2073 1945 2097 tot

1164 2121 1235 2156 ipsos
1247 2121 1383 2148 beneficiis
1401 2120 1536 2153 atii-cerni,
1549 2120 1713 2148 occiderunt-

1198 2167 1223 2193 5.
1263 2166 1396 2200 Principes
1433 2167 1592 2193 sarci-(lotum
1626 2175 1641 2191 u
1669 2166 1774 2200 propria
1807 2161 1943 2192 conscientia

1162 2213 1285 2239 damnati.
1316 2211 1482 2246 Elremosyua
1510 2220 1541 2239 ea:
1571 2212 1668 2246 rapinis
1703 2214 1772 2247 facta
1797 2210 1941 2247 reprobatur.

1165 2257 1283 2285 Ecclesia:
1298 2258 1461 2284 Antisthene:
1482 2258 1546 2284 bona
1572 2263 1595 2284 et
1619 2258 1774 2292 prtedia.—-
1801 2256 1869 2291 Quid
1892 2260 1942 2287 81‘8"

1163 2303 1263 2331 Jnda<1’
1282 2303 1312 2330 Ut
1335 2304 1399 2329 vidit
1414 2312 1442 2329 se
1459 2303 1586 2330 inutiliter
1606 2303 1726 2331 laborare
1737 2323 1745 2335 ,
1761 2303 1872 2338 illosque
1885 2298 1941 2327 uollb‘

1164 2352 1291 2384 t'ecipct‘t‘,
1312 2350 1582 2385 projeeitargenteos,
1595 2349 1628 2377 Et
1648 2350 1732 2377 abiens
1751 2349 1842 2384 laqueo
1862 2352 1939 2375 tam-

1164 2397 1261 2431 pendit.
1288 2396 1315 2423 ti.
1341 2396 1474 2430 Principes
1486 2399 1569 2422 autent
1581 2395 1741 2422 sacerdotum
1751 2416 1761 2428 ,
1775 2402 1834 2423 cum
1844 2390 1939 2427 accepi!-

1163 2450 1217 2469 ερηι
1232 2447 1375 2477 argenteos,
1390 2442 1509 2468 dixerunt
1526 2449 1535 2468 .'
1549 2441 1610 2468 Non
1624 2442 1681 2469 licet
1692 2449 1733 2468 eos
1754 2442 1851 2469 mittere
1864 2440 1888 2466 in
1898 2444 1940 2464 cor-

1164 2488 1263 2517 bonam.
1280 2487 1340 2523 quia
1352 2487 1460 2522 pretium
1472 2487 1604 2521 sanguinis
1615 2492 1661 2514 est.
1678 2487 1704 2514 7.
1720 2486 1753 2514 Et
1763 2487 1867 2514 comitio
1880 2483 1937 2510 inito.

1164 2539 1277 2560 emerunt
1290 2541 1321 2559 em
1343 2532 1380 2560 eis
1394 2540 1489 2567 agrum.
1510 2532 1582 2566 ﬁguli
1597 2532 1624 2558 in
1644 2532 1799 2566 sepulturam
1812 2528 1938 2566 peregrin?

1156 2587 1230 2604 erunt.
1245 2579 1271 2606 8.
1285 2578 1348 2605 Ideo
1361 2582 1462 2605 uocatus
1476 2583 1512 2605 est
1524 2586 1585 2612 ager
1596 2577 1639 2605 ille
1653 2586 1714 2613 ager
1735 2578 1865 2613 sanguinis
1877 2578 1938 2607 itqu

1164 2626 1198 2651 ad
1213 2625 1362 2652 hodiernum
1373 2625 1449 2651 diem.
1466 2624 1493 2651 9.
1511 2623 1582 2651 Tunc
1594 2624 1726 2659 impletum
1736 2623 1851 2659 estquod
1862 2622 1937 2648 dictum

1165 2677 1201 2698 est
1216 2680 1260 2707 per
1269 2670 1407 2698 Jeremiaut
1421 2671 1568 2706 prophetam
1579 2671 1701 2698 dicentem
1718 2678 1727 2698 :
1745 2670 1788 2698 10.
1805 2669 1836 2696 Et
1855 2671 1937 2698 αιίρμι-

1164 2724 1223 2745 runt
1246 2719 1348 2754 triginta
1361 2725 1509 2754 argenteos,
1525 2719 1634 2753 pretium
1655 2720 1790 2754 appretiati
1806 2716 1890 2753 (lac/2.
1905 2711 1936 2739 ll.

1168 2766 1229 2800 ΓΞ),
1242 2766 1286 2792 11.
1303 2770 1325 2791 et
1338 2764 1462 2791 dederunt
1476 2773 1517 2791 eos
1528 2765 1555 2791 in
1570 2773 1660 2800 agrum
1682 2764 1764 2800 ﬁguli.
1780 2764 1843 2791 sicut
1862 2755 1937 2788 consli-

1166 2812 1212 2837 tuit
1225 2811 1288 2837 mihi
1311 2811 1446 2838 Dominus.
1463 2811 1558 2838 Viden‘
1572 2817 1665 2838 rursus
1681 2818 1728 2838 eos
1742 2818 1756 2836 a
1778 2808 1877 2846 propria
1888 2808 1936 2851 οοῐξ·

1166 2858 1277 2886 scientia
1295 2857 1438 2885 damnari?
1451 2857 1519 2891 Quia
1543 2857 1616 2884 enim
1642 2857 1773 2887 sciebant,
1794 2863 1823 2883 se
1843 2849 1937 2880 hominis

1163 2905 1265 2936 eadem
1286 2905 1434 2934 coemisse.
1464 2912 1517 2932 non
1536 2904 1661 2939 iecerunt
1683 2904 1709 2931 in
1727 2896 1878 2931 carbonum.
1900 2891 1934 2922 εδδ

1167 2954 1289 2978 emerunt
1302 2957 1394 2985 agrum
1418 2949 1491 2985 figuli
1513 2950 1539 2976 in
1555 2949 1720 2985 sepulturam
1746 2946 1935 2985 peregrinorum.
