4074 6454
346 451 417 506 τι]
428 449 454 508 f

352 563 466 621 ﬂ'oe
492 578 622 617 vero
647 569 701 617 et
729 557 1090 615 testimonium
1120 564 1303 610 contra
1345 553 1489 616 illos,
1531 561 1584 606 et
1614 546 1942 622 proditionis

348 662 722 725 argumentum
768 651 886 707 fuit.
929 648 1132 702 Nomen
1180 647 1378 716 quippe
1421 644 1520 698 loci
1550 643 1751 698 clarius
1783 653 1942 710 quam

349 747 476 801 tuba
505 745 708 800 caadem
735 743 802 796 ab
829 741 935 796 illis
958 747 1314 810 perpetratum
1343 735 1593 790 omnibus
1618 732 1938 802 proclamat.

347 839 534 908 Neque
559 836 877 905 simpliciter
913 833 1015 886 hoc
1045 830 1262 894 faciunt,
1293 827 1388 882 sed
1425 827 1555 881 inito
1587 823 1858 887 consilto,
1890 828 1946 876 et

349 934 429 986 sie
455 932 650 999 ubique
681 935 878 998 agunt,
911 936 966 978 ut
1015 923 1192 977 nullus
1232 921 1300 975 ab
1331 921 1432 974 hoc
1464 918 1667 972 scelere
1694 917 1764 970 sit
1790 917 1938 969 ἰιιηοο

349 1039 501 1088 cens,
530 1021 622 1076 sed
655 1034 844 1074 omnes
867 1015 1031 1071 noxii.
1060 1015 1186 1069 l-lzrc
1205 1028 1330 1068 vero
1353 1026 1511 1081 supra
1537 1009 1692 1063 allata
1718 1007 1942 1077 prOphe-

349 1121 422 1174 tia
449 1113 789 1187 praenuntiat.
818 1109 1007 1165 Viden’
1045 1105 1316 1177 quomodo
1356 1120 1460 1158 non
1489 1101 1720 1172 apostoli
1756 1098 1939 1166 modo,

348 1209 444 1263 sed
472 1209 630 1263 etiam
662 1204 936 1276 propheta:
955 1201 1237 1272 Opprobria
1271 1199 1356 1252 illa
1385 1209 1633 1252 accurate
1686 1202 1928 1257 narrent,

347 1311 404 1356 et
449 1301 699 1368 undique
730 1295 1032 1366 passionem
1083 1291 1396 1362 prmdieent,
1445 1297 1498 1343 et
1547 1284 1942 1356 praenuntient?

350 1394 463 1447 lloc
491 1406 595 1445 non
624 1389 980 1459 intelligentes
999 1384 1167 1441 Judzei
1195 1383 1246 1438 in
1266 1379 1456 1450 emptis
1482 1380 1786 1450 perstitere.
1806 1377 1938 1432 Nam

347 1485 392 1538 si
427 1484 477 1537 in
509 1482 800 1536 corbonam
849 1477 1244 1546 coniecissent,
1278 1487 1367 1528 res
1395 1487 1502 1526 non
1533 1471 1611 1525 sic
1656 1468 1937 1524 manifesta

347 1577 572 1640 fuisset;
604 1571 708 1642 ipsi
731 1586 862 1625 vero
891 1582 1079 1639 agrum
1119 1575 1361 1621 ementes
1387 1561 1734 1631 sequentibus
1772 1574 1938 1631 gene-

346 1668 644 1723 rationibus
675 1674 850 1719 totum
890 1661 1278 1733 patefecerunt.
1327 1657 1524 1712 Audite
1571 1662 1830 1725 quotquot
1872 1669 1938 1709 ex

344 1757 585 1813 cordibus
621 1753 876 1810 videmini
911 1749 1172 1807 beneﬁcia
1216 1758 1475 1820 praestare
1497 1787 1516 1812 ,
1541 1757 1595 1801 et
1640 1747 1936 1801 mutuarum

347 1852 626 1906 hominum
649 1850 876 1920 pretium
905 1845 1168 1915 accipitis.
1217 1841 1455 1899 Judaieze
1476 1849 1602 1895 sunt
1625 1837 1934 1909 huiusmodi

342 1945 722 2013 eleemosynae,
753 1943 861 1996 imo
901 1939 1078 2009 potius
1103 1936 1377 1991 satanicte.
1421 1934 1559 1989 Sunt
1596 1933 1740 1988 enim
1766 1972 1781 1997 ,
1813 1938 1938 1984 sunt

345 2037 628 2107 hodieque,
661 2035 749 2106 qui
791 2031 1017 2103 direptis
1047 2029 1453 2084 innumerorum
1487 2024 1640 2106 bonis
1664 2064 1679 2088 ,
1711 2038 1771 2078 se
1796 2031 1936 2077 tetes

339 2137 626 2188 excusatus
655 2136 843 2197 putant
871 2168 885 2189 ,
918 2125 962 2180 si
998 2122 1084 2177 vel
1113 2121 1298 2177 decem
1342 2119 1427 2174 vel
1474 2127 1689 2173 centum
1737 2129 1935 2170 aureos

340 2232 587 2296 erogent.
619 2221 696 2277 De
739 2220 933 2292 quibus
961 2217 1219 2288 prepbeta
1240 2213 1367 2269 dicit
1397 2228 1410 2266 :
1459 2209 1772 2283 Operiebatis
1800 2211 1816 2242 ⁸
1853 2208 1934 2262 la-

338 2319 529 2389 crymis
556 2317 720 2370 altare
742 2331 908 2368 meum
937 2310 1092 2383 (Mal.
1136 2309 1192 2364 2.
1225 2307 1354 2378 15).
1385 2305 1501 2361 Non
1550 2306 1662 2359 vult
1688 2303 1933 2358 Christus

335 2428 406 2466 ex
454 2411 638 2480 rapina
683 2405 911 2472 nutriri,
945 2420 1049 2459 non
1099 2399 1403 2471 huiusmodi
1454 2398 1629 2452 cibum
1680 2395 1926 2450 admittit.

334 2502 472 2572 Quid
501 2500 788 2556 Dominum
814 2495 1137 2553 contumelia
1167 2491 1358 2555 allicis,
1384 2490 1506 2544 dum
1539 2487 1810 2542 immunda
1855 2485 1928 2540 illi

333 2595 538 2650 οπενεῖ
585 2593 773 2648 Melius
817 2598 961 2646 esset
1003 2588 1142 2642 fame
1190 2585 1552 2639 tabescentem
1585 2581 1923 2649 relinquere,

333 2701 496 2758 quam
528 2684 720 2740 talibus
757 2696 976 2752 pascere
1017 2678 1152 2733 cibis
1182 2696 1195 2731 :
1231 2673 1362 2730 illud
1408 2673 1645 2728 crudelis
1692 2670 1929 2725 hominis

330 2785 512 2840 esset,
543 2774 644 2830 hoc
673 2789 798 2828 vero
826 2783 881 2827 et
905 2769 1139 2826 crudelis
1188 2777 1243 2822 et
1287 2763 1681 2825 contumeliosi.
1739 2761 1928 2816 Melius

334 2879 422 2924 est
449 2867 578 2922 nihil
607 2867 758 2932 dare,
783 2881 942 2936 quam
963 2865 1140 2918 aliena
1167 2861 1286 2915 aliis
1315 2861 1463 2915 dare.
1489 2859 1583 2913 Dic
1605 2857 1747 2912 enim
1771 2856 1922 2922 mihi,

333 2965 380 3017 si
430 2963 567 3018 duos
602 2961 847 3017 homines
877 2959 1086 3014 videres
1114 2971 1340 3026 quorum
1371 2955 1509 3008 alius
1536 2952 1712 3006 nudus
1751 2960 1918 3016 esset,

331 3056 470 3110 alius
497 3055 820 3110 vestimento
851 3052 1067 3106 indutus
1091 3093 1108 3117 ,
1146 3058 1200 3105 et
1252 3048 1398 3102 illum
1428 3046 1514 3116 qui
1545 3044 1756 3098 indutus
1782 3051 1923 3096 esset

325 3160 556 3201 exneres
579 3187 594 3211 ,
629 3153 686 3200 ut
711 3143 914 3199 nudum
947 3143 1188 3212 operircs
1208 3181 1224 3205 ,
1271 3153 1448 3192 annon
1477 3136 1655 3205 inique
1693 3135 1923 3206 ageres?

325 3236 557 3292 Maxime
586 3243 753 3290 certe.
782 3232 934 3302 Quod
965 3232 1010 3288 si
1037 3248 1148 3286 rem
1181 3239 1341 3284 totam
1361 3243 1517 3299 quam
1546 3226 1764 3296 rapuisti
1786 3225 1918 3280 dans

323 3329 502 3394 alteri,
531 3328 709 3398 inique
753 3327 870 3397 agis
894 3367 909 3391 ,
942 3339 1043 3379 nec
1082 3323 1180 3377 das
1217 3321 1616 3390 eleemnsynam
1647 3333 1663 3372 :
1704 3317 1917 3387 quando

326 3420 603 3474 minimam
634 3430 839 3489 partem
879 3417 974 3472 das
1003 3416 1140 3486 rapti
1192 3413 1410 3484 peculii,
1440 3421 1495 3465 et
1521 3410 1648 3464 illud
1678 3411 1916 3465 eleemo-

323 3528 521 3584 synam
547 3525 730 3575 vocas,
763 3525 897 3581 quas
929 3523 1116 3578 poenas
1163 3521 1271 3560 non
1300 3503 1490 3569 dabis?
1514 3502 1645 3559 Nam
1675 3502 1719 3556 si
1742 3501 1799 3568 ii,
1824 3500 1914 3571 qui

322 3602 516 3658 mutila
533 3601 782 3656 animalia
811 3599 1127 3659 offerebant,
1155 3597 1209 3651 in
1235 3595 1436 3651 crimen
1458 3593 1809 3658 vocabantur,
1835 3599 1913 3655 tu,

319 3695 412 3766 qui
444 3694 626 3763 peiora
671 3692 799 3747 facis
822 3733 837 3757 ,
867 3706 1025 3762 quam
1055 3689 1266 3744 veniam
1291 3684 1674 3756 consequeris?
1700 3682 1911 3739 Etenim

319 3786 366 3844 si
398 3787 445 3841 ei
479 3785 567 3839 eui
615 3784 836 3838 abstulit
881 3781 966 3836 fur
993 3782 1238 3836 restituat
1267 3778 1320 3832 id
1352 3786 1554 3832 tantum
1585 3776 1724 3846 quod
1765 3775 1913 3829 abri-

318 3880 456 3951 puit,
486 3879 671 3949 inique
697 3876 840 3948 agit,
872 3885 934 3931 'ct
965 3890 1134 3944 usque
1186 3872 1321 3926 adeo
1353 3879 1409 3924 ut
1436 3870 1716 3940 quadrupli
1763 3867 1913 3923 addi-

318 3971 464 4027 tione
487 3971 573 4025 vix
604 3979 880 4040 peceatum
904 3968 1036 4031 luat,
1064 3975 1117 4020 et
1158 3966 1272 4019 haec
1301 3964 1352 4017 in
1385 3962 1551 4018 veteri
1597 3962 1713 4030 lege
1767 3977 1780 4014 :
1821 3960 1910 4028 qui

316 4079 425 4119 non
455 4063 626 4117 solum
650 4061 871 4126 furatur,
902 4058 995 4112 scd
1023 4057 1184 4112 etiam
1209 4055 1470 4109 violenter
1498 4053 1709 4121 abripit,
1738 4066 1910 4120 neque

316 4155 393 4210 illi
421 4155 654 4209 restituit
699 4167 730 4208 a
771 4167 877 4222 quo
913 4149 1140 4217 abripuit
1165 4189 1180 4215 ,
1210 4146 1303 4202 sed
1332 4145 1483 4201 alteri
1508 4185 1523 4209 ,
1556 4159 1618 4198 ac
1648 4159 1752 4197 non
1780 4156 1908 4212 qua-

314 4246 563 4317 drnplum
589 4287 608 4311 ,
635 4245 745 4299 imo
785 4259 854 4298 ne
879 4241 1157 4298 dimidium
1184 4238 1396 4310 quidem
1420 4279 1434 4302 ,
1471 4252 1570 4292 nec
1600 4235 1706 4305 iam
1744 4235 1795 4289 in
1822 4250 1910 4290 ve-

316 4341 441 4403 teri,
476 4338 571 4392 sed
600 4338 650 4390 iu
693 4350 829 4390 nova
856 4335 992 4402 lege,
1020 4333 1194 4403 cogita
1223 4340 1477 4401 quantum
1529 4330 1702 4399 ignem
1737 4329 1787 4382 in
1819 4343 1907 4382 ea-

315 4439 410 4500 put
436 4444 591 4484 suum
615 4436 887 4498 congerat.
914 4425 1066 4494 Quod
1094 4425 1136 4479 si
1181 4423 1413 4479 nondum
1441 4437 1621 4490 ptenas
1643 4420 1754 4486 det,
1786 4420 1906 4476 ideo

317 4524 468 4578 illum
514 4519 895 4592 lugeas,quod
939 4518 1037 4572 sibi
1071 4517 1327 4585 maiorem
1355 4515 1450 4569 ira:
1480 4513 1789 4570 thesaurum
1820 4523 1904 4566 at-

316 4614 512 4679 trahat,
536 4613 637 4666 nisi
663 4609 1032 4679 ptnnitentiam
1054 4616 1192 4678 agat.
1226 4605 1363 4673 Quid
1393 4605 1527 4660 enim
1551 4605 1851 4659 existimatis
1885 4645 1901 4672 ,

315 4706 507 4776 inquit,
538 4705 656 4759 illos
682 4704 818 4758 solos
846 4712 1133 4771 peccatores
1174 4701 1330 4772 fuisse
1349 4743 1364 4766 ,
1402 4715 1556 4770 super
1581 4716 1706 4769 quos
1748 4700 1906 4754 turris

313 4795 540 4851 cecidit?
569 4793 715 4860 Non,
740 4793 852 4846 dico
877 4793 1034 4854 vobis,
1079 4790 1166 4844 sed
1189 4790 1285 4843 nisi
1314 4790 1654 4859 paenitentiam
1683 4790 1901 4860 egeritis,

314 4897 362 4940 et
403 4901 490 4940 vos
531 4884 683 4939 simul
731 4883 952 4953 peribitis
984 4881 1148 4953 (Luc.
1203 4881 1290 4936 15,
1318 4881 1374 4935 4.
1408 4880 1498 4950 ὅ).
1527 4879 1901 4934 Pmnitentiam

314 4994 534 5049 agamus
565 4976 725 5047 igitur
746 5015 760 5039 ,
810 4983 866 5030 et
895 4990 925 5029 a
957 4975 1140 5043 rapina
1172 4989 1355 5042 puram
1385 4972 1781 5042 eleemosynam
1809 4973 1905 5028 de-

316 5087 458 5134 mus,
514 5069 838 5138 largiterque
887 5083 1190 5137 erogemus.
1244 5067 1483 5137 Cogilate
1526 5066 1740 5121 Judzens
1778 5069 1902 5120 olim

313 5174 439 5220 octo
465 5163 610 5218 mille
637 5163 848 5217 Levitas
869 5162 1087 5224 aluisse;
1119 5169 1172 5216 et
1201 5175 1322 5216 eum
1353 5160 1556 5214 Levitis
1582 5200 1597 5222 ,
1634 5160 1821 5214 viduas
1853 5169 1906 5213 et

316 5256 564 5325 pupillos,
600 5269 661 5308 ac
691 5260 949 5324 prmterea
979 5253 1290 5306 ministeriis
1339 5252 1458 5306 aliis
1493 5251 1774 5318 obnoxios,
1806 5251 1906 5304 mi-

317 5349 442 5402 lilia:
463 5363 674 5418 quoque
704 5362 925 5415 operam
965 5345 1180 5400 dedisse
1212 5365 1225 5396 :
1250 5360 1392 5400 nunc
1422 5359 1550 5398 vero
1577 5359 1730 5413 agros
1755 5385 1768 5408 ,
1818 5343 1888 5396 do

315 5455 452 5502 mos,
471 5441 767 5496 locationes
795 5439 1010 5503 aedium,
1041 5439 1283 5494 vehicula
1305 5478 1322 5503 ,
1349 5439 1631 5503 muliones,
1655 5439 1826 5492 mulos
1851 5448 1904 5492 et

323 5533 491 5587 multa
547 5533 651 5587 alia
700 5531 1004 5598 huiusmodi
1048 5529 1286 5601 possidet
1308 5530 1546 5585 Ecclesia
1575 5534 1644 5584 oh
1674 5539 1900 5584 vestram

314 5625 711 5680 crudelitatem.
743 5624 1032 5692 Oporterct
1080 5637 1249 5694 penes
1281 5637 1376 5676 vos
1405 5638 1525 5677 esse
1547 5622 1689 5676 hunc
1719 5623 1904 5677 Eccle-

316 5718 413 5772 sia?
470 5716 782 5770 thesaurum
809 5755 826 5780 ,
858 5723 914 5770 et
942 5726 1257 5786 proventum
1289 5714 1406 5782 eius
1444 5729 1508 5769 ex
1539 5725 1716 5769 vestro
1740 5716 1904 5770 animi

381 5847 396 5878 ¹
423 5849 496 5898 sic
536 5847 804 5910 legendum
851 5856 946 5906 est,
981 5851 1120 5910 iuxta
1143 5847 1455 5910 Evangelium
1479 5849 1702 5899 Graecum
1728 5864 1741 5910 ;
1765 5850 1906 5910 iuxta

322 5920 436 5960 vero
458 5909 620 5959 Morel.
649 5917 700 5960 et
723 5911 954 5974 quosdam
977 5918 1081 5960 Mss.
1107 5909 1372 5972 legendum
1397 5918 1552 5972 esset,
1584 5909 1873 5975 aperiebant.

1227 441 1291 498 ΙΝ
1335 432 1740 496 MATTI'I‘IEUM
1781 431 2008 488 HOMIL.
2053 432 2314 492 LXXXV.
2355 436 2427 491 al.
2469 435 2755 496 LXX-XVI.

3539 449 3646 504 762

2055 549 2230 602 studio
2261 549 2494 619 pendere
2521 569 2537 606 :
2567 569 2708 608 nunc
2731 563 2909 610 autem
2943 555 3050 611 duo
3120 558 3361 615 absurda:
3389 561 3514 620 hinc
3552 579 3645 617 na-

2051 650 2304 704 scuntnr;
2341 651 2545 697 namet
2570 659 2677 700 vos-
2692 646 2808 700 sine
2835 645 3010 703 fructu
3041 652 3292 719 manetis,
3317 663 3371 707 et
3393 655 3647 710 sacerdo-

2051 737 2132 784 tes
2163 731 2250 786 Dei
2269 734 2367 789 sibi
2388 749 2494 788 non
2512 740 2867 805 competentia
2896 749 3144 797 tractant.
3172 744 3362 796 Annon
3382 754 3638 813 poterant

2048 824 2410 892 apostolorum
2437 836 2677 898 tempore
2695 829 2882 885 domus
2905 841 2954 886 et
2974 834 3086 904 agri
3099 851 3319 890 manere
3341 834 3359 888 ἲ
3379 835 3485 890 Gur
3505 853 3636 907 ergo

2050 917 2138 971 illa
2170 919 2468 974 vendebant
2497 962 2511 984 ,
2542 933 2594 976 et
2620 925 2850 993 pretium
2875 925 3303 982 distribuebant-?
3341 928 3473 996 Quia
3506 930 3632 984 illud

2049 1011 2241 1064 melius
2269 1021 2406 1066 erat.

2117 1103 2171 1157 4.
2200 1103 2303 1157 Sed
2336 1119 2475 1158 nunc
2499 1114 2676 1173 patres
2708 1115 2916 1161 vestros
2947 1109 3104 1163 timor
3140 1110 3358 1175 invasit,
3395 1129 3460 1166 ne
3485 1113 3638 1168 vobis

2048 1195 2245 1249 furiosa
2276 1212 2453 1250 rerum
2481 1199 2815 1252 saecularium
2845 1201 3134 1270 cupiditate
3162 1205 3352 1272 captis,
3377 1205 3636 1274 colligen-

2047 1287 2320 1356 tibusque,
2347 1304 2448 1342 nec
2474 1292 2876 1360 spargentibns,
2919 1293 3198 1348 viduarum
3219 1337 3235 1362 ,
3259 1298 3584 1367 pupillorum
3615 1299 3632 1330 ⁸

2045 1386 2103 1431 et
2129 1379 2388 1448 virginum
2420 1379 2569 1435 chori
2611 1381 2756 1438 fame
2782 1394 3004 1453 pereant
3036 1403 3050 1439 :
3081 1386 3201 1441 ideo
3244 1389 3358 1442 haec
3386 1389 3455 1442 ita
3480 1405 3632 1443 como

2045 1483 2246 1538 ponere
2271 1471 2439 1526 coacti
2469 1480 2612 1527 sunt.
2643 1473 2826 1544 Neque
2851 1475 2994 1530 enim
3039 1477 3292 1533 volebant
3329 1478 3632 1548 huiusmodi

2042 1562 2275 1618 dedecus
2303 1564 2585 1621 admittere
2613 1607 2629 1630 ,
2656 1567 2749 1620 sed
2773 1566 3066 1637 cupiebant
3115 1569 3404 1624 voluntatis
3434 1582 3628 1626 vestra:

2045 1655 2373 1724 prepositum
2407 1655 2536 1724 ipsis
2584 1667 2898 1726 proventum
2947 1675 3069 1716 esse
3094 1701 3108 1724 ,
3142 1668 3198 1715 et
3228 1661 3352 1716 imle
3399 1663 3626 1716 fructum

2041 1744 2355 1815 decerpere,
2408 1746 2535 1802 dum
2576 1749 2651 1802 illi
2696 1751 2939 1819 precibus
2972 1759 3176 1805 tantum
3232 1751 3626 1809 incumberent.

2041 1835 2194 1891 Nunc
2219 1847 2398 1894 autem
2429 1840 2548 1894 illos
2575 1842 2826 1912 eoegistis
2856 1883 2872 1907 ,
2898 1851 2956 1896 ut
2980 1858 3075 1898 eos
3106 1847 3194 1913 qui
3227 1859 3314 1898 res
3345 1844 3632 1900 smeulares

2040 1938 2094 1984 et
2120 1929 2408 1985 familiares
2440 1941 2666 1986 tractant
2715 1934 3085 2000 imitarentur;
3129 1935 3283 1990 unde
3308 1935 3488 1990 onmia
3536 1952 3630 1992 sus

2040 2022 2213 2092 deque
2242 2039 2394 2078 versa
2417 2035 2559 2078 sunt.
2589 2024 2721 2080 Nam
2753 2041 2872 2081 eum
2895 2035 2952 2082 et
2981 2042 3076 2082 vos
3105 2036 3158 2083 et
3207 2033 3306 2082 hos
3329 2029 3516 2083 iisdem
3549 2032 3626 2084 si-

2039 2129 2161 2168 mus
2209 2116 2440 2186 negotiis
2489 2116 2714 2184 intenti,
2744 2117 2864 2188 quis
2908 2119 3074 2172 Deum
3107 2118 3375 2187 placabit"
3407 2119 3529 2174 Ideo
3561 2135 3623 2174 os

2039 2220 2144 2258 non
2173 2205 2431 2261 audemus
2456 2209 2687 2276 aperire,
2720 2210 2841 2280 quia
2887 2210 3123 2266 Ecclesia
3169 2210 3300 2265 nihil
3327 2227 3355 2264 a
3400 2213 3627 2267 sarcula-

2038 2298 2184 2352 ribus
2232 2299 2536 2356 hominibus
2562 2301 2758 2357 differt.
2818 2302 2933 2357 Non
2965 2302 3188 2357 audistis
3219 2303 3489 2372 apostolos
3511 2344 3525 2368 ,
3561 2320 3629 2359 ne

2036 2392 2248 2460 quidem
2281 2395 2533 2462 pecunias
2570 2395 2688 2450 sine
2723 2395 2905 2451 labore
2949 2396 3204 2451 collectas
3231 2395 3627 2451 disnibnendas

2035 2485 2374 2556 suscepisse?
2402 2487 2552 2541 Nune
2578 2498 2757 2542 autem
2785 2489 3044 2557 episcopi,
3073 2497 3372 2550 curatores,
3404 2503 3623 2544 (Econo-

2035 2591 2152 2632 mos
2181 2587 2234 2632 et
2257 2592 2527 2647 caupones
2548 2579 2850 2650 huiusmodi
2875 2580 3231 2635 sollicitudine
3254 2590 3508 2650 superant
3537 2589 3627 2635 :et

2031 2684 2151 2725 cum
2171 2679 2445 2740 oporteret
2461 2671 2580 2726 illos
2595 2672 2892 2727 animarum
2907 2682 3203 2727 vestrarum
3221 2686 3401 2726 curam
3415 2687 3621 2741 gerere,

2030 2760 2218 2816 eadem
2244 2778 2364 2832 quae
2391 2771 2707 2832 exceptores
2729 2805 2744 2830 ,
2772 2773 3089 2835 qnzestores,
3121 2763 3394 2819 rationarii
3425 2773 3482 2818 et
3522 2779 3622 2834 pe-

2030 2854 2254 2910 euniarii
2280 2870 2470 2911 curare
2508 2865 2775 2928 coguntur
2807 2875 2820 2911 :
2851 2857 2918 2914 de
2960 2858 3041 2914 his
3071 2858 3309 2929 quotidie
3354 2867 3477 2911 sunt
3515 2858 3624 2913 sol-

2030 2948 2179 3002 liciti.
2239 2947 2366 3003 Hme
2414 2964 2522 3003 non
2574 2949 2770 3003 frustra
2826 2951 3089 3021 deploro,
3125 2951 3220 3008 sed
3274 2963 3328 3006 ut
3377 2953 3620 3023 quadam

2027 3039 2330 3095 emendatio
2381 3049 2436 3095 et
2481 3043 2705 3096 mutatio
2765 3051 3059 3112 sequatur,
3121 3053 3180 3098 ut
3232 3061 3328 3099 nos
3369 3046 3455 3115 qui
3517 3045 3617 3100 hac

2025 3134 2172 3203 gravi
2199 3133 2456 3186 servitute
2498 3135 2822 3203 premimur,
2853 3135 3276 3191 misericordiam
3321 3151 3620 3204 consequa-

2025 3244 2147 3282 mur
2167 3270 2181 3294 ,
2212 3237 2267 3281 ut
2293 3242 2387 3281 vos
2412 3226 2530 3283 sitis
2549 3226 2803 3284 Ecclesiae
2829 3237 2886 3283 et
2916 3237 3206 3299 proventus
3227 3237 3281 3282 et
3308 3227 3612 3282 thesaurus.

2023 3322 2116 3377 Sin
2145 3321 2324 3375 nolitis
2349 3322 2391 3388 ',
2420 3335 2547 3376 ecce
2584 3335 2849 3392 pauperes
2876 3336 3057 3375 coram
3087 3321 3237 3374 vobis
3261 3331 3384 3373 sunt
3416 3337 3429 3374 :
3453 3329 3609 3390 quot-

2021 3424 2153 3486 quot
2175 3415 2489 3484 poterimus,
2515 3415 2752 3479 alemus;
2787 3429 2922 3484 quos
2971 3430 3076 3468 non
3110 3414 3424 3484 poterimus,
3455 3413 3608 3468 vobis

2019 3510 2242 3562 alendus
2268 3508 2632 3576 relinquemus
2655 3548 2671 3573 ,
2703 3522 2770 3562 ne
2801 3508 2853 3560 in
2899 3508 2986 3560 die
3010 3506 3287 3562 tremenda
3320 3507 3479 3561 verba
3510 3507 3599 3560 illa

2018 3602 2266 3666 audiatis,
2300 3601 2808 3656 immisericordibus
2835 3611 2887 3656 et
2920 3601 3224 3656 inhumanis
3248 3601 3388 3656 dicta
3421 3619 3434 3656 :
3466 3600 3608 3655 Eru-

2016 3697 2228 3750 rieutem
2256 3713 2334 3750 me
2354 3696 2567 3762 vidistis,
2592 3705 2637 3750 et
2660 3712 2762 3750 non
2791 3697 3008 3750 aluistis.
3040 3695 3164 3750 llaec
3188 3704 3334 3750 certe
3364 3696 3610 3750 inhuma-

2019 3788 2154 3841 nitas
2184 3794 2239 3841 et
2269 3801 2360 3842 vos
2384 3794 2436 3841 et
2459 3801 2556 3840 nos
2586 3787 2838 3841 ridiculos
2859 3787 3042 3850 efficit,
3073 3787 3194 3856 quia
3221 3788 3485 3853 oratione,
3509 3787 3608 3840 do-

2015 3879 2208 3944 ctrina,
2237 3879 2551 3947 caaterisque
2576 3878 2776 3931 sanctis
2798 3878 3070 3932 exercitiis
3103 3877 3323 3940 relictis,
3355 3877 3444 3932 alii
3468 3877 3600 3942 vini,

2015 3969 2102 4022 alii
2133 3968 2409 4033 frumenti,
2457 3968 2547 4022 alii
2590 3969 2816 4022 aliarum
2856 3983 3033 4022 rerum
3083 3967 3453 4022 venditoribus
3501 3969 3607 4022 liti-

2012 4059 2188 4128 gando
2215 4061 2504 4114 miscemur
2533 4060 2678 4113 omni
2729 4069 2988 4128 tempore.
3031 4059 3167 4114 llinc
3198 4059 3351 4127 rixm,
3384 4068 3603 4115 conten-

2015 4151 2206 4219 tiones,
2253 4161 2309 4207 et
2357 4152 2662 4222 quotidiana
2688 4152 2969 4211 convicia:
3003 4153 3330 4224 singulisque
3355 4153 3605 4208 sacerdo-

2014 4243 2154 4299 tibus
2178 4245 2392 4298 nomina
2437 4243 2678 4314 quredam
2719 4245 3087 4315 imponuntur,
3114 4261 3234 4313 quae
3273 4244 3603 4301 secnlaribus

2010 4336 2213 4390 mdibus
2245 4337 2412 4406 magis
2439 4344 2840 4406 competerent;
2867 4351 2987 4390 cum
3019 4346 3304 4406 oporteret
3342 4337 3462 4392 aliis
3503 4354 3603 4391 no-

2011 4429 2242 4483 minibus
2262 4429 2459 4493 voeari,
2495 4446 2616 4498 qute
2657 4438 2958 4486 statuerunt
2980 4431 3227 4499 apostoli,
3256 4429 3324 4484 ab
3345 4429 3602 4486 alimento

2012 4521 2334 4591 pauperibus
2349 4522 2496 4585 dato,
2514 4538 2542 4575 a
2567 4523 2859 4591 patrocinio
2880 4523 3021 4576 laesis
3041 4523 3401 4590 concesso,ab
3420 4522 3602 4592 hospi-

2011 4614 2234 4676 talitate.
2263 4631 2291 4668 a
2329 4614 2568 4686 pra-stito
2588 4616 2859 4684 oppressis
2888 4615 3089 4674 auxilio
3113 4657 3129 4682 ,
3162 4631 3345 4670 acnra
3372 4616 3602 4685 pupillo-

2008 4722 2148 4772 rum,
2181 4723 2210 4761 a
2263 4707 2575 4764 defensione
2601 4709 2895 4769 viduarum.
2927 4724 2974 4765 a.
2997 4711 3328 4778 protectione
3373 4710 3596 4780 virgini-
3651 4777 3654 4780 ἢ

2009 4804 2109 4860 bus
2137 4804 2279 4869 data,
2313 4813 2365 4858 et
2388 4803 2501 4858 haec
2522 4804 2818 4859 ministeria
2839 4803 3208 4860 sacerdotibus
3238 4805 3392 4869 tradi,
3420 4805 3597 4874 potius

2007 4910 2164 4964 quam
2185 4910 2433 4964 agrorum
2455 4893 2775 4963 aediumque.
2792 4893 2917 4948 Haec
2939 4893 3078 4952 enim
3102 4893 3353 4949 Ecclesiae
3376 4902 3499 4948 sunt
3523 4895 3598 4948 ci-

2009 4987 2165 5042 melia
2189 5006 2203 5043 :
2229 4987 2280 5040 hi
2307 4987 2540 5042 thesauri
2563 4987 2661 5056 ipsi
2689 4995 3074 5055 competentes,
3095 5002 3214 5057 qua:
3245 4985 3468 5041 multam
3491 5001 3596 5042 no-

2009 5081 2090 5137 bis
2118 5081 2449 5146 facilitatem,
2467 5080 2725 5153 vobisque
2756 5079 3054 5144 utilitatem,
3083 5080 3190 5133 imo
3217 5079 3378 5134 etiam
3421 5077 3596 5134 facili-

2010 5187 2169 5231 tatem
2196 5185 2470 5246 prtestent.
2492 5175 2625 5232 Nam
2651 5191 2746 5246 per
2773 5175 2867 5231 Dei
2879 5178 3104 5244 gratiam
3129 5186 3256 5246 pulo
3285 5191 3376 5232 eos
3394 5177 3484 5247 qui
3512 5176 3600 5234 hic

2007 5274 2407 5341 coiugregantur.
2432 5270 2499 5324 ad
2526 5279 2741 5325 centum
2770 5270 2914 5326 mille
2945 5271 3248 5340 pertingere
3273 5286 3288 5334 ;
3321 5277 3378 5324 et
3406 5269 3451 5324 si
3480 5271 3600 5324 sin-

2006 5364 2113 5431 guli
2137 5365 2359 5435 singulis
2383 5364 2702 5434 pauperibus
2725 5365 2961 5434 singulos
2995 5379 3158 5432 panes
3179 5364 3388 5426 darent,
3406 5378 3598 5419 omnes

2011 5457 2059 5508 in
2086 5473 2262 5511 rerum
2290 5455 2613 5514 abundantia
2661 5466 2842 5512 essent
2870 5477 2883 5511 :
2909 5457 2953 5511 si
2985 5457 3176 5528 singuli
3209 5472 3370 5511 unum
3403 5455 3598 5511 darent

2009 5550 2245 5612 obolnm.
2275 5565 2343 5607 ne
2388 5549 2786 5619 unusquidem
2838 5564 3042 5619 panper
3078 5559 3243 5613 esset,
3294 5562 3468 5617 neque
3519 5556 3597 5603 tot

2010 5644 2225 5699 dicteria
2255 5645 2531 5714 etprobra
2562 5644 2954 5699 sustineremus
2997 5643 3066 5696 ob
3095 5641 3594 5711 pra-diortnn,.solli-

2009 5735 2320 5791 eitndinctn.
2341 5735 2471 5790 Nam
2501 5735 2647 5800 illud,
2677 5733 2848 5787 Vende
2863 5735 3092 5787 universa
3113 5747 3227 5802 ιιηω
3252 5731 3420 5796 [ml-er,
3447 5742 3495 5787 et
3526 5732 3605 5787 da.

2075 5854 2088 5882 ι
2125 5851 2251 5908 Vox,
2278 5849 2591 5914 pupillorum,
2606 5850 2760 5914 deest
2784 5850 2833 5914 in
2859 5849 3022 5914 Morel.

2082 5915 2098 5944 ί
2135 5921 2260 5976 Haec,
2278 5910 2369 5964 'siit
2391 5911 2570 5976 nolitis,
2592 5911 2773 5964 desunt
2790 5912 2838 5961 in
2865 5910 3026 5961 Morel.
