4074 6422
501 381 608 438 763

503 494 833 566 pauperibus,
873 502 920 546 et
944 491 1076 559 ueni,
1107 506 1312 561 sequere
1336 507 1416 543 me
1435 487 1649 560 (Matth.
1675 489 1762 544 19.
1785 487 1902 557 21),
1931 487 2094 540 etiam

501 586 569 648 ad
625 585 884 640 Ecclesia:
940 581 1200 652 praesides
1244 582 1311 638 de
1355 581 1614 636 Ecclesia:
1667 579 2097 651 possessionibus

503 686 804 746 opportune
843 673 1074 731 dicatur.
1107 673 1229 728 Alio
1267 671 1412 729 eitim
1445 673 1605 726 modo
1647 687 1754 727 non
1807 686 2097 742 possumus

505 779 561 820 nt
588 773 804 835 oportet
832 765 1006 837 sequi,
1035 763 1139 818 nisi
1173 764 1320 818 omni
1345 761 1705 818 sollicitudine
1748 762 2013 817 crassiore
2041 769 2099 816 et

505 857 696 914 viliore
745 855 912 910 simus
961 854 1137 911 vacui.
1191 853 1344 912 Nunc
1406 865 1586 909 autem
1642 853 1738 908 Dei
1791 852 2100 908 sacerdotes

504 947 809 1013 vindemiae,
856 947 1060 1014 messi,
1102 946 1396 1005 venditioni
1427 956 1480 1000 et
1518 945 1775 1016 emptioni
1830 945 2098 999 fructuum

505 1041 636 1099 dant
661 1056 882 1110 operam
907 1057 922 1106 ;
952 1051 1008 1096 et
1030 1041 1120 1100 alii
1141 1041 1359 1109 quidem
1393 1041 1602 1096 umbrae
1628 1042 1928 1096 servientes
1955 1082 1970 1105 ,
2004 1041 2098 1095 ho-

507 1149 624 1189 rum
651 1136 892 1188 omnium
919 1135 1185 1194 immunes
1227 1145 1402 1202 erant,
1433 1137 1532 1190 etsi
1561 1136 1828 1204 corporali
1856 1136 2100 1192 ministe-

509 1228 594 1288 rio
624 1228 861 1296 deputati
888 1245 902 1294 ;
930 1243 1027 1283 nos
1053 1239 1232 1283 autem
1264 1229 1352 1297 qui
1379 1227 1448 1284 ad
1476 1229 1589 1298 ipsa
1617 1223 1912 1299 penetralia
1938 1229 2102 1284 cado-

507 1336 630 1377 rum
645 1335 958 1389 evocantur,
980 1329 1035 1376 et
1050 1320 1104 1375 in
1130 1335 1258 1379 vera
1279 1331 1463 1376 sancta
1481 1331 1790 1376 sanctorum
1817 1322 2100 1384 intramus.

509 1422 870 1467 mercatorum
923 1420 980 1467 et
1025 1426 1331 1480 cauponum
1374 1427 1532 1468 curas
1575 1413 1914 1483 suscipimus.
1967 1414 2104 1470 Hinc

509 1504 804 1572 Scriputrte
843 1503 1134 1560 admodum
1161 1503 1520 1574 negliguntur,
1555 1506 1889 1574 precationes
1918 1509 2102 1576 segni—

1253 375 1309 430 S.
1335 373 1614 430 JOANNIS
1652 365 2118 430 CHRYSOSTOMI
2158 365 2469 422 ARClllEP.
2510 365 3042 424 CONSTANTINOP.

3695 369 3811 423 76$

2206 495 2287 540 ter
2309 487 2685 554 persolvuntur
2711 528 2726 554 ,
2756 489 2969 557 aliaque
2996 489 3176 543 omnia
3207 493 3643 542 eotttemnuntur.
3675 484 3806 539 Non

2203 579 2344 633 enim
2374 578 2489 633 fieri
2534 590 2741 649 potest,
2789 590 2844 635 ut
2870 580 2937 634 ad
2969 563 3083 635 lucc
3111 580 3270 634 ambo
3295 595 3416 634 cum
3463 579 3644 635 studio
3666 579 3810 634 dili—

2202 669 2346 740 genti
2371 669 2704 725 scindantur.
2733 670 2912 738 Quare
2937 673 3166 728 obsecro
3209 683 3262 728 et
3290 688 3404 737 oro,
3438 682 3497 726 ut
3524 672 3674 726 multi
3711 688 3808 726 no-

2205 763 2288 819 bis
2313 763 2543 834 undique
2567 765 2743 820 fontes
2771 766 3088 832 scaturiant,
3140 774 3302 838 utque
3323 780 3448 820 area
3494 774 3673 820 vestra
3701 777 3763 819 et
3784 766 3807 795 ι

2207 855 2439 910 torcular
2466 865 2705 911 vestrum
2731 857 2802 911 sit
2843 857 2996 910 nobis
3025 858 3076 911 in
3128 856 3421 910 stimulum.
3467 856 3542 922 ita
3568 857 3717 911 enim
3748 867 3810 912 et

2207 961 2468 1016 pauperes
2498 946 2702 1002 facilius
2727 947 2962 1012 alentur,
2989 948 3134 1004 Deus
3154 947 3561 1018 gloriﬁcabitu‘,
3593 961 3809 1015 vosque

2206 1037 2275 1093 ad
2300 1038 2500 1108 majora
2524 1037 2871 1094 humanitatis
2892 1055 3056 1109 opera
3087 1040 3377 1110 progressi,
3398 1039 3621 1094 tetetnis
3646 1037 3805 1093 frue-

2209 1132 2338 1187 mini
2366 1133 2558 1189 bonis:
2595 1148 2716 1200 quae
2747 1147 2846 1188 nos
2889 1147 3077 1187 omnes
3104 1133 3319 1202 assequi
3337 1133 3648 1202 .contingat,
3673 1147 3808 1201 gra-

2209 1226 2279 1280 tia
2309 1235 2364 1278 et
2382 1221 2710 1294 benignitate
2730 1225 2939 1279 Domini
2966 1225 3134 1280 nostri
3173 1224 3300 1280 .lesu
3329 1223 3552 1290 Clu-isti,
3584 1224 3669 1279 cui
3695 1223 3810 1293 glo-

2209 1319 2286 1372 ria
2313 1317 2366 1371 in
2397 1317 2592 1372 saecula
2623 1317 2968 1372 surculorum.
2991 1320 3187 1372 Amen.

2275 1493 2290 1522 ¹
2331 1489 2463 1550 Haec,
2487 1503 2604 1540 area
2627 1497 2784 1541 vestra
2804 1495 2868 1552 et,
2893 1489 3076 1541 desunt
3098 1491 3146 1540 in
3167 1489 3335 1540 Morel.

1550 1713 1898 1775 HOMILIA
1940 1714 2295 1777 LXXXVI.
2341 1715 2428 1776 al.
2471 1714 2858 1776 LXXXVII.

515 1855 647 1921 Car.
688 1857 778 1914 27.
808 1874 860 1913 v.
896 1859 984 1912 11.
1023 1856 1175 1912 Jesus
1226 1865 1398 1911 autem
1444 1858 1578 1911 stetit
1628 1869 1746 1912 ante
1797 1859 2062 1929 praesidem
2088 1901 2104 1925 ,

583 1959 628 2002 et
656 1949 979 2019 interrogauit
1003 1965 1116 2003 eum
1143 1966 1347 2020 prwses,
1379 1950 1548 2004 dicens
1568 1967 1587 2004 :
1618 1950 1693 2004 Tu
1720 1968 1770 2004 es
1796 1967 1886 2006 rea:
1904 1950 2110 2007 Iudaeo-

583 2039 738 2094 rum?
763 2039 914 2098 Iesus
941 2051 1108 2094 autem
1136 2041 1265 2094 dixit
1293 2057 1311 2095 :
1334 2041 1414 2094 Tu
1443 2042 1590 2096 dicis.
1622 2041 1708 2096 12.
1741 2042 1807 2096 Et
1831 2059 1944 2095 cum
1967 2058 2110 2096 accu-

582 2141 781 2186 seretur
799 2149 832 2184 a
852 2133 1166 2203 principibus
1190 2132 1510 2188 sacerdotum
1538 2144 1584 2188 et
1604 2133 1885 2189 senioribus
1909 2135 2104 2206 populi,

585 2222 717 2275 nihil
744 2224 1024 2293 respondit.

583 2315 635 2378 1Ἷ
677 2312 978 2368 Judteorum
1002 2325 1359 2371 accusatorum
1395 2315 1582 2370 Christi
1614 2318 1749 2371 mala
1777 2318 1925 2386 ﬁdes.
1957 2316 2110 2373 Chri-

511 2415 618 2466 stus
641 2423 738 2476 quo
755 2423 904 2462 sensu
926 2425 979 2462 se
1003 2426 1169 2480 regem
1195 2408 1603 2465 dicit.—-\’idcn’
1620 2410 1709 2466 hic
1731 2412 1958 2480 primum
1983 2428 2109 2466 exa-

513 2497 705 2552 minari
755 2498 882 2552 illud
916 2499 1058 2568 quod
1103 2499 1272 2555 Judaei
1326 2499 1757 2571 frequentissime
1787 2503 2110 2558 versabant?

513 2588 646 2658 Quia
675 2590 820 2643 enim
851 2589 1104 2645 videbant
1133 2591 1361 2647 Pilatum
1429 2589 1571 2648 nihil
1636 2592 1830 2662 legalia
1897 2609 2108 2663 curare,

512 2679 581 2739 ad
608 2681 817 2750 publica
838 2682 1064 2738 crimina
1084 2692 1383 2740 vertuntur.
1405 2684 1496 2740 Sic
1521 2695 1575 2740 et
1594 2701 1718 2754 erga
1738 2687 2011 2756 apostolos
2027 2687 2110 2744 fa-

515 2770 750 2839 ciebant,
765 2771 881 2826 hsec
906 2788 1120 2844 semper
1134 2763 1468 2842 objicientes,
1493 2776 1637 2844 ipsos
1660 2792 1852 2847 nempe
1874 2779 2110 2833 circum-

514 2862 597 2916 ire
649 2863 1000 2932 przcdicantes
1042 2879 1224 2933 regem
1273 2865 1558 2936 quemdam
1612 2866 1817 2936 Jesum,
1863 2870 2015 2940 quasi
2044 2871 2112 2928 de

515 2952 661 3013 nudo
682 2953 899 3012 homine
916 2955 1029 3011 hzec
1051 2956 1380 3022 dicerent,et
1395 2958 1462 3013 ad
1487 2959 1846 3028 suspicionem
1869 2963 2111 3034 tyranni-

513 3047 598 3102 dis
624 3047 957 3108 inducentes.
990 3049 1142 3105 Unde
1168 3051 1342 3122 palam
1371 3061 1491 3119 est,
1523 3053 1836 3111 scissionem
1879 3057 2106 3125 tunicae,

513 3148 571 3196 et
604 3150 880 3210 stuporem
911 3143 1175 3212 pontificis
1198 3146 1444 3201 simulata
1489 3145 1670 3202 fuisse.
1699 3147 1889 3204 Omnia
1915 3151 2112 3222 quippe

514 3234 804 3297 movebant
845 3245 900 3290 et
945 3237 1272 3304 versabant,
1307 3247 1362 3292 ut
1408 3249 1634 3294 mortem
1685 3241 1784 3308 ipsi
1830 3239 2109 3298 inferrent.

513 3325 628 3390 Hoc
664 3328 840 3404 itaque
867 3328 1066 3391 Pilatus
1094 3340 1220 3386 tunc
1246 3331 1613 3403 interrogavit.
1645 3334 1779 3402 Quid
1807 3350 1933 3404 ergo
1959 3336 2114 3390 Citri-

513 3420 671 3474 stus?
703 3419 780 3474 Tn
818 3420 1013 3478 dixisti.
1057 3423 1346 3478 Confessus
1385 3435 1468 3479 est
1507 3440 1568 3480 se
1605 3442 1783 3496 regem
1822 3443 1942 3483 esse
1965 3470 1980 3492 ,
2017 3429 2112 3484 sed

515 3511 789 3568 mlestem
818 3528 1000 3580 regem
1031 3513 1048 3544 ί
1080 3529 1093 3565 :
1122 3513 1262 3583 quod
1307 3515 1432 3570 alibi
1462 3516 1658 3571 clarius
1688 3516 1858 3571 Pilato
1888 3535 2110 3589 respon-

517 3603 653 3659 dens
674 3601 846 3659 dixit:
868 3601 1100 3672 Regnum
1117 3621 1284 3658 meum
1305 3623 1405 3660 nou
1428 3617 1501 3660 est
1521 3609 1584 3661 de
1605 3607 1701 3661 hoc
1721 3610 1908 3663 mundo
1931 3610 2109 3680 (Joan.

517 3694 608 3749 18.
636 3693 754 3766 56),
779 3704 836 3750 ut
862 3711 1035 3766 neque
1058 3697 1130 3762 hi,
1160 3712 1333 3768 neque
1361 3699 1433 3752 illi
1469 3699 1595 3754 talia
1629 3712 1946 3759 accusantes
1967 3747 1982 3771 ,
2015 3707 2114 3758 ali-

516 3800 676 3854 quam
707 3787 1105 3847 excusationem
1138 3789 1430 3856 haberent;
1461 3791 1820 3863 invictamque
1852 3795 2110 3850 rationem

514 3875 673 3931 aﬂ'ert
696 3894 709 3931 :
737 3877 798 3932 Si
821 3894 882 3932 ea:
911 3879 1005 3933 hoc
1031 3879 1221 3933 mundo
1246 3897 1423 3948 essent,
1455 3883 1554 3934 mei
1578 3883 1749 3953 utique
1777 3883 2108 3955 decertarent,

514 3988 580 4028 ae
607 3973 850 4027 traderer.
885 3972 1084 4029 Idcirco
1116 3985 1172 4028 ut
1209 3973 1347 4030 hanc
1373 3976 1730 4046 suspicionem
1767 3989 2110 4047 removeret,

514 4071 570 4117 et
614 4065 867 4118 tributum
915 4066 1114 4132 solvit,
1157 4078 1212 4122 et
1253 4068 1389 4123 alios
1427 4070 1636 4125 solvere
1668 4070 1859 4141 jussit;
1899 4082 1954 4128 et
1992 4088 2113 4128 cum

517 4153 721 4216 vellent
761 4171 881 4208 eum
925 4172 1104 4226 regem
1137 4157 1312 4212 facere
1335 4200 1350 4224 ,
1390 4159 1608 4229 aufugit.
1641 4159 1749 4214 Cur
1783 4172 1997 4231 autem,
2027 4163 2113 4218 in-

513 4247 688 4315 quies,
719 4247 833 4302 luec
857 4264 964 4303 non
991 4249 1044 4303 in
1071 4250 1305 4305 medium
1332 4251 1571 4320 protulit,
1597 4268 1716 4306 cum
1739 4253 1806 4308 de
1829 4255 2111 4326 tyrannide
2130 4242 2145 4263 ‘

513 4339 892 4397 accusaretur?
933 4339 1067 4408 Quia
1114 4355 1235 4395 cum
1279 4349 1558 4397 sexcentos
1606 4342 1865 4400 haberent
1911 4363 1978 4402 ex
2018 4363 2110 4402 re-

513 4427 615 4486 bus
639 4429 770 4500 ipsis
789 4432 808 4462 ²
837 4430 1323 4488 demonstrationes
1351 4432 1418 4488 de
1448 4442 1729 4503 potestate,
1759 4436 1827 4494 de
1855 4454 2108 4493 mansue-

515 4509 738 4588 tudine,
787 4521 857 4577 de
902 4522 1204 4591 modestia,
1254 4523 1483 4580 libentes
1529 4528 1916 4593 caecutiebant,
1970 4529 2108 4585 mala

510 4613 990 4682 machinabantur,
1022 4626 1076 4672 et
1101 4627 1407 4686 corruptum
1437 4629 1553 4674 erat
1577 4620 1856 4688 judicium.
1889 4621 2016 4677 ldeo
2040 4623 2107 4677 ad

510 4703 645 4769 nihil
689 4705 974 4775 respondet
999 4749 1016 4773 ,
1047 4707 1143 4763 sed
1183 4717 1363 4776 tacet,
1394 4719 1449 4765 et
1477 4710 1791 4766 brevissime
1820 4713 2108 4782 aliquando

511 4793 776 4864 loquitur,
806 4812 874 4861 ne
904 4797 970 4862 ex
1001 4811 1257 4870 perpetuo
1283 4800 1497 4857 silentio
1521 4805 1838 4874 arrogantire
1866 4805 1966 4860 sibi
1994 4807 2108 4862 exi-

511 4887 870 4947 stimationem
898 4899 1146 4961 pareret,
1175 4907 1370 4962 nempe
1395 4908 1514 4947 cum
1542 4893 1806 4963 adjuravit
1829 4897 2063 4964 pontifex
2085 4938 2101 4966 ,

509 4993 633 5042 cum
677 4979 1026 5051 interrogavit
1069 4998 1304 5053 praeses;
1349 4983 1414 5038 ad
1445 4983 1653 5054 objecta
1683 5001 1809 5040 Vero
1838 4987 2059 5042 crimina
2083 5033 2098 5056 ,

507 5069 631 5138 quia
670 5086 730 5126 se
763 5072 982 5142 minime
1021 5088 1400 5143 persuasurum
1429 5091 1548 5131 esse
1579 5077 1817 5143 sciebat,
1851 5079 1983 5133 nihil
2013 5095 2103 5135 re-

507 5165 744 5233 Spondit.
774 5165 926 5242 Quod
950 5175 1004 5220 et
1031 5167 1288 5236 prepheta
1310 5168 1541 5238 idipsum
1571 5169 1933 5239 pra-nuntians
1954 5171 2100 5227 dice-

505 5257 597 5312 bat
642 5274 657 5311 :
701 5257 768 5311 lu
807 5243 1087 5323 humilitate
1128 5261 1239 5337 ejus
1275 5261 1535 5330 judicium
1574 5263 1682 5326 eius
1727 5261 1980 5318 sublatum
2028 5275 2102 5318 est

506 5347 673 5420 (Isai.
820 5351 913 5420 8).
945 5347 1023 5405 De
1050 5350 1134 5406 his
1158 5352 1453 5416 mirabatur
1477 5367 1678 5424 prases
1708 5371 1722 5408 :
1749 5353 2101 5427 admiratione

507 5441 704 5511 quippe
731 5441 952 5510 dignum
980 5454 1094 5496 erat
1118 5484 1132 5507 ,
1164 5451 1365 5507 tantam
1395 5445 1710 5506 modestiam
1737 5453 1792 5504 et
1820 5446 2098 5501 taciturni-

506 5536 674 5587 tatem
719 5530 973 5586 exhibere
1017 5547 1138 5589 eum
1183 5533 1275 5602 qui
1319 5533 1597 5589 innumera
1641 5534 1824 5591 dicere
1870 5544 2096 5606 paterat.

483 5617 692 5694 ‘Neque
731 5623 875 5685 enim
905 5623 1050 5695 quod
1085 5623 1283 5695 aliquid
1327 5627 1384 5682 in
1413 5641 1478 5681 eo
1507 5626 1632 5681 mali
1662 5636 1910 5696 putarent
1939 5643 2057 5683 esse
2081 5667 2098 5695 ,

534 5758 559 5825 ξ
574 5756 669 5825 alii
694 5757 892 5825 habent,
918 5767 963 5818 et
977 5773 1137 5824 regem
1158 5761 1414 5825 anienem,
1428 5761 1558 5825 quod
1573 5761 1805 5825 majorem
1824 5763 1918 5825 vim
1928 5762 2099 5814 habet.

542 5817 636 5873 ³1η
659 5819 820 5868 Morel.
847 5817 1091 5887 legiturIe
1111 5817 1510 5897 scripturisppr‘o,
1536 5835 1601 5880 ea;
1614 5817 1754 5884 rebus
1775 5821 1913 5898 ipsis.

2215 1859 2364 1914 illum
2396 1861 2750 1923 accusabant,
2780 1860 2875 1916 sed
2904 1860 3070 1916 livore
3097 1866 3299 1916 tantum
3329 1869 3382 1916 et
3413 1859 3606 1915 invidia
3637 1861 3811 1916 ducti.

2214 1951 2345 2006 Nam
2374 1967 2494 2006 cum
2526 1951 2689 2007 falsos
2717 1962 2880 2007 testes
2909 1953 3268 2020 induxerunt,
3296 1967 3391 2006 cur
3415 1968 3536 2007 cum
3564 1953 3694 2006 nihil
3721 1954 3814 2006 dio

2215 2042 2440 2097 ceodnm
2491 2043 2791 2111 haberent,
2838 2043 3013 2100 adhuc
3058 2042 3358 2098 accusando
3418 2043 3819 2112 perstiterunt?

2215 2149 2312 2190 cur
2349 2133 2536 2190 ludam
2570 2135 2927 2204 exspirantem
2966 2134 3208 2190 videntes
3231 2177 3246 2199 ,
3279 2145 3331 2190 et
3362 2133 3586 2189 Pilatum
3618 2150 3817 2189 manus

2217 2227 2482 2282 lavantem
2501 2269 2514 2292 ,
2548 2243 2654 2282 non
2684 2228 2986 2297 compuncti
3014 2227 3177 2281 sunt?
3203 2226 3333 2281 Nam
3365 2225 3530 2280 multa
3558 2227 3647 2281 illo
3673 2235 3816 2280 tem-

2216 2336 2348 2391 pore
2389 2319 2550 2386 fecit,
2592 2335 2712 2390 qua:
2750 2317 2817 2372 ad
2863 2318 3283 2388 resipiscendum
3323 2317 3670 2382 inducerent;
3709 2317 3815 2371 sed

2216 2410 2469 2464 meliores
2496 2425 2602 2464 non
2628 2409 2804 2464 effecti
2831 2420 2973 2465 sunt.
3001 2409 3135 2479 Quid
3164 2425 3292 2479 ergo
3319 2409 3539 2464 Pilatus.
3566 2409 3651 2463 1⁸5.
3683 2407 3815 2462 Non

2217 2505 2367 2559 audis
2386 2515 2575 2573 quanta
2595 2505 2678 2558 isti
2697 2505 2936 2558 adversus
2956 2515 3003 2558 te
3022 2506 3130 2557 testi
3136 2505 3356 2574 ﬁcantur
3373 2504 3398 2558 ?
3415 2502 3638 2558 Volebat
3661 2503 3815 2557 enim

2218 2598 2366 2652 illum
2393 2613 2452 2653 se
2477 2597 2852 2654 defendentem
2887 2597 3121 2653 liberare
3146 2638 3161 2662 ,
3193 2597 3416 2667 ideoque
3445 2597 3524 2651 sic
3549 2596 3815 2666 loqueba-

2219 2697 2336 2754 tur;
2384 2704 2506 2743 cum
2551 2699 2732 2744 autem
2769 2689 2898 2743 nihil
2937 2689 3323 2758 responderet,
3356 2688 3498 2742 aliud
3533 2687 3814 2756 quidpiam

2217 2779 2570 2834 machinatur.
2604 2775 2882 2846 Quodnam
2911 2780 3083 2835 illud?
3119 2780 3232 2834 Mos
3256 2792 3371 2835 erat
3395 2779 3664 2834 dimittere
3703 2780 3815 2834 illis

2218 2885 2381 2925 unum
2413 2887 2480 2926 ex
2509 2872 2683 2926 noxiis
2703 2915 2717 2938 ,
2750 2882 2804 2927 et
2829 2872 2926 2927 hac
2953 2874 3034 2935 via
3067 2872 3214 2927 illum
3241 2873 3450 2942 eripere
3479 2872 3717 2927 tentavit.
3747 2869 3814 2926 Si

2219 2977 2323 3016 non
2355 2963 2543 3028 vultis,
2577 2964 2779 3034 inquit,
2815 2975 2871 3019 ut
2899 2970 3162 3019 insontem
3191 2966 3486 3028 dimittere,
3519 2974 3578 3018 ut
3599 2974 3813 3020 sontem

2217 3056 2405 3108 saltem
2446 3054 2499 3108 in
2531 3056 2869 3111 solemnitate
2899 3055 3109 3111 solvite.
3145 3056 3330 3111 Videu’
3368 3057 3636 3112 inversum
3662 3056 3816 3110 ordi-

2219 3145 2382 3200 nem?
2407 3145 2463 3201 In
2492 3163 2642 3202 more
2668 3158 2787 3202 erat
2811 3159 2868 3202 ut
2890 3163 2985 3217 pro
3012 3147 3277 3202 damnatis
3305 3149 3532 3219 pepulus
3561 3156 3764 3217 peteret
3795 3191 3814 3214 ,

2219 3252 2419 3308 praeses
2446 3253 2574 3292 vero
2597 3238 2917 3294 concederet
2947 3256 2960 3293 :
2989 3254 3130 3294 nunc
3154 3255 3317 3310 porro
3341 3239 3665 3293 contrarium
3694 3229 3816 3293 efli-

2217 3327 2396 3394 citur;
2429 3343 2630 3400 praeses
2670 3329 2722 3384 id
2751 3345 2782 3383 a
2813 3330 3009 3400 populo
3043 3331 3210 3400 petit,
3247 3346 3424 3400 neque
3449 3332 3527 3386 sic
3557 3330 3632 3384 illi
3661 3330 3813 3384 miti-

2216 3429 2448 3490 gantur,
2499 3421 2606 3474 imo
2651 3420 2820 3492 magis
2868 3421 3174 3488 ferociunt,
3222 3436 3516 3491 vocemque
3559 3421 3812 3475 emittunt

2218 3511 2432 3566 invidia:
2472 3512 2659 3568 morbo
2697 3513 2959 3569 furentes.
3005 3513 3186 3585 Neque
3223 3515 3366 3569 enim
3408 3513 3605 3586 aliquid
3652 3529 3811 3569 accu-

2217 3603 2388 3658 sando
2421 3605 2658 3675 objicere
2686 3617 2964 3674 poterant,
2993 3607 3199 3662 etiamsi
3229 3607 3316 3662 ille
3345 3618 3575 3670 taceret,
3606 3608 3699 3662 sed
3731 3607 3811 3662 sic

2219 3703 2395 3748 tamen
2421 3694 2852 3764 confutabantur,
2880 3714 2946 3753 eo
2972 3698 3114 3768 quod
3147 3709 3252 3752 tam
3281 3697 3446 3754 multa
3479 3709 3659 3753 essent
3686 3716 3810 3768 qua:

2216 3785 2366 3842 illum
2389 3784 2589 3854 justum
2617 3802 2738 3842 esse
2763 3788 3096 3844 declararent
3125 3807 3139 3844 :
3171 3801 3352 3862 tacens
3379 3790 3621 3845 vincebat
3649 3789 3768 3843 illos
3786 3831 3802 3853 ,

2218 3875 2497 3932 innumera
2521 3877 2759 3933 dicentes
2784 3890 2839 3934 et
2862 3883 3117 3934 furentes.
3149 3880 3237 3937 19.
3265 3880 3486 3936 Sedente
3507 3892 3673 3934 autent
3694 3883 3807 3951 ipso

2219 3983 2312 4039 pro
2343 3969 2603 4034 tribunali,
2634 3970 2766 4023 misit
2794 3973 2862 4024 ad
2884 3989 2994 4025 eum
3023 3988 3150 4025 uxor
3173 3974 3281 4040 ejus
3307 3974 3476 4026 dicens
3500 3989 3518 4028 :
3541 3971 3690 4028 Nihil
3718 3975 3805 4028 tibi

2218 4069 2265 4111 et
2302 4061 2445 4130 justo
2473 4061 2590 4114 huic
2628 4077 2646 4115 :
2675 4064 2835 4116 multa
2862 4065 2996 4116 enim
3023 4080 3172 4136 passa
3199 4081 3313 4118 sum
3341 4065 3493 4118 hodie
3528 4083 3618 4136 per
3645 4067 3804 4121 visum

2219 4162 2422 4224 propter
2446 4155 2634 4225 ipsum.
2665 4153 2827 4210 Vides
2854 4171 3038 4210 rursus
3065 4170 3177 4211 rem
3200 4172 3320 4227 qua:
3343 4158 3605 4228 potuisset
3629 4157 3750 4214 illos
3772 4175 3802 4212 a

2216 4246 2490 4315 preposito
2518 4261 2793 4304 revocare.
2845 4247 2975 4302 Post
3008 4247 3522 4304 demonstrationem
3559 4249 3703 4305 enim
3737 4265 3803 4304 et

2214 4355 2393 4394 rerum
2432 4341 2763 4409 experientia
2804 4350 3008 4411 partam
3033 4383 3048 4408 ,
3083 4358 3187 4395 non
3220 4344 3366 4411 parvi
3408 4348 3662 4397 momenti
3689 4356 3803 4398 erat

2213 4433 2480 4486 somnium
2523 4431 2673 4486 illud.
2718 4432 2786 4486 Et
2819 4448 2917 4487 cur
2955 4448 3059 4488 non
3098 4433 3211 4503 ipse
3252 4433 3454 4488 Pilatus
3491 4433 3664 4489 vidit?
3706 4433 3800 4491 Vel

2212 4526 2334 4594 quia
2361 4525 2449 4579 illa
2479 4525 2690 4597 dignior
2715 4536 2830 4580 erat
2856 4543 2870 4584 :
2897 4526 2977 4580 vel
3007 4527 3130 4598 quia
3156 4527 3198 4582 si
3229 4527 3341 4597 ipse
3363 4529 3602 4595 vidisset,
3624 4529 3799 4584 credi-

2214 4628 2324 4672 tum
2352 4619 2451 4688 ipsi
2482 4635 2589 4673 non
2617 4619 2824 4686 fuisset,
2847 4631 2937 4674 aut
2959 4637 3064 4674 non
3093 4629 3148 4674 ut
3169 4621 3340 4676 visum
3365 4621 3533 4677 fuerat
3555 4622 3796 4676 dixisset.

2210 4711 2414 4768 ldcirco
2437 4712 2742 4780 providetur
2762 4723 2820 4765 ut
2843 4727 2982 4765 uxor
3002 4712 3198 4778 videat,
3221 4729 3329 4782 quo
3350 4729 3436 4768 res
3459 4715 3526 4768 sit
3548 4713 3797 4769 omnibus

2209 4813 2356 4858 nota.
2388 4803 2498 4858 Nec
2527 4803 2684 4858 modo
2721 4803 2898 4870 videt,
2945 4805 3039 4858 sed
3079 4806 3240 4860 etiam
3283 4807 3447 4860 multa
3491 4807 3708 4876 patitur.
3741 4817 3798 4863 ut

2207 4897 2362 4952 uxori
2383 4895 2675 4951 condolens
2704 4896 2818 4964 ipse
2845 4896 3045 4950 tardior
3068 4895 3133 4950 ad
3160 4897 3360 4952 caedem
3383 4899 3609 4953 veniret.
3639 4899 3798 4954 Tem-

2209 5006 2306 5060 pns
2334 5007 2463 5045 vero
2491 5006 2594 5044 neu
2626 5006 2811 5060 parum
2843 4990 2908 5044 ad
2941 4989 2991 5043 id
3019 4989 3362 5057 conferebat;
3395 5008 3517 5046 nam
3564 4993 3650 5047 illa
3683 4993 3793 5064 ipsa

2209 5093 2364 5139 nocte
2385 5083 2609 5137 viderat.
2639 5081 2831 5137 Venno
2859 5096 2963 5136 non
2988 5092 3100 5136 tuto
3121 5091 3331 5152 poterat
3350 5084 3648 5152 dimittere,
3673 5085 3793 5155 quia

2205 5170 2478 5234 dixerant,
2509 5167 2748 5236 Seipsum
2773 5183 2937 5236 regem
2967 5167 3108 5238 facit.
3136 5166 3423 5236 Oportebat
3450 5183 3577 5239 ergo
3606 5170 3794 5238 proba-

2207 5264 2379 5318 tiones
2409 5269 2464 5317 et
2489 5267 2819 5331 argumenta.
2847 5270 3006 5330 atque
3033 5259 3294 5316 affectatae
3319 5261 3614 5332 tyrannidis
3642 5263 3790 5332 signa

2205 5369 2476 5424 quaerere;
2523 5362 2647 5423 puta
2668 5393 2683 5418 ,
2714 5369 2838 5406 num
2870 5353 3160 5407 exercitum
3193 5351 3636 5422 conscripsisset,
3666 5368 3788 5414 num

2207 5448 2458 5517 pecunias
2501 5446 2804 5516 collegisset
2835 5447 2850 5476 ¹
2878 5487 2893 5510 ,
2925 5462 3049 5500 num
3091 5461 3240 5502 arma
3287 5446 3574 5500 fabricatus
3612 5455 3788 5512 esset,

2205 5557 2330 5595 num
2361 5540 2484 5610 quid
2513 5540 2690 5594 simile
2716 5546 2994 5594 tentasset.
3028 5538 3121 5594 llle
3147 5552 3277 5593 vero
3305 5538 3422 5593 sine
3445 5554 3605 5593 causa
3634 5539 3698 5591 ab
3726 5538 3788 5592 iis

2203 5649 2264 5690 Se
2286 5632 2479 5689 attrahi
2511 5632 2742 5703 patitur;
2773 5632 3000 5702 ideoque
3026 5646 3135 5687 non
3159 5632 3313 5702 culpa
3338 5642 3614 5701 expertem
3641 5631 3782 5686 illutn

2201 5741 2323 5782 esse
2362 5724 2623 5796 significat
2658 5724 2902 5779 Christ
2941 5723 3170 5779 dicens:
3201 5723 3302 5787 Qui
3338 5739 3417 5777 me
3457 5723 3665 5776 tradidit
3703 5724 3794 5782 tibi

2271 5824 2292 5856 ³
2321 5827 2450 5879 ttzec,
2475 5831 2590 5868 num
2612 5816 2841 5880 pecunias
2863 5815 3148 5879 collegisset,
3169 5815 3349 5865 desunt
3372 5815 3420 5863 in
3447 5811 3608 5868 Morel.
