4074 6410
417 327 520 385 765

414 443 583 513 majus
624 449 881 512 peccatum
912 436 1056 493 liabet
1082 443 1101 509 (
1132 437 1287 493 Joan.
1316 437 1404 495 18.
1439 438 1508 494 56
1536 426 1583 512 ).
1621 438 1740 493 Pra:
1779 436 2001 491 mollitie

417 535 577 605 igitur
596 533 779 597 cessit,
801 541 856 588 et
877 531 1187 586 verberibus
1211 531 1360 585 illum
1386 530 1615 601 excepit.
1646 530 1819 585 Mollis
1846 530 2005 597 igitur

414 638 470 684 et
496 629 640 683 iners
666 634 782 682 erat
810 644 823 679 :
852 624 1117 696 principes
1142 634 1320 679 autem
1349 624 1685 678 sacerdotum
1711 620 1926 692 maligni
1953 630 2005 675 et

413 720 637 777 versuti.
669 719 801 788 Quia
830 719 972 772 enim
1004 718 1094 772 ille
1122 717 1338 772 modum
1367 716 1782 784 excogitaverat,
1812 726 2005 782 nempe

413 811 769 868 solemnitatis
796 811 988 881 legem,
1011 826 1129 880 quae
1147 810 1369 878 jubebat
1391 809 1698 862 damnatum
1721 806 2001 877 quemdam

412 906 629 968 dimitti,
662 903 787 975 quid
820 904 905 958 hic
933 902 1343 957 machinautur?
1372 900 1556 956 Turba:
1584 910 1884 966 suaserunt,
1920 900 2003 953 in-

414 998 548 1067 quit,
577 1006 632 1049 nt
662 995 945 1049 Barabbam
974 1004 1213 1066 peterent.

484 1089 541 1143 2.
572 1086 761 1143 Viden‘
787 1096 980 1157 quanta
1010 1086 1097 1139 ille
1121 1084 1449 1155 providentia
1474 1092 1627 1139 curet
1651 1082 1773 1138 illos
1795 1097 1822 1135 a
1850 1082 2004 1151 culpa

414 1180 665 1246 liberare,
695 1187 749 1234 et
775 1188 978 1249 quanto
1008 1178 1081 1233 illi
1108 1178 1286 1232 studio
1314 1185 1575 1247 satagant,
1597 1186 1655 1231 ut
1691 1190 1786 1231 nec
1816 1174 2003 1229 umbra

414 1274 522 1329 illis
556 1271 914 1328 excusationis
941 1270 1310 1340 relinquatur?
1337 1270 1475 1338 Quid
1511 1268 1653 1323 enim
1686 1267 2008 1338 oportebat?

414 1380 479 1419 an
505 1363 614 1433 jam
646 1361 978 1426 convictum,
1006 1376 1072 1414 an
1104 1377 1224 1415 enim
1247 1403 1261 1425 ,
1294 1361 1361 1415 de
1386 1374 1491 1430 quo
1520 1358 1889 1423 dubitabatur,
1918 1358 2000 1413 di-

413 1454 671 1509 mittere?
700 1452 828 1506 Nam
857 1453 901 1505 si
935 1468 999 1507 ex
1028 1452 1271 1507 sontibus
1300 1452 1567 1507 dimittere
1592 1466 1754 1505 unum
1784 1459 2004 1519 oporte-

413 1546 544 1610 bat,
576 1544 743 1600 multo
774 1544 941 1614 magis
967 1546 1009 1598 si
1041 1545 1334 1613 cujnspiam
1362 1542 1516 1614 culpa
1548 1558 1653 1596 non
1683 1551 1804 1597 nota
1837 1551 2002 1596 esset.

413 1640 596 1712 Neque
619 1641 761 1695 enim
786 1640 914 1707 ipsis
934 1638 1230 1693 manifestis
1251 1637 1534 1693 homicidis
1556 1636 1706 1707 pejor
1726 1637 1829 1690 illis
1849 1635 2006 1691 Jesus

414 1732 692 1787 videbatur
732 1745 870 1786 esse.
919 1728 1123 1785 Idcirco
1167 1744 1272 1784 non
1317 1729 1488 1783 solum
1519 1728 1685 1795 dixit,
1728 1727 2006 1782 Habe-bant

416 1825 697 1889 latronem,
722 1824 837 1887 sed,
863 1821 1124 1893 Insignem
1150 1822 1431 1887 latronem,
1457 1822 1690 1891 nequitia
1713 1820 2002 1887 celebrem,

417 1917 506 1986 qui
537 1915 679 1969 mille
707 1913 883 1968 credes
922 1922 1340 1984 perpetraverat.
1386 1914 1630 1967 Attamen
1674 1912 1823 1966 illum
1858 1911 2004 1967 orbis

415 2006 683 2065 Servatori
714 2006 1087 2076 prmtuleriiiit,
1117 2021 1288 2075 neque
1313 2019 1524 2060 sacrum
1551 2012 1763 2073 tempus
1790 2000 2002 2058 reveriti

413 2109 539 2155 sunt
560 2142 576 2161 ,
607 2116 711 2153 non
756 2097 1100 2152 humanitatis
1137 2096 1281 2166 leges
1305 2138 1319 2160 ,
1366 2110 1465 2151 nec
1490 2096 1759 2166 quidpiam
1790 2094 2000 2149 simile:

412 2193 507 2248 Sed
536 2193 653 2247 illos
678 2191 869 2246 invidia
893 2192 1214 2245 excmcavit:
1240 2205 1339 2246 nec
1364 2204 1456 2243 sua
1482 2190 1715 2244 contenti
1745 2189 2001 2260 nequitia,

413 2286 667 2356 populum
696 2285 858 2341 etiam
890 2291 1271 2353 corrumpunt,
1304 2291 1359 2337 ut
1386 2280 1455 2339 ob
1484 2281 1621 2336 hanc
1650 2282 1809 2337 etiam
1847 2281 2001 2336 fallac

410 2382 547 2434 ciam
577 2364 845 2432 extremas
890 2376 1039 2431 luant
1068 2391 1275 2446 ptenas.
1318 2375 1449 2431 Cum
1480 2391 1608 2446 ergo
1638 2376 1783 2430 illum
1817 2376 2001 2445 petiis-

412 2481 563 2535 sent,
595 2471 669 2524 ait
702 2488 715 2524 :
754 2469 845 2525 22.
891 2469 1028 2537 Quid
1054 2486 1173 2540 ergo
1202 2470 1386 2539 faciam
1416 2469 1479 2523 de
1504 2468 1630 2522 Jesu
1651 2510 1666 2535 ,
1707 2469 1792 2539 qui
1821 2470 2006 2523 dicitur

412 2563 646 2620 Christus
675 2564 734 2617 ‘?
778 2564 889 2618 lloc
928 2572 1081 2633 pacto
1110 2577 1320 2617 rursum
1355 2563 1475 2617 illos
1504 2562 1718 2617 ﬂectere
1750 2563 1960 2618 volebat
1984 2605 2000 2628 ,

413 2657 465 2711 id
506 2672 691 2711 eorum
734 2656 955 2711 arbitrio
986 2638 1297 2724 permittens
1322 2695 1335 2718 ,
1366 2662 1424 2707 ut
1453 2669 1562 2723 prae
1593 2653 1797 2723 pudore
1820 2652 2003 2709 Jesum

411 2758 655 2817 peterent
682 2790 697 2813 ,
740 2757 790 2802 et
831 2762 896 2803 ex
935 2762 1120 2802 eorum
1161 2743 1491 2802 liberalitate
1515 2756 1683 2801 totum
1725 2746 1998 2816 penderet.

411 2840 541 2893 Nam
568 2840 610 2895 si
638 2840 879 2903 dixisset,
904 2839 1017 2894 Non
1048 2841 1303 2908 peccarit.
1328 2839 1773 2895 comentiOsiores
1795 2839 2002 2895 ell'ecis-

409 2934 493 2978 set
520 2945 533 2978 :
566 2933 623 2979 ut
650 2934 827 2979 autem
855 2940 921 2979 ex
951 2925 1277 2978 humanitate
1320 2934 1629 2979 servaretur
1653 2966 1667 2989 ,
1712 2924 2002 2995 probabilis

408 3031 529 3071 esse
560 3016 743 3086 petitio
775 3016 1072 3071 videbatur.
1105 3015 1181 3071 Illi
1210 3032 1336 3070 vero
1364 3016 1434 3071 ita
1463 3016 1713 3071 dixerunt
1742 3035 1755 3070 :
1786 3016 2002 3084 Cruci/i-

408 3128 472 3183 ge
493 3153 508 3177 ,
536 3110 776 3181 crnci/ige
803 3127 935 3163 eum.
966 3109 1058 3165 25.
1089 3108 1191 3164 Ille
1215 3124 1330 3163 vero
1360 3108 1487 3162 dixit
1515 3124 1532 3162 .'
1557 3108 1695 3175 Quid
1723 3109 1852 3162 enim
1879 3108 2003 3162 mali

409 3203 524 3272 fecit
543 3202 569 3256 1’
596 3202 661 3256 At
689 3202 771 3256 illi
800 3201 959 3256 multo
988 3202 1147 3273 magis
1176 3198 1491 3265 clamabant,
1521 3199 1881 3269 Cruciﬁgatur.
1907 3200 1998 3255 24.

418 3293 609 3349 Videas
660 3304 827 3348 autem
865 3293 1067 3349 Pilatus
1090 3310 1143 3347 se
1167 3293 1299 3345 nihil
1321 3293 1566 3362 proﬁcere
1588 3333 1603 3356 ,
1637 3291 1757 3343 lavit
1784 3308 1962 3342 manus
1983 3333 1997 3356 ,

410 3387 580 3441 dicens
605 3401 622 3439 :
647 3384 896 3440 lnnocens
930 3402 1019 3455 ego
1045 3401 1176 3438 sum.
1209 3385 1315 3438 Cur
1341 3399 1467 3452 ergo
1498 3382 1643 3435 illum
1675 3381 1876 3435 tradis?
1906 3397 2002 3436 cur

414 3497 518 3532 non
550 3479 812 3547 eripuisti,
839 3479 973 3533 sicut
1002 3477 1220 3532 Paulum
1249 3475 1527 3530 tribunus?
1555 3474 1654 3542 Qui
1681 3475 1843 3529 etiam
1874 3476 2000 3529 scic-

413 3565 502 3619 bat
531 3578 587 3618 se
616 3574 822 3634 gratum
874 3563 989 3616 fore
1012 3560 1245 3625 ιῐυᾱτιξίες
1280 3560 1473 3615 seditio
1497 3561 1693 3629 quippe
1722 3559 2003 3613 tumultus-

407 3671 515 3723 que
557 3662 775 3724 propter
818 3655 990 3723 ipsum
1036 3652 1207 3707 factus
1250 3660 1332 3707 est
1360 3670 1371 3705 :
1401 3660 1636 3706 attamen
1669 3651 1865 3704 restitit
1910 3649 2000 3703 ille

412 3745 637 3800 fortiter.
678 3748 749 3800 At
788 3760 893 3799 non
934 3745 1011 3799 sic
1052 3745 1153 3799 istc
1178 3763 1191 3798 :
1220 3743 1313 3798 sed
1358 3744 1543 3813 ignave
1580 3742 1917 3811 molliterque
1942 3756 2000 3796 se

410 3832 576 3900 gessit
604 3850 615 3883 :
644 3846 706 3885 ac
732 3829 886 3883 simul
913 3845 1101 3885 omnes
1127 3828 1359 3897 corrupti
1388 3828 1620 3882 fuerunt.
1649 3826 1831 3896 Neque
1856 3826 1998 3878 enim

410 3922 499 3977 hic
526 3922 686 3993 plebi,
715 3937 888 3992 neque
914 3920 1195 3975 multitudo
1220 3920 1417 3974 Jud:eis
1446 3919 1638 3973 restitit
1659 3920 1716 3981 ’;
1751 3916 2000 3985 nullaque

410 4016 516 4070 illis
542 4015 816 4073 excusatio
844 4024 1141 4084 supererat.
1173 4012 1305 4067 Nam
1336 4010 1661 4081 Supervacua
1688 4007 1996 4073 clamabant,

412 4108 515 4162 hoc
541 4117 643 4174 est,
677 4104 844 4177 magis
870 4121 932 4160 ac
962 4106 1131 4175 magis
1156 4103 1476 4168 clamabant,
1506 4100 1868 4171 Cruciﬁgatur.
1895 4096 2001 4152 Ne-

415 4210 523 4263 que
542 4194 685 4249 enim
709 4194 885 4249 solum
906 4194 1156 4248 occidere
1178 4191 1452 4251 volebant,
1467 4187 1561 4242 sed
1581 4187 1739 4257 quasi
1761 4200 1859 4255 pro
1882 4200 1994 4241 sce-

418 4285 809 4353 lere,etjudice
827 4292 1159 4355 repugnante
1176 4281 1363 4338 eadem
1379 4278 1668 4335 clamando
1692 4291 2002 4347 persevera—

420 4382 572 4435 bant.
593 4380 784 4434 Viden‘
808 4387 1011 4449 quanta
1036 4377 1163 4433 fecit
1191 4377 1444 4430 Christus
1476 4383 1534 4427 ut
1568 4372 1690 4425 illos
1714 4371 1778 4424 ad
1802 4370 1998 4439 resipi-

420 4474 681 4529 scendum
703 4471 1016 4527 induceret?
1029 4470 1182 4524 Sicut
1197 4469 1339 4523 enim
1352 4466 1377 4520 ,Ι
1389 4466 1546 4520 udam
1567 4480 1707 4533 sape
1720 4462 2001 4531 repressit,

423 4570 502 4621 sic
520 4575 573 4622 et
589 4570 801 4629 istos,et
820 4565 870 4617 in
885 4570 1000 4617 toto
1015 4561 1318 4632 evangelio,
1332 4568 1384 4614 et
1398 4557 1719 4628 ipsojudicii
1734 4565 2000 4623 tempore.

424 4659 561 4714 Nam
582 4658 801 4728 quando
824 4656 1107 4727 praesidem
1124 4662 1178 4708 et
1195 4653 1434 4721 judicent
1458 4649 1713 4704 videbant
1733 4648 2003 4700 lavantem

426 4766 622 4805 manus
643 4758 696 4803 et
716 4749 984 4803 dicentem
1003 4788 1018 4812 ,
1058 4748 1319 4799 lmtocens
1348 4759 1466 4797 sum
1497 4758 1529 4794 a
1550 4741 1805 4809 sanguine
1826 4736 2003 4806 hujus,

425 4842 715 4912 compuugi
737 4840 1023 4910 oportebat
1041 4845 1095 4892 et
1116 4837 1295 4892 verbis
1321 4843 1375 4890 et
1400 4834 1595 4899 rebus;
1634 4838 1692 4885 ut
1716 4837 1769 4885 et
1787 4827 2007 4898 quando

425 4934 621 4991 Judam
644 4934 896 4988 viderunt
914 4932 1109 5000 laqueo
1135 4932 1553 4998 suspensum.et
1573 4925 1749 4994 ipsum
1771 4921 2006 4974 Pilatum

428 5035 732 5098 rogantem,
756 5035 813 5078 ut
835 5025 999 5078 alium
1024 5038 1123 5092 pro
1145 5023 1237 5076 illo
1260 5021 1593 5089 acciperent.
1614 5015 1750 5069 Nam
1769 5030 1892 5069 cum
1915 5028 1998 5067 ac-

430 5117 976 5185 cusatore-tproditor
992 5115 1231 5183 seipsum
1251 5108 1755 5177 condemnet,elqui
1778 5106 1879 5161 fert
1893 5120 2012 5159 scn-

430 5211 655 5265 tentiam
688 5210 901 5279 culpam
925 5224 952 5261 a
983 5224 1042 5262 se
1072 5206 1389 5269 amoliatnr,
1414 5218 1476 5256 ac
1497 5203 1673 5255 visum
1697 5199 1803 5251 tale
1822 5196 2006 5250 eadem

432 5311 590 5356 nocte
609 5309 885 5371 appareat,
905 5308 958 5353 et
976 5300 1130 5369 quasi
1153 5300 1571 5352 condemnatum
1594 5293 1772 5363 ipsum
1793 5289 2007 5344 Pilatus

482 5431 501 5460 ί
534 5427 652 5488 Alli,
676 5427 794 5493 quid
816 5439 933 5493 ergo
952 5424 1130 5490 faciam
1153 5427 1215 5493 de
1237 5426 1443 5478 Christo.

479 5493 500 5521 ¹
519 5480 842 5540 118οόιίιηίηο
859 5480 1027 5540 Graeco
1051 5491 1209 5538 textui
1234 5495 1513 5545 consonant.
1528 5490 1577 5538 in
1601 5501 1697 5551 quo
1718 5487 1899 5551 legitur
1921 5496 2004 5551 οὓς.

417 5564 461 5614 st
481 5564 614 5610 «tam
634 5564 722 5614 πρὸς
741 5565 825 5610 τοὺς
849 5559 1046 5614 nautium
1069 5551 1218 5614 (tm).
1245 5551 1489 5608 Quomodo
1512 5547 1674 5614 autem
1702 5547 1855 5614 potuit
1878 5547 2002 5614 mul-

417 5613 575 5663 titudo
597 5610 869 5664 Judzeorum
889 5613 1069 5662 Judzeis
1089 5613 1347 5672 resistere,
1374 5620 1426 5661 et
1447 5613 1561 5674 quid
1588 5622 1667 5663 est
1687 5610 1826 5674 aliud
1840 5610 2003 5659 multi-

416 5674 825 5746 tttdogudmorum
850 5712 864 5746 ι
888 5688 1031 5746 quam
1056 5675 1200 5746 Judaei
1250 5674 1373 5746 ipsi?
1419 5673 1663 5738 Interpres
1706 5673 1854 5746 vertit
1876 5706 1892 5732 ,
1914 5685 2001 5721 nec

416 5712 1031 5799 EEEtiEZZEiZéido‘dBZEJ
1041 5712 2002 5799 ié'EﬁégEFii'aiﬂla'iiJa'sVéd136168;

418 5804 524 5847 uss.
551 5807 601 5848 et
637 5798 755 5848 Editi
780 5799 981 5859 habent,
1001 5809 1087 5859 πρὸς
1110 5809 1193 5856 τοὺς
1218 5798 1417 5856 ἰθυδαίανς.

1255 323 1317 382 IN
1355 324 1762 382 MATTIIJEUM
1804 322 2035 379 IIOMIL.
2078 322 2363 380 LXXXVI.
2404 324 2475 380 al.
2518 324 2829 384 LXXXVII.

3597 328 3700 384 Ἱϋϐ

2118 447 2293 506 petat,
2327 455 2485 507 quam
2519 450 2767 509 poterunt
2794 440 3193 515 excusationem
3224 440 3465 498 habere?
3491 443 3623 499 Nam
3651 443 3697 499 si

2112 529 2363 583 nolebant
2392 546 2513 585 eum
2548 531 2882 585 innocentem
2911 548 3031 587 esse
3055 575 3070 598 ,
3103 542 3248 589 certe
3289 549 3394 589 non
3438 534 3699 592 latronem

2113 621 2211 691 ipsi
2236 622 2469 692 praeponi
2493 623 2809 692 oportebat;
2840 624 3118 689 latronem,
3144 626 3379 695 inquam,
3403 627 3697 697 insignem,

2111 730 2268 785 quem
2312 715 2469 769 talem
2509 731 2628 770 esse
2668 716 2720 770 in
2760 716 3009 772 confesso
3037 727 3170 773 erat.
3213 720 3351 787 Quid
3398 721 3557 791 igitur
3585 723 3702 777 illi?

2112 804 2242 860 Cum
2275 806 2514 861 viderent
2536 807 2769 874 judiccm
2800 824 2988 862 manus
3019 810 3279 865 lavantem
3309 827 3371 867 ac
3394 813 3659 867 dicentem
3679 857 3696 878 ,

2111 896 2365 951 Innocens
2390 916 2520 959 sum,
2545 899 2851 953 clamabant
2883 918 2895 953 :
2920 901 3011 955 25.
3043 902 3267 969 Sanguis
3288 903 3397 975 ejus
3416 921 3567 973 super
3587 923 3699 969 nos.

2110 1001 2158 1044 et
2188 1007 2339 1059 super
2365 992 2499 1059 ﬁlios
2531 1004 2749 1046 nostros.
2780 992 2929 1047 Tunc
2955 994 3167 1047 demum
3186 1037 3199 1057 ,
3233 996 3353 1065 quia
3382 1000 3699 1054 sententiam

2110 1096 2294 1141 contra
2326 1101 2385 1140 se
2426 1086 2699 1161 tulerunt,
2732 1088 2908 1140 omnia
2941 1089 3207 1143 concessit
3245 1090 3369 1144 illis.
3402 1090 3480 1145 Tu
3521 1102 3701 1147 autem

2111 1177 2214 1233 hoc
2237 1178 2356 1233 loco
2376 1178 2654 1233 considera
2680 1196 2924 1251 magnam
2949 1181 3185 1251 ipsorum
3206 1184 3525 1239 vecordiam.
3557 1186 3701 1241 Talis

2111 1270 2253 1322 enim
2283 1278 2365 1323 est
2397 1271 2711 1323 temerarius
2756 1271 2985 1339 impetus
3007 1313 3020 1335 ,
3056 1273 3173 1327 talis
3210 1288 3369 1342 prava
3398 1275 3697 1346 cupiditas;

2112 1375 2216 1412 non
2240 1360 2366 1413 sinit
2392 1359 2513 1413 boni
2538 1361 2806 1429 quidpiam
2830 1363 3027 1417 videre.
3057 1363 3187 1417 Esto
3209 1366 3372 1430 enim,
3396 1367 3547 1422 vobis
3570 1368 3701 1435 ipsis

2111 1451 2527 1518 maledixeritis;
2559 1467 2656 1506 cur
2682 1453 3110 1508 maledictionem
3144 1456 3194 1509 in
3228 1456 3365 1510 lilios
3394 1470 3599 1512 vestros
3622 1468 3702 1513 at-

2112 1545 2360 1599 trahitis?
2402 1546 2649 1600 Attamen
2680 1546 2941 1617 benignus
2971 1549 3225 1603 Dominus
3249 1591 3263 1615 ,
3297 1566 3416 1605 cum
3448 1552 3524 1605 illi
3554 1564 3701 1607 tanto

2109 1635 2290 1690 furore
2330 1637 2625 1692 insanirent
2667 1648 2947 1693 et-contra
2991 1641 3196 1709 seipsos
3238 1650 3295 1697 et
3332 1654 3518 1699 contra
3565 1646 3702 1699 tilios

2110 1744 2258 1794 suos,
2292 1728 2450 1783 latam
2482 1746 2587 1782 non
2614 1729 2773 1783 modo
2804 1730 2854 1784 in
2886 1730 3024 1787 filios
3052 1747 3199 1799 suos,
3223 1732 3318 1787 sed
3344 1734 3503 1788 etiam
3537 1735 3589 1788 in
3618 1751 3703 1790 se-

2112 1822 2258 1892 ipsos
2286 1823 2608 1877 sententiam
2636 1838 2741 1878 non
2768 1823 3125 1891 conﬁrmavit;
3156 1827 3278 1895 quin
3301 1827 3461 1882 etiam
3485 1844 3547 1882 ex
3574 1828 3704 1898 ipsis

2115 1932 2211 1969 eos
2241 1915 2329 1985 qui
2363 1915 2729 1985 paenitentiam
2761 1926 2984 1987 egerunt
3014 1918 3213 1986 recepit
3238 1960 3251 1983 ,
3291 1928 3345 1973 et
3375 1919 3518 1974 mille
3548 1919 3703 1973 bonis

2110 2007 2355 2078 dignatus
2382 2017 2483 2063 est.
2516 2007 2648 2063 Nam
2684 2019 2737 2062 et
2764 2008 2957 2063 Paulus
2982 2026 3046 2065 ex
3076 2011 3284 2065 illorum
3316 2028 3535 2067 numero
3560 2022 3698 2076 erat,

2114 2112 2169 2158 et
2211 2102 2376 2155 mulla
2421 2101 2749 2156 credentium
2797 2103 2957 2156 millia
3006 2103 3056 2157 in
3097 2103 3435 2159 Jerusalem:
3472 2104 3702 2159 Iacobus

2110 2195 2253 2251 cnim
2285 2194 2363 2249 ait
2392 2211 2406 2247 :
2447 2192 2619 2261 Vides,
2646 2197 2822 2266 frater,
2849 2206 2966 2265 quot
2991 2196 3152 2250 millia
3173 2194 3469 2250 Judaei-um
3496 2197 3701 2250 creden-

2111 2289 2238 2340 tium
2255 2297 2371 2340 sunt
2391 2286 2527 2358 (Act.
2546 2286 2636 2342 21.
2654 2286 2767 2357 20).
2793 2286 2847 2343 Si
2870 2297 3048 2342 autem
3068 2287 3283 2359 quidam
3308 2296 3700 2355 remanserunt,

2107 2380 2207 2435 sibi
2249 2380 2378 2449 ipsis
2417 2380 2734 2449 supplicium
2767 2380 3047 2449 imputent.
3076 2379 3169 2435 26.
3206 2378 3345 2432 Tunc
3381 2380 3568 2432 dimisit
3598 2380 3699 2433 illis

2107 2470 2393 2527 Barabbam
2418 2514 2433 2536 ,
2464 2470 2641 2526 Jesum
2687 2482 2854 2523 autent
2902 2472 3213 2541 ﬂagellatam
3250 2472 3457 2524 tradidit
3497 2472 3568 2525 eis
3591 2512 3607 2536 ,
3646 2479 3697 2525 ut

2108 2565 2505 2632 cruciﬁgeretur.
2547 2562 2655 2617 Cur
2680 2561 3001 2632 ﬂagellavit?
3035 2564 3138 2617 Aut
3168 2563 3317 2632 quasi
3348 2563 3656 2617 damnatum
3681 2604 3697 2629 ,

2107 2666 2201 2712 aut
2237 2668 2295 2712 ut
2326 2657 2552 2711 formam
2579 2656 2866 2727 quamdam
2894 2656 3091 2725 judicio
3122 2656 3336 2712 ail‘erret
3363 2698 3378 2721 ,
3410 2657 3491 2711 vel
3522 2666 3577 2709 ut
3601 2656 3699 2711 Ju-

2107 2751 2237 2807 dzeis
2276 2767 2387 2807 rem
2418 2761 2622 2821 gratam
2659 2751 2879 2806 faceret.
2929 2750 2998 2805 Et
3025 2762 3171 2806 certe
3202 2752 3454 2806 resistere
3482 2761 3700 2821 oporte-

2108 2842 2217 2897 bat.
2240 2844 2367 2897 l\'am
2386 2853 2542 2898 antea
2568 2843 2774 2897 dixerat
2798 2859 2811 2895 :
2841 2842 3064 2911 Accipite
3088 2860 3199 2897 eum
3223 2859 3327 2908 vos,
3356 2854 3402 2897 et
3423 2844 3699 2897 secundum

2107 2936 2263 3003 legem
2294 2944 2509 2987 vestram
2529 2934 2764 3003 judicate
2791 2934 2933 2987 illum
2961 2934 3138 3004 (Joau.
3171 2935 3257 2989 18,
3292 2934 3404 3006 51).
3434 2934 3701 3005 Multaque

2107 3034 2258 3081 erant
2285 3040 2404 3095 quae
2443 3035 2689 3095 poterant
2725 3035 2777 3079 et
2808 3026 3034 3080 Pilatum
3066 3034 3119 3080 et
3161 3025 3376 3080 Judazos
3402 3042 3430 3079 a
3463 3026 3699 3081 facinore

2109 3128 2256 3173 tanto
2285 3130 2549 3184 avertere,
2580 3119 2750 3189 signa,
2781 3119 3032 3173 miracula
3054 3160 3067 3182 ,
3100 3120 3286 3188 ingens
3318 3118 3457 3173 illius
3481 3121 3571 3190 qui
3606 3136 3699 3189 pa-

2108 3211 2335 3265 tiebatur
2365 3209 2738 3275 mansuetudo,
2769 3209 2954 3276 ingens
2977 3208 3103 3263 illud
3133 3209 3424 3264 silentium.
3462 3210 3529 3265 Ut
3554 3211 3695 3265 enim

2106 3314 2159 3357 et
2193 3319 2285 3371 per
2312 3318 2397 3365 ea,
2426 3318 2544 3371 qua:
2574 3301 2639 3355 ad
2666 3300 3027 3355 defensionem
3058 3300 3191 3354 dixit
3224 3309 3277 3353 et
3309 3316 3402 3370 per
3432 3302 3698 3369 precatio-

2108 3408 2201 3448 nes
2232 3409 2354 3447 suas
2381 3409 2438 3446 se
2462 3392 2731 3446 hominem
2759 3406 2879 3445 esse
2906 3389 3137 3445 ostendit
3170 3408 3181 3444 :
3212 3390 3280 3444 ita
3314 3390 3695 3445 sublimitatem

2107 3484 2703 3555 magnanimitatcmquc
2750 3497 2901 3536 suam
2955 3490 3009 3535 et
3050 3497 3144 3551 per
3192 3481 3462 3535 silentium
3507 3490 3560 3534 et
3602 3497 3698 3550 per

2104 3586 2469 3646 contemptum
2494 3590 2678 3629 eorum
2703 3590 2820 3643 qute
2841 3583 3025 3628 contra
3055 3589 3114 3628 se
3139 3572 3452 3627 dicebantur
3472 3572 3696 3627 demon-

2105 3672 2293 3725 stravit
2316 3710 2328 3731 ,
2361 3685 2454 3739 per
2492 3669 2668 3723 omnia
2703 3668 2848 3736 ipsos
2879 3666 2943 3721 ad
2980 3666 3059 3719 sui
3093 3665 3500 3719 admirationem
3544 3665 3697 3719 indu-

2104 3778 2265 3825 cens;
2299 3760 2393 3814 sed
2425 3761 2549 3813 nulli
2579 3760 2765 3812 horum
2794 3758 2987 3813 cedere
3019 3758 3317 3811 voluerunt.
3454 3764 3455 3767 “

2175 3855 2228 3908 5.
2274 3850 2416 3905 I’itiis
2442 3852 2608 3902 aditus
2648 3850 2790 3902 initio
2822 3849 3250 3902 intercludendus.
3280 3847 3486 3901 Diaboli
3521 3863 3695 3902 versu-

2104 3946 2173 3997 tia
2200 3945 2248 3997 in
2279 3942 2532 3997 tentandis
2575 3938 3119 3993 hominibus.—Cum
3158 3939 3298 3993 enim
3338 3939 3505 3994 semel
3545 3941 3694 4009 quasi

2102 4036 2361 4089 ebrietate
2407 4043 2461 4089 et
2505 4031 2685 4087 furore
2715 4031 2851 4085 ratio
2883 4032 3170 4098 intercepta
3215 4038 3329 4095 est,
3370 4030 3585 4085 difﬁcile
3614 4040 3698 4084 est

2103 4128 2308 4196 lapsum
2341 4125 2685 4194 resipiscere;
2716 4122 2815 4177 nisi
2847 4122 2965 4176 forti
2995 4124 3112 4191 quis
3140 4131 3194 4176 et
3223 4137 3485 4192 generoso
3513 4124 3694 4178 animo

2103 4222 2172 4275 sit
2205 4218 2475 4289 przeditus.
2512 4216 2705 4271 Gravis
2733 4224 2880 4270 certe
2900 4256 2913 4279 ,
2954 4216 3132 4285 gravis
3167 4230 3253 4269 res
3281 4225 3364 4270 est
3396 4217 3569 4285 pravis
3599 4216 3698 4270 hu-

2101 4311 2331 4382 jusmodi
2361 4310 2692 4379 passionibns
2722 4308 2850 4362 dare
2880 4310 3053 4362 locum
3090 4325 3101 4362 :
3131 4320 3453 4378 quaprOpter
3488 4308 3692 4363 aditum

2104 4406 2207 4461 illis
2247 4403 2466 4459 omnino
2507 4400 2861 4455 intercludere
2906 4415 3000 4469 par
3040 4409 3142 4454 est.
3172 4399 3302 4454 Cum
3343 4398 3487 4453 enim
3527 4400 3694 4455 semel

2102 4500 2334 4555 animam
2367 4496 2657 4549 invaserint
2686 4503 2739 4548 et
2762 4494 3105 4562 occuparint,
3131 4492 3279 4561 quasi
3308 4492 3443 4561 ignis
3472 4494 3523 4545 in
3554 4493 3693 4563 ligna

2102 4591 2386 4659 delapsus,
2434 4589 2511 4641 sic
2552 4588 2727 4641 solent
2768 4587 3050 4639 maximam
3080 4583 3371 4639 accendere
3402 4584 3695 4641 ﬂammam.

2104 4684 2459 4753 Quamobrem
2492 4695 2644 4751 rogo,
2674 4678 2802 4732 nihil
2833 4693 2935 4732 non
2965 4677 3238 4738 faciamus,
3273 4687 3329 4730 ut
3368 4678 3470 4731 illis
3493 4678 3693 4735 aditum

2106 4774 2522 4832 intereludauius
2551 4789 2563 4824 :
2593 4784 2766 4839 neque
2839 4769 2943 4827 hoc
2981 4770 3180 4843 frigido
3252 4768 3531 4823 ratiocinio
3554 4771 3569 4801 ¹
3598 4785 3697 4824 nos

2105 4868 2466 4930 consolantes,
2485 4878 2699 4919 omnem
2720 4859 3115 4913 introducamns
3130 4860 3413 4928 nequitiam
3437 4861 3691 4927 dicentes,

2105 4962 2241 5031 Quid
2274 4960 2377 5014 hoc
2401 4966 2484 5013 est
2507 4998 2521 5022 ,
2550 4964 2605 5010 et
2632 4952 2757 5023 quid
2785 4952 2953 5006 illud?
2990 4966 3111 5005 nam
3147 4952 3354 5005 infinita
3392 4953 3530 5007 mala
3572 4954 3697 5009 hinc

2105 5052 2422 5108 scaturinnt.
2472 5047 2720 5102 Diabolus
2760 5046 2901 5097 enim
2932 5042 3190 5098 scelestus
3216 5057 3337 5097 cum
3380 5046 3486 5107 sit,
3531 5044 3700 5099 multa

2108 5146 2271 5197 utitur
2298 5139 2556 5202 versutia,
2587 5135 2979 5208 perseverantia
3016 5142 3071 5188 et
3114 5134 3561 5201 attemperatiOne
3582 5137 3599 5164 ²
3628 5136 3696 5186 ad

2108 5237 2379 5291 hominum
2412 5232 2733 5302 perniciem,
2775 5236 2830 5283 et
2858 5244 2887 5281 a
2917 5226 3150 5280 minimis
3193 5227 3372 5281 statim
3412 5228 3696 5295 congredi-

2109 5339 2212 5382 tur.
2241 5327 2489 5381 Animum
2516 5324 2733 5377 adverte
2755 5363 2771 5387 ,
2803 5333 3003 5389 quaeso.
3036 5318 3256 5373 Volebat
3280 5317 3492 5373 Saftien]
3526 5318 3575 5370 in
3603 5316 3697 5387 Py-

2108 5419 2360 5473 thonissze
2387 5431 2551 5485 nugas
2579 5424 2633 5469 et
2660 5414 3005 5469 deliramenta
3035 5411 3306 5464 inducere.
3338 5408 3443 5463 Sed
3483 5408 3526 5461 si
3569 5408 3698 5462 illud

2107 5510 2257 5564 initio
2295 5507 2692 5578 proposuisset,
2734 5520 2838 5558 non
2875 5510 3021 5557 certe
3060 5500 3371 5555 attendimet
3411 5498 3517 5552 ille.
3548 5498 3696 5562 Quo-

2172 5668 2188 5700 ι
2224 5665 2421 5725 Quidam
2445 5663 2650 5725 habent,
2687 5652 2961 5725 pernicioso
2989 5646 3264 5725 ratiocinio.
3477 5710 3487 5721 ,

2171 5732 2191 5760 ³
2224 5715 2410 5786 ἱιονειη
2447 5723 2597 5774 nutlta
2629 5715 2778 5771 utitur
2801 5718 3223 5779 attemperatioue,
3248 5715 3443 5762 caussis
3477 5715 3697 5776 interpo-

2109 5790 2235 5840 sitis.
