4074 6438
433 297 534 353 767

433 404 595 459 modo
626 404 680 461 id
707 404 948 471 tulisset,
993 402 1083 473 qui
1123 401 1240 456 illas
1278 400 1593 470 expulerat?
1621 399 1744 454 Ideo
1772 396 2026 469 paulatim

436 496 583 551 illum
612 496 677 551 ad
700 495 751 550 id
778 494 999 550 inducit.
1024 492 1153 559 Quia
1175 492 1319 546 enim
1345 506 1451 545 nou
1473 489 1748 545 obedierat
1773 486 2029 554 Samueli,

435 597 492 644 et
522 587 830 641 holoquta
861 584 952 639 illo
979 582 1200 638 absente
1225 581 1419 637 otfet're
1438 596 1601 636 ausus
1626 591 1728 645 est,
1753 586 2033 634 accusatus

434 679 597 746 dicit,
642 677 1023 733 Necessitatem
1063 673 1324 728 adventus
1373 673 1600 725 hostium
1645 670 1902 739 majorem
1947 667 2032 721 in-

433 770 582 824 duxit
613 769 699 837 (1.
736 767 860 839 Reg.
889 765 979 821 28.
1012 766 1077 821 15
1099 765 1154 838 );
1195 776 1249 820 et
1292 780 1414 819 cum
1460 763 1642 833 lugere
1670 759 2029 829 oportuisset,

433 861 581 929 quasi
612 858 742 912 nihil
773 857 986 914 fecisset
1015 855 1236 911 all‘ectus
1257 864 1392 910 erat.
1418 853 1649 909 Rursum
1677 851 1873 907 bellqu
1900 865 2033 904 cou-

435 965 515 1009 tra
540 952 863 1009 Atnalecitas
881 951 1040 1022 jussit
1066 950 1242 1005 Deus:
1276 949 1366 1003 ille
1394 962 1522 1002 vero
1549 945 1638 1002 hic
1665 944 1825 1001 etiam
1855 955 2032 998 trans-

434 1061 650 1117 gressus
697 1053 799 1101 est.
846 1042 937 1098 llis
984 1048 1361 1097 successerunt
1398 1038 1514 1109 ejus
1551 1044 1737 1093 contra
1778 1033 2031 1088 Davidem

434 1138 670 1194 facinora
693 1178 709 1202 ,
739 1149 794 1192 et
824 1137 901 1190 sic
926 1136 1127 1191 sensim
1160 1144 1214 1188 et
1241 1132 1494 1204 paulatim
1523 1130 1589 1185 ad
1617 1129 1837 1185 exitium
1866 1124 2030 1183 decli-

436 1247 570 1285 nans
597 1245 700 1283 non
726 1229 892 1293 stetit,
917 1229 1092 1282 donec
1118 1228 1170 1280 iu
1198 1225 1448 1297 perniciei
1476 1223 1795 1295 profundum
1823 1236 1882 1277 se
1906 1235 2038 1276 con-

430 1325 574 1396 jecit.
613 1320 702 1377 Sic
732 1331 786 1377 et
825 1324 877 1376 in
907 1322 1073 1377 Caino
1101 1321 1277 1376 evenit
1317 1337 1331 1374 :
1364 1334 1470 1373 non
1508 1316 1689 1372 statim
1728 1312 1795 1371 ad
1830 1313 2032 1369 caedem

441 1414 615 1467 fratris
660 1411 833 1484 ipsum
872 1411 1132 1480 compulit
1167 1408 1413 1464 diabolus
1463 1426 1475 1461 :
1526 1406 1579 1461 id
1620 1406 1764 1461 enim
1807 1419 1913 1459 non
1960 1403 2034 1457 illi

438 1504 728 1567 suasisset;
770 1500 866 1557 sed
906 1502 1112 1556 minora
1155 1500 1382 1571 priutunt
1426 1498 1523 1568 ipsi
1574 1497 1767 1552 obtulit
1802 1495 2031 1553 dicens:

443 1596 495 1651 In
525 1597 625 1651 hoc
653 1597 856 1651 nullum
885 1606 967 1651 est
998 1605 1311 1665 peccatum;
1344 1594 1603 1659 secundo,
1646 1594 1864 1648 livorem
1897 1593 2033 1647 invi-

439 1688 690 1758 diautquc
720 1689 992 1756 incendit,
1033 1687 1163 1741 nihil
1211 1688 1334 1741 mali
1373 1686 1523 1758 sequi
1562 1686 1822 1750 suadens;
1854 1686 2032 1750 tertio,

439 1778 642 1833 caedem
672 1778 746 1832 illi
777 1779 944 1832 suasit
973 1788 1028 1833 et
1050 1780 1384 1849 negationem
1417 1776 1721 1840 homicidii;
1764 1791 1864 1830 nec
1893 1776 2036 1844 prius

439 1870 718 1933 abscessit,
741 1886 900 1940 quam
925 1868 1277 1939 colophonem
1304 1871 1562 1923 malorum
1591 1868 1895 1935 adiecisset.
1924 1866 2036 1922 Re-

440 1964 685 2033 pelleuda
715 1979 843 2033 ergo
870 1964 1014 2017 initia
1046 1970 1206 2028 sunt;
1237 1978 1357 2018 cum
1388 1962 1619 2016 maxime
1643 2002 1658 2025 ,
1700 1960 1908 2015 etiamsi
1947 1960 2035 2013 illa

442 2054 612 2124 prima
658 2064 872 2123 peccata
921 2070 1025 2108 non
1072 2053 1209 2107 ultra
1252 2053 1722 2123 progrederemur,
1769 2067 1873 2105 nou
1915 2050 2036 2106 ideo

442 2153 618 2199 tamen
648 2146 948 2215 Spernenda
977 2146 1064 2199 illa
1089 2154 1270 2199 essent
1298 2161 1310 2197 :
1340 2161 1479 2198 nunc
1506 2155 1686 2198 autem
1726 2142 1793 2197 ad
1835 2143 2037 2212 majora

439 2234 735 2290 ascendunt
755 2279 769 2303 ,
798 2236 842 2289 si
874 2236 1226 2308 negligentior
1254 2237 1322 2289 sit
1351 2236 1583 2290 animus.
1618 2232 1742 2288 ldco
1773 2233 1899 2288 nihil
1933 2249 2036 2287 non

439 2327 703 2399 agendum
748 2336 862 2393 est,
909 2339 967 2382 ut
1010 2326 1266 2397 principia
1312 2326 1687 2396 praecidantur.
1729 2324 1806 2379 Ne
1838 2325 2038 2395 peccati

441 2427 683 2473 naturam
713 2430 768 2474 ut
801 2435 1015 2490 parvam
1046 2419 1382 2483 consideres,
1423 2417 1517 2472 sed
1553 2417 1825 2487 perpende
1865 2417 2036 2485 ipsum

441 2513 662 2580 majoris
686 2526 807 2566 esse
832 2511 1062 2566 radicem
1089 2511 1133 2565 si
1163 2511 1462 2582 negligatur
1484 2515 1526 2561 ι.
1557 2508 1687 2563 Nam
1712 2509 1757 2563 si
1786 2507 1912 2577 quid
1941 2506 2035 2561 ad-

442 2601 745 2657 mirandum
785 2602 967 2657 dicere
1007 2611 1282 2671 Oporteat,
1322 2616 1427 2656 non
1469 2609 1669 2654 tantam
1710 2598 2037 2669 diligentiam

442 2697 724 2766 requirunt
765 2695 966 2765 majora
1015 2696 1103 2750 illa
1149 2706 1406 2766 peccata,
1451 2708 1609 2764 quam
1660 2693 1898 2747 minima.
1951 2691 2039 2745 llla

443 2803 674 2857 namque
706 2787 815 2857 ipsa
847 2787 1049 2858 peccati
1079 2799 1268 2840 natura
1297 2796 1353 2840 ttt
1382 2800 1691 2840 aversemur
1716 2782 1914 2849 efﬁcit;
1941 2783 2039 2837 mi-

444 2896 576 2936 nora
603 2897 728 2936 vero
756 2882 836 2935 vel
871 2880 1011 2952 quod
1043 2880 1250 2934 minora
1277 2880 1383 2933 sint
1414 2877 1465 2932 in
1508 2876 1879 2946 negligentiam
1910 2892 2041 2930 eou-

442 2970 668 3043 iiciuut,
712 2984 886 3043 neque
924 2972 1102 3025 simtnt
1144 2970 1352 3025 fortiter
1388 2970 1455 3024 ad
1496 2969 1606 3039 ipsa
1650 2968 1881 3023 tollenda
1924 2983 2042 3022 sur-

444 3078 610 3135 gere;
652 3064 773 3119 ideo
803 3064 959 3119 nobis
984 3063 1376 3119 dormientibus
1401 3063 1508 3117 cito
1531 3077 1717 3131 magna
1749 3062 1901 3116 iiunt.
1927 3058 2042 3116 Hoc

444 3160 618 3229 ipsum
660 3157 713 3211 iu
742 3157 1058 3227 corporibus
1084 3170 1297 3227 quoque
1334 3155 1577 3210 accidere
1614 3153 1815 3209 videas.
1859 3152 1948 3209 Sic
1986 3152 2040 3207 in

443 3248 580 3303 .iuda
621 3263 870 3318 magnum
914 3246 1229 3316 proditionis
1267 3246 1466 3300 malum
1506 3255 1749 3300 exortum
1786 3254 1886 3299 est.
1928 3243 2038 3299 Nisi

444 3341 586 3396 enim
617 3348 854 3410 putasset
878 3353 1102 3410 parvum
1130 3352 1250 3393 esse
1279 3337 1532 3407 pecunias
1556 3352 1850 3407 pauperum
1876 3335 2043 3390 sulfu-

447 3431 599 3498 rari,
646 3446 934 3499 numquam
984 3430 1037 3484 in
1089 3429 1447 3499 proditionem
1497 3428 1790 3482 incidisset.
1843 3426 2043 3482 Judaais

448 3538 663 3595 quoque
691 3522 789 3576 nisi
821 3537 1045 3592 parvum
1070 3522 1242 3575 visum
1271 3519 1459 3574 luisset
1482 3534 1513 3572 a
1545 3530 1675 3572 Vana
1705 3518 1872 3589 gloria
1902 3518 2041 3588 capi,

448 3630 739 3683 numquam
785 3612 851 3667 ad
891 3611 1090 3666 Christi
1120 3610 1320 3665 eadem
1360 3610 1716 3665 devertissent.
1749 3608 2045 3679 Omniaque

452 3704 591 3758 mala
622 3705 745 3760 hinc
770 3703 1001 3773 protecta
1026 3702 1226 3758 videas.
1248 3701 1417 3757 Nemo
1434 3701 1579 3757 enim
1599 3701 1706 3757 cito
1731 3715 1795 3756 ac
1823 3710 2048 3770 repente

452 3786 509 3841 in
530 3788 830 3858 nequitiam
852 3786 1062 3843 incidit.
1087 3785 1259 3842 Habet
1276 3798 1444 3857 certe,
1468 3789 1631 3846 habet
1646 3791 1827 3845 anima
1852 3807 2048 3862 quem-

456 3880 583 3934 dam
618 3879 778 3934 uobis
810 3879 1038 3934 insitum
1069 3880 1199 3935 mali
1227 3882 1490 3949 pudorem
1521 3882 1760 3952 bonique
1785 3899 2053 3939 verecun-

455 3972 629 4036 diam,
668 3988 771 4027 nec
810 3972 930 4028 lieri
967 3982 1149 4043 potest
1183 3982 1261 4042 ut,
1298 3975 1365 4029 ad
1402 3975 1797 4044 impudentiam
1830 3988 2053 4047 repente

457 4064 772 4130 declinans,
807 4065 994 4120 omnia
1029 4067 1194 4121 simul
1218 4067 1486 4137 abjiciat;
1536 4068 1628 4123 sed
1675 4070 1883 4124 sensim
1930 4086 2055 4125 cor—

459 4158 759 4226 rumpitur,
774 4157 1119 4227 negligendo.
1135 4156 1227 4213 Sic
1244 4158 1548 4214 idololatria
1574 4160 1818 4231 ingressa
1830 4173 1911 4216 est
1926 4177 2053 4217 cum

461 4248 714 4305 homines
743 4263 910 4318 supra
956 4252 1179 4304 modum
1206 4251 1628 4310 houorarentur.
1658 4253 2051 4319 siveviveutes,

460 4340 577 4397 sive
599 4342 911 4410 mortui;sic
929 4341 1203 4413 sculptilia
1218 4342 1366 4397 culta
1386 4341 1645 4408 fuere;sic
1663 4345 2056 4400 fornicatioin—

463 4429 876 4502 valuit,aliaque
892 4430 1162 4498 mala.llic
1183 4430 1808 4486 auimumadhibeJtisit
1828 4432 1951 4501 quis
1971 4432 2058 4486 itt-

463 4524 950 4593 tempestive,alius
971 4522 1339 4592 reprehendit;
1361 4523 1508 4578 altus
1525 4531 1732 4577 metum
1750 4523 1950 4592 repulit
1968 4522 2056 4578 di-

451 4625 582 4666 cens
611 4625 625 4664 :
652 4611 793 4667 Nihil
821 4611 923 4668 hoc
946 4623 1047 4668 est.
1076 4612 1214 4680 Quid
1243 4614 1386 4669 enim
1415 4621 1499 4670 est
1524 4615 1739 4672 ridere?
1769 4616 1892 4685 quid
1918 4616 2045 4672 hinc

453 4704 580 4759 mali
623 4704 865 4759 oriatur?
901 4705 1038 4760 Hinc
1079 4706 1374 4762 scurrilitas
1412 4709 1602 4774 oritur,
1648 4708 1771 4764 inde
1808 4709 2043 4781 turpilo-

455 4796 666 4865 quium,
700 4806 756 4851 et
782 4795 924 4851 actio
954 4798 1143 4868 turpis.
1174 4798 1405 4853 Rursum
1435 4799 1571 4854 alius
1601 4800 1872 4855 incusatus
1900 4802 2041 4872 quod

454 4887 752 4957 proximum
791 4888 1164 4957 calumnietur,
1217 4890 1360 4961 quod
1401 4892 1730 4948 convicietur
1772 4894 1857 4960 ei,
1901 4894 2042 4965 quod

450 4979 771 5047 maledicat,
818 4981 870 5037 id
903 4982 1172 5053 neglexit,
1213 4982 1452 5054 dixitque
1493 5001 1507 5038 :
1552 4982 1871 5041 Maledicere
1911 4985 2043 5041 nihil

450 5077 555 5126 est.
602 5070 737 5127 lliuc
764 5072 944 5128 odium
975 5084 1182 5145 partum
1212 5084 1296 5130 est
1322 5075 1546 5146 ingens,
1587 5074 1861 5131 inimicitia
1906 5076 2040 5133 irre-

451 5164 824 5231 conciliabilis,
844 5167 1083 5223 convicia
1110 5165 1348 5234 inﬁnita;
1373 5183 1439 5223 ex
1466 5168 1721 5225 conviciis
1741 5169 1945 5241 plagae;
1977 5186 2042 5226 ex

448 5257 621 5329 plagis
644 5271 788 5327 saepe
815 5259 1010 5315 caedes.
1590 5250 1594 5254 Α

521 5348 576 5404 4.
617 5349 662 5404 Α
693 5350 873 5419 parvis
904 5349 1081 5421 itaque
1107 5351 1186 5405 sic
1216 5365 1406 5423 magna
1434 5351 1640 5407 inducit
1663 5353 1924 5425 malignus
1953 5353 2045 5410 ille

450 5439 696 5506 daemon;
727 5456 756 5495 a
787 5441 992 5511 magnis
1030 5442 1493 5512 deSpcratiouem,
1533 5443 1692 5498 aliam
1731 5444 2043 5500 methodum

453 5548 559 5588 non
590 5535 765 5587 minus
796 5533 975 5603 priore
1005 5533 1358 5604 perniciosam
1399 5533 1701 5590 inveniens.
1742 5534 1861 5590 Non
1900 5535 2043 5591 enim

453 5631 562 5678 tam
612 5623 786 5693 perdit
838 5638 1153 5695 peccatum,
1199 5642 1359 5698 quam
1403 5625 1729 5694 desperatio.
1777 5626 1909 5683 Nam
1951 5628 2045 5700 qui

516 5732 538 5766 ⁸
571 5740 707 5794 lucc,
729 5735 773 5785 si
795 5738 1082 5802 uegitgctttr,
1106 5740 1287 5789 desunt
1308 5740 1357 5788 in
1378 5733 1546 5786 Morel.
1608 5760 1613 5765 -

1156 290 1214 349 S.
1254 289 1532 347 JOANNIS
1565 283 2037 349 CilRYSOSTOMI
2076 282 2391 341 AliClllEP.
2430 282 2962 345 CONSTANTINOP.

2143 397 2420 465 peccavit,
2472 395 2516 449 si
2562 395 2781 466 vigilet,
2825 399 2936 453 cito
2983 414 3077 469 per
3121 399 3486 470 paenitentiam
3533 404 3733 462 factum

2137 502 2292 542 suum
2321 488 2574 557 corrigit;
2601 489 2689 559 qui
2719 505 2848 544 vero
2876 490 3125 559 desperat
3152 508 3253 549 nec
3277 496 3584 564 corrigitur,
3611 498 3735 555 ideo

2137 578 2336 633 excidit
2364 578 2433 631 ab
2462 579 2879 648 emendatione,
2929 583 3070 653 quod
3123 585 3449 653 [:(Bnitentite
3496 589 3730 649 remedia

2138 685 2243 724 non
2274 679 2524 739 apponat.
2565 671 2734 726 llabet
2772 688 2986 743 quoque
3023 675 3182 729 tertio
3207 677 3553 747 gravissimas
3599 682 3730 737 insi-

2136 759 2252 815 dias
2275 802 2290 825 ,
2339 772 2397 815 ut
2422 776 2545 817 cum
2583 763 2795 833 pietatis
2824 766 3056 833 speciem
3098 777 3317 835 peccato
3352 769 3732 843 circumponit.

2137 849 2208 907 Et
2235 851 2448 908 ubinam
2471 894 2487 921 ,
2517 854 2715 924 inquis,
2749 870 2918 925 usque
2944 855 3081 911 adeo
3108 858 3327 912 invaluit
3352 860 3630 929 diabolus,
3674 872 3737 919 ut

2138 951 2343 998 tantum
2372 943 2686 1015 deciperet?
2705 947 2859 1012 Audi,
2880 958 2936 1003 et
2952 963 3083 1004 cave
3105 949 3196 1003 tibi
3219 950 3289 1004 ab
3310 952 3447 1007 illius
3477 955 3730 1010 versutia.

2136 1031 2401 1104 Prmcepit
2452 1051 2549 1106 per
2577 1034 2799 1091 Paulum
2847 1037 2942 1110 (1.
2973 1037 3094 1093 Cor.
3128 1039 3159 1092 7
3188 1041 3205 1110 )
3234 1040 3480 1096 Christus
3510 1059 3733 1099 uxorem

2137 1140 2168 1180 a
2208 1127 2326 1181 viro
2369 1142 2474 1182 non
2505 1143 2772 1198 separari;
2805 1146 2904 1186 nec
2941 1147 3001 1186 se
3022 1132 3249 1188 invicem
3277 1134 3526 1191 fraudare
3570 1152 3735 1206 apor-

2140 1226 2254 1274 tere
2297 1219 2452 1287 dixit,
2501 1223 2600 1276 nisi
2631 1239 2699 1279 ex
2753 1238 3017 1279 consensu
3064 1243 3077 1279 :
3111 1228 3202 1280 sed
3244 1229 3514 1283 nonnulla:
3550 1247 3734 1285 amore

2137 1313 2517 1369 continentia:1
2544 1330 2574 1369 a
2602 1316 2731 1370 viris
2760 1328 3040 1387 separabo,
3074 1335 3137 1373 ac
3167 1320 3209 1373 si
3245 1321 3390 1389 piunt
3421 1321 3547 1388 quid
3587 1320 3732 1377 face-

2141 1415 2257 1459 rent
2282 1447 2297 1472 ,
2339 1407 2547 1476 seipsas
2584 1409 2650 1462 ad
2698 1408 3019 1464 adulterium
3055 1411 3341 1468 dederunt.
3383 1414 3564 1481 Cogita
3606 1430 3736 1483 ergo

2138 1510 2297 1566 quam
2331 1499 2525 1551 malum
2559 1499 2797 1554 laborem
2829 1515 3095 1571 perpessae
3118 1543 3134 1563 .
3161 1503 3313 1571 quasi
3338 1518 3459 1574 quae
3486 1519 3734 1572 magnam

2138 1585 2392 1641 damnum
2420 1589 2693 1644 intulerint
2718 1631 2733 1655 ,
2764 1607 3032 1645 extremas
3057 1592 3167 1648 sint
3193 1595 3401 1648 luiturae
3426 1610 3612 1664 poenas
3639 1638 3652 1654 .
3680 1606 3738 1650 et

2140 1680 2192 1735 in
2224 1682 2474 1749 perniciei
2508 1682 2823 1738 barathrum
2863 1685 3085 1738 maritos
3114 1700 3241 1739 suos
3266 1685 3576 1756 conjiciaut.
3626 1688 3735 1741 Alii

2140 1787 2328 1827 rursus
2359 1790 2422 1828 ex
2451 1772 2639 1844 jejunii
2670 1784 2939 1846 praecepto
2968 1777 3297 1832 abstinentes
3334 1793 3365 1831 a
3409 1779 3561 1843 cibis,
3607 1794 3741 1849 pau-

2141 1862 2288 1920 latim
2320 1865 2385 1921 ad
2414 1867 2867 1924 abominatiouem
2900 1870 3141 1925 ciborum
3177 1871 3542 1934 devenerunt;
3594 1872 3747 1941 quod

2141 1957 2315 2028 ipsum
2350 1973 2601 2027 maguum
2631 1960 2786 2015 atl‘ert
2811 1960 3150 2031 supplicium.
3198 1960 3321 2016 lianc
3363 1977 3524 2031 porro
3564 1943 3740 2029 limit,

2140 2048 2358 2119 quando
2398 2048 2774 2120 praejudicatas
2805 2067 2929 2106 suas
2959 2053 3241 2120 epiuioues
3272 2062 3461 2121 prater
3495 2053 3739 2121 Scriptu-

2141 2155 2320 2194 rarum
2352 2151 2584 2195 mentem
2614 2143 2950 2197 conﬁrmant.
2979 2144 3242 2197 i’ularuut
3269 2144 3407 2214 apud
3435 2146 3741 2200 Corinthios

2142 2229 2307 2301 aliqui
2336 2231 2679 2302 perfectionis
2704 2249 2845 2302 esse,
2872 2233 3238 2290 indifferenter
3262 2238 3442 2291 omnia
3483 2249 3696 2308 gustare
3721 2279 3741 2304 ,

2140 2321 2409 2394 etiamque
2437 2323 2702 2395 prohibita
2726 2323 2886 2400 (Ibid.
2914 2343 2962 2380 υ.
2996 2326 3077 2398 8);
3099 2335 3155 2381 at
3185 2327 3286 2382 hoc
3316 2343 3423 2383 non
3454 2328 3743 2398 perfectio-

2143 2415 2262 2479 nis,
2293 2415 2389 2471 sed
2418 2426 2675 2474 extrema:
2700 2418 2996 2490 iniquitatis
3025 2430 3142 2474 erat
3178 2437 3192 2471 τ
3236 2420 3358 2475 ideo
3398 2421 3746 2478 vehementer

2144 2506 2264 2562 illos
2313 2507 2513 2565 Paulus
2550 2510 2812 2579 increpat,
2858 2519 3204 2581 extremoque
3246 2511 3439 2582 dignos
3481 2513 3744 2582 supplicio

2143 2598 2273 2653 dicit
2293 2598 2335 2653 *.
2386 2599 2489 2656 Alii
2528 2616 2745 2656 rursum
2786 2600 2855 2656 ad
2902 2601 3153 2672 pietatem
3198 2604 3469 2673 pertinuere
3512 2615 3742 2674 putant,

2143 2706 2350 2747 comam
2390 2693 2581 2764 capitis
2610 2694 2882 2749 excolere.
2930 2693 3065 2750 illud
3102 2711 3266 2767 porro
3307 2697 3629 2766 prohibitum
3659 2709 3745 2754 est

2144 2792 2208 2837 ac
2233 2784 2387 2837 multi
2415 2783 2718 2840 dedecoris.
2742 2785 2847 2840 Alii
2871 2786 3065 2841 iterum
3094 2786 3242 2843 lucro
3267 2787 3369 2843 sibi
3395 2786 3510 2843 fore
3533 2797 3743 2857 putant,

2144 2872 2189 2928 si
2221 2873 2287 2928 de
2315 2876 2545 2943 peccatis
2572 2877 2682 2928 suis
2713 2875 3064 2931 immoderate
3103 2876 3350 2944 doleant;
3383 2876 3476 2932 sed
3520 2877 3644 2933 illud
3675 2881 3744 2934 ad

2144 2962 2421 3018 Val'rielem
2444 2967 2671 3034 pertinet
2692 2964 3028 3029 diabolicam.
3054 2978 3109 3022 ιιι
3129 2966 3421 3022 declaravit
3444 2967 3630 3034 .ludas,
3654 2969 3744 3038 qui

2146 3055 2266 3111 ideo
2287 3072 2346 3110 se
2367 3055 2559 3125 laqueo
2570 3055 2868 3126 suspendit.
2893 3056 3095 3112 idcirco
3114 3059 3308 3112 Paulus
3330 3059 3568 3122 timebat,
3586 3074 3652 3113 ne
3674 3059 3751 3123 is,

2144 3147 2236 3217 qui
2263 3147 2550 3203 fornicatus
2574 3157 2709 3212 erat,
2738 3148 2862 3218 quid
2884 3144 3060 3203 simile
3083 3132 3371 3219 pateretur,
3396 3149 3745 3221 hortaturque

2144 3239 2453 3295 Corinthios
2483 3250 2540 3295 ιιι
2567 3240 2726 3294 citius
2767 3241 2913 3294 illum
2954 3240 3076 3295 inde
3104 3241 3421 3308 extrahant,
3468 3243 3550 3296 Ne
3586 3244 3757 3298 nimia.

2146 3335 2351 3389 tristitia
2379 3314 2705 3387 absorbeatur
2735 3332 3029 3400 huiusmodi
3060 3332 3150 3405 (‘2.
3182 3331 3299 3388 Cor.
3332 3332 3385 3388 Ξ.
3420 3334 3497 3403 7).
3542 3335 3745 3389 Deinde

2147 3427 2437 3482 ostendens
2468 3426 2518 3482 id
2549 3443 2615 3482 ex
2645 3425 2761 3496 ejus
2790 3426 2996 3480 insidiis
3028 3426 3338 3495 provenire,
3370 3427 3446 3481 ait
3486 3446 3498 3480 :
3532 3424 3599 3482 Ut
3638 3444 3744 3481 non

2147 3521 2599 3573 circumveniuntur
2626 3536 2658 3571 a
2686 3529 2865 3572 satana
2909 3533 2929 3572 :
2969 3534 3069 3571 non
3108 3518 3241 3572 enim
3280 3520 3390 3590 ejus
3417 3520 3747 3590 cogitationes

2147 3611 2439 3682 ignoramus
2467 3608 2627 3682 (Ibid.
2673 3626 2716 3663 υ.
2752 3610 2811 3663 ll
2834 3607 2856 3680 )
2879 3650 2893 3672 ,
2924 3608 3064 3679 quod
3108 3624 3229 3663 cum
3261 3609 3426 3664 multo
3454 3609 3578 3663 dolo
3605 3624 3742 3663 con-

2146 3703 2440 3775 grcdiatur,
2474 3704 2664 3773 inquit.
2697 3702 2828 3757 Nam
2867 3703 2911 3758 si
2959 3703 3129 3772 palam
3169 3703 3537 3773 impugnaret,
3575 3702 3757 3758 facilis.

2146 3805 2288 3851 esset
2317 3795 2537 3848 victoria
2561 3811 2576 3859 ;
2624 3795 2732 3848 imo
2758 3794 2918 3848 etiam
2949 3809 3123 3854 nunc,
3154 3793 3199 3848 si
3228 3794 3506 3865 vigilemus
3528 3834 3540 3856 ,
3572 3793 3745 3847 faci‘is

2147 3890 2267 3943 erit.
2291 3887 2424 3943 Nant
2451 3887 2517 3942 ad
2544 3888 2779 3959 singulas
2801 3889 2961 3942 hasce
2982 3887 3095 3942 vias
3118 3888 3346 3942 armavit
3366 3902 3462 3941 nos
3490 3888 3645 3942 Deus.
3676 3886 3744 3942 Ut

2148 3981 2369 4036 suadeat
2395 3982 2537 4035 enim
2568 3997 2638 4035 ne
2665 3996 2823 4051 parva
2855 3989 3282 4045 contemnamus,
3312 3979 3434 4035 audi
3469 3980 3743 4050 quomodo

2149 4070 2392 4126 hortetur
2433 4088 2446 4126 :
2493 4070 2595 4136 Qui
2621 4070 2803 4124 dixerit
2837 4070 2987 4139 fratri
3013 4087 3126 4135 suo,
3157 4074 3329 4142 fatue,
3368 4086 3482 4123 reus
3516 4072 3608 4123 erit
3647 4086 3733 4140 gc-

2149 4162 2330 4217 hennat
2353 4162 2486 4233 ignis
2513 4163 2530 4230 (
2554 4160 2741 4217 Matth.
2771 4163 2824 4218 5.
2863 4162 3008 4232 22);
3040 4173 3089 4218 et
3112 4204 3127 4222 .
3172 4162 3274 4229 Qui
3318 4163 3528 4218 lascivis
3570 4163 3737 4218 oculis

2148 4254 2356 4323 aspicit,
2388 4254 2628 4308 tumchus
2657 4263 2741 4310 est
2768 4252 3056 4325 perfectus.
3087 4255 3344 4310 Bidentes
3385 4271 3597 4326 quoque
3637 4257 3739 4308 mi.

2147 4359 2301 4401 seros
2327 4345 2619 4416 prwdicat;
2651 4356 2705 4402 et
2733 4347 2932 4418 ubique
2962 4349 3217 4419 principia
3244 4358 3297 4403 et
3334 4349 3536 4407 sentina
3566 4351 3739 4402 mulo—

2148 4450 2268 4499 rum
2295 4436 2503 4503 evellit,
2541 4450 2605 4492 ac
2645 4437 2713 4492 de
2740 4442 2915 4493 otioso
2943 4439 3112 4494 verbo
3153 4440 3227 4493 ait
3263 4439 3588 4496 reddendam
3620 4455 3741 4495 esse

2148 4529 2432 4584 rationem.
2462 4529 2693 4602 Ideoque
2721 4541 2776 4585 et
2803 4530 2907 4587 Job
2935 4545 3041 4587 non
3066 4542 3183 4587 acta
3217 4533 3394 4597 modo,
3425 4532 3521 4587 sed
3547 4540 3603 4586 et
3642 4547 3741 4598 co;

2147 4623 2432 4693 gitationes
2459 4624 2686 4679 ﬁliorum
2716 4624 2976 4695 purgabat
3003 4624 3145 4696 (Job.
3178 4625 3230 4681 l.
3258 4624 3353 4695 5).
3386 4625 3461 4680 De
3482 4624 3737 4695 despera-

2150 4714 2297 4771 tione
2325 4725 2503 4772 autem
2532 4717 2609 4770 ait
2638 4733 2654 4770 :
2680 4717 2761 4771 An
2787 4717 2875 4787 qui
2898 4717 3107 4781 cecidit,
3135 4734 3238 4773 non
3261 4718 3527 4790 resurget?
3549 4735 3619 4772 an
3652 4719 3739 4789 qui

2149 4807 2327 4859 auertit
2346 4847 2361 4872 ,
2391 4823 2491 4862 non
2519 4808 2824 4862 convertitur
2854 4806 3000 4878 (Jer.
3030 4809 3086 4864 8.
3113 4807 3223 4881 4)?
3248 4809 3316 4865 Et
3342 4824 3527 4864 rursus
3556 4825 3570 4863 :
3600 4808 3741 4869 Noto

2149 4909 2363 4952 mortem
2387 4899 2662 4969 peccatoris
2681 4941 2694 4964 ,
2726 4900 2816 4954 sed
2855 4910 2907 4954 ut
2945 4910 3262 4957 convertatur
3287 4911 3335 4955 et
3360 4902 3491 4955 vivat
3522 4899 3738 4971 (Esoclt.

2151 4990 2240 5046 l8.
2266 4988 2382 5064 εδ).
2416 4992 2499 5056 Ει,
2532 4989 2700 5046 Hodie
2721 4993 2765 5046 si
2793 5008 2961 5047 vocem
2995 4994 3106 5063 ejus
3135 4992 3396 5047 audieritis
3442 4990 3614 5062 (Psal.
3642 4992 3736 5051 Μ.

2150 5082 2228 5149 8).
2249 5082 2325 5152 (α)
2342 5081 2431 5154 [Et
2461 5080 2964 5147 rursum,Gaudium
2992 5094 3066 5139 est
3090 5083 3142 5137 in
3172 5083 3310 5138 cretis
3330 5100 3484 5152 super
3496 5100 3595 5138 uno
3623 5100 3743 5152 pec-

2148 5183 2319 5226 catore
2342 5172 2683 5243 penitentiam
2712 5183 2891 5245 agente
2911 5173 3060 5247 (Luc.
3085 5175 3176 5232 15.
3199 5173 3314 5248 7).]
3337 5175 3497 5230 Multa
3527 5191 3743 5247 quoque

2149 5262 2255 5318 alia
2282 5265 2444 5319 verba
2472 5274 2528 5319 et
2553 5267 2796 5335 exempla
2828 5266 2879 5319 in
2910 5266 3187 5335 Scriptura
3223 5265 3506 5321 habentur.
3536 5264 3616 5321 Ne
3639 5281 3735 5321 au-

2153 5362 2260 5409 tem
2281 5355 2493 5424 pietatis
2517 5357 2694 5426 specie
2715 5372 3016 5425 pereamus,
3038 5359 3162 5413 audi
3186 5340 3407 5413 Paulum
3429 5359 3739 5415 dicentem:

2152 5444 2237 5500 Ne
2259 5446 2616 5503 abundantiori
2642 5449 2843 5504 tristitia
2859 5449 3184 5506 absorbeatur
3202 5449 3411 5523 (λοστ.
3434 5450 3488 5506 2.
3510 5453 3588 5523 7).
3613 5452 3743 5509 Haec

2216 5558 2235 5589 ί
2271 5555 2388 5618 Alii,
2411 5571 2576 5609 amore
2594 5557 2803 5617 pietatis.

2212 5619 2236 5688 ξ
2258 5618 2496 5690 Ill-919ml
2518 5620 2850 5690 legitumideq
2869 5622 3050 5677 Paulus
3064 5623 3173 5677 suos
3196 5632 3414 5677 curem
3435 5623 3608 5690 dignos
3628 5638 3750 5689 sepe

2150 5679 2297 5745 plicia
2312 5679 2448 5745 dicit,
2468 5679 2667 5732 caeteris
2687 5679 2900 5735 omissis.

2216 5749 2292 5812 (α)
2319 5760 2435 5807 una:
2458 5747 2655 5799 uncinis
2674 5747 2964 5799 clauduntur
2991 5753 3172 5803 desunt
3198 5753 3249 5802 in
3274 5750 3436 5804 Morel.
