4074 6406
379 399 481 439 9ου

369 509 501 567 ergo
526 506 647 548 cum
678 489 931 551 sciamus,
964 483 1214 538 omnibus
1253 481 1389 546 viis,
1435 492 1554 547 qua:
1586 475 1801 531 desides
1837 489 1965 543 pos-

368 594 498 646 sunt
533 583 875 642 subvertere,
912 575 1308 644 Scripturarum
1349 568 1685 640 prudentiam
1724 580 1962 637 appona-

370 695 512 736 mus.
544 677 727 745 Neque
753 674 900 728 dicas
933 688 947 722 :
977 668 1114 738 Quid
1145 669 1189 721 si
1227 663 1517 719 formosam
1554 658 1833 715 mulierem
1864 675 1961 713 cn-

370 777 514 832 riose
541 766 840 840 aspexero?
878 764 1010 820 Nam
1050 762 1095 816 si
1135 772 1190 815 ιιι
1229 757 1393 813 corde
1430 754 1729 810 moechatus
1766 752 1961 817 fueris,

369 869 480 924 cito
516 865 691 934 reipsa
721 857 975 915 mtechari
1007 852 1251 909 audebis.
1293 849 1372 906 Ne
1400 849 1580 912 dicas,
1623 844 1761 913 Quid
1799 854 1881 899 est
1919 843 1964 897 si

370 970 661 1031 pauperem
694 952 836 1007 hunc
862 943 1218 1020 praeteream?
1242 941 1296 997 Si
1327 941 1468 995 hunc
1495 947 1803 1009 praetereas,
1831 934 1968 990 alte-

369 1025 497 1107 rum
514 1059 571 1104 et
600 1056 721 1118 post
750 1044 892 1099 hunc
919 1040 1084 1097 alium
1113 1034 1431 1108 praeteribis.
1464 1032 1573 1086 Nec
1602 1042 1787 1084 rursus
1810 1025 1965 1081 dixe-

270 1171 285 1193 τ
371 1146 450 1200 ris
486 1159 502 1199 :
533 1140 673 1211 Quid
713 1138 759 1194 si
799 1138 937 1193 bona
979 1130 1209 1205 proximi
1237 1121 1646 1196 concupiscam?
1673 1120 1784 1176 Hoc
1822 1118 1967 1174 enim

372 1234 683 1293 Achaabum
726 1229 988 1301 perdidit,
1029 1224 1238 1282 etiamsi
1280 1220 1509 1293 pretium
1547 1214 1802 1279 solverit,
1843 1211 1968 1301 quia

373 1329 580 1384 scilicet
602 1341 633 1379 a
664 1300 881 1380 nolente
900 1316 1133 1388 abripuit
1156 1315 1246 1385 (ὅ.
1274 1314 1405 1383 Reg.
1425 1309 1543 1379 21).
1575 1306 1800 1375 Emptor
1823 1300 1966 1357 enim

378 1426 3299 1479 __________________________—————————_.__________

1224 364 1289 421 IN
1326 360 1743 421 ΜΔἸἽἪᾸΞῊΜ
1780 358 2010 415 ιιοιιιι..
2050 359 2361 423 LXXXVII.
2399 367 2470 423 al.
2515 367 2827 428 LXXXVIII

3563 369 3669 427 770

2074 490 2182 580 non
2211 492 2440 547 cogere,
2490 481 2587 536 sed
2634 481 2959 552 persuadere
3001 481 3180 538 debet.
3228 481 3285 539 Si
3325 497 3454 538 vero
3495 484 3540 540 is
3578 485 3671 557 qui

2064 572 2269 634 justum
2303 576 2528 639 pretium
2557 574 2876 640 numeravit,
2907 573 2978 627 ita
3006 572 3290 628 damnatus
3313 584 3394 628 est
3413 614 3429 641 ,
3455 579 3580 645 quia
3600 594 3667 634 ex

2076 657 2293 714 nolente
2321 662 2529 731 accepit
2556 679 2570 714 :
2600 664 2689 733 qui
2718 680 2823 718 non
2853 663 3014 719 modo
3037 663 3140 719 hoc
3163 664 3291 730 agit,
3324 666 3418 721 sed
3446 674 3550 722 eta
3575 683 3672 723 no-

2074 746 2218 804 lente
2243 750 2471 821 abripit,
2503 763 2557 807 et
2587 754 2687 810 hoc
2707 756 2761 810 in
2784 756 2901 827 lege
2924 757 3128 826 gratiae,
3152 773 3259 827 quo
3284 773 3391 812 non
3418 761 3522 813 erit
3542 775 3675 830 sup—

2075 841 2234 909 plicio
2262 840 2492 911 dignus?
2519 844 2595 899 Ne
2625 846 2804 916 itaque
2835 849 3138 917 puniamur,
3168 864 3199 902 a
3231 849 3284 904 vi
3322 852 3467 906 omni
3493 862 3548 907 et
3579 868 3670 907 ra-

2078 931 2200 999 pina
2230 947 2329 987 nos
2356 948 2516 1003 puros
2553 947 2854 1006 servantes,
2885 948 2940 994 et
2969 954 3075 995 non
3109 949 3321 1011 peccata
3351 941 3546 1006 modo,
3573 944 3669 999 sed

2076 1022 2239 1078 etiam
2272 1026 2527 1098 principia
2561 1040 2902 1096 peccatorum
2930 1039 3212 1098 caventes,
3245 1031 3529 1103 diligenter
3557 1034 3667 1089 vir-

2079 1121 2245 1171 tutem
2274 1116 2699 1185 amplectamur:
2723 1121 2802 1177 sic
2825 1121 2970 1177 enim
2998 1123 3215 1178 aeternis
3236 1123 3471 1179 fruemur
3491 1125 3668 1191 bonis,

2077 1206 2249 1275 gratia
2289 1215 2344 1260 et
2385 1207 2709 1280 benignitate
2736 1210 2947 1266 Domini
2976 1212 3142 1268 nostri
3169 1212 3296 1269 .lesu
3319 1213 3551 1282 Christi,
3582 1214 3671 1271 cui

2081 1296 2249 1366 gloria
2277 1297 2329 1352 in
2360 1303 2554 1356 saecula
2580 1304 2919 1360 saeculorum.
2949 1307 3142 1361 Amen.

3303 1433 3654 1448 ψ

1394 1512 1745 1580 HOMILIA
1786 1505 2172 1583 LXXXVII,
2220 1510 2307 1571 al.
2353 1511 2770 1576 LXXXVIII.

376 1640 504 1697 Car.
552 1638 644 1694 27.
697 1656 748 1693 v.
806 1637 896 1692 27.
944 1634 1090 1690 Tunc
1140 1630 1322 1685 milites
1380 1625 1616 1700 prasidiis
1667 1620 1970 1690 accipientes

452 1731 623 1786 Iesum
643 1732 697 1784 in
721 1728 977 1797 prtetorio,
1009 1729 1436 1795 congregaverant
1453 1718 1522 1770 ad
1546 1732 1659 1771 eum
1686 1716 1970 1767 universam

452 1826 739 1885 cohortem;
776 1821 868 1876 28.
917 1829 969 1874 et
1010 1827 1244 1873 eruentes
1268 1830 1406 1879 eum,
1431 1809 1749 1880 chlamydem
1800 1807 1967 1861 cocci-

452 1931 600 1968 neum
623 1912 1056 1968 circumdederunt
1081 1908 1156 1973 ei,
1185 1906 1277 1962 29.
1335 1914 1380 1959 et
1423 1903 1691 1973 plectentes
1728 1913 1968 1953 coronam

452 2005 517 2059 de
557 2004 736 2073 spinis,
782 2008 1057 2071 posuerunt
1080 2013 1234 2068 super
1262 2005 1415 2065 caput
1434 1994 1562 2064 ejus,
1591 2001 1638 2047 et
1667 1991 1967 2044 arundinem

448 2097 504 2151 in
529 2098 736 2150 dextera
760 2094 888 2165 ejus.
921 2090 987 2145 Et
1011 2105 1179 2163 genua
1201 2089 1455 2159 ﬂectentes
1474 2099 1644 2138 coram
1664 2099 1722 2136 eo
1737 2122 1753 2148 ,
1779 2081 1965 2136 illude-

450 2190 568 2244 bant
586 2189 633 2241 ei
656 2187 895 2251 dicentes,
928 2184 1050 2251 Ave,
1072 2196 1164 2237 res
1187 2177 1507 2235 Judworum.

451 2327 502 2382 I.
532 2325 664 2393 Quot
686 2332 731 2378 et
748 2330 939 2392 quanta
963 2321 1016 2375 in
1056 2317 1291 2388 passione
1315 2331 1408 2370 sua
1430 2311 1688 2385 pertulerit
1713 2309 1963 2366 Ch'isttts.

377 2416 448 2474 In
474 2417 679 2485 publica
706 2424 751 2469 et
776 2414 972 2485 priuata
996 2411 1244 2483 passionis
1268 2408 1478 2462 lectione
1494 2420 1727 2477 quianam
1750 2402 1962 2457 utilitas.

378 2510 819 2565 Cotisummatum
873 2516 952 2559 est
977 2546 992 2572 ,
1038 2501 1162 2574 quid
1209 2499 1478 2572 signiﬁcet.
1507 2528 1577 2539 —-
1604 2495 1766 2564 Quasi
1806 2502 1965 2565 pacto

386 2617 511 2657 cum
539 2601 787 2656 omnibus
815 2598 989 2652 ‘inito
1035 2594 1280 2651 diabolus
1324 2601 1450 2645 tunc
1501 2588 1727 2644 choreas
1752 2585 1963 2657 agebat.

384 2696 512 2751 Esto
535 2695 676 2750 enim
699 2692 914 2747 Judzeos
941 2687 1139 2743 invidia
1186 2694 1242 2740 et
1265 2684 1433 2739 livore
1477 2681 1808 2736 tabescentes
1839 2685 1967 2731 tunc

381 2789 639 2845 adversus
687 2800 808 2841 eum
865 2781 1224 2839 debacchatus
1274 2777 1439 2832 fuisse
1470 2792 1485 2831 :
1511 2790 1608 2830 cur
1655 2780 1711 2828 et
1744 2786 1848 2842 qua
1898 2767 1966 2824 de

378 2896 539 2938 causa
565 2880 725 2936 etiam
753 2875 989 2933 milites?
1016 2875 1208 2929 Annon
1229 2870 1372 2934 ideo,
1402 2878 1459 2923 ut
1487 2876 1652 2937 patet,
1675 2864 1816 2937 quod
1853 2863 1969 2918 dia-

379 2973 536 3031 bolus
561 2980 687 3025 tunc
712 2968 852 3038 apud
887 2979 1074 3021 omnes
1100 2957 1571 3018 debaccharetur?
1599 2956 1731 3011 Nam
1774 2963 1966 3009 contn-

380 3064 556 3120 melia;
586 3062 684 3132 ipsi
738 3060 902 3115 illane
954 3055 1213 3127 voluptati
1269 3052 1371 3108 sibi
1420 3061 1592 3112 erant,
1643 3047 1886 3103 crudeles
1914 3055 1969 3101 et

382 3155 657 3213 inhumani
683 3169 803 3210 cum
832 3159 1013 3208 essent
1052 3166 1067 3203 :
1120 3162 1245 3203 cum
1289 3147 1430 3221 eiiim
1475 3145 1801 3214 oportuisset
1850 3141 1969 3195 illos

381 3250 677 3321 reprimere
725 3262 804 3315 se,
860 3254 914 3302 et
967 3241 1273 3316 lacrymari,
1327 3237 1469 3310 quod
1518 3236 1678 3293 etiam
1710 3235 1778 3291 de
1815 3234 1969 3305 plebe

381 3342 602 3405 dixeris,
646 3339 749 3395 hoc
787 3353 891 3393 non
942 3335 1218 3399 fecerunt;
1258 3333 1367 3387 imo
1399 3328 1736 3386 contumeliis
1760 3325 1968 3381 afﬁcie-

383 3435 531 3501 hant,
560 3431 901 3494 insultabant,
928 3440 986 3484 ut
1006 3427 1235 3483 fortasse
1262 3423 1398 3495 grati
1425 3420 1625 3478 Judteis
1651 3426 1851 3482 essent,
1883 3416 1969 3473 vel

384 3530 547 3584 etiam
573 3525 748 3595 pravis
776 3523 889 3579 suis
917 3528 1128 3577 utentes
1156 3517 1395 3573 moribus
1427 3532 1441 3568 :
1469 3511 1809 3570 contumelire
1844 3523 1972 3564 vero

381 3621 580 3677 diversi
606 3618 822 3690 generis
849 3623 1021 3671 erant.
1049 3612 1181 3667 Nam
1209 3609 1448 3666 divinum
1478 3604 1605 3660 illud
1634 3611 1793 3674 caput
1814 3600 1974 3656 modo

382 3712 627 3782 colaphis
644 3708 945 3769 ca-dehaut.
964 3703 1126 3761 modo
1140 3702 1325 3771 spinea
1344 3713 1543 3755 corona
1558 3693 1971 3758 dedecorabant,

384 3803 546 3859 modo
604 3800 813 3857 calamo
859 3795 1260 3868 percutiebant,
1316 3791 1417 3846 viri
1464 3788 1674 3845 scelesti
1734 3796 1788 3841 et
1816 3800 1972 3840 exsc-

390 3892 598 3950 crandi.
632 3890 762 3960 Quae
791 3887 946 3944 nobis
966 3898 1149 3958 postea
1167 3884 1267 3940 erit
1286 3880 1579 3945 excusatio,
1608 3892 1728 3932 cum
1754 3891 1817 3931 ex
1839 3890 1971 3928 eon-

388 3986 619 4043 tumeliis
648 3984 715 4037 ad
742 3981 875 4037 iram
904 3976 1255 4039 concitantur,
1295 3983 1574 4043 postquam
1601 3969 1704 4023 hoc
1722 3965 1975 4021 Christus

388 4094 579 4150 passus
606 4075 727 4131 est?
750 4073 1035 4129 Extremus
1060 4077 1208 4126 certe
1231 4063 1676 4121 contumeliarum
1715 4059 1977 4114 terminus

386 4177 526 4235 erat,
556 4167 608 4223 id
632 4164 776 4239 quod
807 4175 932 4219 tunc
972 4160 1151 4217 fiebat.
1195 4157 1378 4227 Neque
1401 4156 1545 4210 enim
1584 4167 1708 4223 pars
1749 4159 1974 4217 tantum,

388 4261 487 4318 sed
518 4269 687 4316 totum
706 4270 904 4326 corpus
917 4250 1255 4310 contumeliis
1290 4247 1661 4310 afficiebatur;
1682 4250 1841 4313 caput
1883 4256 1978 4312 per

390 4366 648 4409 coronam
675 4359 732 4405 et
755 4348 1041 4410 calamum,
1075 4341 1241 4397 facies
1265 4338 1506 4408 colaphis
1529 4345 1586 4392 et
1608 4334 1799 4404 sputis.
1827 4348 1979 4403 gena:

392 4445 581 4516 alapis,
604 4444 800 4513 eoi-pus
825 4449 992 4494 totum
1020 4434 1261 4505 ﬂagellis,
1287 4430 1528 4487 nuditate
1551 4429 1597 4493 ’,
1615 4424 1815 4480 amictu
1840 4422 1981 4478 chla-

393 4537 588 4609 mydis,
620 4542 675 4590 et
703 4531 945 4587 simulata
981 4525 1327 4588 adoratione;
1375 4534 1564 4576 manus
1612 4518 1841 4582 calamo,
1889 4513 1980 4585 qui

393 4644 495 4701 pro
517 4636 732 4696 sceptro
753 4624 908 4677 datus
932 4627 1016 4675 est
1035 4635 1051 4683 ;
1067 4634 1129 4674 os
1155 4630 1366 4672 rursum
1391 4629 1484 4684 per
1499 4611 1735 4668 oblatum
1746 4616 1977 4663 acetum.

393 4719 535 4788 Quid
555 4717 639 4773 his
664 4710 915 4785 gravius?
943 4709 1070 4781 quid
1109 4702 1587 4763 contumeliosius?
1613 4701 1740 4757 Haec
1765 4713 1981 4754 mortem

395 4809 665 4866 excedunt
686 4803 1007 4861 orationem.
1038 4800 1115 4856 Ac
1143 4797 1189 4854 si
1210 4796 1353 4852 enim
1376 4794 1646 4859 timerent,
1676 4805 1746 4847 ne
1772 4787 1899 4860 quid
1931 4788 1983 4843 in

395 4911 548 4957 tanto
577 4898 814 4954 facinore
861 4894 1109 4957 deesset,
1158 4886 1452 4959 prophetas
1486 4883 1701 4955 quidem
1741 4878 1986 4935 manibus

395 4994 511 5048 suis
556 4986 974 5047 interticiehant,
1018 4983 1162 5038 hunc
1211 4994 1280 5034 ex
1323 4976 1518 5048 iudicis
1562 4974 1848 5032 sententia.
1896 4971 1988 5027 Sic

398 5086 579 5141 omnia
608 5076 963 5143 faciunt,suis
1004 5071 1258 5130 occidunt
1306 5069 1574 5133 manibus,
1625 5065 1881 5121 damnant
1933 5072 1988 5120 et

399 5173 721 5233 sententiam
776 5169 978 5234 ferunt,
1029 5166 1189 5222 etiam
1240 5161 1382 5234 apud
1434 5161 1661 5215 Pilatum
1711 5157 1984 5224 dicentes,

401 5266 628 5338 Sanguis
650 5264 760 5336 ejus
797 5273 951 5328 super
978 5272 1068 5311 nos
1106 5264 1153 5311 et
1197 5269 1349 5315 super
1377 5251 1512 5320 ﬁlios
1553 5259 1772 5304 nostros.
1813 5246 1988 5302 Insul-

404 5367 538 5422 tant,
574 5351 930 5412 contumelias
954 5346 1210 5412 inferunt,
1229 5343 1495 5409 vinciunt,
1524 5340 1815 5402 abducunt.
1844 5338 1989 5395 mili-

404 5449 546 5506 tibus
568 5442 1013 5504 contumeliarum
1052 5446 1299 5493 auctores
1348 5442 1493 5500 sunt,
1544 5432 1691 5488 cruci
1742 5430 1988 5502 alligant.

403 5541 798 5603 conviciantur,
830 5537 1156 5603 conspuunt,
1200 5525 1467 5582 derident.
1506 5522 1646 5579 Nihil
1676 5522 1765 5578 hic
1792 5522 1994 5578 Pilatus

407 5632 604 5696 intulit,
632 5630 725 5686 sed
753 5625 932 5683 omnia
981 5622 1059 5679 illi
1090 5620 1351 5686 fecerunt,
1374 5626 1738 5684 accusatores,
1757 5613 1989 5686 iudices,

470 5745 492 5780 ⁸
523 5741 689 5794 lore].
714 5754 811 5791 nou
831 5738 1003 5797 habet.
1029 5747 1138 5786 cum
1158 5731 1388 5797 munitus:

468 5809 491 5839 ¹
682 5802 916 5863 nuditate,
935 5791 1152 5863 deest‘in
1177 5791 1338 5844 Morel.
1364 5793 1513 5857 ιω,
1536 5792 1668 5856 hate,
1686 5791 1804 5856 quid
1826 5797 1993 5845 contu-

408 5858 673 5924 meliosius,
693 5866 744 5915 in
766 5858 943 5915 eodem
961 5858 1326 5911 desiderantur.

2078 1614 2373 1679 carnifices,
2405 1617 2604 1672 nullam
2632 1634 2738 1672 non
2781 1628 3003 1689 agentes
3026 1632 3333 1689 personam.
3371 1618 3499 1675 Hzec
3526 1620 3666 1690 apud

2078 1718 2177 1759 nos
2225 1703 2492 1777 leguntur,
2524 1724 2645 1764 cum
2679 1723 2867 1763 omnes
2889 1724 2992 1763 una
3025 1710 3371 1764 conveniunt.
3422 1709 3553 1765 Nam
3600 1728 3668 1766 ne

2075 1797 2303 1865 gentiles
2326 1797 2526 1866 dicant,
2557 1799 2713 1855 Clara
2740 1808 2795 1854 et
2823 1799 3098 1868 splendida
3128 1800 3336 1869 populis
3379 1800 3665 1867 exhibetis,

2075 1896 2134 1942 ut
2159 1887 2304 1958 signa
2333 1898 2387 1944 et
2415 1891 2690 1956 miracula,
2736 1889 2854 1946 haec
2883 1905 3011 1945 vero
3041 1891 3297 1961 probrosa
3338 1892 3622 1947 occultatis
3649 1909 3664 1946 :

2074 1980 2128 2035 id
2175 1981 2501 2052 dispensavit
2564 1984 2734 2054 gratia
2797 1982 3059 2054 Spiritus,
3113 1992 3171 2038 ut
3219 1984 3270 2038 in
3326 1985 3666 2042 solemnitate

2074 2073 2325 2140 maxima,
2356 2088 2477 2128 cum
2506 2074 2603 2128 viri
2641 2074 2998 2144 mulieresque
3054 2088 3246 2145 magno
3299 2090 3523 2130 numero
3566 2077 3666 2130 ad.

2072 2174 2216 2229 sunt,
2240 2181 2532 2236 omnesque
2561 2167 2782 2221 omnino
2816 2167 2869 2220 in
2900 2181 3088 2236 magna
3118 2165 3392 2222 Paschalis
3416 2181 3665 2238 vespera,

2074 2265 2198 2312 tunc
2226 2257 2340 2313 haec
2365 2259 2541 2312 omnia
2583 2258 2827 2328 legantur
2851 2274 2867 2311 :
2897 2257 3143 2311 omnibus
3174 2256 3370 2327 ubique
3399 2266 3663 2312 terrarum

2073 2349 2446 2418 pmsentibus,
2478 2349 2592 2405 haec
2635 2364 2826 2419 magna
2860 2364 2995 2405 voce
3025 2348 3385 2419 prtudicentur
3415 2367 3428 2402 :
3471 2349 3666 2418 quibus

2071 2438 2224 2494 lectis
2252 2449 2306 2494 et
2332 2441 2580 2511 cognitis,
2610 2439 2852 2495 Christus
2876 2440 3114 2495 creditur
3142 2455 3263 2494 esse
3286 2440 3445 2507 Deus,
3470 2450 3526 2496 et
3552 2450 3665 2496 tum

2071 2539 2292 2600 propter
2318 2531 2442 2595 alia,
2472 2540 2586 2587 tum
2619 2541 2835 2601 propter
2863 2531 2976 2586 hrec
3002 2532 3164 2587 etiam
3204 2531 3477 2601 aduratur,
3522 2534 3666 2603 quod
3698 2576 3703 2579 Α

2073 2635 2172 2691 pro
2198 2621 2352 2677 nobis
2390 2636 2457 2677 eo
2484 2637 2652 2692 usque
2679 2621 3010 2678 descendere
3039 2622 3284 2690 dignatus
3328 2622 3417 2688 sit,
3472 2623 3668 2694 illaque

2072 2713 2207 2783 pati,
2237 2722 2296 2768 ut
2323 2728 2422 2768 nos
2450 2714 2501 2767 in
2545 2714 2690 2768 omni
2722 2713 2931 2767 virtutis
2960 2728 3157 2782 genere
3199 2713 3517 2768 insritueret.
3544 2713 3670 2768 llaec

2073 2802 2251 2874 itaque
2267 2820 2481 2874 semper
2507 2805 2747 2876 legamus
2779 2822 2794 2859 :
2827 2820 2948 2860 nam
2978 2806 3198 2859 multum
3250 2806 3375 2859 hinc
3420 2807 3666 2871 lucrum,

2075 2897 2304 2952 maxima
2331 2897 2553 2951 utilitas.
2584 2897 2719 2952 Cum
2747 2898 2890 2952 enim
2915 2896 3109 2952 videris
3133 2897 3281 2950 illum
3319 2905 3375 2952 et
3406 2898 3567 2953 rebus
3614 2907 3671 2953 et

2071 2991 2250 3048 verbis
2277 2992 2575 3057 adoratum,
2603 2993 2814 3048 irrisum
2853 3001 2907 3049 et
2940 2995 3175 3062 illusum,
3225 3004 3418 3050 tortum
3461 3005 3516 3050 et
3561 3012 3663 3050 ex-

2075 3089 2240 3137 trema
2270 3083 2576 3152 patientem,
2607 3085 2816 3138 etiamsi
2862 3084 2997 3153 lapis
3047 3086 3229 3151 lucris,
3279 3101 3399 3141 cera
3454 3088 3665 3142 mollior

2074 3173 2285 3238 evades,
2319 3188 2642 3243 omnemque
2671 3174 2832 3228 animi
2864 3187 3126 3229 tumorem
3157 3175 3362 3244 ejicies.
3395 3177 3531 3231 Audi
3562 3178 3664 3247 igi-

2076 3274 2164 3319 tur
2203 3280 2265 3320 ea
2312 3281 2430 3335 quae
2474 3275 2789 3336 sequuntur.
2824 3265 3107 3335 Postquam
3140 3266 3419 3322 illuserunt
3468 3268 3538 3331 ei,
3572 3269 3662 3323 “5|.

2078 3352 2344 3409 Duxerunt
2365 3371 2478 3409 eum
2507 3355 2560 3408 in
2609 3370 2829 3418 crucem,
2864 3364 2916 3409 et
2940 3354 3194 3410 denudati
3236 3366 3412 3411 vestes
3440 3372 3663 3427 accepe-

2076 3456 2223 3514 runt,
2253 3447 2606 3518 sedentesque
2635 3446 2989 3502 observabant
3016 3447 3229 3519 quando
3249 3449 3567 3518 exspiraret.
3602 3449 3671 3504 Et

2077 3537 2374 3596 diviserunt
2395 3541 2709 3595 vestimenta
2735 3538 2874 3609 ejus,
2892 3538 3033 3609 quod
3054 3540 3199 3594 circa
3224 3538 3506 3596 damnatos
3531 3541 3672 3598 viles

2079 3640 2134 3688 et
2159 3632 2395 3701 abjectos
2426 3639 2478 3686 et
2509 3631 2578 3685 ab
2605 3631 2852 3687 omnibus
2902 3631 3147 3688 desertos
3177 3632 3290 3686 ﬂeri
3325 3633 3486 3688 solet.
3531 3633 3668 3689 Par-

2080 3723 2286 3779 tiuntur
2311 3723 2643 3786 vestimenta,
2661 3723 2854 3794 quibus
2881 3731 2957 3777 tot
2985 3723 3126 3779 edita
3150 3724 3362 3779 fuerant
3388 3726 3665 3782 miracula.

2080 3814 2186 3869 Sed
2218 3813 2350 3868 nihil
2383 3824 2507 3867 tunc
2534 3814 2918 3883 operabantur,
2950 3812 3165 3869 Christo
3191 3816 3296 3868 vim
3350 3815 3559 3871 illorum
3584 3819 3670 3870 in-

2080 3905 2341 3960 effabilem
2399 3904 2704 3959 cohibente.
2748 3904 2861 3958 Hoc
2891 3919 3020 3959 vero
3045 3920 3151 3959 non
3183 3904 3447 3960 tnodicum
3479 3907 3674 3963 furoris

2081 3996 2497 4052 additamentum
2541 4006 2677 4052 erat.
2706 3996 2836 4051 Nam
2866 3997 3017 4067 quasi
3048 4012 3172 4068 erga
3204 3997 3481 4064 infamem,
3518 4000 3668 4070 abie-

2080 4102 2223 4148 ctum
2248 4102 2302 4147 et
2326 4092 2563 4145 onmium
2590 4092 2926 4157 vilissimum,
2955 4101 3014 4145 ut
3052 4091 3182 4157 dixi,
3214 4092 3292 4146 sic
3329 4092 3507 4147 omnia
3542 4108 3671 4164 age-

2082 4183 2210 4239 bant
2238 4201 2253 4238 :
2286 4183 2580 4240 latronibus
2608 4182 2735 4238 nihil
2761 4183 2866 4238 tale
2890 4181 3164 4248 fecissent,
3196 4183 3292 4238 sed
3315 4183 3367 4241 in
3393 4182 3664 4238 Chrismm

2085 4273 2201 4330 hate
2242 4275 2420 4330 omnia
2466 4274 3145 4345 audebantzmediumque
3187 4272 3336 4329 illum
3384 4275 3669 4330 crucifixe—

2084 4376 2231 4433 runt,
2264 4377 2321 4423 ut
2348 4367 2560 4422 illorum
2589 4366 2820 4422 infamia:
2844 4381 3069 4422 consors
3087 4375 3250 4421 esset.
3292 4366 3382 4421 54.
3414 4364 3482 4419 Et
3509 4366 3667 4422 dede-

2049 4470 2205 4527 .rttnt
2256 4462 2303 4514 ei
2331 4471 2526 4514 acetum
2546 4460 2742 4525 bibere,
2777 4460 2878 4515 hoc
2912 4461 3039 4515 item
3085 4459 3474 4514 contumeliose
3502 4477 3518 4514 :
3547 4459 3663 4529 ipse

2087 4564 2264 4608 autem
2294 4553 2508 4608 nolebat
2553 4552 2758 4607 bibere.
2781 4553 2931 4607 Alius
2961 4554 3037 4607 sic
3066 4560 3244 4605 narrat
3274 4566 3290 4606 :
3324 4549 3451 4607 Cum
3475 4562 3678 4623 gustas-

2088 4654 2181 4709 set,
2206 4644 2353 4708 dixit,
2376 4641 2790 4697 Consummatum
2818 4651 2889 4696 est
2917 4639 3108 4715 (Joan.
3140 4642 3226 4697 l9.
3269 4641 3340 4698 30
3428 4641 3564 4707 Quid
3596 4650 3678 4696 est

2089 4745 2288 4803 autem,
2315 4733 2727 4791 Cansummatmn
2763 4734 2918 4789 est“!
2969 4732 3255 4805 Prophetia
3300 4733 3415 4790 lnec
3459 4734 3676 4805 impleta

2089 4839 2175 4885 est
2205 4846 2219 4883 :
2250 4827 2508 4883 Dederunt
2530 4828 2584 4881 in
2612 4844 2776 4881 escam
2803 4843 2964 4880 meam
2991 4827 3079 4898 fel,
3102 4836 3149 4881 et
3189 4827 3243 4880 in
3266 4827 3350 4881 siti
3376 4842 3501 4881 mea
3532 4837 3680 4897 pota-

2091 4930 2268 4974 uerunt
2292 4936 2371 4972 me
2394 4928 2531 4972 aceto
2570 4916 2753 4991 (Psal.
2781 4918 2871 4973 68.
2911 4916 2983 4970 29
3003 4914 3042 4988 ).
3072 4915 3253 4988 Neque
3282 4925 3458 4972 tamen
3490 4916 3578 4974 ille
3604 4918 3683 4988 ip-

2093 5029 2211 5070 sum
2265 5012 2463 5069 bibisse
2491 5010 2766 5067 ostendit:
2801 5010 2931 5065 nihil
2983 5010 3125 5065 enim
3175 5009 3426 5066 differunt
3468 5022 3686 5081 gustare

2093 5107 2265 5161 solum
2296 5113 2351 5161 et
2376 5120 2481 5159 non
2512 5103 2717 5167 bibere,
2749 5101 2845 5157 sed
2894 5109 3179 5173 utrumque
3208 5100 3438 5171 idipsum
3484 5103 3686 5173 signifi-

2092 5210 2200 5256 cat.
2229 5198 2408 5270 Neque
2436 5208 2612 5251 tamen
2660 5195 2746 5250 hic
2796 5193 3008 5249 furendi
3043 5193 3200 5248 linem
3252 5192 3528 5261 fecerunt;
3560 5211 3684 5249 nam

2099 5302 2375 5364 postquam
2401 5289 2755 5352 nudaverant,
2787 5286 3186 5349 crucifixerant,
3226 5295 3433 5341 acetum
3475 5283 3683 5338 obtule-

2098 5393 2238 5449 rant,
2269 5382 2407 5437 ultra
2436 5380 2886 5452 progrediuntur;
2916 5386 2971 5432 et
3001 5377 3147 5432 cruci
3175 5375 3396 5431 afﬂuunt
3423 5375 3686 5439 videntes,

2099 5476 2424 5546 exprobrant
2453 5483 2507 5529 et
2535 5472 2631 5540 illi,
2659 5481 2714 5529 et
2754 5471 2789 5527 ii
2814 5470 2902 5542 qui
2934 5469 3541 5540 przetergrediehantur:
3569 5484 3688 5538 quae

2099 5566 2337 5622 omnium
2366 5564 2679 5636 gravissima
2714 5571 2869 5619 erant
2916 5561 3079 5629 mala,
3131 5559 3345 5630 quando
3394 5557 3692 5614 seductoris
