4074 6466
479 409 577 466 τῑι

1218 399 1272 453 5.
1313 393 1588 452 JO:\'.\'.\'|S
1625 387 2095 447 CHRYSOSTOMI
2137 385 2451 441 ARClllEP.
2492 385 3027 446 CONSTANTINUP.

489 527 704 580 nomine
750 525 850 575 hoc
895 518 1208 590 patiebatur,
1239 525 1296 568 ut
1324 527 1580 581 arrogans
1618 521 1671 564 et
1699 506 2079 576 jactabundus.

487 617 615 672 ideo
657 615 803 668 11111111
857 619 912 664 ct
952 609 1163 678 publice
1215 606 1614 663 crucilixcrunl,
1667 611 1724 654 ut
1779 599 2082 653 videntibus

3675 399 3786 456 θη

2201 521 2269 563 ex
2324 509 2619 564 latronibus
2672 509 2901 563 alterum
2953 511 3256 580 increpasse
3300 510 3459 584 (Luc.
3506 511 3595 566 ιη.
3647 512 3783 581 40).

2203 600 2496 672 Utrumque
2518 601 2716 655 factum
2739 612 2822 656 est
2848 621 2860 655 :
2884 605 3115 672 primunt
3143 605 3284 658 enim
3308 604 3466 659 ambo
3495 603 3787 675 exprobra-

492 706 743 761 omnibus
786 703 1186 771 vituperarent:
1221 696 1342 751 ideo
1372 696 1531 749 etiam
1561 693 1785 746 militum
1815 690 2080 751 manibus,

495 805 550 850 at
574 812 693 851 cum
733 793 851 849 haec
880 807 974 861 per
1005 790 1273 860 publicum
1309 786 1568 858 judicium
1609 785 1819 847 ﬁerent,
1849 780 2084 834 furorem

496 889 750 957 majorem
791 885 1127 941 exhiberem.

565 993 620 1046 Ξ.
665 993 734 1046 At
760 1003 889 1043 vcro
914 1003 1072 1058 quem
1101 1001 1203 1038 non
1235 983 1474 1037 ﬂexisset
1503 978 1654 1033 turba
1682 988 1914 1046 sequens
1934 981 1988 1027 et
2013 972 2088 1025 Ia-

498 1081 790 1155 crymans?
839 1080 954 1135 Non
984 1089 1160 1132 tamen
1199 1079 1362 1129 hasce
1389 1073 1610 1127 belluas.
1639 1069 1976 1136 Quapropter
2002 1063 2094 1118 ille

503 1176 599 1228 hos
628 1171 982 1241 responsione
1010 1169 1279 1237 dignatur,
1315 1164 1436 1217 illos
1457 1175 1631 1216 secus.
1659 1158 1790 1212 Nam
1814 1165 2092 1225 postquam

499 1267 678 1320 omnia
713 1281 808 1334 pro
831 1263 996 1315 lubito
1028 1260 1285 1322 fecerant,
1317 1257 1511 1308 fumant
1537 1252 1654 1321 ejus
1675 1249 1868 1304 laedere
1893 1261 2096 1301 conan-

503 1370 607 1422 tur,
640 1358 756 1425 ejus
807 1352 1253 1408 resurrectionem
1296 1349 1564 1400 timentes.
1593 1341 1715 1396 Ideo
1742 1339 1856 1393 lucc
1887 1335 2096 1407 publice

507 1451 726 1519 jaclattl,
761 1449 997 1500 latrones
1021 1458 1140 1496 cum
1189 1440 1281 1494 illo
1307 1438 1643 1504 eruciligunt,
1692 1441 1746 1487 et
1773 1440 1828 1485 ut
1853 1429 2100 1484 seducto-

510 1557 621 1597 rem
637 1539 1004 1601 ostenderent,
1024 1535 1269 1589 dicebant
1291 1531 1406 1586 :40.
1430 1529 1529 1597 Qui
1545 1527 1694 1581 solvis
1707 1524 1968 1593 templum,
1989 1531 2032 1576 et
2047 1521 2101 1574 in

505 1631 667 1684 tribus
685 1631 860 1682 diebus
882 1628 1127 1691 redi/iens,
1147 1622 1390 1679 descende
1409 1622 1472 1674 de
1485 1635 1650 1674 cruce.
1671 1617 1798 1672 Nam
1818 1616 1938 1685 quia
1959 1613 2099 1668 Pila-

511 1735 622 1774 tum
642 1729 892 1788 rogantes
917 1729 970 1770 ut
996 1718 1302 1784 inscriptam
1325 1728 1539 1768 causam
1569 1711 1802 1775 tolleret,
1825 1722 1942 1777 quae
1964 1713 2099 1764 erat.

515 1813 622 1864 lira:
649 1811 974 1872 Judmorum,
1009 1808 1140 1862 nihil
1170 1807 1538 1877 impetrarunt,
1569 1802 1663 1856 sed
1690 1801 1883 1856 institit
1909 1798 1996 1853 ille
2024 1796 2105 1851 di—

508 1917 636 1955 cens
662 1918 674 1954 :
703 1899 850 1966 Quod
871 1900 1070 1969 scripsi.
1102 1898 1283 1967 scripsi
1324 1912 1341 1950 :
1370 1897 1444 1950 illi
1474 1895 1688 1949 domum
1719 1891 1966 1945 irrisione
2010 1902 2104 1942 sua

512 1993 734 2064 probare
777 1991 1069 2055 tentabant,
1113 1989 1284 2058 ipsum
1328 2003 1434 2042 non
1481 2000 1600 2040 esse
1636 1998 1836 2054 regem.
1883 1980 2005 2036 Ideo
2054 1986 2109 2031 ct

513 2086 626 2137 hinc
652 2091 706 2137 et
756 2082 840 2136 illa
871 2081 1118 2134 dicebant
1147 2097 1159 2131 :
1189 2078 1278 2134 42.
1313 2079 1374 2132 Si
1402 2092 1493 2131 rex
1519 2075 1686 2130 Israel
1719 2083 1811 2138 est,
1841 2071 2108 2125 descendat

511 2191 646 2227 nunc
676 2174 738 2226 de
763 2189 908 2226 cruce
937 2192 954 2227 :
990 2180 1044 2226 et
1071 2185 1304 2237 rursum,
1336 2169 1480 2224 Alios
1509 2169 1675 2222 salvos
1720 2165 1858 2236 fecit,
1889 2163 2110 2234 seipsum

511 2283 608 2319 mm
635 2273 791 2334 potest
819 2265 1010 2319 salvum
1035 2264 1202 2334 facere
1225 2279 1244 2317 :
1282 2272 1334 2316 et
1361 2259 1630 2330 prioribus
1673 2257 1838 2328 signis
1869 2256 1992 2310 hinc
2011 2254 2109 2310 de-

519 2358 734 2409 trahere
751 2355 1096 2408 conabantur
1117 2371 1132 2419 ;
1151 2361 1204 2406 et
1222 2368 1437 2415 rursus,
1454 2349 1513 2405 Si
1533 2347 1708 2402 Filius
1727 2348 1821 2402 Dei
1839 2357 1980 2402 estet
2000 2346 2108 2401 vult

516 2465 656 2509 eum,
680 2446 1198 2516 salvumfaciateum
1225 2445 1262 2497 ¹.
1283 2442 1327 2496 0
1351 2442 1566 2497 scelesti
1584 2451 1636 2496 et
1655 2439 2107 2496 cxsecrandilAn

522 2539 798 2609 prpphctze
824 2553 930 2590 non
953 2535 1510 2605 erantprophi-lm?an
1531 2533 2109 2603 justi,nonjnsti,quia

525 2633 665 2686 Deus
689 2633 811 2686 illos
853 2646 916 2684 ex
943 2629 1204 2699 periculis
1227 2644 1335 2680 non
1357 2627 1603 2696 eripuit?
1637 2626 1979 2692 Alquierant
2012 2623 2116 2678 etsi

526 2725 670 2792 passi
689 2724 817 2776 sint.
833 2721 973 2786 Quid
999 2719 1227 2773 insaniae
1251 2727 1443 2772 vestrae
1462 2733 1559 2786 par
1576 2717 1769 2771 fuerit?
1783 2716 1916 2770 Nam
1938 2716 1981 2768 si
2007 2715 2123 2770 illo-

528 2833 647 2870 rum
673 2815 899 2885 gloriam
943 2828 1051 2866 non
1077 2809 1641 2865 lahelactaruntillata
1681 2807 2039 2877 illispericula
2067 2813 2123 2858 ct

530 2909 794 2972 mala,sed
810 2908 1091 2976 propheta:
1108 2902 1510 2966 crant,etiamsi
1530 2901 1619 2955 illa
1637 2916 1700 2970 pa
1710 2897 2123 2955 terenturzmul-

532 3013 587 3053 to
603 3000 777 3069 magis
790 3014 894 3052 non
907 2995 1190 3051 debebatis
1205 2995 1272 3050 de
1291 2995 1394 3049 hoc
1411 2993 1772 3049 scandalizari
1791 2991 1884 3062 qui
1897 2999 1952 3045 et
1965 2989 2125 3044 factis

524 3097 576 3138 cl.
602 3087 774 3140 verbis
801 3086 912 3139 suis
959 3083 1144 3139 falsam
1180 3083 1316 3137 hanc
1344 3082 1540 3153 repulit
1588 3081 1920 3152 opinionem.
1958 3080 2113 3133 Atla-

530 3197 650 3235 men
687 3179 799 3234 hmo
820 3179 1062 3233 dicentes
1087 3187 1140 3232 et
1163 3189 1384 3248 agentes
1415 3176 1545 3230 nihil
1582 3176 1664 3229 vel
1714 3175 1764 3228 in
1812 3176 1928 3243 ipso
1977 3180 2116 3226 tem-

526 3289 652 3341 pore
679 3273 849 3327 facere
872 3279 1176 3341 potuerunt.
1208 3269 1366 3325 Certe
1393 3269 1484 3338 qui
1516 3268 1661 3322 omni
1688 3267 1964 3337 iniquitate
1987 3279 2112 3318 cor-

527 3378 710 3432 ruptus
738 3374 875 3429 erat,
905 3363 996 3433 qui
1046 3362 1212 3416 vitam
1260 3360 1312 3414 in
1363 3359 1602 3415 caedibus
1649 3367 1704 3414 et
1748 3357 2117 3428 sepulcrorum

526 3455 903 3511 eiibssionibus
941 3455 1181 3525 degerat,
1229 3467 1349 3506 cum
1389 3451 1506 3507 haec
1563 3449 1908 3511 dicerentur,
1948 3448 2119 3516 ipsum

530 3546 803 3600 confessus
829 3556 929 3607 cst,
985 3554 1038 3598 et
1094 3559 1316 3614 regnum
1373 3541 1835 3603 commemoravit,
1866 3539 2122 3608 plebsqne

528 3639 676 3690 illum
706 3637 940 3708 lugebat.
972 3636 1305 3704 Quamquam
1349 3633 1664 3688 videbantur
1688 3646 1774 3686 res
1798 3641 1963 3700 gestae
1991 3645 2120 3684 con-

529 3729 687 3782 traria
715 3727 1013 3798 signiﬁcare
1035 3727 1097 3781 iis
1127 3725 1217 3796 qui
1238 3726 1478 3796 mysterii
1507 3725 1862 3780 oeconomiam
1894 3739 1999 3776 non
2028 3737 2124 3776 no—

533 3831 733 3888 verant,
762 3821 902 3893 quod
929 3836 1122 3891 nempe
1149 3819 1396 3874 infirmus
1435 3828 1596 3883 esset,
1632 3819 1869 3888 nihilque
1896 3825 2077 3886 posset
2105 3831 2116 3867 τ

530 3924 761 3969 attamen
791 3916 988 3969 veritas
1039 3929 1134 3983 per
1161 3911 1426 3968 contraria
1461 3911 1622 3965 etiam
1672 3910 1968 3981 praevaluit.
2000 3910 2124 3964 llaec

531 4007 688 4070 igitur
727 4007 1024 4070 audientes,
1060 4019 1328 4060 armemus
1356 4019 1454 4058 nos
1490 4012 1672 4058 contra
1705 4004 1837 4058 iram
1883 4011 1936 4056 ct
1982 4002 2126 4056 furo-

532 4115 666 4152 rem.
698 4098 750 4151 Si
800 4108 1004 4151 tumere
1031 4097 1115 4151 vel
1142 4096 1457 4150 inflammari
1488 4110 1582 4148 cor
1618 4103 1764 4149 tuum
1795 4092 2013 4157 videris,
2047 4091 2122 4146 si-

531 4190 756 4259 gnaculo
775 4188 947 4243 crucis
973 4198 1159 4260 pectus
1189 4198 1334 4240 tuum
1367 4188 1572 4239 munito
1609 4203 1621 4239 :
1655 4186 1911 4240 memoria
1938 4194 2125 4253 repete

524 4281 620 4335 illa
652 4296 768 4350 qum
798 4291 919 4333 tunc
968 4282 1324 4349 contigerunt,
1373 4289 1423 4332 et
1473 4279 1660 4332 borum
1709 4278 1966 4332 memoria
1994 4279 2124 4331 iram

533 4387 744 4426 onmem
771 4381 822 4424 ut
847 4371 1120 4440 pulverem
1153 4352 1413 4424 excuties.
1444 4368 1628 4439 Cogita
1656 4370 1815 4440 verba
1844 4377 1899 4423 et
1926 4378 2074 4437 gesta
2109 4385 2121 4422 :

533 4463 706 4532 cogita
750 4462 894 4514 illum
952 4475 1072 4514 esse
1112 4460 1432 4523 Dominum,
1492 4471 1648 4529 teque
1687 4437 1898 4514 servum
1934 4479 1946 4512 :
1981 4459 2123 4514 illum

533 4561 751 4622 propter
780 4564 830 4604 te
853 4567 1070 4621 passum
1113 4567 1252 4612 esse,
1303 4561 1355 4606 te
1384 4561 1602 4619 propter
1632 4561 1684 4603 te
1739 4550 1946 4619 ipsum;
1978 4550 2123 4603 illum

537 4664 632 4715 pro
663 4647 726 4698 iis
765 4646 853 4716 qui
899 4644 1171 4698 beneficiis
1201 4645 1374 4697 all'ecti
1419 4644 1589 4711 ipsum
1619 4642 2034 4711 crucifigcbant,
2076 4652 2126 4695 te

536 4755 630 4798 pro
653 4748 704 4792 te
733 4737 874 4807 ipso;
897 4735 1045 4787 illum
1070 4750 1166 4804 pro
1185 4735 1248 4788 iis
1267 4736 1354 4804 qui
1382 4749 1439 4787 se
1455 4732 1794 4787 contumeliis
1816 4733 2123 4798 affecerant,

537 4840 585 4881 te
615 4844 758 4898 saepe
791 4842 886 4896 pro
923 4825 986 4879 iis
1012 4839 1145 4894 quos
1195 4824 1412 4890 laesisti;
1453 4825 1596 4877 illum
1625 4823 1841 4877 vidente
1879 4824 2126 4891 civitate,

539 4923 646 4972 imo
674 4921 868 4989 populo
899 4927 1009 4972 toto
1030 4916 1331 4972 Judeoorum
1354 4960 1370 4982 ,
1403 4917 1826 4987 peregrinorum,
1853 4917 2129 4988 indigena-

542 5025 679 5074 rnm,
709 5010 900 5079 quibus
923 5008 1246 5077 benignitate
1275 5009 1426 5076 plena
1454 5011 1611 5061 verba
1637 5009 1872 5077 protulit,
1911 5020 1962 5063 te
2001 5025 2128 5079 pau-

541 5107 618 5158 cis
670 5103 1020 5173 praesentibus
1057 5121 1069 5155 :
1118 5111 1172 5156 et
1213 5101 1354 5172 quod
1402 5101 1619 5169 majoris
1645 5116 1763 5156 esse
1793 5105 2129 5158 contumeliae

543 5196 773 5256 videtur,
824 5193 964 5263 quod
1012 5193 1298 5247 derelictus
1331 5194 1398 5246 sit
1442 5209 1468 5244 a
1519 5193 1810 5264 discipulis.
1851 5193 1984 5250 Nam
2035 5196 2129 5266 qui

544 5297 698 5341 antea
729 5285 897 5353 ipsum
924 5284 1186 5347 colebant,
1214 5287 1549 5338 resilierunt:
1584 5285 1781 5339 inimici
1805 5301 1933 5340 vero
1956 5296 2008 5342 et
2039 5289 2132 5344 ad-

548 5378 766 5432 versarii
801 5375 852 5428 in
886 5375 1061 5429 medio
1091 5375 1345 5446 positum,
1387 5376 1664 5442 conviciis,
1702 5377 1834 5440 risu,
1868 5379 2132 5434 illusioni-

549 5475 645 5527 bus
686 5469 1113 5525 dehonestarnnt
1136 5510 1149 5530 ,
1179 5467 1386 5533 Judaei,
1413 5469 1630 5535 milites,
1665 5470 1790 5524 hinc
1819 5481 1874 5526 et
1901 5471 2024 5526 inde
2052 5473 2134 5524 la-

549 5574 728 5617 trones
760 5579 772 5614 :
805 5560 963 5613 ambo
991 5561 1186 5628 quippe
1223 5559 1455 5614 latrones
1485 5559 1657 5629 ipsum
1687 5561 1896 5630 probris
1922 5570 1976 5616 et
2001 5576 2135 5616 con-

551 5657 784 5712 tumeliis
808 5654 1127 5710 aflicicbant.
1162 5652 1439 5721 Quomodo
1465 5668 1592 5724 ergo
1611 5653 1783 5709 Lucas
1799 5653 1944 5721 dicit,
1970 5670 2132 5710 unum

623 5841 648 5875 ι
678 5842 1000 5905 Alllbabent,
1028 5845 1072 5896 si
1110 5845 1266 5897 Filias
1309 5846 1394 5898 Dei
1414 5862 1486 5910 es,
1517 5847 1656 5898 salva
1686 5847 2003 5914 temetipsum.

2203 695 2360 755 bant,
2405 702 2588 762 postea
2629 710 2737 748 non
2786 695 2938 748 item.
2970 694 3047 749 Ne
3088 704 3241 764 putes
3290 696 3432 750 enim
3470 711 3534 750 ex
3555 696 3797 765 quodam

2202 798 2358 856 pacto
2384 801 2497 842 rem
2526 794 2728 856 gestam
2766 787 2952 850 fuisse,
2980 797 3072 841 aut
3101 787 3362 843 latronem
3393 803 3497 842 non
3528 788 3699 842 fuisse
3726 789 3799 844 la-

2205 888 2434 940 tronem,
2467 891 2497 930 a
2524 878 2844 931 contumelia
2877 877 3006 932 illud
3035 877 3125 932 tibi
3157 878 3393 933 declarat
3420 895 3433 930 :
3479 894 3720 948 superne
3748 879 3798 931 in

2203 984 2362 1023 cruce
2389 970 2525 1023 latro
2549 980 2666 1023 erat
2692 978 2746 1024 et
2776 970 3052 1035 inimicus;
3075 969 3167 1024 sed
3190 979 3413 1040 repente
3434 980 3672 1026 mutatus
3691 981 3798 1024 est.

2209 1062 2333 1116 Htcc
2360 1063 2517 1132 igitur
2535 1063 2712 1117 omnia
2741 1071 2915 1118 tecum
2947 1073 3199 1133 reputans
3232 1066 3629 1134 philosophare.
3658 1065 3798 1133 Quid

2205 1158 2346 1209 enim
2366 1167 2571 1210 tantum
2597 1159 2810 1224 pateris,
2841 1167 3096 1226 quantum
3129 1158 3386 1213 Dominus
3415 1159 3572 1214 tuus?
3597 1174 3672 1212 an
3706 1175 3801 1228 ptr-

2205 1248 2346 1300 blice
2374 1248 2704 1317 vituperatus
2731 1251 2831 1302 es?
2857 1249 2961 1303 Sed
2994 1266 3098 1303 non
3138 1266 3259 1304 cum
3305 1252 3464 1303 tantis
3508 1261 3794 1305 contume-

2209 1339 2312 1392 liis.
2340 1339 2665 1394 Verberibus
2693 1355 2866 1395 cmsus
2891 1341 2983 1394 es?
3008 1341 3111 1394 Sed
3144 1358 3246 1396 non
3273 1352 3384 1395 toto
3411 1358 3640 1412 corpore
3661 1384 3676 1403 ,
3703 1357 3800 1397 ne.—

2207 1447 2311 1499 que
2331 1431 2399 1484 ita
2419 1430 2647 1484 nudatus
2669 1440 2725 1486 et
2749 1432 3065 1501 ﬂagellatus.
3090 1433 3146 1488 Si
3169 1444 3345 1488 autem
3367 1433 3604 1503 colaphis
3624 1449 3801 1489 etesiis

2208 1539 2288 1585 cs.
2321 1534 2375 1578 at
2407 1541 2508 1578 non
2537 1525 2630 1581 illo
2669 1525 2844 1580 modo.

2281 1616 2335 1669 3.
2368 1615 2462 1669 His
2502 1616 2639 1672 adde
2681 1633 2710 1670 a
2756 1616 2984 1686 quibus.
3032 1633 3236 1687 quare,
3278 1618 3536 1687 quando:
3574 1627 3630 1672 et
3657 1617 3799 1687 quod

2208 1707 2577 1776 gravissimum
2611 1716 2710 1771 est,
2742 1707 2866 1762 dum
2897 1708 3009 1762 haec
3055 1709 3264 1774 fierent,
3301 1725 3460 1764 nemo
3491 1710 3800 1776 petulantes

2211 1796 2466 1865 arguebat
2491 1797 2576 1852 vel
2605 1797 2947 1868 increpabat;
2979 1812 3162 1854 contra
3190 1817 3350 1863 vero,
3382 1801 3702 1868 laudabant,
3729 1802 3801 1855 si-

2213 1889 2329 1943 mul
2371 1888 2652 1954 ridebant,
2685 1890 2842 1944 simul
2890 1891 3184 1946 illudebant
3210 1901 3264 1947 et
3291 1900 3347 1946 ut
3373 1900 3714 1961 armgantem
3741 1907 3803 1944 ac

2213 1982 2548 2037 seductorem
2570 2025 2585 2047 ,
2608 1984 2698 2052 qui
2731 2000 2833 2037 non
2865 1993 3046 2053 posset
3073 1985 3214 2042 dicta
3245 2001 3340 2041 sua
3369 1986 3620 2056 operibus
3649 2001 3801 2042 com-

2214 2073 2462 2142 probare.
2493 2075 2570 2129 sic
2597 2075 2855 2129 conviciis
2884 2075 3230 2144 impetebant.
3255 2076 3348 2130 Ille
3370 2092 3496 2131 vero
3522 2076 3591 2132 ad
3621 2077 3802 2132 omnia

2217 2167 2457 2232 tacebat,
2492 2183 2681 2237 magna
2714 2169 2868 2223 nobis
2899 2170 3132 2224 remedia
3163 2185 3354 2238 parans
3382 2171 3448 2224 ad
3491 2172 3802 2240 patientiam

2215 2260 2593 2313 exercendam.
2625 2259 2727 2315 Sed
2761 2276 2858 2314 nos
2889 2261 3003 2315 haec
3030 2260 3338 2328 audientes,
3368 2279 3434 2318 ne
3460 2278 3652 2318 servos
3682 2263 3804 2333 qui-

2206 2347 2336 2402 dem
2383 2357 2597 2405 nostros
2627 2349 2768 2406 ferre
2800 2366 3081 2420 possumus
3106 2395 3122 2417 ,
3153 2357 3245 2408 sed
3294 2355 3573 2424 plusquam
3616 2355 3802 2423 onagri

2219 2438 2537 2493 insultamus
2564 2483 2577 2502 ,
2608 2441 2947 2496 calcitramus
2969 2483 2983 2508 ,
3016 2443 3156 2498 circa
3195 2459 3256 2498 ea
3288 2460 3405 2514 qua:
3436 2459 3532 2498 nos
3561 2454 3805 2516 spectant

2217 2533 2463 2587 crudeles
2490 2541 2544 2588 et
2583 2533 2856 2588 inhumani
2883 2577 2898 2600 ,
2931 2551 2992 2589 ca
3031 2551 3160 2591 vero
3190 2553 3308 2605 quae
3337 2537 3401 2590 ad
3447 2537 3610 2591 Dcum
3644 2538 3806 2606 perti-

2220 2633 2348 2677 nent
2374 2641 2477 2679 non
2508 2627 2637 2680 tanti
2662 2627 2934 2682 facientes.
2963 2627 3116 2682 Circa
3145 2629 3345 2683 amicos
3374 2629 3534 2683 etiam
3561 2629 3806 2683 similiter

2219 2716 2392 2771 affecti
2423 2733 2608 2773 sumus
2634 2737 2646 2772 :
2681 2721 2724 2773 si
2759 2721 2877 2788 quis
2909 2737 3008 2777 nos
3039 2719 3270 2776 oﬂ‘endat
3292 2765 3307 2788 ,
3339 2737 3441 2776 non
3476 2723 3696 2777 ferimus
3721 2740 3733 2786 ;
3761 2723 3802 2776 si

2220 2808 2543 2863 contumelia
2571 2810 2799 2874 alliciat,
2835 2813 2953 2880 plus
2984 2830 3143 2884 quam
3172 2814 3342 2868 bellua
3373 2816 3578 2885 qumvis
3612 2815 3803 2870 feror-io

2221 2915 2374 2964 mus,
2418 2902 2507 2971 qui
2555 2911 2733 2958 tamen
2784 2905 2898 2960 lucc
2943 2907 3181 2976 quotidie
3222 2907 3462 2976 legimus.
3507 2908 3805 2977 Discipulos

2223 2995 2489 3062 prodidit,
2519 2998 2709 3067 reliqui
2740 2998 2828 3052 illo
2859 2999 3050 3054 relicto
3082 2999 3328 3070 fugerunt
3357 3020 3368 3053 :
3417 3001 3502 3055 alii
3535 3001 3804 3056 beneficiis

2224 3087 2397 3142 affecti
2426 3101 2826 3158 conspnerunt;
2869 3107 3058 3146 servus
3088 3095 3282 3146 summi
3315 3094 3575 3162 pontificis
3601 3095 3803 3161 alapam

2225 3181 2373 3236 dedit
2398 3199 2412 3247 ;
2442 3183 2642 3238 milites
2666 3184 2908 3254 colaphis
2937 3186 3280 3252 ceciderunt;
3312 3187 3402 3259 qui
3433 3188 3806 3256 prmterihant,

2225 3272 2522 3328 illudebant
2547 3283 2601 3330 et
2625 3276 3062 3332 conviciabantnr
3089 3278 3137 3332 ei
3161 3294 3176 3342 ;
3209 3279 3441 3333 latrones
3464 3279 3806 3334 incusabant:

2226 3374 2280 3420 et
2304 3365 2561 3422 adversus
2586 3367 2702 3422 haec
2728 3385 2794 3423 ne
2821 3371 3040 3424 verbum
3073 3371 3286 3439 quidem
3319 3371 3406 3427 ille
3434 3373 3656 3441 protulit
3675 3414 3688 3437 ,
3717 3372 3805 3425 sed

2225 3457 2439 3512 silentio
2478 3474 2666 3514 omnes
2711 3462 2868 3526 vicit,
2921 3470 2977 3516 ut
3008 3472 3058 3517 te
3106 3463 3356 3532 operibus
3388 3465 3727 3530 institueret,
3761 3477 3806 3517 te

2227 3552 2427 3610 quanto
2455 3547 2787 3600 mansuetius
2815 3547 2952 3601 feres
2972 3589 2986 3612 ,
3019 3557 3166 3601 tanto
3192 3549 3362 3617 magis
3390 3551 3526 3603 male
3553 3549 3806 3604 facientes

2229 3646 2628 3701 snperaturum,
2659 3638 3012 3707 omnibusque
3040 3639 3375 3702 admirationi
3405 3640 3663 3694 futurum.
3688 3641 3808 3708 Quis

2231 3725 2372 3777 enim
2400 3742 2502 3778 non
2529 3728 2750 3781 miretur
2767 3743 2886 3780 eum
2906 3731 2992 3798 qui
3015 3730 3364 3784 contumelias
3390 3730 3491 3785 fert
3511 3731 3807 3801 patienter?

2229 3816 2692 3882 Quemadmodum
2722 3819 2861 3872 enim
2893 3820 2935 3873 si
2966 3821 3085 3890 quis
3117 3823 3276 3875 etiam
3302 3822 3444 3890 juste
3470 3825 3700 3891 patiatur
3719 3865 3732 3886 ,
3759 3831 3808 3875 et

2233 3910 2430 3964 malum
2456 3919 2734 3965 mansuete
2761 3911 2918 3977 ferat,
2943 3928 2970 3965 a
2994 3914 3175 3968 multis
3204 3922 3423 3983 putatur
3449 3915 3645 3984 injuste
3671 3914 3770 3984 pati
3793 3931 3804 3964 :

2215 4001 2304 4054 «ita
2333 4001 2376 4054 si
2407 4001 2604 4072 injuste
2631 4003 2858 4071 patiatur
2883 4013 2938 4059 et
2966 4003 3186 4058 ferociat
3211 4048 3226 4068 ,
3253 4020 3312 4060 se
3335 4006 3478 4074 justc
3503 4009 3610 4076 pati
3641 4008 3692 4061 in
3728 4022 3809 4060 sn-

2231 4093 2522 4160 spicionem
2555 4093 2754 4159 veniet,
2782 4103 2836 4148 et
2865 4094 3118 4149 ridiculus
3145 4097 3268 4159 erit,
3289 4105 3348 4150 ut
3375 4099 3619 4165 captivus
3644 4099 3712 4152 ab
3739 4099 3805 4151 ira

2221 4189 2556 4248 pertractus,
2586 4185 2674 4252 qui
2701 4185 3033 4238 nobilitatem
3058 4199 3209 4239 suam
3234 4186 3482 4254 perdidit.
3507 4187 3650 4242 Talis
3668 4189 3811 4258 quip-

2235 4287 2300 4340 pe
2324 4273 2485 4327 homo
2509 4290 2608 4330 nec
2635 4275 2773 4330 liber
2791 4276 3004 4346 quidem
3027 4277 3296 4331 vocandus
3316 4289 3418 4345 est,
3444 4280 3651 4332 etiamsi
3677 4279 3810 4332 mille

2234 4364 2403 4417 servis
2449 4363 2776 4420 dominetur.
2831 4369 2899 4421 At
2945 4377 2995 4421 te
3025 4368 3311 4422 admodum
3344 4370 3432 4424 ille
3464 4371 3724 4424 irritavit?
3750 4369 3811 4423 Et

2235 4455 2356 4523 quid
2387 4456 2527 4510 hoc?
2552 4457 2703 4512 Tunc
2723 4459 2864 4512 enim
2893 4458 3283 4529 philosophiam
3309 4463 3565 4516 exhibere
3589 4479 3684 4532 par
3699 4471 3805 4516 est:

2235 4564 2356 4604 cum
2385 4551 2528 4605 enim
2557 4556 2794 4607 concitat
2824 4570 2981 4610 nemo
3006 4598 3020 4620 ,
3056 4556 3196 4625 ipsas
3229 4557 3366 4612 feras
3408 4568 3711 4614 mansuetas
3736 4557 3808 4608 vi-

2222 4639 2426 4696 demus
2449 4657 2467 4694 :
2501 4658 2606 4696 non
2638 4658 2853 4713 semper
2888 4645 3032 4699 enim
3078 4646 3378 4709 ferociunt,
3414 4648 3508 4703 sed
3538 4664 3659 4703 cum
3701 4648 3809 4718 quis

2239 4731 2356 4784 illas
2384 4733 2754 4788 concitaverit.
2787 4733 2896 4789 Nos
2936 4751 3150 4806 quoque
3175 4738 3217 4790 si
3251 4747 3377 4793 tunc
3411 4748 3614 4792 tantum
3656 4738 3809 4810 quieti

2236 4837 2420 4876 sumus
2441 4865 2456 4888 ,
2487 4840 2607 4878 cum
2641 4839 2801 4881 nemo
2831 4841 2927 4880 nos
2955 4831 3225 4892 concitat,
3259 4830 3384 4899 quid
3419 4833 3648 4899 amplius
3679 4844 3806 4902 prte-

2237 4917 2480 4970 stamus?
2514 4916 2619 4970 Ill:c
2648 4919 2790 4971 enim
2833 4935 2974 4990 sape
2997 4919 3141 4989 juste
3170 4922 3509 4991 indignantur
3532 4967 3546 4989 ,
3579 4942 3633 4978 et
3661 4938 3810 4980 διευς

2237 5006 2632 5076 Saripossunt;
2680 5024 2801 5062 nam
2846 5021 3130 5066 commota:
3155 5023 3207 5066 et
3255 5022 3463 5082 puncta:
3508 5015 3807 5074 irritantur;

2237 5109 2496 5167 praeterea
2523 5100 2747 5154 rationis
2775 5110 2899 5155 sunt
2927 5111 3177 5170 expertes
3197 5144 3211 5164 .
3245 5113 3298 5158 et
3324 5120 3390 5159 ex
3424 5117 3608 5159 natura
3639 5106 3810 5161 ferita-

2239 5201 2347 5246 tem
2375 5191 2595 5247 habent.
2641 5192 2720 5245 Tu
2752 5208 2878 5246 vero
2905 5194 2946 5247 si
2981 5195 3204 5248 ferocius
3224 5236 3239 5261 ,
3270 5197 3442 5261 unde,
3475 5213 3656 5266 quaso
3679 5238 3693 5261 ,
3725 5209 3806 5264 p0-

2242 5285 2368 5337 teris
2393 5285 2600 5337 veniam
2623 5285 2912 5352 consequi?
2933 5285 3061 5354 quid
3083 5286 3206 5339 mali
3236 5301 3422 5355 passus
3444 5303 3520 5348 es,
3550 5284 3812 5356 rapinam?

2240 5377 2365 5430 Ideo
2396 5377 2538 5432 ferre
2565 5386 2810 5446 oportet,
2845 5377 2968 5448 quia
2999 5381 3168 5448 magis
3199 5380 3510 5434 lucraberis.
3532 5379 3637 5435 Sed
3669 5381 3717 5433 in
3745 5380 3809 5430 fa-

2241 5484 2324 5522 ma
2357 5470 2516 5524 laesus
2543 5470 2641 5522 es?
2667 5469 2736 5524 Et
2759 5470 2884 5538 quid
2915 5470 3058 5526 hoc?
3081 5471 3196 5525 Non
3222 5471 3364 5525 enim
3397 5472 3574 5526 minor
3602 5471 3718 5525 ideo
3736 5483 3807 5526 es.

2241 5561 2290 5614 sit
2314 5560 2728 5629 philosopheris.
2754 5562 2811 5616 Si
2839 5577 2966 5616 vero
2994 5563 3124 5616 nihil
3151 5563 3330 5616 damni
3356 5563 3574 5631 pateris,
3605 5577 3700 5617 cur
3719 5561 3810 5613 ira—

2241 5657 2407 5711 sceris
2428 5655 2686 5710 adversus
2706 5671 2827 5710 eum
2857 5657 2945 5725 qui
2975 5655 3106 5710 nihil
3137 5656 3230 5709 tibi
3259 5654 3416 5709 infert
3439 5655 3590 5716 mali,
3621 5652 3710 5708 sed
3730 5643 3808 5718 qui

2241 5749 2400 5802 etiam
2447 5747 2668 5818 prodest
2694 5747 2833 5802 tibi?
2872 5747 2973 5814 Qui
3020 5748 3162 5802 enim
3210 5747 3506 5810 honorant,
3553 5744 3808 5798 molliores

2245 5855 2344 5896 nos
2368 5840 2619 5908 reddunt,
2650 5840 2694 5898 si
2728 5856 2833 5895 non
2873 5841 3154 5920 vigilemus
3179 5856 3195 5906 ;
3229 5838 3319 5910 qui
3349 5850 3473 5894 vero
3501 5832 3803 5892 contumelia
