4074 6398
342 358 445 415 773

339 473 587 545 alliciunt
612 480 668 526 et
714 478 1084 529 contemnunt,
1113 482 1207 522 eos
1227 507 1242 532 ,
1271 467 1357 535 qui
1389 466 1487 518 sibi
1517 464 1812 522 attendunt,
1837 462 1927 515 lir-

344 569 544 621 niiores
579 563 829 618 reddunt.
864 562 996 616 Nam
1024 560 1236 614 desides
1259 559 1427 628 magis
1454 555 1722 611 lavduutur
1751 555 1930 610 lauda-

345 661 406 722 ti,
431 672 588 725 quam
619 654 940 708 contumeiia
964 652 1155 706 aii'ecti.
1182 650 1282 716 Qui
1306 650 1522 714 laedunt,
1555 649 1596 703 si
1620 648 1926 716 vigilemus,

344 747 500 800 nobis
529 743 880 814 philosophiae
900 757 1060 796 causa
1089 751 1246 806 sunt;
1268 741 1358 810 qui
1393 753 1522 793 vero
1543 738 1786 799 laudant,
1814 737 1929 790 ela—

343 846 427 888 tos
455 833 682 888 reddunt
706 874 721 898 ,
750 842 1061 901 arrogantes
1080 873 1094 895 ,
1123 845 1272 883 vana:
1297 829 1478 899 gloria:
1502 827 1754 896 cupidos,
1788 827 1929 880 desi-

340 927 478 990 des,
505 925 686 978 animo
729 923 1026 978 molliores.
1079 921 1242 991 Cujus
1285 921 1362 974 rei
1391 929 1557 974 testes
1589 926 1714 972 sunt
1754 926 1932 986 patres

349 1020 441 1089 qui
475 1019 611 1072 lilios
656 1031 782 1072 suos
812 1032 916 1070 non
950 1027 1054 1070 tam
1084 1015 1368 1070 adulantur
1399 1029 1556 1084 quam
1588 1013 1890 1080 vituperant
1916 1052 1931 1076 ,

349 1109 506 1164 veriti
537 1125 604 1162 ne
631 1108 772 1177 quod
801 1106 924 1161 inde
950 1106 1201 1161 damnum
1225 1105 1523 1175 patiantur;
1547 1103 1781 1171 magistri
1804 1117 1936 1170 quo-

344 1219 452 1272 que
481 1201 582 1256 hoc
613 1209 832 1255 utuntur
877 1199 1136 1254 remedio.
1167 1198 1344 1266 Quare
1370 1197 1414 1250 si
1443 1197 1746 1266 quempiam
1774 1209 1933 1247 aver-

344 1293 456 1346 sari
489 1307 584 1361 par
608 1291 719 1356 sit,
748 1291 1076 1344 adulatorem
1106 1289 1283 1359 potius
1313 1301 1589 1350 aversarc,
1622 1302 1778 1355 quam
1806 1299 1932 1338 con-

348 1382 724 1436 tumeliosum:
757 1380 1012 1446 majorem
1041 1380 1236 1448 quippe
1267 1393 1370 1432 non
1399 1377 1620 1431 attentis
1641 1376 1792 1429 all'ert
1815 1390 1933 1444 per-

359 1475 549 1528 niciem
577 1472 897 1526 adulationis
923 1471 1170 1525 illecebra
1191 1509 1208 1536 ,
1237 1485 1394 1538 quam
1422 1467 1763 1530 contumelia,
1789 1465 1931 1520 diffi-

349 1562 611 1632 ciliusque
647 1570 731 1616 est
775 1560 950 1628 hanc,
990 1576 1148 1631 quam
1191 1561 1332 1614 illam
1375 1573 1628 1629 superare
1676 1558 1714 1611 ⁸.
1770 1557 1934 1611 Multo

355 1653 526 1723 major
571 1653 694 1708 inde
721 1668 929 1708 merces
949 1695 964 1719 ,
1012 1653 1178 1707 multo
1209 1653 1380 1722 major
1424 1652 1539 1705 laus
1563 1658 1621 1705 et
1651 1649 1932 1704 admiratio

357 1746 620 1814 sequitur.
649 1744 779 1798 Nam
807 1744 1102 1798 mirabilius
1125 1754 1207 1797 est
1237 1743 1507 1797 hominem
1538 1741 1718 1796 videre
1746 1751 1933 1796 contu-

357 1837 530 1890 meliis
555 1835 826 1898 affectum,
853 1850 949 1889 nec
969 1843 1313 1898 commotum,
1337 1849 1492 1903 quam
1519 1832 1784 1886 hominem
1807 1847 1931 1900 pcr-

354 1942 568 1982 eussum
591 1969 606 1994 ,
637 1943 735 1982 nec
760 1926 1061 1982 cadentem.
1099 1926 1165 1979 Et
1208 1924 1475 1995 quomodo
1495 1965 1510 1989 ,
1539 1924 1746 1992 inquies
1765 1965 1780 1987 ,
1812 1937 1932 1991 pos-

353 2033 536 2072 sumus
566 2035 668 2072 non
715 2019 1078 2074 commoveri?
1103 2018 1178 2072 Te
1218 2015 1536 2072 contumelia
1561 2016 1682 2085 quis
1708 2015 1918 2069 aﬂccit?

351 2112 546 2166 Pectus
590 2127 752 2167 cruce
781 2113 988 2182 signato
1010 2153 1024 2176 ,
1056 2111 1343 2165 recordare
1386 2109 1622 2163 omnium
1657 2123 1776 2178 quze
1806 2117 1931 2161 tunc

348 2211 497 2271 gesta
524 2211 647 2256 sunt
671 2245 686 2268 ,
718 2211 773 2256 et
811 2203 988 2256 omnia
1019 2202 1448 2271 exstinguuntur.
1479 2198 1555 2254 Ne
1579 2197 1930 2253 contumelias

347 2300 553 2346 tantum
603 2293 802 2362 cogites
827 2335 843 2360 ,
873 2293 965 2346 sed
995 2303 1049 2347 et
1075 2292 1118 2346 si
1145 2291 1270 2362 quid
1301 2291 1392 2346 tibi
1438 2289 1562 2344 boni
1588 2304 1616 2343 a
1650 2299 1928 2343 contume-

351 2385 490 2440 lioso
517 2385 609 2438 illo
653 2386 953 2450 advenerit,
1004 2387 1056 2438 in
1102 2394 1335 2440 mentem
1371 2391 1640 2449 revocato,
1667 2393 1722 2436 et
1751 2383 1928 2435 statim

351 2478 678 2531 mansuetior
709 2476 822 2530 fies.
861 2478 971 2532 lmo
1001 2479 1177 2548 potius
1204 2487 1326 2531 ante
1353 2477 1528 2531 omnia
1559 2475 1649 2531 Dei
1683 2476 1928 2530 timorem

347 2567 398 2620 in
429 2577 604 2622 mente
651 2569 882 2633 habeas,
929 2581 982 2624 et
1031 2571 1212 2622 statim
1258 2568 1584 2622 moderatior
1624 2566 1930 2637 :equiorque

350 2660 480 2714 eris.

419 2753 472 2806 4.
504 2751 582 2806 Ad
623 2752 774 2819 haec,
808 2767 837 2807 a
879 2753 1050 2807 servis
1076 2755 1180 2806 tuis
1223 2751 1602 2807 documentum
1648 2751 1924 2819 suscipias.

357 2841 425 2897 Et
454 2859 572 2897 cum
597 2844 795 2898 videris
817 2855 867 2897 te
888 2844 1293 2907 conviciantem,
1324 2843 1468 2896 illum
1493 2857 1618 2895 vero
1642 2851 1923 2904 tacentem,

347 2936 521 3005 cogita
551 2945 604 2990 te
631 2935 1001 3006 pbiloSthari
1032 2950 1188 3004 posse
1208 2977 1222 3000 ,
1256 2944 1410 3002 teque
1436 2941 1806 3001 exasperatum
1835 2931 1929 2984 da-

345 3042 488 3081 mna.
515 3032 686 3097 Atque
711 3027 760 3080 in
787 3027 903 3098 ipso
925 3024 1370 3080 contumeliarum
1396 3032 1633 3092 tempore
1653 3021 1798 3074 disce
1822 3036 1928 3073 non

343 3119 717 3173 contumeliam
755 3119 952 3173 inferre
970 3158 984 3182 ,
1009 3125 1059 3171 et
1087 3117 1164 3170 sic
1193 3130 1288 3169 nec
1317 3116 1428 3184 ipse
1454 3113 1787 3168 contumeliis
1808 3111 1927 3166 affe-

344 3222 461 3266 ctus
504 3211 729 3266 dolebis.
779 3211 962 3281 Cogita
1007 3225 1130 3264 eum
1176 3208 1269 3278 qui
1313 3206 1651 3261 contumeliis
1678 3203 1846 3258 abicit
1873 3211 1928 3258 et

345 3304 475 3358 furit
504 3319 608 3358 non
639 3303 720 3357 sui
764 3311 1066 3371 compotem
1115 3315 1232 3356 esse
1253 3342 1269 3365 ,
1297 3309 1352 3353 et
1377 3299 1456 3353 sic
1499 3297 1566 3352 de
1603 3296 1926 3352 contumelia

346 3411 452 3450 non
482 3396 877 3466 indignaberis:
911 3411 1030 3448 nam
1058 3406 1109 3449 et
1139 3391 1454 3448 daemoniaci
1483 3406 1580 3445 nos
1610 3390 1922 3456 verberant,

347 3504 448 3544 nec
477 3487 634 3542 modo
661 3504 769 3542 non
803 3501 1100 3552 movemur,
1129 3485 1225 3540 sed
1255 3485 1413 3538 etiam
1443 3481 1563 3538 illos
1587 3483 1923 3537 miseramur.

345 3577 458 3632 lluc
483 3586 538 3632 et
568 3586 620 3632 tu
649 3579 838 3642 facito:
869 3577 1128 3631 miserare
1153 3575 1625 3641 contumeliosum;
1657 3575 1732 3629 ira
1759 3574 1924 3640 enim,

347 3672 494 3739 gravi
528 3670 638 3725 fera
665 3712 679 3735 ,
712 3671 1000 3735 detinetur,
1035 3669 1279 3725 daemone
1307 3669 1630 3739 pernicioso.
1661 3667 1823 3722 Solve
1850 3668 1930 3735 ip-

347 3779 462 3818 sum
506 3764 594 3831 qui
623 3762 689 3816 ab
743 3761 1044 3829 hujusmodi
1093 3761 1337 3815 dzemone
1379 3770 1632 3824 vexatur,
1682 3767 1736 3812 et
1779 3758 1924 3812 brevi

349 3862 588 3922 tempore
614 3853 994 3921 corrumpitur.
1027 3852 1171 3906 Talis
1201 3854 1397 3922 quippe
1441 3851 1527 3906 hic
1556 3851 1774 3905 morbus
1803 3861 1882 3904 est
1905 3891 1922 3916 ,

347 3943 437 4014 qui
461 3944 525 3997 ad
555 3944 843 4012 perniciem
864 3944 992 4014 a‘gri
1021 3957 1123 3996 non
1151 3943 1319 3996 multo
1338 3950 1490 4012 egeat
1517 3951 1773 4010 tempore.
1802 3938 1925 3992 ideo

345 4033 556 4088 dicebat
595 4034 898 4104 quiSpiam:
951 4032 1264 4086 Iumentum
1306 4032 1495 4102 furoris
1532 4033 1641 4101 ejus
1669 4047 1815 4084 casus
1854 4039 1926 4083 est

345 4128 447 4196 ipsi
494 4126 695 4198 (Eccli.
744 4129 794 4184 l.
822 4127 929 4198 28)
957 4146 969 4180 :
1003 4143 1108 4198 quo
1149 4127 1379 4180 maxime
1407 4125 1740 4197 tyrannidem
1771 4139 1921 4178 suam

344 4219 612 4286 ostendit,
641 4220 778 4289 quod
811 4220 954 4274 brevi
1006 4205 1247 4290 tempore
1289 4225 1434 4271 tanta
1463 4227 1717 4287 eperetur
1744 4215 1881 4269 mala
1907 4255 1922 4280 ,

347 4325 446 4365 nec
475 4327 620 4365 mora
650 4325 783 4379 opus
812 4311 1004 4366 habeat
1029 4329 1042 4364 :
1071 4319 1126 4365 et
1150 4310 1195 4364 si
1224 4311 1275 4363 in
1302 4309 1351 4362 vi
1383 4301 1478 4363 sua
1526 4317 1921 4378 perseveraret,

346 4402 432 4454 vix
481 4403 796 4472 superabilis
838 4411 998 4457 esset.
1029 4401 1232 4456 Vellem
1265 4400 1548 4456 ostendere
1574 4442 1589 4466 ,
1633 4401 1752 4470 quis
1783 4401 1850 4454 sit
1881 4402 1926 4455 is

344 4493 434 4562 qui
455 4494 802 4555 conviciatur,
825 4495 943 4562 quis
971 4494 1058 4548 ille
1086 4494 1174 4562 qui
1201 4493 1624 4563 philosophatur,
1647 4501 1703 4547 et
1731 4493 1923 4546 nudam

347 4586 622 4654 utriusque
668 4585 899 4640 animam
931 4587 982 4640 in
1015 4587 1245 4640 medium
1289 4585 1498 4642 afferre.
1532 4585 1750 4641 Videres
1782 4585 1926 4641 illam

343 4677 573 4732 similem
598 4692 722 4732 esse
751 4678 935 4748 pelago
956 4677 1202 4732 ﬂuctibus
1228 4680 1446 4749 agitato,
1479 4679 1616 4733 hanc
1641 4679 1926 4748 tranquillo

345 4771 541 4838 portui.
574 4771 759 4842 Neque
805 4772 949 4826 enim
984 4772 1227 4827 turbatur
1251 4787 1281 4825 a
1313 4772 1555 4842 malignis
1581 4773 1753 4826 ventis
1773 4812 1787 4836 ,
1832 4771 1926 4826 sed

267 4873 272 4876 ’
346 4861 468 4916 illos
498 4861 653 4918 facile
698 4865 869 4918 sedat.
897 4863 1027 4918 Nam
1053 4863 1140 4932 qui
1172 4864 1524 4918 contumelias
1552 4862 1808 4926 inferunt,
1841 4864 1924 4917 ni-

350 4950 422 5004 hil
453 4967 558 5007 non
583 4961 748 5021 agunt
771 4963 824 5007 ut
853 4954 1164 5017 mordeant;
1195 4967 1318 5008 cum
1340 4962 1518 5007 autem
1547 4953 1645 5008 hac
1671 4967 1766 5022 spe
1795 4953 1927 5022 lapsi

351 5053 492 5109 sunt,
517 5045 615 5114 ipsi
637 5045 850 5100 demum
878 5045 1148 5110 sedantur,
1174 5057 1226 5100 et
1250 5046 1515 5101 emendati
1541 5046 1753 5100 abeunt.
1787 5045 1926 5102 Fieri

369 5251 381 5262 .
410 5191 430 5223 ⁸
458 5192 710 5264 'ltic‘locus
731 5196 802 5244 sic
842 5196 1052 5264 habetur
1075 5197 1199 5264 apud
1239 5197 1482 5249 Moutf.....
1524 5212 1670 5261 quam
1690 5205 1928 5264 contume-

344 5251 431 5304 lia.
445 5253 479 5322 ,[
495 5254 875 5326 Adtﬁaﬂﬁtiqguasi
897 5270 1025 5326 esca
1041 5251 1265 5319 quiedam
1284 5266 1486 5326 estque:
1508 5251 1599 5310 non
1631 5261 1927 5326 attendentes

344 5316 546 5390 rppiatJ
567 5316 899 5390 difﬁciliusque
915 5325 986 5367 est
1003 5316 1132 5390 [ioue
1148 5333 1289 5390 quam
1315 5316 1446 5370 iiliim
1464 5337 1708 5384 superare.
1735 5325 1927 5372 L'ueinis

347 5376 511 5426 clausa
541 5376 641 5426 non'
661 5376 974 5441 reperiuntur
1003 5383 1048 5428 in
1075 5376 1214 5430 textu
1237 5385 1422 5433 tira‘w.

1156 352 1220 408 IN
1260 350 1663 408 MATTll/Ell.“
1707 350 1930 406 llOMIL.
1975 350 2276 407 LXXXV“.
2316 351 2383 405 al.
2428 351 2756 407 LXXXVIII.

3511 361 3578 415 77
3587 367 3616 418 .l.

2034 464 2173 516 enim
2199 463 2380 532 nequit
2407 473 2464 517 ut
2490 465 2570 518 vir
2595 465 2762 519 iratus
2791 481 2892 518 non
2926 480 2983 518 se
3012 465 3296 519 :nlmodum
3322 467 3605 536 improbet.

2027 561 2172 614 sicut
2197 561 2312 613 iieri
2357 561 2547 629 nequit
2581 572 2638 612 ut
2667 559 2757 629 qui
2787 575 2890 614 non
2922 558 3178 612 irascitur
3207 559 3444 629 seipsum
3475 574 3608 612 con-

2025 651 2262 705 demnct.
2285 650 2416 704 Nam
2437 653 2482 706 si
2503 653 2555 704 in
2571 653 2809 721 aliquem
2828 653 3113 722 insurgere
3133 659 3399 721 oporteat,
3420 649 3472 704 id
3489 649 3611 705 sine

2026 741 2104 794 ira
2132 751 2309 809 potest
2329 742 2466 808 licri,
2495 753 2548 797 et
2569 743 2786 812 quidem
2813 741 3028 795 facilius
3049 742 3478 811 prudentiusque
3501 751 3606 805 est,

2025 850 2190 903 quam
2211 834 2409 887 iratum
2431 834 2480 887 id
2505 834 2713 888 lacere;
2743 835 2986 903 nihilque
3017 835 3286 903 ingratum
3311 835 3608 903 patiemur.

2026 927 2082 980 Si
2105 942 2340 994 namque
2359 926 2614 990 velimus,
2636 927 2778 996 apud
2799 943 2896 981 nos
2924 928 3070 996 ipsos
3089 926 3229 980 bona
3252 933 3433 992 erunt,
3453 923 3609 994 etju-

2020 1026 2179 1070 vante.
2207 1016 2298 1070 Dei
2322 1018 2490 1084 gratia
2516 1018 2666 1070 nobis
2693 1018 2819 1085 ipsis
2845 1019 2972 1071 satis
2996 1020 3194 1071 erimus
3219 1019 3282 1072 ad
3311 1018 3524 1072 lutelam
3552 1029 3605 1070 et

2023 1106 2302 1160 honorem.
2337 1106 2446 1160 Cur
2475 1108 2618 1161 enim
2668 1107 2889 1176 gloriam
2940 1107 3006 1159 ab
3052 1109 3218 1162 altero
3262 1109 3496 1178 qumris?
3527 1110 3604 1161 'l'u

2022 1197 2248 1265 teipsum
2295 1198 2496 1252 honora
2521 1240 2536 1264 ,
2568 1209 2619 1252 et
2650 1214 2809 1253 nemo
2840 1199 2930 1254 tibi
2985 1201 3178 1268 poterit
3223 1200 3602 1254 contumeliam

2022 1289 2251 1353 inferre;
2283 1290 2326 1343 si
2375 1304 2503 1343 vero
2551 1299 2604 1344 tu
2650 1292 2875 1360 teipsum
2929 1291 3285 1356 deliouestcs,
3317 1292 3521 1346 etiamsi
3557 1303 3607 1344 te

2021 1393 2212 1435 omnes
2243 1379 2530 1443 honorent,
2557 1395 2658 1433 non
2685 1380 2737 1434 in
2763 1381 2965 1434 itoter
2989 1383 3114 1435 eris.
3145 1381 3600 1449 Quemadnwtlum

2022 1472 2163 1526 enim
2197 1469 2299 1524 nisi
2332 1485 2428 1523 nos
2457 1471 2597 1522 malo
2624 1471 2924 1524 imbuamus
2953 1471 3142 1524 affectu
3168 1513 3183 1537 ,
3218 1486 3375 1525 nemo
3407 1486 3502 1524 nos
3532 1472 3608 1523 sie

2024 1561 2265 1618 imbuet:
2299 1560 2378 1614 sic
2408 1560 2508 1613 nisi
2531 1575 2627 1613 nos
2651 1563 2970 1614 contumelia
2995 1559 3308 1625 afliciamns,
3336 1577 3490 1614 nemo
3517 1560 3610 1614 dc-

2022 1651 2318 1706 decorabit.
2345 1651 2427 1704 Sit
2451 1651 2592 1705 enim
2637 1651 2720 1703 vir
2746 1651 3007 1720 quiSpiam
3037 1651 3381 1705 admirandus
3409 1661 3461 1704 ct
3492 1668 3606 1704 ma-

2022 1755 2161 1809 gnus
2183 1783 2198 1806 ,
2227 1756 2523 1810 omnesque
2555 1741 2701 1794 illum
2731 1741 3002 1796 inmchum
3034 1751 3258 1808 vocent,
3288 1742 3455 1795 furem
3481 1783 3495 1808 ,
3525 1758 3608 1796 se-

2026 1833 2337 1902 pulcrorum
2385 1831 2694 1886 cll'ossiirem
2720 1873 2734 1896 ,
2787 1831 3143 1896 homicidam,
3194 1833 3491 1887 latronem:
3523 1835 3608 1888 ille

2024 1939 2153 1978 vero
2194 1939 2293 1978 nec
2325 1933 2604 1978 moveatur
2625 1966 2640 1988 ,
2673 1938 2773 1977 nec
2804 1923 3147 1994 indignetur,
3180 1925 3377 1978 nullius
3421 1940 3605 1979 eorum

2022 2017 2121 2069 sibi
2148 2017 2396 2070 conscius
2431 2035 2444 2071 :
2474 2032 2634 2086 quam
2662 2016 2751 2069 ille
2781 2015 3158 2070 contumeliam
3193 2016 3459 2085 patietur?
3482 2017 3608 2072 Nul-

2023 2106 2127 2160 lam
2175 2107 2354 2178 plane.
2389 2107 2526 2174 Quid
2572 2121 2734 2176 ergo,
2769 2107 3010 2175 inquies,
3046 2106 3091 2160 si
3123 2106 3274 2160 multi
3307 2108 3608 2177 bujusmodi

2021 2197 2088 2250 de
2137 2199 2253 2268 ipso
2299 2198 2606 2267 Opinionem
2654 2196 2923 2251 habeant?
2954 2197 3134 2268 Neque
3165 2199 3242 2252 sic
3285 2201 3606 2254 contumelia

2021 2288 2244 2343 allectus
2273 2299 2356 2343 est
2377 2332 2391 2354 ,
2421 2289 2512 2342 sed
2542 2289 2615 2342 illi
2648 2289 2855 2358 seipsos
2883 2288 3278 2343 dedecorarunt
3298 2331 3312 2354 ,
3358 2290 3496 2360 quod
3531 2301 3608 2343 ta-

2021 2382 2124 2436 lem
2148 2382 2294 2436 illum
2319 2382 2452 2436 falso
2472 2382 2916 2437 existimaveriut.
2953 2382 3045 2435 Dic
3067 2383 3206 2436 enim
3234 2383 3360 2436 mihi
3384 2423 3398 2448 ,
3423 2384 3464 2435 si
3490 2386 3607 2452 quis

2021 2477 2187 2530 Solem
2215 2475 2502 2530 obscurum
2526 2489 2646 2528 esse
2671 2483 2844 2544 putet,
2871 2489 2938 2527 an
2966 2474 3065 2526 soli
3094 2473 3343 2537 detraxit,
3371 2489 3438 2528 an
3466 2475 3562 2526 sibi
3585 2477 3607 2528 ?

2022 2567 2135 2621 Sibi
2183 2571 2363 2636 utique
2383 2609 2399 2631 ,
2450 2567 2575 2620 dum
2624 2566 2722 2618 sibi
2754 2575 2846 2618 aut
2886 2565 3013 2618 caici
3041 2572 3134 2618 aut
3163 2565 3385 2618 furentis
3414 2563 3606 2619 famam

2021 2659 2290 2714 conciliat.
2330 2658 2420 2712 Sic
2445 2665 2500 2712 et
2527 2657 2561 2710 ii
2608 2656 2698 2726 qui
2744 2655 2916 2710 bonos
2965 2671 3084 2709 esse
3128 2654 3299 2708 malos
3329 2663 3546 2722 putant,
3577 2674 3608 2709 e

2020 2750 2292 2804 contrario
2319 2749 2528 2818 seipsos
2552 2746 2818 2802 dedecore
2839 2745 3077 2799 afﬁciunt
3105 2763 3118 2798 :
3152 2745 3270 2798 ideo
3297 2745 3484 2815 majori
3520 2761 3598 2799 cn-

2022 2842 2245 2896 randum
2275 2841 2452 2895 studio
2481 2847 2602 2906 est,
2637 2851 2691 2894 ut
2721 2840 3105 2894 conscientiam
3135 2848 3373 2892 nostram
3404 2853 3605 2906 expur-

2019 2950 2241 3004 gemus,
2272 2948 2444 3002 neque
2471 2946 2655 2985 ansam
2682 2931 2843 2984 ullam
2875 2931 3160 2999 suspicioni
3193 2929 3416 2994 demus;
3441 2933 3485 2982 si
3519 2945 3609 2981 ve-

2021 3042 2082 3080 ro
2108 3027 2198 3079 alii
2227 3025 2406 3079 furere
2433 3023 2721 3089 voluerint,
2753 3023 2907 3077 nobis
2936 3023 3036 3076 hoc
3063 3022 3223 3076 modo
3249 3022 3473 3086 affectis,
3497 3039 3605 3076 non

2021 3119 2071 3174 id
2099 3133 2288 3174 curare
2311 3159 2326 3184 ,
2360 3117 2444 3172 vel
2474 3117 2659 3172 dolere
2689 3129 2825 3184 Opus
2872 3124 2972 3170 est.
3005 3115 3135 3168 Nam
3164 3115 3252 3182 qui
3285 3116 3457 3170 bonus
3485 3131 3605 3168 eum

2021 3211 2125 3276 sit,
2174 3209 2453 3279 improbus
2479 3223 2506 3261 a
2538 3206 2854 3278 quibusdam
2902 3215 3116 3276 putatur
3143 3221 3266 3260 esse
3289 3248 3305 3273 ,
3334 3204 3420 3258 hic
3461 3219 3608 3260 certe

2020 3287 2149 3356 nihil
2180 3302 2303 3356 hinc
2328 3300 2568 3366 laeditur;
2597 3299 2686 3371 qui
2719 3314 2844 3353 vero
2875 3297 2925 3353 id
2959 3298 3094 3353 male
3123 3305 3176 3350 et
3207 3307 3405 3351 temere
3427 3298 3605 3367 suspi-

2017 3403 2169 3449 catus
2194 3401 2297 3459 est,
2324 3392 2368 3446 is
2392 3400 2687 3448 extremam
2715 3388 3012 3460 perniciem
3040 3386 3234 3452 subiit;
3259 3386 3608 3452 quemadmo-

2019 3487 2144 3540 dum
2173 3495 2226 3540 et
2257 3484 2550 3554 improbus,
2584 3481 2630 3536 si
2661 3497 2692 3538 e
2716 3480 2987 3535 contrario
3008 3477 3182 3532 bonus
3201 3491 3324 3532 esse
3351 3484 3566 3547 putetur
3584 3519 3602 3540 ,

2019 3580 2151 3635 nihil
2183 3580 2306 3633 hinc
2336 3576 2670 3640 lucrabitur;
2698 3575 2791 3629 sed
2822 3572 3011 3642 majori
3039 3571 3302 3626 obnoxius
3327 3569 3430 3625 erit
3453 3569 3607 3623 dan:-

2019 3671 2223 3726 nationi
2250 3711 2267 3737 ,
2317 3670 2478 3739 inque
2509 3667 2764 3736 majorem
2797 3665 2996 3718 incidet
3023 3677 3328 3717 nimi-orem.
3357 3661 3487 3715 Nam
3517 3663 3604 3730 qui

2023 3764 2196 3817 malus
2223 3776 2344 3814 cum
2377 3761 2446 3812 sit
2467 3799 2482 3822 ,
2528 3758 2697 3811 malus
2725 3756 3060 3809 existimatur
3084 3768 3202 3806 esse
3222 3794 3236 3818 ,
3271 3753 3404 3805 forte
3436 3751 3611 3803 humi-

2021 3854 2179 3905 liatus
2201 3892 2216 3916 ,
2248 3860 2463 3919 peccata
2496 3862 2590 3900 sua
2621 3847 2859 3910 noverit;
2890 3845 2932 3897 si
2964 3858 3091 3897 vero
3131 3843 3323 3908 lateat,
3352 3844 3403 3896 in
3449 3842 3606 3896 indo-

2021 3943 2235 3998 lentiam
2261 3940 2492 3995 decidet.
2521 3939 2654 4003 Nam
2675 3939 2719 3992 si
2745 3935 3116 3992 accusantibus
3139 3935 3388 3989 omnibus
3414 3951 3604 4004 pecca-

2021 4045 2164 4091 tores
2195 4036 2281 4089 vix
2334 4035 2634 4089 excitantur
2684 4031 2750 4086 ad
2791 4040 3304 4099 compuncttonem:
3346 4045 3467 4083 cum
3501 4046 3607 4084 non

2021 4129 2178 4186 modo
2208 4143 2312 4182 non
2333 4133 2616 4190 accusent,
2643 4124 2736 4180 sed
2761 4124 2918 4178 etiam
2944 4121 3164 4176 laudent
3186 4121 3447 4188 nonnulli,
3475 4137 3610 4192 quo-

2021 4222 2180 4276 modo
2222 4221 2408 4274 oculos
2451 4219 2658 4288 aperire
2702 4217 2906 4287 possint
2948 4216 3000 4270 in
3048 4216 3280 4284 nequitia
3323 4215 3608 4270 viventes?

2019 4313 2134 4368 Non
2156 4312 2308 4368 audis
2337 4311 2557 4366 Paulum
2577 4319 2916 4364 accusantem
2939 4307 3080 4377 quod
3104 4305 3476 4360 fornicatorem
3501 4320 3608 4358 non

2023 4406 2182 4460 modo
2207 4421 2311 4460 non
2339 4406 2562 4459 siverint
2586 4400 2846 4457 Corinthii
2881 4409 3152 4470 peccatum
3175 4414 3327 4452 suum
3349 4413 3606 4469 agnosce-

2023 4515 2080 4552 rc
2103 4539 2118 4561 ,
2152 4498 2278 4550 dum
2311 4496 2635 4550 honorarcnt
2666 4492 2814 4547 illum
2840 4533 2856 4558 ,
2891 4491 3095 4561 ipsique
3124 4489 3435 4557 plauderent
3460 4527 3480 4555 ,
3511 4489 3604 4542 sed

2023 4589 2182 4642 etiam
2213 4593 2264 4641 in
2293 4586 2526 4656 nequitia
2567 4582 2896 4640 detinuerint
2935 4585 2952 4651 (
2975 4583 3028 4636 1.
3054 4581 3171 4636 Cor.
3196 4581 3249 4635 5.
3283 4579 3603 4649 l)?Quain-

2023 4681 2230 4747 obrem,
2263 4681 2487 4734 obsecro
2507 4721 2522 4746 ,
2556 4679 2842 4732 multorum
2874 4677 3174 4746 opiniones,
3207 4676 3558 4731 contumelias
3585 4717 3600 4739 ,

2025 4774 2255 4827 honores
2283 4771 2610 4842 negligentes
2632 4811 2646 4835 ,
2681 4771 2781 4823 hoc
2813 4783 2974 4822 unum
3016 4767 3324 4822 studeamus
3345 4809 3360 4832 ,
3397 4777 3451 4821 ut
3483 4770 3606 4820 nul-

2024 4867 2126 4920 lius
2156 4865 2282 4920 mali
2312 4865 2465 4919 nobis
2495 4863 2694 4918 conscii
2724 4862 2910 4925 simus,
2942 4877 3111 4932 neque
3141 4875 3236 4914 nos
3268 4860 3412 4930 ipsos
3441 4861 3610 4915 dede-

2022 4973 2148 5012 core
2176 4955 2509 5020 afficiamus;
2558 4956 2634 5009 sic
2677 4956 2820 5008 enim
2848 4963 2902 5008 et
2929 4953 3012 5007 hic
3044 4962 3098 5007 et
3125 4952 3177 5006 in
3209 4951 3385 5006 futuro
3413 4955 3611 5008 s:eenlo

2025 5047 2188 5102 multa
2237 5047 2403 5117 gloria
2439 5045 2717 5108 fruemur;
2766 5059 2922 5112 quam
2974 5043 3176 5097 utinam
3219 5057 3612 5112 consequamur

2025 5152 2234 5202 omnes,
2259 5136 2428 5208 gratia
2456 5145 2510 5189 et
2535 5135 2859 5205 benignitate
2884 5133 3091 5188 Domini
3120 5133 3287 5188 nostri
3311 5133 3435 5189 Jcsu
3458 5133 3612 5188 Cbri-

2026 5229 2090 5283 sti
2116 5269 2132 5295 ,
2161 5228 2377 5298 quicum
2422 5225 2564 5280 Patri
2606 5225 2870 5295 simulque
2899 5225 3118 5294 Spiritui
3147 5235 3335 5279 sancto
3363 5224 3530 5294 gloria
3559 5234 3615 5277 et

2025 5322 2303 5391 imperium
2329 5361 2344 5384 ,
2368 5335 2509 5373 nunc
2537 5329 2591 5373 et
2621 5333 2856 5388 semper,
2884 5329 2938 5373 et
2961 5319 3012 5372 in
3040 5319 3233 5372 sarcula
3261 5317 3608 5371 att-culorum.

2027 5419 2216 5468 Amen.

1726 5573 2231 5680 'W

672 5873 938 5936 PATnOL.
981 5873 1096 5933 (iu.
1148 5871 1362 5930 LVIII.
