4074 6400
474 710 602 762 CAP.
639 706 728 759 Q7.
773 720 822 759 v.
872 703 960 757 43.
1016 700 1059 753 Α
1101 707 1240 752 sexta
1273 703 1441 748 autem
1495 693 1620 742 liora
1670 681 1882 737 tenebrc
1922 679 2071 746 facta

549 808 667 850 sunt
687 812 841 863 super
867 792 1150 845 uuircrsam
1181 798 1365 840 terram
1388 797 1545 851 usque
1569 777 1636 831 ad
1661 777 1839 828 Iterum
1860 784 2066 822 uanam.

545 888 633 941 46.
681 885 830 940 Circa
874 893 1042 936 autem
1085 881 1262 932 horam
1291 889 1475 928 nouant
1505 867 1737 923 clamavit
1775 862 1927 916 Jesus
1955 874 2072 912 roce

545 994 754 1050 magna,
785 975 1000 1029 dicens:
1035 971 1138 1034 Eli,
1173 968 1278 1032 Eli,
1321 967 1458 1020 lauta
1499 955 1840 1015 subactltani?
1879 952 1933 1004 id
1975 959 2066 1011 est,

547 1042 688 1123 Deus
719 1084 879 1134 meus,
910 1065 1051 1119 Deus
1076 1078 1232 1123 meus,
1265 1067 1320 1113 ut
1345 1055 1466 1127 quid
1495 1047 1804 1120 dereliquisti
1831 1043 1950 1097 me?
1977 1042 2062 1095 47.

550 1162 774 1228 Quidam
799 1175 914 1214 vero
944 1172 1008 1212 ea:
1034 1150 1372 1215 adstantibus,
1398 1163 1512 1201 cum
1543 1145 1646 1198 Itazc
1674 1138 1932 1197 audirent,
1965 1146 2068 1186 etc.

549 1325 604 1376 1.
632 1320 746 1374 Hoc
775 1325 859 1372 est
901 1315 1113 1383 signum
1149 1306 1301 1368 illttd,
1329 1300 1468 1373 quod
1499 1298 1643 1369 prius
1678 1289 1983 1365 petentibus
2013 1300 2072 1336 se

476 1415 726 1467 daturum
777 1406 1144 1475 pollicebatur,
1205 1399 1390 1452 dicens
1438 1411 1451 1446 :
1504 1387 1771 1444 Generatio
1821 1397 1976 1451 prum
2024 1387 2072 1430 et

478 1506 712 1560 adultera
738 1502 936 1570 signum
967 1493 1168 1567 qua’rit,
1200 1499 1248 1544 et
1279 1489 1480 1558 signum
1519 1499 1619 1536 non
1653 1478 1856 1532 dabitur
1883 1472 1947 1538 ei,
1977 1469 2073 1523 nisi

480 1607 682 1669 signum
715 1569 866 1648 Jouaz
903 1589 1161 1660 map/tcta:
1190 1581 1402 1655 (Matth.
1438 1577 1521 1631 1:2.
1549 1573 1640 1644 59)
1677 1589 1690 1624 :
1723 1569 1809 1622 ubi
1832 1578 2067 1626 crucem,

484 1699 736 1749 mortem,
789 1683 1092 1752 sepulcrum
1123 1678 1140 1708 ¹
1172 1685 1226 1730 et
1279 1668 1725 1727 resurrectionem
1787 1657 2069 1728 significat.

486 1784 552 1837 Et
581 1795 766 1835 rursus
793 1777 900 1830 alio
942 1771 1100 1827 modo
1129 1769 1377 1822 virtutem
1405 1760 1580 1816 crucis
1614 1749 1960 1826 signiﬁcando
1985 1746 2071 1800 di-

483 1874 638 1929 cebat
667 1889 680 1922 :
709 1868 836 1924 Cum
867 1861 1206 1920 exaltaveritis
1240 1856 1285 1910 F
1290 1856 1431 1908 ilium
1473 1849 1712 1904 hominis.
1737 1854 1854 1898 tunc
1882 1853 2071 1909 cogno-

483 1965 629 2019 scetis
658 1962 776 2028 quia
807 1976 895 2030 ego
923 1972 1037 2012 sum
1081 1951 1262 2023 (Joan.
1308 1947 1362 2003 8.
1412 1943 1545 2013 28);
1599 1939 1650 1993 id
1679 1946 1781 1999 est,
1821 1934 1953 1987 Cum
1987 1944 2074 1984 me

484 2051 880 2113 truciiiteritis,
912 2057 966 2103 et
993 2060 1077 2100 me
1103 2043 1298 2096 victum
1336 2054 1364 2090 a
1410 2034 1560 2089 vobis
1589 2044 1708 2085 esse
1740 2023 2070 2098 putaveritis,

485 2163 610 2204 tunc
641 2146 871 2201 maxime
903 2135 1266 2195 fortitudinem
1309 2143 1480 2184 meam
1527 2123 1727 2180 scietis.
1765 2119 1894 2173 Nam
1925 2124 2073 2184 post-

482 2258 642 2314 quam
680 2236 968 2295 crucifixus
997 2240 1099 2294 est,
1149 2229 1360 2282 illorum
1412 2222 1599 2275 civitas
1639 2214 1815 2287 periit,
1856 2209 2072 2265 Jmlaica

483 2341 783 2396 cessarunt,
815 2339 869 2385 et
897 2325 1077 2398 politia
1099 2333 1312 2392 quoque
1342 2324 1395 2369 et
1423 2313 1640 2367 libertas
1681 2307 1892 2361 illorum
1927 2299 2074 2354 ceci-

482 2431 582 2493 dit,
607 2423 915 2498 praedicatio
941 2417 1140 2478 ﬂoruit,
1171 2422 1226 2468 et
1258 2409 1323 2464 ad
1351 2415 1652 2462 extremum
1696 2399 1879 2452 orbem
1909 2408 2072 2449 evan-

481 2523 684 2590 gelicus
712 2530 891 2572 sermo
914 2509 1190 2582 pervenit;
1216 2513 1378 2567 terra,
1408 2512 1578 2561 mare,
1607 2492 1838 2546 habitata
1863 2484 2075 2541 inhabi-

485 2627 703 2683 tataque
746 2619 885 2663 terra
925 2605 1175 2657 virtutem
1213 2596 1328 2665 ejus
1371 2590 1567 2659 ubique
1601 2582 1910 2654 praedicant.
1951 2575 2078 2630 ﬂare

484 2721 614 2775 ergo
635 2702 784 2764 dicit,
808 2707 860 2753 ct
885 2711 952 2750 ea
970 2707 1088 2762 qua:
1110 2690 1230 2758 ipso
1261 2683 1438 2740 crucis
1468 2691 1708 2748 tempore
1743 2671 2073 2726 acciderunt.

485 2759 654 2850 Multo
682 2759 879 2860 quippe
919 2759 1216 2838 mirabilius
1258 2775 1355 2830 fuit
1390 2772 1506 2827 [nec
1535 2766 1794 2822 accidisse
1823 2777 1940 2815 eum
1964 2759 2078 2827 ipse

485 2888 630 2944 cruci
663 2885 853 2937 at'tixus
879 2884 1038 2940 esset,
1069 2886 1226 2943 quam
1251 2869 1293 2924 si
1318 2868 1369 2922 in
1403 2874 1541 2920 terra
1575 2870 1700 2914 tunc
1727 2854 2074 2910 ambulasset.

485 2980 668 3050 Neque
711 2977 760 3030 itt
798 2973 900 3028 hoc
930 2967 1103 3024 solum
1135 2978 1223 3019 res
1265 2957 1524 3030 stupenda
1555 2961 1690 3018 erat,
1735 2947 1830 3003 sed
1869 2947 2076 3015 signum

487 3036 640 3135 illud,
680 3065 820 3138 qttod
864 3059 1215 3134 quaerebant,
1263 3053 1330 3109 de
1375 3050 1509 3104 caelo
1541 3046 1734 3100 factum
1788 3049 1891 3104 est,
1942 3036 2078 3092 etin

490 3166 738 3220 universa
770 3170 945 3222 terra;
975 3155 1028 3210 id
1053 3149 1194 3224 quod
1227 3160 1515 3214 numquam
1545 3141 1862 3208 contigerat,
1895 3133 1994 3187 nisi
2027 3131 2079 3184 in

491 3257 727 3328 Aﬂgypto
769 3262 996 3312 tantum,
1043 3243 1256 3317 quando
1303 3237 1500 3311 pascha
1546 3229 1865 3300 celebraturi
1905 3232 2077 3279 crant.

491 3323 702 3405 Etenim
728 3346 812 3400 illa
845 3344 1034 3397 horum
1068 3350 1224 3409 typus
1243 3342 1415 3388 erant.
1445 3330 1510 3384 Et
1533 3323 2084 3387 anitnadvertequan-

489 3447 686 3500 donant
731 3441 845 3494 haec
890 3439 1037 3490 tiaut.
1084 3432 1141 3486 In
1179 3426 1424 3490 meridie,
1457 3431 1508 3476 ttt
1542 3431 1732 3474 omnes
1768 3429 1862 3484 per
1899 3411 2084 3465 orbem

492 3539 782 3593 discerent,
808 3544 930 3584 nam
962 3525 1157 3592 ubique
1188 3531 1448 3574 terrarum
1475 3513 1590 3567 dies
1616 3515 1732 3563 erat
1763 3523 1774 3556 :
1807 3501 1950 3575 quod
1982 3501 2087 3554 uti-

493 3644 599 3698 que
629 3625 693 3680 ad
733 3625 850 3678 illos
881 3611 1274 3675 convertendos
1315 3605 1633 3668 sufﬁciebat,
1677 3614 1782 3655 non
1823 3595 2087 3664 magnitu-

495 3724 621 3776 dine
649 3719 818 3773 solum
851 3708 1114 3771 miraculi,
1144 3703 1236 3760 sed
1280 3699 1421 3771 quod
1469 3697 1586 3751 lucc
1615 3699 1918 3762 Opportune
1948 3683 2088 3740 acci-

496 3816 704 3869 derent.
759 3808 888 3863 Nam
920 3810 1056 3874 post
1096 3799 1184 3853 illa
1225 3793 1403 3851 omnia
1443 3805 1562 3860 qua:
1611 3788 1796 3840 insane
1828 3781 2086 3839 fecerant,

499 3914 620 3976 post
647 3899 944 3957 derisiones
971 3893 1090 3948 illas
1117 3890 1343 3958 iniquas,
1374 3883 1425 3938 id
1456 3879 1669 3942 accidit,
1701 3872 1914 3945 quando
1941 3870 2090 3925 furor

498 3998 800 4054 remiserat,
834 3986 1046 4058 quando
1093 3979 1300 4038 ridendi
1353 3976 1512 4031 linem
1564 3973 1821 4031 fecerant,
1877 3961 2091 4034 quando

493 4088 652 4158 jnctis
681 4083 919 4139 dicteriis
963 4073 1207 4132 exsatiati
1257 4079 1430 4134 erant,
1480 4074 1534 4121 et
1575 4063 1753 4119 omnia
1785 4073 1881 4129 pro
1927 4055 2092 4109 lubito

500 4181 777 4240 dixerant;
809 4182 935 4227 tunc
983 4165 1230 4222 tenebras
1255 4157 1514 4224 exhibuit,
1547 4164 1604 4210 ut
1650 4153 1730 4206 vel
1783 4152 1860 4205 sic
1889 4148 1964 4202 ira
2007 4159 2093 4200 se-

501 4277 646 4336 data,
675 4287 740 4326 ex
769 4262 1029 4322 miraculo
1052 4255 1249 4329 aliquid
1285 4255 1642 4308 lucrarentur.
1669 4247 1776 4301 Res
1810 4241 1951 4296 enim
1981 4248 2096 4292 tan-

501 4379 586 4423 tas
614 4367 664 4420 in
689 4376 848 4419 cruce
892 4371 1052 4422 agere
1092 4348 1386 4407 mirabilius
1412 4352 1550 4410 erat,
1575 4355 1731 4411 quam
1773 4339 1814 4391 si
1842 4337 1906 4391 dc
1936 4347 2095 4389 cruce

503 4457 886 4533 dQSCCtIdlSSL'l.
924 4449 1055 4504 Nam
1104 4445 1217 4500 sive
1249 4442 1395 4496 illum
1438 4438 1553 4491 luce
1604 4433 1795 4488 iecisse
1826 4434 2092 4500 putarent,

504 4553 727 4608 credere
771 4543 1056 4616 oportebat
1097 4549 1151 4591 et
1196 4537 1420 4599 timere;
1467 4530 1580 4583 sive
1622 4543 1726 4581 non
1779 4524 1950 4584 illum,
2001 4517 2095 4572 sed

503 4646 739 4701 Patrem,
775 4637 899 4691 hinc
931 4633 1091 4687 etiam
1131 4625 1413 4696 compungi
1448 4637 1544 4692 par
1581 4627 1738 4673 erat:
1777 4630 1896 4667 nam
1946 4621 2096 4665 tene-

503 4737 617 4789 br:e
653 4732 756 4786 illae
801 4743 868 4782 ex
913 4726 988 4780 ira
1019 4721 1086 4780 de
1132 4716 1456 4773 facinoribus
1487 4713 1593 4768 illis
1635 4716 1888 4778 concepta
1919 4704 2100 4781 proti-

504 4827 863 4883 ciscebautur.
890 4816 1042 4887 Quod
1069 4814 1211 4870 enim
1246 4827 1351 4866 non
1379 4816 1522 4864 esset
1544 4805 1774 4873 eclipsis,
1802 4800 1894 4856 sed
1933 4800 2006 4852 ira
2045 4806 2100 4852 et

507 4919 824 4990 indignatio,
865 4930 970 4968 non
1020 4910 1145 4965 hinc
1199 4907 1372 4960 solum
1404 4900 1746 4956 manifestum
1799 4903 1946 4958 erat,
2004 4891 2097 4946 sed

508 5014 671 5069 etiam
711 5024 742 5062 a
800 5016 1040 5073 tempore
1070 4989 1100 5053 i:
1154 4996 1323 5052 tribus
1373 4993 1516 5048 enim
1573 4989 1718 5043 horis
1768 4983 2094 5056 permansit;

510 5103 728 5172 eclipsis
777 5115 903 5152 vero
952 5099 1002 5149 in
1052 5100 1323 5147 momento
1375 5083 1631 5154 temporis
1672 5083 1728 5135 iit
1769 5123 1782 5136 .
1825 5077 2099 5149 quodnon

511 5199 758 5264 ignorant
784 5190 872 5258 qui
903 5187 1148 5240 viderunt
1177 5201 1190 5236 :
1222 5197 1345 5234 nam
1373 5189 1554 5232 nostra
1581 5173 1740 5229 etiam
1776 5162 1944 5224 a-tate'
1969 5167 2102 5222 edi-

513 5289 625 5356 psis
651 5282 894 5350 contigit.
926 5279 992 5332 Et
1031 5271 1320 5345 quomodo,
1369 5269 1596 5339 inquies,
1633 5282 1736 5318 non
1777 5261 1949 5317 mirati
1983 5261 2105 5313 sunt

515 5392 724 5438 omnes,
758 5388 854 5427 nec
882 5375 1204 5440 putaverunt
1222 5377 1343 5419 esse
1368 5361 1535 5416 Deum
1559 5358 1579 5411 ?
1606 5356 1739 5425 Quia
1772 5366 1898 5409 tunc
1937 5368 2105 5421 genus

521 5469 795 5522 hominum
829 5464 880 5516 in
929 5457 1095 5514 multa
1128 5453 1440 5525 negligentia
1471 5461 1524 5504 et
1563 5448 1796 5516 nequitia
1829 5442 2105 5500 detineba-

519 5571 624 5614 tur.
657 5560 718 5613 Et
747 5559 849 5612 hoc
877 5550 1192 5609 miraculum
1216 5561 1378 5602 unum
1406 5554 1560 5607 erat;
1591 5541 1728 5613 quod
1750 5541 1925 5594 statim
1949 5548 2106 5604 atque

522 5650 786 5720 apparuit,
816 5642 1110 5718 prattcrivit
1141 5659 1153 5694 :
1183 5640 1463 5710 nullusque
1496 5636 1573 5691 rei
1613 5650 1829 5688 cansam
1869 5630 2108 5686 ediscere

586 5799 607 5832 ⁸
640 5803 734 5851 Alit
773 5804 960 5864 legunt,
986 5796 1300 5860 sepulturam,
1328 5809 1431 5860 pro,
1460 5790 1751 5856 sepulcrum.

1278 335 1327 386 S.
1374 329 1650 388 JOANNIS
1682 321 2147 382 CilRYSOSTOllI
2182 320 2493 375 .XRCIHEP.
2538 318 3070 374 (ἶΟΝςΤΛῩΠΝΟΡ.

1477 539 1825 602 HOMILIA
1870 533 2282 595 LXXXVIII.
2329 531 2412 591 al.
2460 531 2821 592 LXXXIX.

2177 676 2459 745 qumsivit;
2493 677 2658 730 multa
2696 693 2908 748 quoque
2935 686 3062 732 tunc
3103 677 3348 748 impietas
3371 693 3434 733 ex
3473 689 3759 732 consuetu-

2175 766 2300 822 dine
2329 767 2668 837 praevalebat.
2716 768 2900 838 Neque
2940 769 3183 824 sciebant
3227 785 3346 838 qtlze
3398 784 3557 824 causa
3599 781 3762 841 gestat

2176 858 2253 912 rei
2284 867 2427 912 esset
2456 876 2468 913 :
2498 858 2634 914 forte
2657 861 2915 928 putabant
2944 875 3038 929 per
3057 861 3318 932 eclipsim,
3352 863 3430 915 vel
3459 863 3612 915 aliain
3668 878 3762 916 na-

2178 950 2400 1003 turalem
2427 966 2640 1004 causam
2668 951 2717 1005 id
2744 954 3010 1008 evenisse.
3045 953 3246 1022 Ecquid
3286 955 3496 1008 miraris
3522 953 3586 1008 de
3613 963 3765 1008 exte-

2178 1045 2246 1095 ris
2274 1042 2366 1112 qui
2395 1042 2522 1096 nihil
2561 1043 2823 1106 sciebant,
2857 1045 3054 1114 quique
3091 1044 3161 1098 ob
3202 1043 3458 1098 desidiam
3489 1046 3556 1099 tle
3593 1061 3652 1100 re
3684 1047 3764 1098 in-

2193 1135 2431 1199 iniri-uda
2481 1151 2586 1189 non
2629 1137 2972 1206 Cogitabam,
3021 1138 3235 1206 quando
3286 1142 3318 1190 ii
3367 1139 3526 1191 etiam
3572 1139 3663 1208 qui
3714 1139 3764 1194 in

2174 1227 2351 1278 Jutkea
2378 1235 2547 1291 erant,
2581 1236 2697 1296 post
2730 1236 2807 1282 tot
2842 1229 3118 1293 miracula,
3155 1229 3326 1283 adhuc
3357 1230 3766 1298 perseverabant

2176 1317 2529 1372 contumelias
2561 1318 2868 1384 inferentes,
2904 1335 3222 1390 quamquam
3253 1322 3380 1390 ipsis
3410 1322 3553 1376 clare
3585 1333 3765 1378 osten-

2176 1410 2362 1474 disset,
2391 1424 2451 1464 se
2479 1411 2600 1463 talia
2629 1421 2904 1481 operatum
2935 1411 3141 1466 fuisse?
3167 1411 3286 1466 Ideo
3312 1423 3362 1466 et
3391 1423 3571 1482 postea
3601 1414 3768 1483 loqui-

2179 1512 2283 1566 tur,
2319 1511 2374 1555 ut
2399 1502 2608 1556 discant
2628 1519 2686 1558 se
2712 1503 2884 1558 adhuc
2914 1505 3114 1566 vivere,
3146 1512 3198 1557 et
3222 1504 3308 1557 illa
3343 1503 3551 1564 fecisse.
3573 1515 3627 1558 et
3649 1506 3768 1560 hinc

2177 1593 2364 1646 saltem
2413 1593 2797 1648 moderatiores
2857 1597 3012 1659 fiant,
3059 1609 3122 1650 ac
3163 1595 3312 1660 dicit,
3344 1594 3448 1660 Eli,
3504 1593 3606 1660 Eli,
3637 1597 3768 1649 tanta

2177 1684 2491 1748 sabuci/iani,
2519 1694 2576 1738 ut
2601 1683 2843 1739 viderent
2868 1701 2988 1740 eum
3023 1701 3190 1755 usque
3214 1685 3278 1739 ad
3306 1696 3602 1741 extremum
3641 1687 3765 1740 hali-

2180 1790 2290 1834 tum
2323 1779 2586 1834 honorare
2627 1779 2861 1845 Patrem,
2892 1796 3065 1850 neque
3095 1795 3214 1835 esse
3247 1781 3354 1834 Deo
3383 1780 3766 1836 adversarium.

2180 1869 2304 1926 Ideo
2330 1870 2690 1939 propheticum
2722 1871 3005 1941 quamdam
3049 1872 3226 1926 emisit
3255 1887 3461 1934 vocem,
3508 1887 3673 1942 usque
3705 1873 3770 1926 ad

2179 1963 2420 2018 ultimam
2467 1963 2650 2018 horam
2699 1964 2868 2018 veteri
2912 1963 3018 2032 legi
3068 1965 3312 2032 praebens
3365 1963 3766 2020 testimonium:

2179 2074 2280 2112 nec
2317 2057 2474 2111 modo
2523 2057 2906 2128 propheticum,
2951 2057 3047 2112 sed
3089 2067 3142 2112 et
3189 2057 3496 2113 llebraicam
3554 2073 3769 2116 vocem:

2181 2151 2251 2205 ita
2284 2163 2338 2204 ttt
2361 2152 2463 2206 illis
2485 2162 2667 2205 notum
2688 2161 2743 2205 et
2770 2150 3110 2206 manifestum
3143 2150 3193 2204 id
3219 2160 3400 2213 esset;
3429 2166 3626 2219 perque
3654 2166 3770 2203 om-

2180 2243 2264 2296 nia
2294 2242 2523 2297 ostendit
2545 2258 2696 2296 snam
2724 2259 2843 2296 cum
2870 2241 3122 2298 Genitore
3147 2243 3513 2296 concordiam.
3543 2243 3622 2296 Tu
3649 2257 3774 2295 vero

2179 2334 2301 2389 vide
2343 2335 2549 2388 illorum
2608 2333 2950 2402 petulantiam
3003 2343 3164 2404 atque
3200 2334 3493 2388 vesaniam.
3549 2333 3772 2388 Putat-e-

2179 2439 2322 2490 runt,
2353 2427 2544 2498 inquit,
2565 2427 2732 2481 Etiam
2753 2428 2821 2482 ab
2851 2443 2915 2482 co
2939 2428 3139 2492 vocari,
3167 2436 3218 2483 ct
3246 2429 3425 2482 statim
3454 2437 3773 2498 putaverunt

2180 2525 2330 2579 illum
2357 2534 2526 2578 aceto.
2555 2522 2704 2577 Alius
2741 2530 2918 2576 autem
2954 2521 3139 2576 lancea
3184 2521 3320 2576 latus
3364 2521 3480 2590 ejus
3523 2521 3781 2590 aperuit'.

2180 2613 2316 2682 Quid
2345 2613 2426 2668 bis
2453 2614 2702 2683 iniquius,
2731 2612 2856 2682 qttid
2888 2612 3135 2676 ferocius,
3166 2612 3256 2683 qui
3278 2627 3514 2683 eousque
3546 2615 3774 2666 furorem

2181 2723 2333 2763 suum
2378 2707 2758 2770 extenderunt,
2809 2713 2864 2760 et
2913 2717 3180 2759 mortuum
3211 2719 3410 2775 corpus
3453 2704 3773 2759 eouttunelia

2182 2799 2510 2853 ail'ccerunt?
2560 2797 2643 2852 Tu
2679 2813 2806 2850 vero
2860 2795 3130 2866 perpende
3173 2796 3442 2865 quomodo
3484 2795 3776 2850 sceleribus

2183 2905 2367 2945 eorum
2398 2905 2523 2944 usus
2549 2891 2618 2943 sit
2640 2889 2706 2944 ad
2735 2889 2956 2943 salutem
2986 2897 3241 2944 nostram.
3266 2889 3388 2942 Pest
3412 2889 3618 2958 plagam
3639 2890 3776 2942 enim

2184 2980 2358 3037 fontes
2388 2982 2574 3037 salutis
2623 2981 2746 3035 inde
2777 2990 3080 3035 manarunt.
3131 2980 3221 3035 50.
3269 2979 3420 3033 Iesus
3459 2990 3628 3032 autem
3664 2977 3774 3030 cla-

2184 3094 2328 3130 mans
2353 3092 2468 3130 voce
2488 3091 2692 3144 magna,
2723 3074 2885 3128 emisit
2912 3073 3166 3142 spiritum.
3198 3071 3308 3126 Hoc
3345 3082 3420 3126 ρει
3461 3072 3599 3140 quod
3633 3071 3777 3125 dice-

2183 3169 2275 3224 bat
2308 3187 2320 3224 :
2355 3166 2663 3224 Potestatem
2694 3167 2852 3220 habeo
2886 3164 3103 3236 ponendi
3142 3165 3363 3216 animum
3408 3179 3588 3226 meum,
3616 3173 3663 3216 et
3700 3177 3778 3232 po-

2187 3273 2409 3318 testatem
2436 3263 2592 3316 habeo
2619 3261 2796 3314 iterum
2820 3259 3052 3313 sumendi
3079 3274 3190 3310 eam
3215 3255 3389 3327 (Joau.
3426 3256 3508 3310 10.
3556 3257 3675 3326 i8);
3708 3264 3781 3319 et,

2188 3356 2301 3429 Ego
2345 3372 2477 3427 pono
2525 3372 2636 3408 eam
2681 3371 2712 3407 a
2759 3369 2838 3406 me
2884 3352 3015 3421 ipso.
3072 3348 3196 3404 Ideo
3247 3364 3377 3403 voce
3427 3349 3780 3411 exc‘atnavit,

2188 3459 2247 3504 ut
2289 3447 2598 3502 ostenderet
2641 3461 2705 3500 ex
2755 3451 3015 3514 potestate
3067 3456 3162 3496 sua
3215 3457 3330 3495 rem
3380 3440 3511 3494 fieri.
3575 3441 3782 3494 Marcus

2191 3540 2344 3614 (Cap.
2373 3539 2455 3593 l5.
2484 3539 2572 3593 Η.
2602 3537 2692 3606 39)
2731 3551 2855 3591 vero
2881 3534 3028 3598 dicit,
3053 3532 3502 3587 miratumduisse
3532 3531 3780 3585 Pilatum.

2190 3635 2237 3689 si
2257 3634 2368 3704 jam
2397 3642 2636 3685 mortuus
2661 3638 2806 3686 esset
2834 3648 2845 3682 :
2875 3643 2936 3682 ac
2974 3627 3338 3682 centurionem
3387 3623 3506 3679 ideo
3553 3625 3786 3678 maxime

2191 3724 2502 3784 credidisse,
2534 3722 2655 3793 quia
2682 3737 2802 3776 cum
2846 3719 3122 3790 potestatis
3157 3719 3309 3789 signo
3345 3727 3586 3772 mortuus
3619 3725 3786 3772 esset.

2195 3820 2320 3875 [late
2350 3833 2451 3872 vox
2481 3815 2652 3870 velum
2682 3813 2911 3873 discidit,
2945 3819 3285 3865 monumenta
3329 3809 3556 3880 aperuit,
3599 3817 3657 3862 ct
3689 3809 3785 3861 do-

2193 3931 2338 3973 mum
2379 3915 2646 3968 desertam
2703 3907 2954 3962 rcddidit.
3008 3905 3120 3960 Hoc
3162 3912 3337 3958 autem
3385 3903 3526 3964 fecit,
3577 3918 3686 3956 non
3734 3909 3786 3954 ut

2195 4005 2450 4074 templum
2493 4001 2869 4057 dehonestaret
2924 3994 3215 4068 (quomodo
3255 3993 3396 4047 cnim
3437 3992 3488 4046 id
3530 3993 3788 4059 potuisset

2195 4103 2282 4171 qui
2314 4099 2437 4152 dicit
2473 4113 2488 4150 :
2515 4095 2687 4149 Nolite
2712 4098 2878 4160 facere
2905 4090 3110 4142 domum
3142 4087 3312 4141 Patris
3342 4087 3436 4139 mei
3467 4086 3674 4138 domum
3700 4101 3785 4136 nc-

2197 4188 2525 4264 goliationis?
2553 4184 2731 4259 [Joau.
2761 4185 2814 4238 2.
2852 4180 2964 4254 161)
2995 4179 3090 4234 sed
3120 4179 3363 4247 indignos
3399 4177 3516 4231 illos
3561 4177 3791 4230 reddens

2198 4285 2285 4353 qui
2317 4281 2386 4336 ibi
2419 4285 2778 4337 versarentur,
2807 4283 2866 4328 ut
2890 4273 3048 4326 etiam
3071 4285 3194 4326 cum
3217 4268 3342 4324 illud
3367 4267 3673 4338 Babyloniis
3695 4277 3789 4318 tra-

2199 4375 2352 4430 didit.
2386 4372 2508 4425 111116
2533 4384 2696 4441 porro
2726 4383 2830 4421 non
2858 4380 2918 4420 ea
2953 4364 3124 4418 solum
3155 4361 3222 4415 de
3250 4375 3408 4416 causa
3441 4359 3659 4424 fiebant,
3698 4355 3790 4412 sed

2201 4475 2319 4523 erat
2345 4463 2468 4519 illud
2494 4459 2769 4530 pr0phetia
2797 4456 2988 4510 futurte
3010 4453 3373 4514 desolationis,
3402 4459 3455 4505 et
3480 4449 3788 4504 conversio-

2202 4560 2286 4614 nis
2322 4561 2370 4611 in
2411 4556 2632 4610 meliora
2662 4549 3100 4618 sublimioraque,
3131 4561 3336 4600 necnon
3372 4543 3621 4614 potentia:
3653 4542 3791 4597 illius

2203 4652 2433 4722 signum.

2272 4741 2327 4796 2.
2355 4740 2431 4794 Ad
2460 4739 2573 4793 hzuc
2605 4745 2782 4790 autem
2809 4749 2874 4788 ex
2905 4731 2990 4798 iis,
3021 4745 3137 4799 qum
3164 4738 3347 4799 postea
3387 4733 3607 4794 sequuta
3647 4730 3793 4786 sunt,

2204 4834 2438 4902 seipsum
2478 4828 2865 4888 manifestavit,
2903 4841 2967 4879 ex
3009 4831 3340 4877 mortuorum
3381 4817 3796 4878 resurrectione,

2205 4941 2272 4980 ex
2314 4924 2598 4978 obscurata
2651 4920 2790 4984 luce,
2841 4927 2896 4971 et
2933 4933 2999 4971 ex
3041 4914 3429 4969 elementorum
3482 4909 3792 4962 mutatione.

2206 5018 2385 5072 Elisuri
2422 5017 2563 5071 enim
2603 5023 2846 5080 tempore
2875 5019 3117 5062 mortuus
3149 5015 3414 5058 mortuum
3457 5011 3678 5070 tangens
3711 5013 3795 5050 re-

2127 5165 2130 5170 .
2207 5110 2438 5165 surrexit
2465 5108 2542 5175 (4.
2586 5108 2714 5176 Reg.
2748 5105 2833 5158 15.
2866 5102 2960 5171 21)
2987 5118 3001 5160 ;
3031 5115 3168 5154 nunc
3203 5107 3378 5151 autem
3423 5110 3521 5147 vox
3557 5094 3673 5146 illos
3705 5105 3798 5144 cx-

2207 5205 2408 5268 citavit,
2438 5201 2562 5255 dum
2593 5214 2787 5267 corpus
2819 5198 2870 5249 in
2905 5209 3064 5248 cruce
3107 5205 3338 5260 superne
3379 5185 3596 5240 aiiixum
3633 5194 3798 5238 esset.

2210 5301 2459 5370 Alioquin
2481 5316 2607 5353 vero
2634 5297 2717 5350 illa
2751 5295 2936 5349 horum
2972 5294 3153 5362 ﬁgurae
3179 5298 3354 5346 erant.
3399 5287 3522 5343 Ideo
3547 5286 3686 5341 enim
3716 5264 3798 5334 illa

2212 5393 2348 5448 facta
2390 5401 2533 5456 sunt,
2567 5399 2625 5444 ttt
2653 5388 2768 5441 hinc
2797 5386 3167 5441 crederentur.
3200 5382 3384 5451 Neque
3411 5381 3584 5435 Solum
3613 5371 3800 5430 mortui

2211 5485 2568 5546 suscitantur,
2612 5481 2705 5536 sed
2754 5482 2914 5536 etiam
2958 5487 3120 5548 petrm
3163 5477 3515 5534 scinduntur,
3559 5479 3798 5538 terraque

2213 5581 2532 5645 concutitur,
2581 5588 2636 5632 ut
2665 5577 2873 5632 discant
2902 5591 2960 5629 se
3005 5573 3126 5628 illos
3172 5585 3333 5643 posse
3379 5578 3432 5624 et
3459 5579 3729 5622 excacare.
3751 5565 3802 5614 et

2302 5789 2319 5820 ⁸
2347 5783 2403 5834 111
2427 5789 2536 5832 Mss.
2553 5792 2648 5830 non
2675 5776 2844 5842 paucis
2869 5774 3075 5837 legitur,
3093 5767 3340 5830 lacerarit,
3359 5778 3465 5832 pro,
3483 5755 3693 5824 aperuit.
