4074 6412
548 274 652 332 777

480 417 488 426 -
547 390 870 455 dirumpere.
903 384 1032 440 Nam
1072 386 1157 454 qui
1200 394 1377 455 petras
1417 384 1645 449 discidit,
1676 393 1731 438 et
1755 393 1951 438 terram
1980 392 2122 438 tene-

552 478 665 535 bris
683 478 925 543 obduxit,
967 477 1134 532 multo
1163 476 1329 545 magis
1370 476 1421 530 in
1453 475 1557 530 illis
1590 475 1711 528 talia
1740 485 1995 543 praestare
2034 487 2129 541 po-

550 572 759 636 tuisset,
806 569 853 625 si
880 570 1095 639 quidem
1133 569 1435 624 voluisset:
1466 584 1649 622 verum
1701 567 1752 622 id
1802 568 1990 626 noluit.
2035 565 2130 620 sed

550 665 786 720 immissa
832 664 884 718 in
929 663 1196 717 elementa
1226 663 1303 717 ira
1333 677 1450 723 sua,
1494 676 1559 716 ex
1607 660 2016 715 mansuetudine
2036 674 2131 714 sua

552 759 785 825 ipsorum
809 755 1033 809 salutem
1055 754 1294 808 curabat.
1320 753 1425 809 Sed
1461 752 1534 808 illi
1561 754 1613 807 in
1644 753 1848 807 insania
1880 752 2131 820 perstite-

551 858 693 905 runt.
722 848 867 903 Talis
893 863 978 903 res
1018 857 1100 902 est
1145 847 1375 909 invidia;
1408 861 1511 900 non
1543 845 1695 900 facile
1722 844 1955 900 sedatur.
1985 843 2133 897 Tunc

552 958 678 1011 ergo
706 941 792 995 his
811 942 1112 1007 compactis
1138 940 1409 1010 prodigiis,
1438 939 1569 993 nihil
1595 954 1657 994 ex
1690 937 2014 1007 impudentia
2047 952 2134 990 re-

555 1036 846 1099 miserunt;
896 1045 1075 1101 postea
1122 1044 1298 1087 autem
1352 1032 1562 1102 quando
1599 1031 1772 1099 sigillo
1813 1030 2057 1098 apposito
2083 1036 2137 1082 et

554 1122 812 1178 militibus
841 1122 1610 1185 custodientibus‘resurrexit;
1649 1121 1699 1175 id
1735 1120 1875 1191 quod
1914 1120 1981 1175 ab
2010 1118 2137 1187 ipsis

554 1216 867 1272 custodibus
904 1214 1236 1279 didicerunt;
1273 1222 1494 1285 argento
1531 1215 1649 1267 illos
1676 1220 2047 1280 corruperunt,
2081 1220 2138 1263 ut

556 1306 963 1362 resurrectionis
1012 1306 1306 1360 testimonia
1359 1304 1761 1359 sutfurarentur.
1812 1302 1891 1358 Ne
1930 1301 2139 1356 mireris

559 1399 758 1466 itaque,
799 1399 842 1452 si
876 1407 1000 1452 tunc
1028 1398 1187 1450 etiam
1231 1395 1472 1464 improbe
1500 1410 1558 1450 se
1580 1403 1897 1465 gesserunt;
1947 1394 2024 1447 sic
2055 1406 2142 1445 se-

561 1488 666 1542 mel
706 1502 765 1542 se
803 1494 1243 1555 comparaverant
1269 1486 1335 1541 ad
1364 1501 1575 1539 onmem
1608 1485 1951 1553 impndentim
1978 1483 2141 1537 ratio-

561 1591 683 1631 nem
718 1593 731 1629 :
763 1575 856 1636 sed
884 1576 1009 1629 illud
1036 1575 1341 1631 consideres
1370 1576 1551 1641 velim,
1582 1576 1756 1644 qualia
1785 1574 1932 1644 signa
1961 1571 2143 1627 fecerit

560 1683 624 1721 ex
647 1666 802 1732 cu-lo,
830 1666 880 1720 in
909 1675 1049 1722 terra
1079 1674 1132 1720 et
1158 1666 1211 1721 in
1231 1666 1347 1736 ipso
1375 1666 1607 1737 templo;
1633 1665 1788 1720 simul
1824 1663 2141 1733 indignatio-

565 1773 683 1811 nem
730 1772 881 1813 suam
928 1768 1389 1824 commonstraus,
1436 1757 1699 1827 simulque
1747 1756 2024 1811 declarans
2080 1768 2142 1808 ea

565 1865 683 1917 qute
706 1849 831 1904 olim
861 1850 1129 1905 inaccessa
1165 1859 1337 1916 erant,
1370 1849 1485 1916 jam
1536 1849 1669 1904 adiri
1719 1862 1875 1918 posse
1908 1865 1922 1901 :
1954 1845 2142 1899 ca-lum

565 1956 682 1996 esse
699 1941 1064 2010 aperiendum,
1093 1950 1147 1996 et
1166 1941 1233 1995 ad
1252 1957 1373 1997 vera
1397 1950 1579 1995 sancta
1600 1949 1902 1995 sanctorum
1926 1954 2009 1992 res
2026 1952 2144 1991 esse

568 2031 980 2085 transferendus.
1021 2032 1089 2086 Et
1114 2031 1199 2085 alii
1226 2031 1440 2101 quidem
1479 2031 1747 2093 dicebant,
1780 2030 1842 2086 Si
1866 2046 1954 2083 rea:
1982 2028 2148 2083 Israel

566 2130 657 2184 est,
690 2120 952 2174 descendat
976 2133 1114 2175 nunc
1157 2120 1221 2174 de
1262 2137 1445 2184 cruce;
1476 2122 1589 2191 ipse
1637 2136 1764 2175 vero
1793 2119 2047 2186 ostendit,
2089 2134 2148 2173 se

570 2227 672 2265 non
715 2212 923 2265 lsraclis
960 2213 1139 2275 modo,
1171 2212 1263 2268 sed
1308 2214 1467 2286 totius
1495 2213 1638 2267 orbis
1663 2228 1841 2282 regem
1886 2226 2027 2266 esse.
2069 2210 2148 2265 Illi

569 2300 835 2361 dicebant.
870 2301 968 2367 Qui
1000 2300 1146 2356 solvit
1185 2303 1422 2373 templum
1469 2303 1585 2369 hoc,
1626 2314 1672 2356 et
1715 2304 1766 2357 in
1794 2302 1951 2356 tribus
1979 2302 2151 2355 diebus

571 2390 790 2457 mdiﬁcat
818 2390 982 2454 illud;
1025 2392 1139 2461 ipse
1165 2407 1291 2447 vero
1321 2393 1580 2456 declarat,
1611 2393 1863 2462 templum
1903 2406 2072 2461 usque
2095 2392 2150 2446 in

574 2481 731 2536 finem
760 2482 1027 2538 desertum
1056 2481 1192 2538 fore.
1221 2483 1453 2538 Rursum
1484 2484 1559 2538 illi
1586 2483 1850 2546 dicebant,
1876 2483 2016 2537 Alios
2056 2482 2154 2536 sal-

573 2589 659 2625 vos
689 2572 824 2645 fecit,
848 2573 1067 2643 seipsum
1104 2590 1205 2628 non
1235 2583 1395 2644 potest
1430 2575 1621 2627 salvum
1648 2576 1811 2645 facere
1828 2588 1848 2638 ;
1886 2573 2000 2644 ipse
2025 2588 2153 2627 vero

577 2663 628 2716 in
654 2678 834 2728 cruce,
862 2662 913 2716 in
945 2678 1220 2718 servorum
1249 2664 1562 2733 corporibus
1601 2663 1650 2717 id
1681 2678 1799 2717 cum
1841 2678 2030 2732 magna
2060 2677 2156 2733 po-

579 2754 736 2807 tentia
782 2752 1032 2808 ostendit.
1065 2753 1196 2808 Nam
1243 2755 1286 2808 si
1333 2754 1743 2824 quatriduanum
1792 2753 2051 2808 Lazarum
2088 2767 2157 2808 ex

578 2844 823 2913 sepulcro
870 2845 1017 2900 exire
1054 2860 1304 2914 maguum
1341 2855 1478 2912 erat,
1521 2847 1686 2902 multo
1727 2845 1898 2915 majus
1943 2853 2161 2900 sanctos

581 2936 699 2991 illos
724 2952 915 2993 omnes
937 2939 1047 3004 jam
1090 2938 1215 2992 olim
1244 2940 1481 3007 sepultos
1507 2938 1793 2995 confertim
1815 2940 1966 2994 vivos
1990 2953 2156 3007 appa-

581 3045 732 3093 rere;
761 3028 900 3099 quod
949 3028 1137 3084 futura:
1181 3030 1585 3086 resurrectionis
1628 3031 1833 3100 signum
1885 3039 2021 3085 erat.
2075 3030 2161 3084 Ait

582 3121 721 3174 cnim
753 3140 765 3174 :
795 3120 885 3176 52.
918 3118 1084 3174 Multa
1132 3138 1348 3192 corpora
1388 3133 1678 3174 sanctorum
1713 3122 1799 3191 qui
1829 3122 2157 3185 dormierunt,

582 3220 923 3267 surrexerunt.
952 3212 1039 3267 53.
1064 3208 1129 3264 Et
1154 3212 1450 3265 introierunt
1478 3211 1532 3266 iu
1563 3222 1790 3265 sanctam
1819 3211 2084 3276 civitatem,
2115 3219 2163 3263 et

582 3313 926 3372 apparuerunt
955 3304 1146 3357 multis.
1185 3303 1263 3359 Ne
1290 3303 1430 3358 enim
1457 3313 1732 3374 putaretur
1751 3303 1804 3358 id
1832 3304 1972 3375 quod
2005 3305 2164 3359 fiebat

588 3395 898 3462 phantasma
928 3409 1066 3459 esse,
1095 3394 1276 3451 multis
1297 3397 1453 3450 etiam
1478 3405 1734 3466 apparent
1756 3396 1810 3451 in
1834 3397 2065 3451 civitate.
2100 3397 2165 3451 Et

586 3484 827 3539 centurio
846 3500 1056 3555 quoque
1088 3485 1251 3540 Deum
1277 3494 1402 3541 tunc
1430 3485 1743 3557 glorificavit
1770 3487 1952 3543 dicens
1985 3507 1998 3543 :
2041 3487 2165 3542 Vere

588 3576 667 3627 hic
702 3575 850 3629 homo
870 3576 1043 3646 justus
1070 3584 1195 3632 erat.
1243 3574 1313 3630 Et
1342 3577 1498 3632 turst
1524 3594 1636 3648 qua:
1676 3589 1912 3633 venerant
1952 3580 2018 3633 ad
2061 3597 2169 3650 spe-

586 3667 842 3729 claudum.
886 3669 1214 3735 percntientes
1238 3678 1440 3739 pectora
1465 3686 1578 3734 sua,
1607 3670 1976 3725 revertebantur
2014 3669 2164 3741 (Luc.

586 3757 675 3810 23.
700 3756 787 3812 47.
820 3758 931 3829 48).
980 3757 1146 3814 Tanta
1192 3770 1276 3815 est
1317 3761 1488 3815 virtus
1531 3762 1791 3823 cruciﬁxi,
1834 3771 1892 3816 ut
1935 3771 2053 3831 post
2092 3770 2169 3817 tot

591 3848 866 3902 irrisiones
891 3857 944 3904 et
968 3848 1211 3916 dicteria,
1240 3859 1295 3905 et
1320 3852 1563 3907 centurio
1582 3862 1636 3906 et
1659 3851 1882 3921 populus
1906 3868 2167 3922 compun-

590 3948 859 4007 gerentur.
908 3938 1130 4005 Quidam
1187 3955 1313 3993 vero
1355 3950 1574 3995 narrant
1624 3940 1763 3995 hunc
1800 3943 2165 3997 centurionem

594 4040 775 4092 postea
797 4029 848 4083 in
873 4030 974 4083 fide
998 4031 1320 4095 roboratum,
1346 4032 1654 4103 martyrium
1683 4031 1889 4087 fortiter
1918 4033 2166 4090 subiisse.

592 4119 681 4175 55.
710 4116 866 4174 Erant
896 4130 1061 4174 autem
1088 4122 1192 4176 illic
1217 4123 1448 4176 mulieres
1475 4124 1643 4176 multa:
1689 4141 1719 4175 α
1753 4124 1900 4192 longe
1928 4125 2166 4192 videntes,

593 4226 707 4278 ante
734 4223 954 4281 sequuta:
994 4217 1195 4282 fuerant
1236 4212 1410 4266 Iesum
1435 4231 1467 4266 a
1498 4213 1712 4268 Galilaza
1741 4217 2076 4270 ministrantes
2101 4217 2167 4283 ei,

596 4300 683 4364 56,
714 4303 767 4355 in
795 4302 972 4371 quibus
998 4314 1103 4357 erat
1142 4303 1310 4357 Maria
1341 4305 1660 4375 Magdalene,
1690 4316 1736 4360 et
1771 4307 1938 4361 Maria
1966 4309 2165 4374 Jacobi,

594 4403 642 4445 et
661 4392 783 4447 Jase
811 4402 987 4462 mater,
1014 4405 1061 4449 et
1080 4405 1237 4450 mater
1255 4398 1475 4465 ﬁliorum
1499 4398 1742 4453 Zebedazi.
1779 4400 1903 4455 Hrec
1925 4401 2058 4455 facta
2096 4403 2172 4455 vi-

594 4482 720 4536 dent
747 4484 997 4538 mulieres
1027 4483 1151 4551 illae,
1176 4502 1295 4555 quae
1323 4488 1553 4543 maxime
1576 4488 1757 4543 dolent
1782 4505 1844 4544 ac
1874 4491 2075 4559 lugent.
2105 4491 2172 4546 Et.

594 4575 899 4631 consideres
940 4576 1099 4631 velim
1141 4593 1298 4648 quam
1350 4579 1579 4635 assidua:
1623 4580 1750 4634 sint.
1800 4581 2173 4652 Sequebantur

596 4667 768 4735 ipsum
808 4667 1195 4733 ministrantes,
1240 4679 1294 4723 et
1331 4685 1498 4742 usque
1538 4671 1604 4725 ad
1650 4674 1884 4741 pericula
1924 4674 2167 4730 aderant.

597 4753 825 4825 Ideoque
863 4758 1037 4811 omnia
1083 4760 1415 4829 spectabant,
1467 4762 1732 4831 quomodo
1779 4764 2095 4820 clamaverit
2120 4775 2174 4821 et

595 4847 978 4914 exspiraverit;
1029 4849 1295 4917 quomodo
1327 4861 1488 4918 petra:
1520 4855 1698 4907 scissa:
1723 4854 1848 4915 sint,
1877 4864 2174 4927 ceteraque

597 4928 793 4990 omnia.
823 4938 1059 5010 [piaeque
1094 4943 1277 5010 prima:
1304 4941 1489 4997 Jesum
1531 4945 1742 5011 vident;
1784 4946 1976 5015 bicque
2011 4962 2174 5003 sexus

597 5027 826 5081 maxime
850 5029 1149 5094 damnatus,
1184 5032 1382 5100 primus
1408 5033 1667 5088 bonorum
1699 5037 2005 5104 spectaculo
2046 5039 2177 5093 frui.

598 5125 680 5168 tur
710 5133 725 5167 :
753 5117 894 5185 quod
924 5120 1152 5174 maxime
1183 5122 1388 5176 illarum
1417 5121 1777 5180 fortitudinem
1808 5128 2168 5183 commendat.

598 5205 847 5274 Discipuli
885 5206 1149 5277 fugerunt,
1182 5212 1284 5266 illa:
1304 5214 1544 5267 aderant.
1583 5217 1836 5285 Quantam
1864 5218 1967 5273 illa:
1987 5220 2176 5275 erant?

597 5296 763 5351 Mater
787 5297 921 5367 ejus,
953 5317 1110 5368 quam
1133 5302 1259 5357 dicit
1281 5302 1482 5369 Jacobi,
1510 5315 1562 5360 et
1584 5308 1822 5379 reliqum.
1850 5311 1998 5364 Alius
2024 5326 2177 5365 evan-

596 5389 781 5454 gelista
810 5387 1017 5457 (Lucas,
1041 5392 1190 5463 ibid.)
1220 5394 1368 5458 dicit,
1398 5397 1591 5451 multos
1618 5398 1781 5456 fuisse
1818 5403 1907 5471 qui
1946 5402 2016 5455 ob
2060 5402 2174 5458 lucc

598 5477 907 5546 plangerent
955 5490 1240 5552 pectusque
1282 5487 1592 5555 tunderent;
1625 5491 1766 5561 quod
1812 5495 2048 5548 maxime
2076 5494 2173 5548 Ju-

580 5567 830 5622 dmorum
861 5571 1229 5627 crudelitatem
1260 5579 1598 5648 ostendebat,
1629 5583 1719 5652 qui
1757 5584 1824 5639 de
1858 5586 2053 5654 quibus
2081 5586 2170 5640 alii

602 5660 874 5727 gestiebant
909 5663 1281 5737 lugebantque,
1312 5669 1379 5725 de
1421 5670 1607 5728 iisdem
1643 5675 1741 5745 ipsi
1783 5676 2167 5746 gloriabantur,

1380 268 1445 324 IN
1485 267 1890 325 MATTIUEUM
1929 269 2158 325 l’iOﬁIL.
2205 267 2535 325 LXXXVIII.
2578 267 2649 320 al.
2690 267 2979 323 LXXXIX.

3711 269 3814 326 77S

2235 399 2405 449 neque
2435 382 2799 438 misericordia
2819 383 2970 447 moti,
2996 397 3169 454 neque
3191 384 3378 439 timore
3398 384 3638 440 cobihiti.
3657 385 3818 456 Signa

2235 477 2431 545 quippe
2458 475 2569 541 illa,
2612 492 2716 528 non
2761 475 2920 528 modo
2959 477 3129 545 signa,
3181 475 3274 531 sed
3307 475 3399 531 irae
3429 491 3634 545 magnae
3678 477 3822 531 furo-

2237 568 2416 638 risque
2435 568 2582 638 signa
2623 575 2809 632 erant;
2843 569 3101 633 tenebrae,
3130 578 3300 639 petrae
3331 569 3534 635 scisste,
3574 569 3748 625 velum
3790 585 3819 623 a

2239 661 2420 715 medio
2445 661 2756 727 rescissum,
2802 669 2959 715 terra:
2999 670 3173 716 motus
3204 678 3217 715 :
3250 660 3368 716 lucc
3402 660 3633 731 ingentis
3671 670 3824 716 erant

2241 752 2634 823 indignationis.
2668 753 2759 807 58.
2790 751 3045 807 Accedens
3087 762 3252 806 autem
3294 751 3508 820 Ioseph.
3542 753 3682 823 petiit
3719 769 3824 808 eor-

2239 861 2351 915 pus.
2387 844 2482 898 llic
2510 854 2624 899 erat
2663 842 2862 914 Ioseph
2892 845 3000 907 ille,
3031 844 3120 914 qui
3160 858 3221 899 sc
3249 844 3393 914 prius
3423 844 3782 900 occultaverat
3808 861 3822 907 ;

2242 950 2384 989 nunc
2417 949 2546 989 vero
2581 949 2830 1004 magnum
2865 935 3132 1003 quidpiam
3160 951 3324 990 ausus
3360 944 3445 991 cst
3474 944 3596 1005 post
3623 932 3823 989 Christi

2242 1036 2489 1078 mortem.
2519 1023 2634 1080 Non
2664 1025 2809 1079 enim
2839 1023 3087 1093 ignobilis
3114 1026 3450 1096 ignotusque,
3481 1024 3580 1081 sed
3609 1040 3674 1080 ex
3697 1039 3823 1080 con-

2243 1116 2362 1170 silio
2390 1132 2524 1170 tinus
2552 1115 2945 1184 admodumque
2974 1115 3197 1184 insignis
3234 1126 3352 1173 erat
3380 1134 3394 1170 :
3424 1117 3566 1173 unde
3594 1118 3825 1172 maxime

2244 1207 2360 1272 ejus
2391 1206 2644 1262 lortitudo
2673 1207 2961 1277 spectanda
2992 1218 3115 1265 est:
3143 1224 3265 1264 nam
3304 1210 3357 1264 in
3395 1210 3586 1266 mortis
3614 1210 3827 1280 pericu-

2247 1299 2354 1352 lum
2394 1299 2660 1365 veniebat,
2690 1314 2811 1354 cum
2854 1301 3090 1356 omnium
3127 1302 3180 1356 in
3211 1318 3270 1357 se
3301 1302 3482 1359 odium
3508 1302 3823 1368 concitaret,

2247 1388 2372 1443 dum
2414 1405 2564 1445 suam
2594 1405 2717 1460 erga
2751 1390 2936 1446 .Iesum
2967 1392 3403 1447 benevolentiam
3430 1393 3828 1458 demonstrans,

2246 1494 2443 1548 cunnis
2470 1488 2651 1548 petere
2679 1496 2842 1536 ausus
2876 1491 2978 1547 est,
3010 1498 3177 1553 neque
3204 1482 3426 1548 destitit,
3456 1483 3630 1539 donec
3670 1482 3722 1539 id
3748 1497 3833 1538 as.

2249 1578 2503 1639 sequutus
2550 1579 2712 1625 esset.
2744 1570 2852 1627 Nec
2893 1574 3099 1642 accepit
3144 1573 3304 1627 modo
3350 1582 3404 1629 et
3445 1589 3565 1629 cum
3614 1585 3829 1644 sumptu

2249 1661 2508 1730 sepelivit,
2537 1663 2630 1717 sed
2659 1663 2710 1716 in
2733 1664 2981 1733 sepulcro
3004 1680 3103 1719 suo
3132 1680 3292 1733 novo,
3317 1666 3439 1721 hinc
3459 1680 3698 1723 amorem
3723 1665 3834 1721 for-

2252 1753 2638 1824 titudinemqne
2663 1770 2813 1809 suam
2843 1754 3239 1810 demonstrans.
3268 1756 3383 1812 Hoc
3421 1771 3549 1813 vero
3579 1772 3687 1812 non
3716 1757 3834 1812 sine

2250 1859 2430 1909 causa,
2458 1860 2558 1900 nec
2583 1843 2699 1900 sine
2742 1847 3081 1915 providentia-
3097 1847 3167 1901 ita
3193 1847 3390 1904 factum
3421 1857 3526 1914 est,
3554 1847 3649 1904 sed
3681 1860 3731 1904 ut
3767 1863 3836 1903 ne

2253 1936 2357 1989 ulla
2381 1937 2468 1991 vel
2496 1936 2718 1991 minima
2761 1937 2994 2006 suspicio
3028 1945 3349 2003 remaneret,
3396 1937 3560 1992 alium
3603 1953 3705 2009 pro
3730 1937 3838 1993 alio

2253 2030 2572 2085 surrexisse.
2620 2028 2710 2084 6|.
2763 2029 2925 2083 Erant
2963 2038 3135 2082 autem
3175 2027 3346 2084 ﬂuria
3398 2028 3747 2098 Magdalene,
3790 2038 3839 2083 et

2255 2120 2417 2173 altera
2461 2119 2632 2174 Maria
2661 2119 2888 2174 sedentes
2929 2136 2957 2174 e
2989 2121 3190 2191 regione
3218 2121 3458 2191 sepulcri.
3492 2120 3600 2176 Cur
3634 2120 3738 2175 illa:
3767 2120 3837 2175 ita

2255 2211 2540 2266 assident?
2587 2211 2729 2266 Nihil
2767 2210 2944 2266 adhuc
2988 2227 3235 2280 magnum
3271 2211 3353 2266 vel
3383 2212 3614 2266 sublime
3651 2211 3719 2266 de
3748 2212 3840 2266 illo

2256 2304 2497 2358 sciebant
2524 2320 2541 2360 :
2569 2303 2796 2371 ideoque
2824 2313 3091 2374 unguenta
3117 2304 3431 2367 atnderunt,
3472 2311 3528 2357 et
3554 2317 3720 2372 prope
3749 2316 3840 2357 se-

2266 2387 2517 2458 pulcrum
2550 2394 2865 2460 manebant,
2900 2405 2979 2461 ut,
3008 2394 3055 2449 si
3097 2392 3411 2448 Iudaeorum
3448 2394 3604 2448 furor
3629 2393 3847 2450 sedare-

2269 2486 2382 2545 tur,
2420 2482 2743 2538 accederent
2768 2492 2824 2538 et
2855 2483 3024 2539 elIusc
3051 2466 3534 2552 amplecterentur.

2330 2576 2384 2630 5.
2434 2574 2768 2645 Eleemasyna
2796 2573 3005 2643 pauperi
3053 2573 3195 2639 data,
3250 2569 3451 2626 Christo
3490 2580 3749 2642 erogatur.
3773 2600 3844 2615 -η

2269 2667 2424 2723 Vides
2453 2668 2733 2722 mulierum
2769 2665 3171 2721 fortitudinem?
3198 2664 3350 2719 vides
3380 2663 3664 2719 amorem?
3694 2663 3844 2719 vides

2265 2759 2639 2815 liberalitatem
2669 2759 2720 2813 in
2747 2773 2977 2827 expensa
3005 2771 3175 2827 usque
3206 2756 3272 2811 ad
3299 2756 3490 2811 mortis
3508 2754 3846 2826 periculum?

2266 2850 2441 2905 llasce
2461 2851 2711 2904 mulieres
2750 2849 3038 2912 imitemur,
3086 2849 3184 2902 viri
3217 2864 3230 2901 :
3270 2861 3337 2902 ne
3363 2846 3546 2903 Iesum
3586 2846 3639 2900 in
3673 2854 3847 2902 tenta-

2268 2941 2498 2997 tionibus
2523 2941 2906 3009 relinquamus.
2940 2939 3048 2995 Illas
3079 2938 3130 2993 in
3164 2945 3435 2992 mortuum
3467 2946 3547 2992 tot
3578 2936 3849 3006 impende-

2267 3040 2412 3099 runt,
2436 3031 2488 3085 in
2512 3034 2634 3086 vitae
2663 3044 2774 3086 sua:
2814 3030 3106 3100 periculum
3136 3047 3149 3081 :
3180 3043 3280 3084 nos
3312 3038 3495 3084 autem
3522 3027 3675 3099 (libet
3707 3028 3849 3083 enim

2268 3125 2499 3194 idipsum
2522 3126 2792 3193 repetere)
2818 3138 2916 3177 nec
2932 3123 3258 3177 esurientem
3276 3121 3491 3187 alimus,
3523 3134 3625 3175 nec
3646 3118 3850 3174 nudmn

2269 3217 2560 3282 induimus,
2603 3214 2696 3271 sed
2736 3215 2887 3270 illum
2927 3214 3320 3270 mendicantem
3350 3212 3592 3267 videntes
3625 3220 3850 3281 praeter-

2269 3309 2556 3366 currimus.
2600 3308 2740 3363 Sane
2795 3308 2840 3362 si
2895 3308 3069 3377 ipsum
3114 3303 3387 3362 Christum
3432 3302 3712 3369 videretis,
3756 3319 3855 3358 sua

2272 3403 2466 3473 singuli
2510 3399 2911 3471 profunderent.
2953 3398 3060 3455 Sed
3090 3413 3233 3453 nunc
3272 3397 3411 3453 idem
3443 3395 3560 3467 ipse
3601 3404 3704 3451 est.
3736 3393 3855 3464 Ipse

2272 3508 2505 3564 namque
2529 3492 2681 3558 dixit,
2712 3491 2828 3562 Ego
2867 3505 3005 3546 sum.
3031 3488 3140 3544 Cur
3167 3502 3294 3558 ergo
3324 3502 3428 3543 non
3453 3486 3632 3541 omnia
3680 3484 3854 3541 eﬂ‘un-

2272 3587 2395 3642 dis?
2420 3585 2628 3641 Etenim
2657 3598 2798 3638 nunc
2821 3582 3087 3637 dicentem
3109 3581 3283 3646 audis,
3303 3578 3432 3633 Mitti
3461 3578 3639 3650 facis‘.
3666 3576 3852 3647 Neque

2274 3677 2543 3750 quidpiam
2588 3678 2812 3732 interest
2854 3684 3029 3730 utrum
3073 3673 3214 3736 huic,
3268 3683 3444 3727 utrum
3499 3671 3579 3726 illi
3614 3670 3851 3731 dederis.

2278 3787 2456 3843 neque
2479 3773 2656 3826 minus
2682 3770 2895 3835 feceris,
2936 3784 3095 3839 quam
3140 3769 3393 3823 mulieres
3433 3768 3556 3831 illae,
3586 3783 3704 3836 qua!
3733 3777 3860 3823 tunc

2278 3863 2450 3931 ipsum
2491 3861 2815 3922 nutriebant,
2845 3858 2954 3912 imo
2992 3859 3162 3913 multo
3199 3858 3391 3927 majus.
3424 3857 3618 3913 Verum
3649 3873 3720 3912 ne
3746 3866 3861 3913 tur-

2277 3951 2496 4006 bemini.
2541 3949 2656 4005 Non
2683 3959 2766 4003 est
2792 3948 2933 4003 enim
2965 3947 3168 4017 aequale
3196 3948 3367 4017 ipsum
3400 3948 3681 4002 Dominum
3719 3962 3860 4017 prai-

2277 4052 2486 4096 scntem
2521 4041 2688 4105 alere,
2727 4040 2867 4111 quod
2896 4040 2978 4093 vel
3011 4039 3275 4109 lapideum
3307 4038 3540 4093 animum
3573 4038 3852 4109 pertrahe-

2280 4144 2383 4195 ret,
2438 4141 2491 4186 et
2538 4141 2757 4202 propter
2800 4132 2962 4185 verba
3012 4130 3130 4200 ejus
3175 4130 3488 4195 dmutaxat,
3544 4144 3857 4201 pauperem,

2280 4227 2546 4291 mut-ilum,
2580 4227 2854 4280 incurvum
2884 4225 3153 4280 hominem
3201 4226 3400 4282 fovere.
3431 4224 3507 4282 Ibi
3536 4225 3677 4280 enim
3703 4240 3858 4294 aspe-

2280 4331 2398 4374 ctus
2417 4319 2755 4388 dignitasque
2783 4318 3060 4387 praesentis
3087 4317 3342 4381 attrahit;
3374 4318 3460 4372 hic
3481 4325 3659 4372 autem
3689 4325 3858 4373 totum

2281 4408 2662 4465 misericordiae
2691 4409 2784 4462 tibi
2806 4407 3082 4476 prmunium
3105 4408 3422 4463 adscribitur
3447 4426 3461 4462 :
3485 4408 3765 4479 majusque
3780 4417 3863 4464 est

2283 4508 2385 4554 tum.
2409 4515 2534 4568 erga
2565 4500 2711 4553 illum
2741 4513 2828 4554 ret
2839 4498 3059 4554 erentiaa
3088 4508 3484 4568 argumentum,
3507 4499 3724 4569 quando
3739 4516 3862 4567 pro-

2282 4601 2401 4661 pter
2428 4591 2544 4658 ejus
2577 4593 2739 4645 verba
2783 4603 3100 4644 conservum
3137 4589 3284 4643 foves
3315 4591 3367 4643 in
3402 4590 3672 4644 omnibus.
3720 4590 3861 4645 Fove

2284 4682 2466 4748 igitur,
2511 4695 2574 4735 ac
2621 4679 2781 4735 crede
2822 4679 3111 4749 accipienti
3135 4689 3188 4733 et
3216 4679 3436 4743 dicenti,
3477 4679 3610 4734 Mihi
3648 4680 3849 4736 dedisti.

2284 4771 2392 4826 Nisi
2435 4771 2576 4827 enim
2609 4770 2709 4839 ipsi
2749 4769 2929 4836 dares,
2967 4785 3079 4824 non
3106 4780 3158 4825 te
3196 4770 3285 4841 ille
3328 4785 3493 4839 regno
3529 4770 3861 4842 dignaretur.

2282 4860 2393 4915 Nisi
2421 4862 2591 4931 ipsum
2620 4862 2964 4927 aversareris,
3000 4876 3106 4916 non
3135 4872 3185 4915 te
3209 4861 3261 4916 in
3286 4862 3586 4933 gehennam
3603 4863 3857 4928 mitteret,

2284 4949 2427 5019 quod
2457 4951 2611 5004 vilem
2649 4949 2878 5018 aliquem
2917 4949 3188 5007 hominem
3217 4953 3573 5023 despexisscs.
3598 4954 3705 5011 Sed
3740 4958 3862 5027 quia

2285 5042 2375 5095 ille
2406 5043 2519 5111 ipse
2546 5051 2628 5096 est
2654 5043 2742 5112 qui
2771 5042 3082 5112 despicutnr,
3114 5044 3234 5097 ideo
3255 5061 3500 5113 magnum
3533 5046 3584 5101 id
3603 5046 3856 5118 ﬂagitium

2283 5143 2387 5188 est.
2410 5134 2500 5189 Sic
2527 5144 2579 5188 ct
2603 5134 2797 5188 Paulus
2833 5135 2980 5189 illum
3004 5137 3445 5205 persequebatur;
3479 5137 3598 5192 ideo
3624 5137 3855 5203 dicebat,

2289 5223 2426 5290 Quid
2445 5240 2525 5277 me
2546 5226 2852 5294 persequeris
2871 5225 2889 5295 (
2900 5226 3008 5278 Act.
3028 5227 3081 5281 9.
3106 5228 3159 5296 ὦ)
3180 5227 3314 5282 ?’Sic
3330 5243 3477 5298 ergo,
3501 5244 3621 5283 cum
3648 5229 3856 5293 damus,

2283 5311 2458 5368 allecti
2487 5315 2679 5378 simus,
2714 5330 2778 5369 ac
2817 5316 2860 5367 si
2889 5316 3103 5370 Christo
3129 5332 3470 5387 erogaremus
3499 5337 3514 5373 :
3544 5333 3665 5372 nam
3700 5320 3860 5374 verba

2284 5402 2419 5473 ejus,
2453 5404 2573 5475 plus
2605 5419 2761 5474 quam
2802 5420 2864 5461 ea
2906 5422 3025 5476 quae
3056 5407 3155 5461 sub
3199 5418 3471 5476 aspectum
3503 5409 3700 5463 cadunt
3733 5424 3855 5465 erc-

2283 5495 2476 5550 dcnda.
2533 5496 2667 5551 Cum
2725 5499 2919 5556 videris
2978 5515 3111 5570 ergo
3169 5515 3455 5570 pattpercnt
3483 5542 3499 5564 .
3567 5503 3852 5559 record-tre

2350 5627 2378 5695 ί.
2402 5629 2596 5695 Morel.,_
2611 5636 2708 5678 (‘ur
2731 5642 2823 5679 non
2844 5630 3002 5680 omnia
3017 5631 3241 5695 emtndis,
3264 5632 3456 5694 φαίη(Ιο
3473 5632 3667 5694 quidem
3700 5654 3722 5682 α
3737 5636 3781 5683 Μ
3790 5630 3859 5683 illi

2278 5687 2422 5751 facis,
2454 5707 2471 5739 ι
2498 5692 2696 5745 omissis
2719 5687 3046 5750 interpositis.
