4074 6400
371 285 472 342 779

369 403 679 466 verborum,
726 397 920 469 quibus
961 410 1017 447 se
1064 393 1175 462 ipse
1223 389 1352 442 dicit
1402 385 1671 440 alendum.
1727 381 1956 437 Etiamst

374 494 511 548 enim
544 492 590 546 is
616 490 705 561 qui
732 495 953 558 apparet
982 499 1086 538 non
1117 481 1185 536 sit
1207 480 1475 540 Christus.
1501 477 1594 533 sed
1617 476 1716 531 sub
1748 474 1844 528 hac
1867 472 1957 528 ille

374 588 542 653 tigura
582 582 710 652 petit
736 589 789 633 et
823 577 1032 645 accipit.
1066 573 1332 627 Erubesce
1376 571 1554 640 igitur,
1593 583 1714 621 cum
1754 564 1955 635 petenti

375 691 482 730 non
517 673 746 728 dederis.
780 670 889 724 iloc
927 665 1112 737 pudori
1143 674 1244 728 est,
1284 661 1386 716 hoc
1423 675 1630 731 poenam
1659 667 1714 712 et
1754 657 1958 724 suppli-

374 767 516 822 cium
548 772 800 818 meretur.
834 761 962 815 Nam
991 758 1131 828 quod
1157 755 1442 816 mendicet,
1483 753 1548 806 ad
1577 753 1692 818 ejus
1728 749 1957 820 pertinet

379 857 687 917 bonitatem,
713 869 776 908 ac
798 863 1014 922 pr0pter
1031 850 1130 904 hoc
1152 863 1248 901 nos
1267 846 1479 916 gloriari
1506 860 1602 913 par
1621 852 1701 896 est
1729 859 1740 893 :
1769 842 1812 896 si
1836 857 1962 894 vero

379 967 483 1005 non
515 947 750 1009 dederis,
787 955 889 999 tua:
921 945 1023 998 erit
1052 941 1400 996 crudelitatis.
1433 937 1584 1006 Quod
1611 937 1654 991 si
1686 951 1825 988 nunc
1857 950 1960 986 non

377 1041 565 1096 credas
594 1048 665 1102 te,
690 1053 810 1093 eum
835 1049 1121 1105 pauperem
1147 1031 1356 1086 lidelem
1386 1026 1768 1099 prtetcremris,
1791 1025 1961 1092 ipsum

378 1141 814 1200 praeter-currere,
842 1136 965 1179 tunc
991 1122 1178 1178 credes
1205 1136 1326 1176 cmn
1364 1129 1414 1172 te
1447 1119 1497 1172 in
1537 1116 1714 1170 medio
1753 1115 1961 1168 illorum

382 1223 660 1293 producto,
699 1220 878 1274 dicet:
907 1217 975 1270 In
1019 1225 1262 1286 quantum
1299 1214 1378 1266 his
1415 1229 1516 1264 non
1560 1210 1766 1281 fecistis,
1809 1224 1966 1276 neque

380 1315 506 1368 mihi
532 1313 743 1385 fecistis.
786 1311 890 1366 Sed
929 1308 1068 1364 absit
1098 1317 1152 1361 ut
1185 1321 1278 1360 vos
1323 1304 1451 1358 illud
1489 1304 1558 1356 ita
1597 1301 1837 1366 discatis,
1870 1298 1965 1353 sed

384 1408 585 1460 utinam
610 1419 750 1459 nunc
773 1403 1073 1465 credentes,
1100 1409 1156 1454 et
1182 1398 1579 1459 fructificantes,
1602 1393 1966 1450 beatissimam

385 1501 528 1553 illam
557 1497 785 1552 audiatis
811 1510 1018 1558 vocem,
1049 1501 1168 1561 qua:
1195 1504 1289 1544 vos
1317 1491 1366 1542 iu
1397 1502 1620 1553 regnum
1645 1484 1965 1539 introducat.

384 1590 584 1645 Verum
621 1588 766 1642 dicet
801 1588 1027 1640 fortasse
1072 1582 1334 1652 quispiam
1375 1596 1388 1631 :
1430 1576 1679 1645 Quotidie
1711 1574 1864 1628 nobis
1901 1572 1968 1627 de

386 1685 727 1752 cleemosyna
773 1688 827 1734 et
873 1674 1234 1733 misericordia
1288 1673 1527 1727 disseris.
1582 1669 1762 1737 Neque
1809 1665 1966 1720 ﬁnem

388 1773 601 1829 dicendi
625 1773 836 1827 faciam.
871 1767 1088 1823 Etiamsi
1118 1767 1258 1822 enim
1283 1780 1345 1819 ea
1376 1763 1514 1833 apud
1543 1777 1635 1816 vos
1670 1770 1815 1815 recte
1844 1772 1966 1828 pro-

389 1865 662 1929 cederent,
698 1877 868 1932 neque
897 1870 1021 1914 tunc
1044 1855 1407 1912 desistendum
1437 1861 1596 1916 esset,
1631 1868 1698 1906 ne
1724 1851 1845 1904 hinc
1874 1865 1970 1904 ne-

390 1955 731 2024 gligentiores
772 1949 1088 2004 evadet-etis.
1123 1949 1370 2001 Attamen
1408 1944 1450 1998 si
1492 1944 1627 1998 bene
1662 1956 1748 1995 res
1787 1955 1974 2010 proce-

389 2046 562 2113 deret,
595 2045 770 2098 minus
797 2043 1049 2096 instarent
1076 2039 1150 2094 :si
1182 2051 1310 2091 vero
1333 2051 1399 2091 ne
1419 2033 1485 2089 ad
1505 2032 1735 2088 medium
1758 2029 1972 2101 quidem

352 2159 358 2178 ι
407 2136 742 2206 pervenistis,
770 2149 837 2188 ne
868 2132 1016 2194 mihi,
1039 2130 1132 2186 sed
1163 2129 1310 2183 vobis
1338 2127 1466 2198 ipsis
1491 2126 1541 2180 id
1579 2123 1815 2194 objicite.
1840 2121 1973 2176 Nam

353 2241 360 2252 '
402 2229 622 2301 perinde
661 2228 809 2292 facis,
841 2226 966 2280 dum
997 2221 1363 2294 conquereris,
1393 2228 1552 2288 atque
1587 2217 1630 2271 si
1665 2230 1796 2285 puer
1819 2213 1974 2284 alpha

392 2337 534 2391 sa-pe
559 2321 802 2383 audiens,
832 2333 928 2372 nec
953 2316 1220 2380 ediscens,
1251 2311 1388 2383 apud
1413 2310 1722 2381 magistrum
1741 2321 1975 2376 conque-

395 2425 624 2475 reretur,
669 2415 811 2481 quod
863 2409 1173 2478 frequenter
1225 2420 1292 2459 ac
1334 2411 1593 2474 perpetuo
1634 2399 1685 2454 id
1737 2399 1973 2452 dot-cret.

394 2505 525 2572 Quis
567 2503 707 2558 enim
753 2517 820 2555 ex
863 2499 1042 2553 verbis
1085 2497 1218 2550 meis
1250 2496 1416 2549 factus
1454 2501 1538 2548 est
1575 2489 1873 2560 expeditior
1910 2486 1976 2541 ad

359 2613 364 2616 ·
394 2598 790 2665 cleemosynam
815 2591 1084 2647 dandam?
1110 2590 1228 2660 quis
1276 2586 1528 2658 pecunias
1565 2583 1830 2654 profudit?
1858 2584 1978 2650 quis

395 2689 673 2743 dimidiutn
721 2701 919 2756 opum,
979 2685 1097 2753 quis
1151 2682 1361 2736 tertiam
1415 2691 1618 2749 partem
1671 2672 1978 2730 distribuit?

395 2776 897 2844 Nemo.,Quomodo
919 2790 1047 2843 ergo
1075 2771 1359 2828 absurdum
1393 2786 1496 2824 non
1521 2768 1699 2832 fuerit,
1727 2767 1853 2821 dmn
1886 2779 1978 2819 vos

399 2887 504 2924 non
528 2869 752 2932 discitis,
779 2867 969 2934 jubere
995 2881 1092 2919 nos
1116 2881 1144 2916 a
1175 2861 1416 2918 docendo
1446 2858 1748 2914 absistere?
1781 2857 1977 2912 Contra

359 2961 701 3016 'faciendum
748 2967 936 3013 esset:
970 2956 1013 3010 si
1070 2971 1166 3010 nos
1214 2953 1476 3008 absistere
1533 2951 1829 3013 vellemus,
1885 2963 1980 3001 vos

399 3060 674 3122 oporteret
701 3051 932 3104 retinere
951 3062 1013 3101 ac
1033 3047 1215 3100 dicere
1235 3061 1247 3098 :
1269 3043 1512 3098 Nondum
1535 3041 1647 3094 bzec
1674 3039 1977 3101 didicimus,

399 3153 454 3196 et
479 3159 575 3196 cur
603 3156 632 3195 a
660 3138 928 3194 nmneudo
951 3137 1244 3192 desistitis?
1269 3134 1324 3189 Si
1351 3133 1470 3204 quis
1497 3131 1634 3185 ιιι-ιιιί
1673 3129 1982 3184 inﬁrmitate

400 3234 686 3299 laboraret,
714 3239 768 3285 et
805 3244 904 3301 ego
943 3228 1183 3282 medicus
1221 3241 1419 3290 essem,
1449 3225 1491 3277 si
1531 3222 1843 3292 elttpiztSIro,
1886 3236 1985 3272 un-

399 3325 599 3388 ctione,
640 3322 857 3394 reliquis
901 3319 1150 3375 remediis
1187 3317 1460 3376 adltibitis,
1509 3331 1694 3385 parum
1750 3311 1982 3382 profuis-

401 3432 535 3480 sem,
567 3424 623 3469 et
659 3414 864 3468 abirem
896 3424 1112 3468 :anuon
1143 3409 1209 3463 ad
1237 3408 1465 3462 ofliciua:
1498 3407 1637 3459 fores
1679 3403 1979 3467 accederet,

402 3509 678 3573 clamaret,
718 3519 909 3574 meque
955 3503 1024 3557 de
1069 3501 1269 3572 ingenti
1320 3501 1636 3568 negligentia
1687 3505 1982 3563 accusaret,

405 3598 546 3668 quod
577 3606 952 3667 perseverante
982 3595 1171 3648 morbo
1207 3593 1586 3646 recessissem?
1612 3601 1667 3644 et
1692 3590 1735 3643 si
1766 3603 1986 3643 accusa-

407 3704 493 3745 tus
534 3689 915 3760 responderem
953 3707 966 3742 :
1012 3687 1346 3755 Cataplasma
1388 3683 1632 3753 apposui,
1677 3684 1825 3748 unxi,
1861 3697 1984 3735 nmn

408 3784 536 3837 illud
580 3783 776 3836 ferret?
807 3781 1042 3845 Minime,
1074 3779 1167 3833 sed
1197 3777 1374 3832 statim
1409 3777 1611 3830 diceret
1645 3794 1658 3828 :
1697 3776 1828 3841 ane
1855 3773 1985 3828 mihi

413 3875 534 3928 hinc
571 3874 788 3938 utilitas,
822 3871 947 3925 dum
988 3869 1131 3926 male
1157 3868 1395 3924 al'licior?
1438 3866 1666 3936 ldipsum
1714 3867 1780 3920 de
1811 3865 1986 3919 anima

409 3967 661 4035 cogitato.
694 3963 855 4032 Quid,
881 3965 924 4017 si
950 3977 1163 4017 manum
1190 3961 1476 4027 infirmam,
1508 3969 1828 4030 torpentem,
1853 3974 1954 4013 con
1973 3984 1987 3994 -

392 4068 646 4121 tractam,
690 4069 834 4123 saepe
880 4054 1273 4107 lamentatione
1307 4067 1507 4104 curans
1531 4089 1546 4110 ,
1582 4047 1831 4102 emollire
1871 4058 1981 4097 non

400 4150 706 4222 potuissem
730 4147 753 4200 ?
779 4161 963 4199 annon
983 4145 1218 4214 idipsum
1239 4141 1524 4197 audirem?
1553 4140 1622 4192 At
1652 4153 1799 4192 nunc
1821 4138 1985 4190 etiam

402 4255 628 4298 manum
695 4246 1035 4295 contractam
1093 4244 1148 4291 et
1194 4236 1491 4289 arefactum
1549 4231 1860 4300 irrigatuus.
1925 4223 1994 4277 Et.

416 4327 554 4386 ideo,
587 4327 758 4380 donec
791 4323 934 4378 illam
956 4332 1236 4377 extensam
1275 4320 1584 4385 viderimus,
1616 4320 1843 4375 circuire
1882 4336 1990 4374 non

412 4419 752 4473 desistemus.
793 4416 1004 4470 Utinam
1047 4425 1102 4468 et
1148 4429 1243 4470 vos
1284 4413 1353 4468 de
1389 4414 1534 4468 nullo
1569 4414 1675 4468 alio
1717 4414 1993 4484 colloqua-

416 4509 568 4574 mini,
597 4518 651 4563 et
671 4508 838 4573 domi,
880 4516 933 4561 et
963 4509 1016 4561 in
1058 4506 1194 4569 foro,
1241 4515 1291 4560 et
1325 4505 1375 4558 in
1421 4521 1624 4571 mensa,
1669 4516 1849 4570 noctu,
1884 4507 1992 4560 imo

412 4609 465 4654 et
497 4613 588 4668 per
617 4598 902 4652 somnium.
935 4595 1064 4650 Nam
1093 4595 1136 4648 si
1170 4594 1397 4649 interdiu
1421 4595 1534 4649 lucc
1554 4595 1762 4650 solliciti
1781 4611 1994 4666 semper

371 4741 381 4760 ι
415 4689 815 4752 meditaremur,
847 4688 1005 4742 etiam
1037 4703 1130 4757 per
1164 4687 1430 4740 somnium
1461 4687 1512 4741 in
1543 4687 1606 4741 iis
1632 4702 1990 4743 versaremur.

483 4783 538 4836 4.
593 4784 763 4850 Quare
808 4782 1191 4851 Chrysostomus
1225 4783 1506 4852 frequenter
1542 4781 1606 4836 de
1644 4783 1990 4853 eleemosyna,

417 4891 517 4928 non
546 4886 712 4928 autem
739 4875 803 4928 de
829 4873 1865 4944 pugnacontraadversariosC/zristianw
1878 4875 1994 4929 reli-

411 4968 578 5037 gionis
589 4964 831 5019 disserat.
843 4961 1005 5016 Arma
1014 4963 1684 5023 Christianorummirtutes.
1707 4964 1991 5030 Auditorcs,

415 5059 550 5128 quod
579 5057 718 5110 mum
745 5057 795 5108 in
829 5055 1033 5108 ecclesia
1062 5071 1162 5107 non
1201 5071 1253 5107 sc
1295 5066 1575 5109 reuerenter
1615 5066 1869 5125 gererent,
1913 5059 1995 5111 in-

417 5157 617 5215 crepat,
675 5148 899 5215 ipsorum
967 5146 1337 5198 irreverentiam
1389 5147 1688 5202 describens.
1737 5177 1810 5190 —-
1858 5150 1995 5218 Quid

417 5236 595 5292 dicis?
639 5236 714 5290 De
761 5235 1102 5304 eleemosyna
1147 5249 1362 5304 semper
1404 5236 1656 5291 dissero?
1688 5238 1892 5293 Vellem
1943 5249 1998 5294 et

416 5343 516 5398 ego
544 5324 842 5394 hujusmodi
875 5323 1242 5378 adhortatione
1265 5325 1389 5378 nihil
1419 5327 1556 5397 apud
1581 5339 1675 5380 vos
1699 5345 1832 5397 opus
1853 5344 1993 5397 esse,

415 5417 509 5470 sed
531 5417 792 5472 disserere
817 5416 884 5470 de
905 5431 1074 5485 pugna
1097 5425 1278 5469 contra
1299 5416 1531 5482 Judaaos,
1547 5429 1726 5473 contra
1747 5422 1992 5489 gentiles,

419 5515 604 5560 wntra
636 5507 916 5561 haereticos
949 5524 961 5558 :
995 5506 1088 5561 sed
1115 5506 1348 5561 nondum
1375 5510 1616 5566 valentes
1643 5513 1760 5579 quis
1787 5528 1996 5568 armare

422 5596 623 5661 possit?
670 5599 936 5666 quomodo
980 5599 1030 5652 in
1073 5598 1242 5652 aciem
1272 5599 1500 5656 educere
1541 5603 1713 5657 adhuc
1742 5605 1908 5674 plagis
1944 5616 1996 5660 et

438 5683 740 5742 vulneribus
767 5693 1068 5748 Sauciatos‘.’
1097 5693 1152 5746 Si
1187 5709 1278 5746 vos
1310 5693 1443 5748 bene
1473 5696 1707 5752 valentes
1735 5699 1990 5766 viderem,

1114 276 1164 332 S.
1206 272 1482 330 JOANNIS
1520 264 1990 327 CllliYSOSTOMl
2029 263 2346 321 ARCHIEP.
2386 266 2914 323 CONSTANTINOP.

3539 275 3642 333 780

2055 377 2166 448 jam
2198 396 2250 433 tu
2279 381 2450 436 aciem
2483 383 2626 436 illam
2654 383 2956 438 eduxissent
2977 425 2991 454 ,
3039 394 3196 455 atque
3239 384 3433 440 Christi
3477 391 3640 456 gratia

2062 472 2180 528 fulti
2231 483 2462 544 stragem
2513 476 2778 531 vidissetis
2839 477 3238 532 inmnnerorum
3285 479 3638 546 cadaverum,

2063 564 2334 634 multaque
2378 566 2534 618 allata
2579 582 2764 621 eorum
2811 568 3004 637 capita.
3058 568 3114 623 ln
3163 570 3282 624 aliis
3308 585 3467 640 perm
3497 573 3642 628 libris

2065 657 2227 711 multa
2261 657 2358 711 hac
2401 658 2467 712 de
2496 675 2552 713 re
2587 659 2816 714 diximus
2848 678 2860 713 :
2893 661 2986 715 sed
3032 677 3205 731 neque
3233 663 3309 716 sic
3341 664 3494 729 plane
3521 680 3641 732 pos-

2065 763 2270 812 sumus,
2316 748 2386 802 ob
2434 749 2721 802 multorum
2751 749 3150 820 negligentiam,
3197 754 3333 805 hanc
3370 753 3644 809 victoriam

2065 839 2359 894 celebrare.
2412 841 2698 910 Postquam
2753 843 2896 895 enim
2954 842 3074 896 illos
3122 857 3264 912 sta-pe
3313 843 3645 913 dogmatibus

2068 933 2463 1004 profligavimus
2484 975 2500 999 ,
2544 935 2704 988 vitam
2737 935 3026 989 multorum
3057 935 3210 990 nobis
3237 937 3253 968 ⁸
3287 937 3642 1005 cytprobraut,

2065 1025 2152 1093 qui
2205 1025 2344 1094 apud
2391 1041 2490 1080 nos
2534 1035 2946 1095 congregantur,
2999 1042 3291 1096 eorumque
3347 1029 3563 1084 vulnera
3593 1039 3648 1082 et

2067 1117 2231 1170 animi
2260 1118 2492 1172 morbos.
2522 1118 2800 1184 Quomodo
2828 1133 2957 1190 ergo
2985 1134 3079 1173 vos
3123 1117 3350 1174 ﬁdenter
3395 1120 3445 1173 in
3477 1121 3646 1174 aciem

2069 1209 2373 1274 cduccmus,
2417 1225 2537 1264 cum
2568 1212 2726 1264 etiam
2757 1211 2908 1265 nobis
2956 1212 3162 1266 molesti
3207 1214 3343 1277 sitis,
3379 1213 3504 1266 dum
3553 1231 3646 1269 vos

2071 1302 2253 1355 hostes
2300 1303 2609 1356 confodiunt
2655 1318 2716 1356 ac
2761 1303 3050 1357 derident?
3096 1305 3242 1358 Illius
3286 1306 3428 1359 enim
3462 1323 3655 1360 manus

2071 1410 2210 1464 argra
2250 1405 2330 1449 est
2356 1405 2406 1450 et
2436 1396 2500 1449 ad
2532 1395 2856 1463 largitionem
2882 1399 2902 1428 ²
2928 1408 3218 1452 contraeta.
3261 1397 3536 1463 Quomodo
3565 1399 3652 1453 ille

2072 1486 2314 1556 clypeum
2364 1497 2544 1540 tenere
2573 1495 2625 1540 et
2654 1487 2945 1542 obtendere
2993 1489 3224 1556 poterit,
3255 1505 3320 1543 ne
3341 1489 3657 1545 crudelibus

2072 1577 2310 1632 dicteriis
2341 1578 2599 1632 feriatur?
2637 1579 2739 1632 Alii
2782 1579 3004 1648 pedibus
3047 1580 3350 1635 claudicaut
3396 1593 3654 1652 quotquot

2075 1669 2368 1722 ascendunt
2398 1672 2461 1722 ad
2495 1670 2697 1724 theatra
2723 1712 2735 1732 ,
2769 1679 2824 1724 et
2874 1672 2940 1724 ad
2986 1672 3283 1742 diversoria
3317 1674 3654 1727 meretricum

2077 1759 2378 1813 mulierum.
2410 1760 2688 1826 Quomodo
2714 1760 2765 1813 hi
2799 1761 2848 1814 in
2877 1776 3048 1832 pugna
3077 1773 3219 1817 stare
3253 1772 3524 1831 poterunt,
3559 1781 3657 1819 nec

2077 1849 2307 1904 lasciviae
2350 1851 2662 1905 criminibus
2690 1852 2950 1905 confodi?
2977 1852 3127 1906 Alius
3155 1853 3328 1908 oculis
3358 1854 3564 1909 laborat
3605 1866 3660 1910 et

2077 1956 2214 2011 pene
2241 1957 2414 1997 caecus
2455 1951 2575 2009 est,
2623 1958 2728 1997 non
2755 1944 2920 2012 probe
2953 1945 3250 2014 respiciens
3271 1988 3285 2010 ,
3317 1946 3409 2000 sed
3443 1947 3658 2002 lascivia

2081 2035 2288 2102 plenus,
2307 2033 2584 2087 mulierum
2605 2035 2906 2102 pudicitiam
2925 2035 3163 2100 adortus,
3188 2045 3242 2092 et
3267 2037 3545 2092 connubiis
3575 2039 3660 2092 in-

2077 2123 2317 2207 sidiatus.
2350 2125 2628 2192 Quomodo
2659 2125 2744 2180 hic
2773 2126 3013 2182 inimicos
3040 2129 3302 2195 respicere
3331 2131 3542 2198 poterit,
3569 2129 3662 2182 ha-

2079 2225 2214 2269 stam
2246 2215 2454 2270 vibrare
2478 2257 2492 2282 ,
2523 2217 2683 2271 telum
2714 2218 2978 2285 emittere,
3010 2218 3134 2273 dum
3165 2220 3396 2290 undique
3424 2220 3665 2276 dicteriis

2080 2307 2421 2363 confoditur?
2453 2311 2599 2363 Alios
2627 2311 2807 2366 videre
2847 2321 2928 2366 est
2951 2321 3134 2366 ventre
3159 2312 3401 2367 dolentes
3427 2330 3530 2367 non
3562 2314 3662 2370 mi-

2081 2416 2183 2455 nus
2219 2417 2375 2472 qualn
2419 2400 2774 2474 bydropicos,
2813 2404 2900 2474 qui
2941 2419 2972 2458 a
3001 2394 3121 2474 gula
3162 2416 3214 2459 et
3244 2404 3499 2461 ebrietate
3526 2405 3665 2459 dcti-

2081 2503 2292 2548 neutur.
2325 2493 2605 2560 Quomodo
2637 2495 2794 2564 igitur
2838 2494 2934 2548 hos
2977 2496 3154 2550 ebrios
3185 2496 3237 2549 in
3269 2512 3496 2566 pugnam
3525 2496 3664 2551 edu-

2082 2598 2205 2638 cere
2237 2583 2461 2652 pocro?
2488 2583 2656 2638 Alteri
2688 2599 2748 2637 os
2776 2585 2946 2654 ipsum
2973 2588 3332 2656 computruit;
3363 2587 3662 2656 cujusmodi

2083 2685 2207 2729 sunt
2249 2674 2508 2742 iracundi,
2556 2675 2963 2743 conviciatorcs,
3018 2677 3334 2747 blasphemi.
3383 2679 3665 2745 Quomodo

2085 2768 2244 2838 igitur
2289 2769 2376 2823 hic
2419 2769 2469 2823 in
2501 2768 2641 2824 bello
2691 2785 2940 2840 umquam
2977 2770 3258 2840 jubilabit,
3309 2787 3666 2842 magnumque

2083 2861 2352 2932 quidpiam
2370 2872 2752 2930 strenuumque
2771 2871 2910 2933 aget,
2927 2862 3049 2916 dum
3071 2873 3124 2918 et
3140 2864 3252 2933 ipse
3268 2865 3372 2918 alio
3391 2865 3665 2920 ebrietatis

2086 2967 2283 3022 genere
2313 2953 2492 3007 ebrius
2518 2960 2636 3020 est,
2679 2953 3007 3022 multamque
3037 2952 3278 3009 hostibus
3304 2955 3507 3024 praebet
3527 2955 3668 3010 risus

2081 3048 2394 3104 materiam?
2422 3047 2544 3103 Ideo
2581 3048 2727 3102 hunc
2764 3047 3009 3118 quotidie
3047 3047 3345 3101 exercitum
3364 3045 3669 3108 circumeo,

2079 3142 2300 3196 vulnera
2318 3156 2541 3205 curans,
2572 3140 2753 3195 ulcera
2783 3153 2980 3194 sanare
3013 3137 3264 3194 studens.
3284 3136 3342 3191 Si
3365 3145 3543 3190 autem
3565 3136 3670 3188 ali-

2078 3233 2298 3304 quando
2315 3233 2656 3304 evigiletis,si
2677 3231 2858 3286 idonei
2877 3242 2930 3286 et
2952 3230 3190 3302 prompti
3211 3229 3424 3284 fueritis
3443 3228 3509 3282 ad
3527 3227 3669 3282 alios

2076 3323 2376 3391 feriendus,
2401 3324 2518 3379 haec
2544 3338 2640 3380 vos
2667 3338 2821 3378 arma
2856 3332 3089 3378 tractare
3120 3323 3349 3378 docebo.
3373 3319 3466 3373 Vel
3485 3319 3670 3387 potius

2090 3414 2201 3484 ipsa
2232 3428 2395 3484 opera
2426 3411 2576 3466 vobis
2603 3426 2750 3466 arma
2781 3419 2958 3477 erunt,
2989 3420 3043 3466 et
3071 3412 3309 3480 protinus
3337 3425 3525 3466 omnes
3549 3426 3672 3465 suc-

2090 3504 2362 3571 cumbent,
2389 3503 2435 3558 si
2463 3503 2856 3568 misericordes,
2885 3503 2928 3557 si
2967 3502 3214 3568 modesti,
3242 3503 3286 3558 si
3317 3503 3601 3567 mansueti,
3628 3505 3674 3558 si

2091 3596 2403 3664 injuriarum
2427 3596 2765 3651 immemores
2786 3594 3010 3663 fueritis,
3033 3595 3078 3650 si
3099 3595 3227 3650 alias
3243 3611 3430 3650 omnes
3452 3597 3676 3652 virtutes

2091 3687 2458 3742 cxbibucritis.
2509 3686 2566 3741 Si
2611 3701 2740 3740 vero
2769 3687 3000 3756 quipiam
3045 3687 3493 3757 repugnaverint,
3545 3695 3676 3741 ttmc

2092 3779 2252 3832 etiam
2276 3789 2450 3833 uosua
2470 3778 2836 3848 adjungemus,
2862 3792 2957 3832 vos
2979 3777 3029 3832 in
3053 3778 3286 3832 medium
3311 3779 3674 3848 proferentes:

2093 3885 2235 3925 nunc
2277 3870 2418 3924 enim
2453 3869 2502 3924 in
2537 3869 2636 3923 hoc
2681 3884 2838 3924 cursu
2871 3884 2898 3922 a
2925 3869 3073 3925 vobis
3101 3870 3438 3940 itnpedimur.
3478 3869 3674 3924 Consi-

2093 3960 2251 4015 deres
2280 3960 2437 4014 velim
2457 4001 2471 4024 ,
2503 3975 2706 4030 quazso.
2747 3959 2979 4012 Dicimus
3008 3975 3196 4029 magna
3219 3969 3492 4028 operatum
3515 3958 3675 4014 Chri-

2057 4076 2060 4078 ν
2095 4059 2237 4105 stum
2264 4065 2403 4115 esse,
2428 4054 2514 4120 qui
2543 4050 2760 4118 angelos
2789 4064 2852 4104 ex
2889 4049 3190 4104 hominibus
3221 4049 3405 4104 fecerit
3429 4067 3443 4115 ;
3474 4049 3673 4104 deinde

2097 4159 2225 4198 vero
2252 4159 2372 4198 cum
2417 4142 2649 4196 rationes
2679 4150 3038 4210 expetuntur,
3081 4141 3214 4209 jussi
3259 4157 3323 4194 ex
3371 4141 3470 4195 hoc
3515 4157 3678 4212 grege

2055 4235 2364 4304 'spccitnen
2413 4233 2625 4304 aliquod
2674 4233 2942 4304 proferre,
2995 4233 3433 4287 obmutescimus.
3488 4232 3678 4288 Timeo

2097 4329 2241 4381 enim
2291 4343 2357 4382 ne
2409 4342 2503 4396 pro
2546 4327 2747 4397 angelis
2789 4341 2979 4396 porcos
3017 4342 3081 4380 ex
3129 4325 3253 4378 hara
3286 4326 3549 4391 educam,
3581 4335 3678 4380 aut

2098 4433 2266 4487 equos
2312 4417 2639 4472 emissarios.
2687 4417 2810 4471 Scio
2857 4416 2970 4470 lnrc
3001 4416 3152 4471 vobis
3182 4418 3404 4472 molesta
3437 4432 3556 4473 esse
3579 4456 3598 4480 ,
3625 4428 3680 4471 at

2099 4522 2203 4561 non
2255 4519 2438 4562 conlra
2493 4522 2587 4560 vos
2636 4522 2824 4561 omnes
2861 4507 2975 4562 ha-c
3001 4507 3267 4567 dicuntur,
3299 4507 3390 4561 sed
3420 4507 3681 4562 adversus

2099 4614 2192 4653 eos
2214 4599 2300 4668 qui
2326 4597 2406 4653 his
2431 4597 2647 4653 obnoxii
2679 4608 2834 4663 sunt;
2866 4598 2972 4650 imo
3002 4613 3068 4653 ne
3092 4607 3275 4651 contra
3301 4597 3417 4651 illos
3437 4598 3677 4668 quidem,

2099 4689 2144 4743 si
2176 4689 2519 4757 resipiscam,
2553 4687 2644 4742 sed
2672 4703 2768 4759 pro
2792 4688 2913 4742 illis.
2949 4687 3097 4742 Nunc
3125 4687 3267 4742 enim
3295 4689 3471 4742 omnia
3503 4688 3680 4756 perie-

2099 4792 2225 4837 mnt
2269 4792 2625 4851 corruptaque
2671 4791 2836 4835 sunt:
2871 4781 3106 4852 nihilque
3155 4780 3332 4836 diﬂert
3379 4781 3602 4836 ecclesia
3649 4795 3680 4835 a

2098 4873 2281 4938 boum,
2308 4874 2573 4927 asinorum
2597 4871 2993 4927 camelorumve
3015 4871 3222 4926 stabulo
3251 4887 3265 4924 :
3290 4887 3351 4925 ac
3375 4871 3503 4926 dum
3526 4886 3681 4926 ovem

2102 4967 2338 5036 requiro,
2375 4984 2441 5023 ne
2470 4981 2632 5022 unam
2661 4967 2872 5036 quidem
2906 4983 3120 5036 possum
3147 4966 3347 5021 videre.
3379 4966 3452 5020 ita
3493 4981 3683 5034 nempe

2101 5073 2290 5112 omnes
2317 5059 2630 5123 calcitrant,
2657 5067 2714 5112 ut
2739 5059 2858 5128 equi
2884 5068 2938 5113 et
2975 5059 3108 5113 asini
3137 5069 3373 5128 agrestes
3398 5099 3412 5122 ,
3445 5059 3534 5127 qui
3567 5056 3683 5112 bare

2101 5149 2279 5203 omnia
2326 5158 2564 5204 stercore
2609 5151 2923 5219 complent:
2959 5150 3080 5204 talia
3127 5150 3268 5204 enim
3308 5158 3432 5203 sunt
3471 5149 3682 5202 illorum

2101 5241 2386 5308 colloquia.
2429 5244 2505 5295 Ac
2535 5241 2578 5294 si
2610 5256 2795 5311 pesses
2825 5242 2960 5296 scire
3000 5243 3177 5296 omnia
3217 5257 3336 5311 qua:
3369 5242 3420 5295 in
3461 5241 3680 5309 singulis

2102 5332 2450 5387 concionibus
2493 5332 2742 5388 dicuntur
2788 5349 2816 5387 a
2850 5333 3008 5399 virts,
3039 5349 3069 5387 a
3096 5333 3409 5388 mulieribus
3431 5375 3444 5392 .
3475 5333 3683 5386 videres

2104 5424 2283 5489 utique
2300 5423 2414 5478 lla-c
2431 5436 2667 5478 stercore
2686 5425 2775 5478 illo
2793 5425 3146 5480 immundiora
3165 5427 3318 5494 longe
3334 5439 3472 5479 esse.
3489 5425 3682 5489 Quam-

2102 5513 2287 5567 obrem
2335 5529 2464 5582 rogo
2517 5514 2655 5568 hanc
2697 5517 2888 5570 malam
2941 5516 3380 5570 consuetudinem
3434 5514 3681 5580 mutetis,

2167 5651 2181 5680 ¹
2209 5647 2262 5698 in
2279 5648 2441 5697 Morel.
2459 5648 2658 5708 legitur,
2687 5649 2826 5701 vobis.

2168 5715 2186 5743 '
2213 5719 2338 5768 tta-e,
2367 5722 2428 5761 (ιιι
2453 5710 2770 5774 ιιιιῃιῐιμηιίιι,
2800 5728 2840 5759 ιιι
2863 5726 2892 5760 n
2918 5711 3147 5772 leguntur
3170 5709 3220 5760 in
3238 5707 3398 5759 Morel.
