4074 6422
339 321 434 376 7M

336 452 389 490 ιιι
415 435 640 490 ecclesia
670 441 995 505 unguentum
1023 433 1205 501 Spirat.
1237 430 1387 485 Nunc
1428 441 1605 486 autem
1643 433 1912 488 sensibilia

339 530 393 582 in
424 529 511 582 illa
541 527 884 597 tliymiatnata
912 523 1189 592 ponimus,
1215 523 1284 576 de
1311 523 1566 590 Spirituali
1597 535 1772 576 autem
1817 523 1916 575 im-

338 620 596 674 munditia
627 634 732 671 non
765 625 962 670 tantam
987 628 1167 667 curam
1193 612 1462 681 gerimus,
1493 613 1547 663 nt
1572 627 1687 666 eam
1720 626 1914 681 purge-

337 727 457 767 mus
505 711 935 778 auferamnsque.
975 706 1226 774 Quaenam
1273 707 1404 774 ergo
1449 704 1686 757 utilitas?
1732 704 1915 772 Neque

337 805 480 858 enim
514 804 580 854 ita
612 801 893 855 ecclesiam
923 799 1362 863 dcturparemus,
1392 805 1597 851 stercus
1616 810 1910 864 congeren-

339 905 439 955 tes.
470 909 626 965 quam
660 891 943 954 fmdatnus,
974 889 1092 941 talia
1122 897 1301 941 mutuo
1325 887 1618 957 loquentes,
1648 886 1714 940 de
1745 887 1910 944 lucro,

335 988 404 1041 de
436 983 815 1054 negotiatione,
843 981 908 1034 de
937 979 1341 1048 cauponatiune,
1371 978 1437 1031 de
1459 979 1520 1031 iis
1547 992 1664 1046 qua:
1696 976 1822 1029 nihil
1845 977 1908 1028 ad

1301 317 1366 374 ΙΝ
1405 318 1809 374 MATTIUEUM
1850 315 2078 372 HOMIL.
2123 317 2404 372 LXXXIX.
2451 319 2521 374 al.
2568 319 2678 374 XC.

3499 328 3605 381 78?.

2027 447 2124 486 nos
2148 433 2412 500 pertinent
2433 475 2448 496 ,
2475 448 2595 487 cum
2623 445 2894 504 oporteret
2923 437 3006 490 bic
3035 439 3306 504 angelieas
3329 456 3454 494 esse
3476 448 3605 494 ctio-

2025 536 2137 583 ros,
2176 530 2232 574 et
2276 522 2550 576 ecclesiam
2597 524 2784 578 ca-luni
2829 525 3022 594 facere,
3071 528 3304 597 nihilque
3343 530 3486 583 aliud
3519 530 3606 586 hic

2024 626 2143 664 esse
2169 627 2326 680 quam
2357 614 2690 680 precationes
2729 616 2968 668 assiduas
2993 657 3006 678 ,
3052 617 3324 671 silentium
3351 629 3401 674 et
3432 629 3604 674 atten-

2025 703 2243 757 tionem.
2268 703 2378 758 Hoc
2404 705 2486 758 vel
2511 721 2648 759 nunc
2675 707 2947 770 faciamus,
2977 718 3034 762 ut
3056 718 3110 762 et
3134 711 3293 762 vitam
3314 727 3608 781 purgemus

2025 803 2282 858 nostram,
2327 802 2381 848 ct
2423 795 2688 864 promissa
2733 806 2933 850 aeterna
2981 798 3116 850 boiia
3167 815 3559 869 consequamur
3591 843 3605 858 .

2023 886 2190 954 gratia
2215 895 2266 939 et
2299 886 2627 956 benignitate
2659 887 2866 940 Domini
2900 890 3064 942 nostri
3093 889 3216 944 Jesu
3251 891 3448 945 Christi
3468 934 3484 958 ,
3516 894 3607 946 cui

2023 977 2188 1044 gloria
2219 977 2270 1030 in
2301 979 2490 1031 sarcula
2521 979 2855 1033 saeculorum.
2885 981 3072 1034 Amen.

335 1091 2331 1122 ______________________________._._______,

1468 1157 1816 1219 HOMILIA
1857 1155 2216 1215 LXXXIX.
2263 1156 2350 1217 al.
2395 1156 2529 1218 XC.

341 1319 472 1374 CAP.
502 1316 590 1369 27.
626 1329 679 1367 v.
732 1311 820 1365 62.
881 1307 1095 1361 Postera
1142 1314 1308 1358 autem
1356 1301 1469 1364 die,
1510 1314 1622 1371 qua!
1669 1307 1741 1350 est
1800 1303 1910 1364 post

413 1411 759 1470 I’arasceven,
816 1408 1150 1456 convenerunt
1206 1397 1455 1467 principes
1500 1391 1812 1445 sacerdotum
1866 1398 1913 1441 et

414 1501 666 1554 l’lmrisazi
695 1497 761 1549 ad
786 1494 1008 1548 Pilatum
1028 1534 1040 1554 ,
1071 1491 1159 1546 65.
1186 1490 1401 1543 dicentes
1427 1501 1444 1539 :
1470 1485 1686 1538 Domine
1704 1523 1718 1547 ,
1748 1496 1913 1534 recor-

409 1594 513 1646 dati
551 1606 724 1644 sumus
761 1586 894 1656 quod
924 1586 1164 1654 impostor
1187 1580 1273 1634 ille
1311 1577 1490 1631 dixerit
1515 1575 1680 1628 adhuc
1707 1573 1872 1625 vivens
1895 1609 1911 1635 ,

417 1686 535 1739 Post
561 1695 660 1737 tres
685 1683 789 1734 dies
818 1693 1095 1746 resurgam.
1129 1673 1214 1728 64.
1244 1671 1376 1725 lube
1403 1685 1522 1739 ergo
1547 1665 1732 1720 muniri
1753 1662 1913 1732 sepul-

411 1795 550 1833 crum
596 1791 750 1844 usque
791 1773 843 1825 in
891 1771 1023 1824 diem
1053 1768 1271 1846 tertium,
1315 1780 1376 1817 ne
1404 1761 1650 1815 venientes
1678 1753 1915 1826 discipuli

411 1872 518 1937 ejus
544 1867 773 1934 furentur
801 1879 932 1924 eum,
961 1870 1004 1912 et
1033 1859 1200 1912 dicant
1229 1854 1436 1926 populo,
1467 1849 1600 1922 quod
1627 1861 1913 1902 resurrexe-

411 1961 474 2013 rit
496 1978 524 2012 a
543 1957 749 2011 mortuis
770 1971 789 2008 :
811 1963 856 2007 et
882 1953 975 2006 erit
994 1949 1290 2003 novissimus
1314 1961 1457 1998 error
1485 1941 1627 2012 peior
1655 1941 1841 2009 priore.

414 2055 464 2107 l.
492 2049 700 2118 Ubique
729 2061 878 2101 crror
917 2045 967 2098 in
1004 2044 1236 2113 seipsmn
1270 2037 1509 2107 impingit
1540 2037 1555 2066 ¹
1582 2075 1596 2098 ,
1626 2047 1687 2087 ac
1717 2030 1801 2084 vel
1830 2029 1911 2082 in-

341 2146 481 2198 vitus
522 2140 730 2196 veritati
773 2137 1110 2206 suﬂ'ragatur.
1164 2129 1440 2201 Perpende
1477 2127 1657 2197 igitur.
1685 2123 1915 2177 Credere

340 2237 593 2308 oportuit,
645 2243 910 2286 mortuum
938 2230 1083 2283 illum
1111 2241 1251 2285 esse.
1284 2233 1338 2279 et
1375 2221 1660 2292 sepultum,
1713 2231 1774 2270 ac
1825 2230 1913 2268 re-

340 2330 635 2386 surrexisse
666 2346 678 2379 :
710 2341 826 2395 qua:
863 2323 1039 2377 omnia
1069 2320 1402 2373 inimicorum
1440 2329 1601 2384 opera
1642 2308 1915 2366 credibilia

343 2428 493 2479 tiunt.
525 2421 660 2476 Vide
683 2419 838 2488 igitur
870 2416 954 2468 illa
988 2414 1144 2468 verba
1164 2453 1180 2476 ,
1211 2426 1329 2479 quze
1357 2410 1452 2463 ista
1485 2419 1699 2476 prorsus
1721 2401 1916 2456 conﬁr-

345 2524 490 2569 mant
518 2533 535 2566 :
565 2509 834 2564 Recordati
857 2521 1030 2560 sumus
1049 2545 1063 2568 ,
1091 2501 1226 2573 quod
1242 2503 1482 2570 intpostor
1508 2497 1594 2550 ille
1617 2493 1799 2547 dixerit
1825 2491 1914 2542 ad-

326 2608 426 2660 huc
443 2607 987 2664 viveusmiortuuscst
1009 2591 1346 2664 igitur),Post
1368 2599 1471 2642 tres
1486 2589 1596 2640 dies
1612 2599 1907 2654 resurgam.

325 2699 462 2754 Jube
509 2695 778 2765 obsignari
801 2694 820 2723 ³
867 2689 1168 2758 sepulcrum
1197 2686 1350 2752 (ergo
1379 2681 1624 2750 sepultus
1666 2677 1771 2745 est)
1803 2717 1817 2741 ,
1852 2691 1913 2727 ne

347 2793 476 2856 forte
500 2788 696 2840 ueniant
725 2782 964 2852 discipuli
987 2783 1096 2850 ejus
1116 2821 1131 2846 ,
1163 2790 1209 2833 et
1231 2781 1460 2850 [urentur
1489 2793 1619 2830 eum.
1651 2773 1706 2827 Si
1741 2774 1918 2842 itaque

309 2882 644 2949 sepulcrum
688 2877 946 2932 munitum
979 2875 1049 2928 sit
1090 2883 1144 2928 et
1187 2871 1550 2937 obsignatum,
1592 2867 1729 2920 nulla
1773 2865 1919 2918 l't'aus

341 2972 481 3026 erit?
508 2970 659 3024 Nulla
686 2977 849 3023 certe.
885 2967 1022 3036 Ergo
1063 2973 1207 3018 certa
1254 2973 1336 3017 est
1381 2958 1786 3014 resurrectionis
1825 2956 1919 3010 de-

341 3061 662 3117 monstratio
685 3101 701 3126 ,
735 3069 790 3113 ut
821 3069 965 3129 patet
990 3073 1052 3111 ex
1085 3057 1148 3109 iis
1177 3071 1292 3124 quzc
1321 3069 1413 3106 vos
1441 3050 1748 3105 obtenditis.
1782 3049 1914 3101 Cum

342 3156 484 3212 enim
528 3153 862 3222 obsignatum
895 3149 1050 3204 luerit
1092 3147 1417 3216 sepulcrum,
1463 3143 1602 3198 nulla
1627 3143 1770 3198 fraus
1801 3141 1914 3195 fuit.

344 3250 400 3304 Si
433 3249 572 3302 nulla
599 3246 764 3311 Intus,
787 3255 840 3300 et
862 3255 1036 3300 tamen
1065 3243 1364 3314 sepulcrum
1397 3256 1617 3294 vacuum
1649 3249 1914 3308 repertum

344 3349 447 3402 cst,
475 3341 646 3409 palam
677 3338 698 3368 ³
723 3346 776 3391 ct
805 3338 920 3392 sine
946 3335 1304 3390 controversia
1337 3343 1418 3387 est
1463 3333 1633 3400 ipsmn
1677 3345 1918 3383 resurre-

345 3435 507 3486 xisse.
539 3431 720 3485 Viden’
744 3429 1013 3499 quomodo
1039 3428 1124 3482 vel
1148 3427 1293 3481 inviti
1322 3442 1417 3494 pro
1442 3424 1680 3479 veritatis
1704 3423 1919 3478 demon-

346 3524 601 3577 stratione
622 3521 894 3592 pugnent?
921 3521 1000 3576 Tu
1027 3535 1153 3574 vero
1178 3518 1306 3573 mihi
1335 3516 1603 3586 perpende
1627 3529 1786 3586 quam
1813 3515 1918 3568 sint

345 3615 588 3683 discipuli
619 3613 855 3669 veritatis
881 3621 1158 3675 amantes;
1184 3609 1452 3680 quomodo
1480 3607 1609 3662 nihil
1648 3607 1918 3661 occultent

346 3724 410 3760 ex
455 3707 519 3760 iis
562 3722 682 3775 qua:
725 3706 919 3758 inimici
969 3703 1254 3767 dixerunt,
1294 3701 1632 3770 quantumvis
1659 3698 1915 3768 probrosa

348 3798 432 3851 illa
461 3797 586 3850 sint.
617 3798 752 3851 Ecce
781 3798 924 3850 enim
953 3798 1294 3864 impostorem
1329 3800 1552 3856 vocant,
1587 3809 1758 3862 neque
1788 3791 1915 3846 illud

349 3890 446 3955 ipsi
479 3899 652 3944 tacent
685 3908 697 3942 :
732 3888 782 3942 id
809 3888 946 3956 quod
978 3888 1137 3941 etiam
1169 3886 1378 3939 illorum
1416 3885 1782 3938 crudelitatem
1825 3883 1918 3937 dc-

344 3991 605 4035 inunstrat
641 4027 659 4054 ,
715 3980 853 4047 quod
884 3995 947 4032 ne
974 3987 1092 4047 pOst
1117 3988 1339 4031 mortem
1363 3978 1573 4046 quidem
1616 3977 1746 4029 iram
1785 3975 1915 4027 uiis-

343 4089 456 4126 sam
503 4068 930 4126 lecerintﬁlllud
974 4083 1148 4124 autem
1199 4085 1438 4138 querere
1463 4082 1642 4136 operte
1689 4065 1914 4134 pretium

341 4167 502 4218 fuerit
530 4184 542 4216 :
574 4164 660 4217 ubi
707 4179 897 4230 nempe
942 4162 1163 4223 dixerit,
1212 4159 1328 4212 Post
1365 4170 1460 4212 tres
1492 4159 1597 4210 dies
1634 4173 1912 4223 resurgam.

342 4256 524 4325 Neque
567 4257 708 4308 enim
753 4255 878 4308 illud
905 4253 1048 4342 clare
1077 4253 1272 4305 dictum
1316 4250 1615 4313 invenitur;
1643 4247 1735 4302 sed
1767 4246 1915 4300 .lome

345 4357 544 4400 tantum
566 4347 810 4412 exouiplo
829 4346 868 4396 ⁵.
901 4338 1078 4411 Itaque
1108 4343 1347 4397 sciebant
1376 4339 1584 4393 scelesti
1615 4338 1781 4393 Judtci
1805 4378 1818 4400 ,
1853 4353 1912 4390 ea

341 4453 460 4505 qua:
488 4437 578 4490 ille
605 4437 828 4499 dixerat,
851 4445 906 4490 et
931 4449 1021 4487 sua
1045 4441 1233 4500 sponte
1261 4433 1488 4498 maligne
1510 4430 1753 4499 agebant.
1779 4427 1914 4496 Quid

340 4544 469 4597 ergo
518 4528 748 4581 Pilatus?
791 4526 879 4580 65.
933 4524 1142 4578 Habetis
1187 4523 1499 4588 custodiant,
1550 4523 1736 4574 munite
1787 4523 1914 4574 sicut

339 4621 496 4673 scitis.
527 4619 614 4672 66.
644 4619 710 4672 Et
738 4619 1053 4671 muniverunt
1079 4615 1383 4684 sepulcrum,
1411 4615 1662 4682 signantes
1693 4611 1914 4679 lapidem

340 4727 452 4763 cum
475 4710 722 4763 custodia.
749 4709 860 4762 Non
895 4707 1149 4777 permittit
1180 4715 1236 4758 ut
1265 4704 1458 4759 milites
1479 4705 1577 4758 soli
1608 4703 1908 4772 obsignent:

341 4816 461 4852 nam
487 4801 636 4869 quasi
665 4800 732 4853 de
765 4799 923 4852 rebus
968 4798 1134 4866 ipsius
1161 4797 1385 4851 edoctus
1405 4835 1422 4862 ,
1469 4812 1573 4849 non
1620 4794 1762 4848 ultra
1790 4809 1909 4847 cmn

335 4892 443 4946 illis
472 4892 582 4944 vult
620 4905 811 4959 agere;
858 4888 950 4943 sed
981 4898 1036 4944 ut
1081 4902 1199 4942 sese
1245 4887 1312 4941 ab
1347 4887 1450 4940 illis
1489 4887 1768 4956 expediat,
1811 4886 1913 4940 hoc

333 4983 496 5036 etiam
537 4982 796 5050 permittit
837 4990 892 5034 et.
933 4981 1045 5034 ait:
1077 4979 1184 5034 Vos
1223 4988 1280 5034 ut
1311 4980 1465 5034 vultis
1506 4980 1814 5049 obsignate,
1845 4995 1911 5033 nc

387 5135 404 5202 ξ
438 5131 642 5202 Quidam
662 5130 867 5202 habent,
888 5131 1102 5202 seipsum
1133 5133 1505 5202 transverberat.

385 5198 405 5258 Ἴ
439 5195 752 5258 {tliiileguntj
789 5207 894 5253 pro,
921 5195 1166 5258 obsignari
1199 5195 1401 5258 muniri.

353 5256 494 5324 flii
519 5256 700 5324 Morel.
726 5255 927 5318 legitur,
959 5255 1001 5305 si
1024 5255 1167 5307 nulla
1195 5257 1352 5321 fraus,
1391 5264 1574 5324 palam,
1611 5271 1690 5312 etc
1717 5299 1729 5321 ,
1762 5266 1912 5315 mnis-

319 5319 392 5364 s's
424 5319 744 5378 interpositis.

386 5383 407 5412 ι
439 5381 645 5448 supple,
671 5386 724 5426 ut
744 5380 907 5426 Graeca
930 5379 1162 5448 videlicet
1185 5381 1380 5448 integre
1404 5386 1689 5446 reddantur,
1711 5385 1911 5438 [torum-

403 5457 414 5474 ι
447 5452 769 5480 ςυιίτρηιαιρηι
789 5452 1187 5480 ἰριίιιοιιηιρηιηηρ
1217 5452 1357 5480 αρηηι

319 5451 414 5503 que
446 5445 770 5492 sinceritatem
789 5445 1187 5503 veracitutemque
1217 5445 1534 5496 demonstrat.
1678 5445 1682 5446 ⁷

361 5506 404 5571 ’⁵
429 5506 709 5571 _t‘.|ossatot_'_
730 5515 919 5571 recens
961 5503 1150 5571 codicis
1184 5504 1385 5571 694_sic
1418 5510 1683 5571 legendum
1727 5513 1908 5571 innuit,

321 5566 553 5612 nimirum
591 5579 602 5611 :
647 5564 741 5614 Ubi
771 5578 940 5628 nempe
978 5563 1164 5628 diaerit
1202 5567 1414 5628 Judwis,
1456 5563 1486 5617 ἱ
1523 5573 1640 5620 Post
1683 5581 1778 5622 tres
1805 5563 1910 5625 dies

321 5639 595 5696 resurgam.
623 5641 664 5696 γι
708 5625 1147 5696 Sajpiusquidem
1177 5630 1266 5696 hoc
1301 5625 1557 5696 discipulis
1588 5633 1771 5684 dictum
1809 5645 1908 5694 est;

319 5688 516 5796 {ulttltL'lS
547 5695 704 5766 autem
737 5690 868 5739 clare
901 5688 1082 5738 dictum
1115 5705 1208 5743 non
1229 5688 1486 5756 invenitur,
1522 5699 1605 5747 sed
1638 5699 1783 5747 J0me
1804 5688 1909 5746 ιαιιέ

378 5763 424 5796 ιιι
453 5763 688 5796 exempto.

378 5763 424 5797 ut
453 5763 688 5812 exempto.

2023 1295 2156 1348 alios
2195 1296 2441 1351 incusare
2473 1297 2706 1367 possitis.
2733 1297 2866 1355 Nam
2898 1302 2940 1355 si
2968 1303 3067 1356 soli
3099 1304 3293 1359 milites
3320 1304 3602 1375 obsignas-

2020 1396 2163 1449 sent,
2191 1387 2370 1441 dioerc
2403 1391 2730 1457 potuissent,
2761 1391 2968 1446 etiamsi
2994 1392 3042 1446 id
3074 1393 3260 1448 falsum
3291 1405 3346 1450 et
3371 1397 3604 1449 int-redi-

2020 1477 2124 1531 bile
2164 1479 2379 1543 fuisset;
2423 1491 2652 1535 attamen
2693 1489 2747 1535 ut
2775 1483 2908 1536 alias
2937 1483 3280 1554 impudenter
3331 1486 3601 1551 fecerant,

2019 1570 2196 1625 dicere
2227 1573 2537 1640 potuissent,
2564 1575 2758 1629 milites
2776 1589 2969 1644 corpus
2994 1574 3340 1630 auferendum
3367 1577 3600 1640 dedisse.

2019 1662 2397 1732 discipulisque
2444 1681 2626 1720 ansam
2683 1667 2997 1735 praebuisse,
3046 1676 3103 1721 ut
3152 1671 3598 1723 resurrectionem

2019 1759 2133 1822 ejus
2163 1756 2528 1826 contingerent
2558 1776 2570 1809 :
2597 1773 2735 1812 nunc
2755 1767 2933 1812 autem
2953 1772 3074 1814 cum
3103 1757 3203 1828 ipsi
3228 1759 3601 1824 munivissent,

2020 1843 2121 1898 hoc
2152 1844 2332 1899 dicere
2365 1861 2468 1900 non
2499 1854 2763 1916 poterant.

2093 1937 2525 1992 Resurrectionem
2561 1937 2748 1992 Christi
2774 1947 2959 1993 certam
2994 1957 3100 1995 esse
3124 1941 3385 2012 probatur.
3413 1973 3483 1983 —
3506 1941 3602 1996 Vi-

2021 2025 2142 2080 dcn‘
2167 2027 2434 2096 quomodo
2460 2027 2701 2082 nolentes
2730 2029 3007 2085 veritatem
3045 2047 3289 2086 asserere
3325 2033 3560 2086 nitantur
3579 2034 3604 2085 ἲ

2020 2115 2148 2170 Nam
2180 2119 2276 2186 ipsi
2306 2128 2664 2181 accesserunt,
2687 2120 2782 2188 ipsi
2807 2123 3094 2189 petierunt,
3130 2121 3226 2190 ipsi
3255 2122 3604 2192 obsignat-iiut

2019 2222 2138 2262 eum
2167 2209 2441 2273 custodia;
2476 2210 2543 2262 ita
2590 2219 2644 2262 ιιι
2685 2225 2803 2264 sese
2832 2222 3013 2264 mutuo
3058 2223 3306 2265 accusent
3339 2223 3392 2268 et
3419 2217 3602 2268 confu-

2022 2309 2153 2355 tent.
2188 2301 2345 2371 Atqui
2376 2303 2587 2371 quando
2627 2303 2782 2357 furati
2812 2312 2989 2358 csscnt
3019 2305 3070 2357 iu
3102 2304 3324 2358 sabbato
3344 2345 3361 2372 ,
3386 2315 3440 2360 et
3470 2322 3604 2376 quo-

2019 2391 2219 2445 modo?
2246 2392 2425 2462 Neque
2459 2394 2601 2448 enim
2633 2393 2844 2463 prodire
2873 2403 3139 2464 poterant.
3175 2395 3326 2460 Quod
3358 2396 3401 2448 si
3430 2396 3599 2465 legem

2020 2484 2386 2552 prmtergrcSSi
2417 2494 2598 2538 essent
2621 2527 2633 2547 ,
2665 2484 2933 2553 quomodo
2959 2486 3072 2539 ausi
3115 2487 3336 2540 fuissent
3363 2488 3432 2540 ita
3464 2489 3601 2542 timi-

2021 2575 2073 2628 di
2101 2574 2395 2628 accedere?
2425 2575 2693 2644 quomodo
2722 2577 3042 2645 persuadere
3070 2578 3236 2631 turbzc
3264 2578 3557 2646 petuissent
3579 2577 3604 2629 ?

2021 2665 2145 2736 quid
2172 2666 2447 2728 dixissi'nt,
2480 2668 2604 2736 quid
2637 2667 2918 2722 fecissent?
2948 2683 3054 2736 quo
3080 2669 3257 2722 animo
3281 2685 3375 2734 pro
3396 2681 3605 2723 mortuo

2022 2769 2164 2812 stare
2211 2758 2538 2827 potuissent?
2573 2774 2728 2828 quam
2757 2769 3132 2828 ettspectantes
3162 2761 3605 2814 retributionem?

2021 2865 2179 2918 quant
2211 2848 2553 2903 mercedem?
2596 2851 2723 2904 Cum
2758 2850 3024 2904 viventem
3057 2851 3204 2904 illum
3249 2853 3604 2920 comproben-

2021 2953 2139 2993 sum
2171 2941 2187 2971 ί
2222 2941 2494 3004 viderent,
2539 2939 2814 3009 fugerunt;
2855 2949 2909 2993 et.
2939 2951 3056 3008 post
3088 2950 3312 2994 tnortetn
3354 2941 3607 2995 audacter

2025 3045 2119 3098 pro
2154 3029 2246 3082 illo
2276 3029 2542 3097 loquuturi
2571 3037 2757 3093 erant,
2785 3029 2828 3082 si
2873 3044 2977 3082 non
3024 3030 3441 3084 rcsurrcxisset?
3467 3031 3606 3096 Quo-

2022 3117 2180 3171 modo
2214 3119 2327 3172 bare
2355 3119 2574 3188 cogitari
2619 3117 2862 3188 possint?
2901 3117 3052 3184 Quod
3095 3119 3236 3172 enim
3283 3134 3382 3173 nec
3412 3120 3606 3173 voluis-

2022 3218 2140 3262 sent
2166 3225 2266 3263 nec
2293 3211 2588 3278 potuissent
2616 3207 3060 3264 resurrectionem
3084 3251 3098 3273 ,
3129 3226 3245 3278 qua:
3271 3226 3372 3263 non
3401 3209 3603 3276 fuissvt,

2023 3299 2223 3368 ﬁngere
2244 3341 2258 3364 ,
2297 3299 2421 3354 hinc
2453 3299 2623 3368 palam
2652 3308 2751 3352 est.
2781 3298 2940 3352 Multa
2971 3301 3112 3353 cnim
3148 3300 3250 3354 illis
3276 3300 3342 3355 de
3368 3316 3604 3354 resurre-

2021 3391 2197 3444 ctione
2217 3390 2464 3459 loquutus
2487 3389 2791 3459 frequenter
2818 3389 3026 3455 fuerat,
3060 3399 3115 3443 ut
3147 3391 3243 3459 ipsi
3279 3392 3566 3445 narrabant
3587 3434 3600 3455 ,

2022 3481 2148 3536 Post
2194 3493 2293 3536 tres
2333 3483 2439 3535 dies
2479 3498 2758 3552 resurgam.
2799 3482 2854 3537 Si
2885 3495 3011 3552 ergo
3039 3498 3143 3536 non
3175 3486 3558 3539 resurrexisset
3584 3527 3602 3550 ,

2022 3578 2360 3633 manifestum
2386 3587 2468 3633 est
2491 3593 2584 3633 cos
2603 3619 2620 3644 ,
2651 3587 2834 3648 utpote
2861 3579 3113 3648 deceptos
3137 3620 3152 3644 ,
3181 3589 3235 3634 ct
3264 3593 3293 3632 a
3319 3589 3423 3633 tota
3447 3591 3606 3650 gente

2023 3683 2238 3743 propter
2269 3673 2440 3741 ipsum
2471 3671 2825 3742 impugnatos,
2849 3671 3051 3726 aedibus
3071 3682 3125 3726 et
3150 3672 3370 3726 urbibus
3394 3672 3571 3741 pulsos
3587 3715 3603 3738 ,

2021 3763 2088 3814 ab
2116 3763 2256 3817 illius
2282 3764 2424 3816 cultu
2457 3762 2788 3816 discessuros
2811 3761 2974 3817 fuisse
2997 3777 3012 3827 ;
3045 3777 3216 3831 neque
3237 3763 3378 3816 enim
3403 3764 3602 3817 voluiso

2021 3864 2138 3906 sent
2181 3853 2249 3907 de
2298 3854 2388 3907 illo
2440 3854 2598 3906 talem
2632 3853 2937 3921 opinionem
2970 3867 3250 3922 spargere,
3293 3861 3474 3921 utpote
3513 3855 3604 3922 qui

2021 3944 2224 4012 decepti
2262 3943 2328 3996 ab
2371 3943 2463 3996 illo
2504 3942 2757 4006 fuissent,
2786 3952 2840 3996 et
2885 3943 2938 3996 in
2987 3955 3227 3996 extrema
3267 3958 3363 4012 pro
3391 3943 3482 3996 illo
3507 3945 3602 3998 de-

2020 4034 2164 4088 ducti
2210 4034 2464 4101 pericula.
2499 4033 2650 4098 Quod
2681 4049 2809 4087 vero
2839 4049 2942 4087 non
2987 4035 3312 4102 potuissent,
3354 4036 3452 4088 nisi
3480 4051 3606 4090 vera

2022 4126 2341 4179 resurrectio
2371 4124 2590 4188 fuisset,
2623 4125 2769 4178 illam
2807 4124 3062 4180 simulare
3083 4165 3099 4191 ,
3144 4126 3192 4179 id
3241 4138 3388 4181 certe
3418 4127 3602 4182 admo-

2020 4217 2147 4270 dum
2181 4217 2451 4285 probabile
2477 4228 2576 4273 est.
2610 4216 2666 4270 In
2698 4232 2799 4286 qua
2847 4231 2908 4271 re
2933 4217 3075 4272 enim
3108 4217 3352 4272 ﬁduciam
3383 4219 3605 4272 habuis-

2020 4309 2178 4362 sent?
2205 4309 2255 4361 in
2285 4310 2546 4362 sermonis
2571 4309 2866 4379 gravitate?
2909 4309 2978 4362 At
3002 4309 3238 4362 omnium
3270 4309 3603 4377 imperitissi-

2021 4400 2091 4452 mi
2119 4407 2289 4453 crant.
2323 4399 2377 4452 In
2409 4400 2750 4465 pecuniarum
2779 4399 2970 4467 cepia?
2997 4396 3181 4468 Neque
3203 4399 3403 4468 virgam
3429 4415 3605 4468 neque

2019 4491 2373 4543 calce-amenta
2419 4488 2702 4543 habebant.
2749 4489 2802 4542 ln
2848 4488 3130 4556 Splendore
3168 4490 3418 4558 generis?
3461 4491 3607 4544 Viles

2018 4590 2188 4640 erant.
2217 4594 2280 4632 ex
2313 4579 2504 4632 vilibus
2534 4578 2654 4632 orti.
2691 4578 2742 4631 ln
2773 4579 2957 4647 patriae
2983 4579 3310 4645 splendore?
3349 4581 3424 4634 Ex
3452 4581 3598 4651 igno-

2017 4671 2213 4724 bilibus
2255 4671 2357 4724 orti
2407 4666 2537 4724 locis
2581 4679 2750 4724 erant.
2787 4669 2840 4722 lu
2886 4669 3264 4726 multitudine?
3293 4670 3408 4725 Non
3447 4683 3600 4727 erant

2019 4765 2196 4832 plures
2246 4779 2404 4832 quam
2452 4763 2731 4827 undecim,
2781 4762 2832 4815 in
2883 4762 3040 4815 variis
3087 4761 3317 4830 dispersi
3347 4764 3498 4818 locis.
3541 4765 3600 4818 In

2018 4855 2458 4927 promissionibus
2489 4855 2774 4924 magistri?
2805 4853 2914 4908 Nisi
2948 4857 3332 4908 resurrexisset
3353 4895 3368 4919 ,
3399 4856 3596 4910 nullam

2018 4950 2069 5001 in
2102 4948 2228 5016 ipsis
2251 4946 2406 5000 fidem
2436 4945 2665 5000 habituri
2697 4955 2872 4999 erant.
2899 4943 3179 5010 Quomodo
3205 4953 3385 4999 autem
3416 4945 3601 5000 furen-

2019 5051 2123 5094 tem
2155 5038 2406 5108 populum
2453 5037 2870 5091 sustinuissent?
2914 5035 2970 5090 Si
3007 5050 3235 5106 namque
3279 5038 3600 5108 corypharus

2017 5132 2251 5201 ipsorum
2293 5131 2526 5187 ostiaria:
2555 5129 2794 5183 mulieris
2821 5127 3038 5182 verbum
3071 5144 3176 5182 non
3202 5128 3336 5194 tulit,
3362 5140 3413 5184 et
3443 5131 3485 5184 si
3515 5147 3597 5184 re-

2013 5223 2141 5290 liqui
2173 5223 2321 5275 illum
2353 5222 2584 5274 vinctum
2614 5220 2856 5274 videntes
2886 5219 3111 5288 dispersi
3133 5231 3256 5274 sunt
3285 5239 3298 5274 :
3329 5222 3596 5290 quomodo

2007 5311 2065 5365 in
2097 5313 2331 5365 animum
2363 5310 2726 5375 induxissent,
2757 5311 2821 5363 ad
2854 5321 3090 5364 extrema
3118 5311 3262 5365 orbis
3289 5328 3594 5378 accurrere,

2014 5410 2071 5454 ut
2099 5402 2277 5454 lictum
2311 5401 2721 5454 resurrectionis
2759 5401 2978 5454 verbum
3012 5401 3426 5470 plantarcnt?Si
3449 5402 3593 5455 enim

2014 5492 2104 5547 ille
2125 5492 2380 5546 adversus
2412 5492 2651 5546 mulieris
2675 5493 2847 5546 minas
2875 5509 2980 5547 non
3006 5493 3183 5556 stetit,
3218 5507 3392 5561 neque
3421 5493 3491 5545 iili
3523 5492 3588 5546 ad

2014 5585 2340 5638 vinculorum
2367 5591 2710 5652 eonSpectum
2732 5584 2754 5615 ¹
2776 5624 2792 5647 ,
2823 5583 3090 5652 quomodo
3122 5591 3369 5651 poterant
3394 5581 3593 5633 adver-

2075 5697 2089 5728 ³
2133 5695 2183 5743 [ιι
2216 5693 2380 5741 Morel.
2416 5706 2511 5741 non
2539 5691 2737 5755 legitur.
2772 5691 3182 5755 comprehensum.

2083 5760 2101 5789 ²
2141 5759 2193 5806 ιιι
2227 5757 2337 5805 aliis
2367 5756 2565 5816 legitur,
2591 5751 2742 5817 neque
2765 5752 2839 5804 illi
2859 5751 2922 5803 ad
2953 5751 3119 5814 populi
3139 5765 3228 5802 con
3254 5765 3324 5810 pe.
3343 5759 3460 5800 ι·‹ιιι.
