4074 6396
577 294 678 350 783

574 423 666 462 sus
697 421 852 477 reges
877 416 932 462 et
973 406 1242 476 principes
1269 414 1322 456 ct
1372 404 1594 472 Itttpltitls
1619 410 1802 467 stare,
1847 401 1933 454 ubi
1967 399 2124 466 gladii
2149 441 2162 462 ,

579 499 912 566 sartagines,
953 497 1196 550 fornaces
1217 537 1230 556 ,
1263 505 1314 548 et
1346 494 1490 546 mille
1517 493 1754 563 quotidie
1799 501 1999 544 mortes
2019 532 2034 554 ,
2071 491 2170 543 nisi

576 590 692 656 ejus
722 591 809 657 qui
839 597 1213 643 resurrexcrat.
1240 589 1431 640 virtute
1447 595 1501 639 et
1521 587 1686 656 gratia
1712 585 1879 652 adjuti
1903 583 2170 638 fuissent?

576 679 724 734 Talia
759 689 1020 747 tantaque
1048 680 1196 748 signa
1230 678 1366 733 facta
1395 675 1602 732 fuerant
1629 719 1644 741 ,
1674 688 1727 730 et
1755 676 1955 729 nullum
1983 691 2166 730 eorum

574 770 739 824 διιιΙςυί
769 779 892 822 sunt
918 771 1131 824 reveriti
1165 811 1180 836 ,
1213 770 1305 823 sed
1335 770 1482 823 illum
1519 769 1903 823 crucifixerunt
1940 787 1952 822 :
1986 777 2038 820 et
2070 769 2170 822 illis

576 860 1026 916 resurrectionem
1045 861 1358 930 simpliciter
1372 860 1712 914 narrantibus
1724 858 1977 913 credituri
1992 860 2170 912 eran'?

574 951 686 1005 Non
718 952 786 1005 ita
817 965 877 1006 se
906 965 992 1005 res
1020 951 1212 1016 habet,
1247 957 1352 1006 non’
1380 952 1480 1017 ita,
1513 949 1608 1006 sed
1637 951 1752 1020 ejus
1772 991 1786 1016 ,
1813 951 1902 1021 qui
1931 967 2170 1005 resurre-

574 1044 673 1107 xit,
707 1044 875 1097 virtus
901 1042 1016 1096 lucc
1047 1053 1264 1112 cperata
1287 1052 1389 1097 est.

639 1134 694 1187 9..
725 1133 1004 1201 Perpende
1027 1142 1205 1188 autem
1233 1133 1361 1186 mibi
1395 1133 1611 1187 illorum
1638 1130 1902 1186 vafritiem
1935 1129 2168 1200 perridi-

569 1228 767 1281 culam.
811 1223 1087 1280 Recordati
1122 1242 1318 1290 sumus,
1355 1225 1619 1296 inqttiunt,
1648 1225 1786 1295 quod
1823 1225 2058 1278 seductor
2083 1224 2170 1276 ille

569 1319 741 1371 adhuc
767 1319 932 1372 vivens
957 1318 1106 1382 dixit,
1143 1315 1269 1370 Post
1301 1327 1399 1372 tres
1428 1318 1536 1370 dies
1565 1333 1849 1387 resurgam.
1881 1317 1944 1370 At
1989 1321 2032 1370 si
2062 1315 2168 1369 imo

574 1420 757 1478 postor
786 1419 938 1476 erat,
986 1418 1040 1464 et
1087 1409 1362 1464 mendacia
1411 1408 1673 1478 iactabat,
1723 1409 1846 1478 quid
1891 1410 2088 1463 timetis
2115 1418 2170 1463 et

570 1503 1013 1566 circumcurritis,
1063 1511 1316 1570 tantoque
1358 1500 1534 1555 studio
1583 1501 1834 1555 utimini?
1873 1501 2164 1567 Timemus,

574 1593 842 1663 inquiunt,
888 1607 955 1648 ne
983 1591 1229 1661 discipuli
1261 1592 1502 1647 furentur
1531 1608 1671 1657 eum,
1705 1601 1758 1648 et
1783 1592 1993 1662 plebem
2021 1591 2168 1646 deci-

573 1687 742 1755 piant.
776 1685 932 1754 Atqui
964 1684 1389 1738 demonstratum
1417 1693 1519 1750 est,
1550 1683 1648 1739 hoc
1678 1700 1783 1738 non
1810 1684 2001 1738 rationi
2031 1700 2164 1738 con-

572 1786 892 1831 sentaneum
940 1791 1095 1839 esse;
1137 1783 1372 1828 attamen
1419 1776 1687 1844 nequitia,
1737 1775 2068 1830 contentiosa
2114 1784 2169 1830 et

571 1867 872 1936 impudens,
903 1866 1287 1920 irrationabilia
1317 1880 1525 1936 quoque
1562 1867 1884 1936 aggreditur.
1933 1867 2012 1919 Ad
2058 1875 2168 1921 tres

573 1975 742 2030 usque
772 1959 884 2014 dies
901 1959 1090 2028 jubent
1110 1959 1302 2013 tnuniri
1324 1959 1648 2030 sepulcrum,
1667 1958 1814 2029 quasi
1839 1974 1934 2030 pro
1951 1959 2170 2029 dogma-

575 2053 717 2107 tibus
749 2062 1062 2122 pugnantes,
1091 2063 1148 2106 nt
1174 2053 1460 2122 probarent
1501 2054 1638 2106 hunc
1659 2053 1885 2107 antehac
1910 2053 2163 2122 decepto-

574 2158 689 2196 rem
722 2143 905 2206 fuisse,
936 2154 990 2197 et
1021 2158 1188 2211 usque
1240 2143 1304 2196 ad
1355 2143 1654 2211 sepulcrum
1700 2145 1955 2198 malitiam
1983 2156 2170 2198 exten-

571 2235 726 2288 dunt.
759 2233 881 2288 Ideo
908 2235 1016 2289 cito
1046 2235 1296 2298 surrexit,
1337 2250 1406 2290 ne
1440 2234 1698 2298 dicereut,
1749 2236 1921 2306 ipsum
1972 2236 2166 2290 menti-

574 2337 683 2380 tum
714 2337 768 2381 et
800 2341 994 2396 corpus
1035 2327 1302 2380 sublatum
1356 2326 1540 2380 fuisse.
1592 2325 1722 2380 Illud
1767 2327 1911 2382 enim
1955 2327 2164 2381 crimini

573 2434 680 2472 non
707 2429 822 2472 erat
848 2419 1160 2486 obnoxium,
1187 2421 1326 2487 quod
1354 2420 1460 2474 cito
1484 2420 1838 2484 surrexisset;
1868 2418 2012 2488 quod
2041 2435 2166 2473 vero

570 2511 797 2577 tardius,
829 2512 1132 2580 SIISpicioue
1178 2513 1388 2580 plenunt
1430 2521 1562 2565 erat.
1615 2511 1745 2566 Nam
1794 2513 1838 2566 si
1891 2523 2014 2566 tunc
2060 2530 2164 2567 non

572 2602 977 2666 resnrrexisset,
1027 2602 1154 2656 dum
1199 2603 1270 2657 illi
1314 2602 1563 2656 sederent
1601 2617 1666 2656 ac
1693 2602 2042 2670 custodirent,
2071 2604 2165 2658 sed

573 2691 704 2760 ipsis
762 2703 880 2760 post.
931 2703 1038 2747 tres
1089 2693 1206 2746 dics
1260 2693 1552 2762 digressis,
1603 2694 2012 2758 contradicere,
2066 2696 2165 2749 etsi

571 2784 754 2852 stulte,
788 2794 1049 2852 poterant.
1083 2783 1205 2838 Ideo
1250 2785 1406 2854 igitur
1446 2785 1700 2853 praevenit
1728 2795 1782 2838 et
1811 2786 2040 2841 surrexit
2067 2828 2080 2847 .
2111 2797 2168 2840 ιιι

572 2895 639 2932 ne
663 2874 1023 2946 impudentem
1055 2875 1127 2931 illi
1165 2890 1348 2929 ansam
1379 2875 1656 2930 baberent.
1690 2873 1982 2945 Oportebat
2021 2875 2164 2930 enim

572 2970 1024 3025 resurrectionem
1065 2970 1176 3024 lieri
1197 3012 1212 3036 ,
1249 2967 1373 3038 ipsis
1405 2967 1714 3024 sedentibus
1741 2977 1793 3023 et
1822 2968 2168 3024 custodienti-

571 3061 690 3114 bus.
728 3061 888 3129 Igitur
937 3062 1070 3114 intra
1105 3072 1210 3115 tres
1248 3061 1363 3116 dies
1387 3062 1617 3131 oportuit
1652 3062 1796 3114 illmn
1839 3075 2117 3128 resurgere
2149 3077 2162 3114 :

575 3170 699 3208 nam
731 3155 777 3208 si
821 3165 938 3223 post
969 3155 1085 3209 illas
1118 3155 1234 3210 dies
1265 3154 1318 3208 id
1348 3155 1612 3209 evenisset
1641 3155 1743 3208 illis
1769 3153 2042 3223 digressis,
2071 3168 2165 3207 su-

574 3257 753 3318 specta
785 3263 871 3302 res
912 3247 1119 3302 fuisset.
1151 3247 1274 3302 Ideo
1315 3263 1527 3318 quoque
1573 3247 1840 3318 obsignari
1877 3247 2163 3312 concessit,

574 3347 633 3392 ιιι
666 3338 765 3408 ipsi
799 3339 1064 3403 volebant,
1101 3348 1155 3393 et
1186 3339 1380 3394 milites
1408 3340 1734 3394 assidebant.
1761 3338 1872 3394 Nec
1907 3338 2167 3394 curabant

572 3428 716 3498 quod
749 3430 850 3484 hoc
893 3430 944 3483 in
977 3430 1198 3485 sabbato
1244 3431 1428 3494 licret,
1479 3442 1532 3486 et
1581 3431 1934 3494 laboraretur,
1972 3432 2070 3488 sed
2100 3432 2167 3486 ad

495 3543 508 3558 ν
575 3533 724 3572 suam
751 3519 919 3571 solum
950 3521 1263 3588 Spectabant
1294 3521 1604 3591 nequitiam,
1649 3521 1816 3590 utqui
1844 3521 1942 3576 hac
1965 3522 2042 3574 via
2071 3537 2166 3576 su-

577 3609 811 3677 peraturi
843 3620 1020 3662 essent
1045 3625 1058 3673 ;
1088 3611 1227 3679 quod
1256 3621 1511 3665 extremae
1537 3619 1652 3664 erat
1681 3611 1901 3665 insaniae
1930 3621 1984 3666 et
2015 3614 2170 3666 timo-

578 3700 653 3752 ris
701 3699 844 3768 ipsos
892 3700 1237 3756 vehementer
1289 3702 1666 3757 concutientis.
1715 3702 1846 3756 Nam
1874 3703 1963 3773 qui
2019 3704 2165 3758 illum

575 3795 840 3847 viventem
863 3793 1348 3862 apprchenderant,
1383 3806 1648 3849 mortuum
1684 3795 1868 3851 timent
1902 3814 1915 3851 :
1947 3798 2090 3867 atqui
2121 3796 2167 3852 si

576 3900 741 3953 purus
769 3896 884 3940 erat
913 3886 1094 3954 homo,
1128 3887 1309 3943 fidenti
1335 3889 1518 3943 animo
1546 3903 1665 3944 esse
1690 3889 1944 3959 Oportuit.
1977 3890 2082 3945 Sed
2112 3899 2168 3944 ut

574 3976 903 4045 ediscvrent,
943 3979 1114 4048 ipsmn
1154 3981 1418 4035 viventem
1459 3991 1651 4051 Sponte
1678 3997 1891 4052 passum
1926 3983 2089 4037 fuisse
2115 3982 2168 4037 id

578 4069 718 4137 quod
749 4083 936 4137 passus
965 4080 1068 4133 est,
1092 4085 1218 4124 ecce
1244 4082 1296 4126 et
1327 4073 1558 4140 sigillum
1586 4083 1639 4126 ct
1667 4074 1798 4141 lapis
1824 4083 1874 4127 et
1901 4074 2165 4137 custodia;

581 4175 753 4229 neque
797 4170 972 4214 tamen
1019 4171 1288 4216 mortuum
1331 4164 1564 4218 retinere
1613 4175 1896 4233 potuerunt
1935 4183 1948 4218 :
1982 4165 2074 4219 sed
2115 4163 2168 4218 id

580 4265 745 4304 unum
773 4249 1019 4316 efficitur,
1072 4253 1214 4321 quod
1260 4255 1528 4322 sepultura
1570 4254 1892 4324 publicetur,
1943 4264 1996 4309 et
2046 4255 2170 4310 hinc

580 4342 902 4396 resurrectio
947 4343 1213 4397 credatur.
1251 4344 1383 4398 Nam
1411 4354 1465 4399 et
1509 4345 1702 4398 milites
1748 4345 2074 4412 assidebant,
2115 4355 2170 4401 et

577 4429 746 4486 Judaei
787 4432 1134 4487 assistebant.
1166 4432 1316 4506 (Cap.
1349 4433 1462 4503 ‘28.)
1495 4433 1544 4486 1.
1590 4431 1806 4502 Vespere
1833 4445 2010 4490 autem
2049 4440 2169 4491 sab-

578 4521 825 4584 batorum,
857 4539 969 4591 qua:
993 4525 1196 4578 lucescit
1239 4527 1290 4578 in
1330 4542 1434 4578 una
1471 4526 1807 4587 sabbatorum,
1839 4526 1969 4579 venit
1998 4525 2170 4580 Maria

581 4613 889 4684 Magdalene
928 4628 973 4669 et
1013 4617 1170 4670 altera
1220 4616 1388 4670 Maria
1433 4618 1599 4672 vitlere
1643 4619 1946 4687 sepulcrum.
2000 4619 2052 4673 2.
2106 4619 2169 4674 Et

575 4723 690 4762 ecce
717 4719 862 4761 terra:
888 4721 1048 4762 motus
1078 4713 1244 4779 factus
1288 4719 1360 4763 est
1389 4727 1620 4780 magnus.
1648 4709 1872 4781 Angelus
1904 4711 2036 4764 enim
2074 4712 2170 4765 Do-

578 4799 704 4852 mini
747 4799 1002 4853 descendit
1052 4801 1114 4853 de
1149 4801 1294 4866 C(l’lO,
1320 4811 1370 4853 et
1407 4803 1647 4854 accedens
1699 4800 1904 4854 revolvit
1947 4803 2170 4871 lapidem

576 4891 642 4944 ab
665 4892 791 4944 ostio
815 4892 1145 4956 monumenti,
1176 4902 1223 4944 et
1251 4892 1454 4945 sedebat
1479 4908 1630 4960 super
1655 4909 1784 4944 eum.
1817 4892 1872 4947 5.
1911 4890 2037 4946 Erat
2073 4910 2169 4946 au-

577 4991 681 5033 tent
707 4989 936 5046 aspectus
963 4983 1074 5051 ejus
1096 4982 1225 5034 sicut
1253 4981 1459 5053 fulgur,
1489 4983 1834 5035 vestimentum
1863 4994 2029 5034 autem
2061 4984 2169 5054 ejus

579 5071 856 5125 candidmn
882 5072 1008 5125 sicut
1039 5073 1146 5126 uix.
1178 5072 1303 5127 Post
1343 5073 1788 5127 resurrectionem
1835 5076 1974 5128 venit
2002 5091 2167 5145 ange-

578 5163 683 5217 lus.
711 5162 819 5220 Cur
845 5180 970 5235 ergo
995 5167 1160 5234 venit,
1182 5177 1234 5220 et
1258 5165 1485 5235 lapidem
1513 5166 1772 5222 abstulit?
1808 5167 2029 5236 Propter
2052 5184 2171 5222 mu-

579 5256 739 5311 lieres
769 5273 782 5311 :
813 5256 915 5314 illa:
943 5258 1082 5311 enim
1128 5259 1300 5326 ipsum
1334 5269 1460 5312 tunc
1503 5258 1749 5313 viderunt
1793 5259 1846 5311 in
1895 5259 2166 5329 sepulcro.

579 5347 644 5403 Ut
672 5365 800 5420 ergo
848 5349 1149 5416 crederent,
1196 5366 1317 5404 cmn
1363 5352 1741 5426 resurt'exiSse,
1787 5351 2170 5422 videntsepul-

574 5457 726 5495 crum
757 5456 982 5511 corpore
1029 5455 1275 5496 vacuum.
1322 5441 1446 5497 Ideo
1490 5443 1704 5498 abstulit
1745 5443 1995 5512 lapidem,
2049 5445 2168 5500 ideo

575 5542 734 5589 terra:
765 5546 940 5588 motus
969 5535 1135 5590 facttts
1165 5545 1266 5600 est,
1295 5546 1351 5590 ut
1373 5539 1730 5592 excitarentur
1759 5550 1810 5594 et
1833 5541 2168 5610 expergisce-

577 5636 715 5679 tent.
766 5626 1032 5680 Venet-ant
1069 5627 1234 5693 enim,
1282 5639 1336 5681 ut
1378 5643 1572 5697 corpus
1611 5629 1730 5684 oleo
1771 5641 2028 5700 ungerent
2060 5649 2074 5684 :
2107 5646 2168 5685 ac

575 5727 733 5768 noctu
761 5715 858 5771 is‘ta
904 5719 1121 5788 lielunt,
1170 5719 1566 5790 verisimilecgue
1597 5730 1708 5775 erat
1744 5722 1998 5792 quasdam
2027 5723 2168 5778 dor—

1285 291 1337 345 S.
1383 288 1659 345 JO.\.\“.\'IS
1689 283 2164 343 CIIIlYSOSTOMI
2209 283 2520 339 .tIlClllIiP.
2563 284 3096 343 CONSTANTINOP.
3757 298 3844 358 τες

2285 398 2518 452 mivisse.
2552 397 2654 452 Sed
2685 413 2798 459 cur,
2833 399 3060 469 inquies,
3083 403 3306 472 angelus
3329 403 3455 459 dicit
3477 408 3582 472 eis,
3615 407 3667 463 5.
3699 410 3850 467 Nolite

2278 489 2452 542 timere
2477 491 2601 543 vos?
2629 489 2785 544 Prius
2812 502 2954 546 metu
2984 493 3102 547 illas
3132 493 3342 562 liberal,
3369 508 3424 552 et
3447 509 3574 554 tunc
3603 500 3671 554 de
3694 519 3850 558 resur-
3887 551 3894 558 .

2279 582 2517 636 rectione
2561 582 2813 652 loquitur.
2847 584 2980 638 Illud
3009 595 3206 652 autem,
3264 586 3384 653 Vos,
3415 591 3642 646 ntultum
3675 610 3777 662 pra:
3803 613 3851 652 se

2275 672 2376 727 fert
2419 673 2661 739 honoris,
2707 677 3049 746 ostenditque
3089 695 3224 744 eos,
3275 683 3363 751 qui
3413 691 3619 738 tantum
3668 687 3851 745 facinus

2273 775 2640 834 susceperant,
2673 776 2908 821 extrema
2940 785 3188 838 passuros
3214 788 3352 834 esse.
3378 777 3474 829 nisi
3500 779 3850 844 paenitentiam

2274 868 2513 924 agerent.
2545 858 2659 912 Non
2687 858 2830 914 enim
2861 869 3093 915 vestrum
3134 873 3251 931 est,
3283 865 3473 934 inquit,
3506 869 3732 935 timere;
3770 873 3851 927 sed

2275 950 2487 1003 illorum
2515 951 2605 1018 qui
2649 953 2819 1020 ipsum
2861 954 3268 1011 crucifixerunt.
3306 957 3438 1014 Cum
3469 960 3632 1030 igitur
3676 964 3784 1018 illas
3806 976 3850 1020 et

2271 1058 2337 1096 ex
2369 1043 2545 1097 verbis
2573 1054 2626 1098 et
2659 1059 2726 1098 ex
2759 1046 2872 1099 visu
2900 1062 2930 1099 a
2959 1058 3102 1101 metu
3132 1047 3411 1104 liberasset
3437 1051 3688 1118 (hilarem
3719 1057 3849 1112 enim

2271 1135 2503 1200 Speciem
2553 1134 2850 1198 otl'erebat,
2906 1147 2960 1190 ut
3013 1139 3100 1206 qui
3157 1147 3261 1193 tam
3310 1139 3477 1196 fausta
3527 1145 3848 1214 nuntiaret),

2272 1224 2545 1292 subjunxit
2573 1226 2780 1292 dicens,
2827 1226 2948 1285 Scio
2995 1229 3131 1300 quod
3158 1228 3334 1283 Jcsunt
3376 1235 3458 1301 qui
3488 1237 3764 1302 cruciﬁxus
3789 1249 3851 1290 est

2271 1315 2517 1382 quaeritis,
2571 1331 2743 1385 neque
2770 1317 3038 1370 erubescit
3084 1321 3394 1375 crucifixum
3451 1340 3648 1379 voeare
3696 1345 3709 1384 ξ
3762 1328 3852 1385 hoc

2271 1405 2412 1457 enim
2436 1415 2595 1473 caput
2617 1415 2697 1460 est
2724 1416 2776 1459 et
2803 1422 3007 1459 summa
3041 1407 3322 1464 booorum.
3347 1413 3398 1465 6.
3430 1413 3683 1469 Surrexit.
3719 1417 3852 1472 Unde

2277 1494 2381 1548 hoc
2409 1495 2625 1563 planum
2653 1497 2770 1550 est?
2798 1496 2944 1552 Sicut
2971 1499 3118 1552 dixit.
3154 1498 3335 1569 Itaque
3373 1503 3582 1558 etiamsi
3613 1507 3736 1560 mibi
3763 1509 3851 1562 dif-

2272 1584 2465 1651 fidatis,
2501 1585 2642 1640 illius
2672 1586 2951 1640 verborum
3003 1591 3389 1654 recordemini,
3435 1604 3486 1648 et
3533 1597 3664 1650 mihi
3708 1598 3848 1651 [id-1n

2273 1693 2378 1731 non
2407 1679 2684 1746 negabitis.
2739 1679 2938 1736 Deinde
2963 1692 3045 1734 est
3086 1683 3187 1735 alia
3231 1682 3636 1741 demonstratio.
3700 1689 3849 1744 Venite

2272 1777 2317 1821 et
2345 1769 2503 1822 videte
2533 1769 2699 1822 locum
2728 1771 2809 1823 ubi
2847 1773 3041 1840 positus
3064 1784 3191 1829 erat.
3226 1774 3348 1829 Ideo
3377 1776 3606 1846 lapEdem
3649 1796 3849 1835 antore-

2273 1869 2372 1925 rat,
2407 1870 2464 1915 ut
2492 1861 2613 1916 binc
2641 1864 2797 1917 etiam
2825 1878 3195 1932 argumentum
3219 1880 3510 1923 sumerent.
3541 1872 3594 1924 7.
3635 1872 3697 1925 Iit
3717 1875 3850 1927 dicite

2271 1954 2535 2023 discipulis
2563 1972 2581 2008 :
2609 1955 2786 2020 Ipsum
2810 1958 3039 2012 videbitis
3067 1959 3116 2012 in
3145 1959 3376 2014 Galilwa.
3407 1962 3457 2014 Id
3481 1963 3648 2017 efficit
3676 1974 3727 2018 ut
3747 1968 3850 2018 a‘iis

2271 2046 2429 2099 etiam
2455 2049 2823 2107 annnntietur.
2853 2048 2995 2116 quod
3025 2051 3190 2118 magis
3222 2052 3364 2118 ipsas
3397 2053 3460 2105 ad
3500 2053 3659 2108 fidem
3707 2057 3848 2110 indu-

2271 2136 2446 2191 cebat.
2480 2139 2556 2192 Ac
2585 2139 2805 2206 pulchre
2830 2139 2984 2205 dixit,
3008 2139 3073 2193 In
3104 2138 3349 2208 Gali/ora,
3378 2159 3406 2197 a
3437 2148 3666 2213 negotiis
3695 2157 3744 2200 et
3769 2163 3850 2215 pe-

2272 2226 2455 2280 riculis
2494 2228 2744 2290 liberans,
2781 2237 2929 2283 utne
2967 2241 3140 2284 metus
3187 2231 3343 2286 fidem
3389 2235 3642 2290 turbaret.
3698 2238 3747 2292 8.
3792 2236 3848 2290 Et

2272 2321 2498 2372 exierunt
2527 2321 2590 2374 de
2629 2331 2949 2374 monumento
2971 2339 3082 2376 cum
3113 2323 3290 2378 timore
3327 2335 3370 2377 et
3414 2327 3601 2397 gaudio
3654 2329 3847 2395 Quare?

2272 2407 2595 2478 Stupendam
2647 2428 2758 2464 rem
2809 2413 3051 2467 viderant
3105 2422 3160 2467 et
3211 2415 3527 2481 inauditam,
3558 2421 3845 2486 sepulcrum

2273 2517 2496 2554 vacuum
2529 2501 2581 2555 in
2617 2517 2723 2572 quo
2754 2505 2898 2573 prius
2928 2519 3123 2573 corpus
3149 2507 3376 2573 positum
3408 2506 3572 2562 fuisse
3601 2510 3841 2564 videram.

2271 2591 2446 2659 Quare
2479 2594 2592 2646 illas
2618 2594 2680 2646 ad
2725 2597 3086 2661 spectaculum
3113 2597 3354 2662 adduxit,
3385 2609 3441 2651 ιιι
3477 2602 3749 2671 utriusque
3774 2613 3843 2655 te-

2271 2696 2382 2738 SIes
2407 2695 2605 2748 essent,
2624 2695 2678 2738 et
2699 2686 2927 2754 sepulcri
2950 2696 3003 2740 ct
3031 2690 3458 2743 resurrectionis.
3487 2691 3694 2746 Etenim
3716 2694 3842 2752 cogi-

2273 2775 2454 2828 tabant
2501 2777 2766 2830 nt-tninem
2799 2779 3034 2845 potuisse
3066 2780 3212 2832 illum
3253 2781 3482 2844 auferre,
3513 2792 3592 2836 tot
3617 2787 3841 2838 as~iden.

2274 2867 2414 2920 t.lnts
2456 2869 2732 2932 militibus,
2778 2870 2876 2922 nisi
2924 2872 3036 2940 ipse
3081 2871 3314 2939 seipsum
3361 2876 3692 2931 suscitasset.
3737 2878 3841 2929 Iden

2263 2961 2503 3034 gaudent
2541 2969 2595 3014 et
2630 2959 2930 3024 mirantur,
2962 2968 3017 3013 et
3056 2967 3219 3013 tanta:
3255 2962 3680 3029 perseverantiae
3709 2976 3838 3016 mer-

2263 3053 2452 3108 cedem
2505 3053 2816 3122 accipiunt,
2868 3050 3016 3121 quod
3071 3051 3257 3120 primae
3304 3051 3547 3106 viderent
3594 3061 3647 3108 et
3698 3068 3839 3107 nun-

2261 3144 2486 3208 tiarent,
2520 3156 2631 3196 non
2663 3141 2840 3197 solum
2876 3156 2998 3211 qua:
3031 3139 3341 3207 audierant,
3381 3142 3475 3197 sed
3509 3151 3561 3198 et
3603 3159 3723 3213 qua:
3763 3143 3835 3198 vi-

2262 3233 2478 3288 derant.

2340 3403 2394 3457 5.
2427 3400 2562 3456 Cum
2610 3402 2768 3471 igitur
2797 3401 3086 3456 exivissent
3135 3417 3258 3456 cum
3309 3401 3500 3458 timore
3529 3413 3584 3458 et
3627 3404 3834 3474 gaudio.

2268 3494 2324 3550 9.
2358 3492 2427 3548 Et
2453 3511 2567 3548 ecce
2590 3493 2742 3548 Jesus
2767 3495 2988 3547 occurrit
3018 3495 3123 3548 illis
3145 3494 3315 3548 dicens
3341 3511 3361 3550 :
3393 3496 3561 3549 Aucte.
3597 3496 3712 3552 Illa:
3739 3513 3837 3550 vero

2271 3600 2535 3644 tenuerunt
2559 3591 2710 3659 pedes
2754 3593 2864 3658 eius
2883 3633 2897 3656 ,
2928 3602 2982 3646 et
3009 3608 3131 3646 cum
3178 3593 3376 3664 ingenti
3408 3593 3586 3647 laetitia
3615 3594 3682 3648 ad
3709 3593 3836 3648 illttut

2269 3691 2614 3736 accurrentes
2635 3723 2648 3745 ,
2679 3697 2774 3752 per
2800 3691 2998 3736 tactum
3031 3686 3437 3740 resurrectionis
3465 3695 3670 3740 certum
3696 3701 3837 3754 argn-

2271 3782 2511 3826 mentum
2535 3785 2875 3841 acceperunt,
2910 3773 2974 3826 Et
3001 3774 3339 3829 adorarerunt
3366 3794 3497 3830 eum.
3527 3777 3668 3846 Quid
3699 3776 3836 3848 igitur

2272 3865 2398 3919 ille?
2425 3863 2511 3919 lO.
2537 3863 2714 3917 Nolite
2743 3866 2936 3918 timere.
2991 3867 3191 3920 llursus
3214 3876 3269 3922 et
3295 3867 3408 3936 ipse
3441 3869 3684 3925 timorem
3703 3884 3838 3922 anto-

2273 3964 2395 4020 vet,
2429 3954 2550 4010 fidei
2583 3956 2719 4009 viam
2753 3971 2968 4024 parans.
3019 3957 3125 4011 Sed
3151 3961 3247 4022 ite,
3282 3971 3326 4011 et
3358 3961 3584 4014 nuntiate
3615 3959 3838 4032 fratribus

2272 4049 2414 4114 meis,
2447 4057 2499 4100 ut
2521 4059 2633 4100 eant
2655 4048 2707 4101 in
2747 4047 3011 4101 Galila'ant
3031 4059 3112 4102 τοι
3139 4050 3206 4102 ibi
3235 4066 3312 4103 me
3339 4050 3590 4104 videbunt.
3627 4053 3838 4120 Perpen-

2271 4138 2339 4192 de
2369 4138 2636 4207 quomodo
2668 4140 2780 4209 ipse
2807 4139 2992 4210 barum
3023 4155 3184 4210 Opera
3227 4140 3500 4211 discipulis
3543 4142 3836 4201 ammntict,

2275 4239 2329 4283 ut
2358 4245 2500 4301 sa‘pe
2527 4229 2632 4282 dixi
2653 4271 2668 4295 ,
2695 4246 2880 4284 sexum
2909 4230 3283 4302 inhonoratum
3324 4233 3390 4286 ad
3424 4233 3680 4288 honorem
3711 4242 3760 4286 et
3782 4227 3837 4281 ad

2275 4323 2469 4376 bonam
2519 4337 2668 4392 spem
2717 4336 2975 4375 revocans
2998 4365 3013 4387 ,
3043 4333 3098 4376 et.
3117 4303 3276 4392 [quod
3326 4324 3593 4377 inﬁrmum
3622 4331 3736 4380 erat
3767 4337 3839 4374 sa-

2276 4431 2428 4467 nans.
2461 4413 2663 4480 Aliquis
2694 4414 2917 4467 fortasse
2943 4425 3181 4468 vestrum
3210 4425 3432 4483 cuperet
3476 4417 3753 4484 insigniora
3782 4411 3836 4462 il-

2279 4507 2446 4558 latum
2499 4505 2667 4558 instar
2715 4506 2996 4559 mulierum
3047 4507 3210 4574 pedes
3247 4505 3374 4560 Jesn
3427 4510 3650 4563 tenere?
3707 4505 3839 4560 Nunc

2275 4598 2434 4649 etiam
2469 4597 2725 4665 potestis,
2759 4597 2801 4649 si
2833 4603 2922 4666 qui
2955 4598 3114 4650 vultis
3138 4639 3150 4658 ,
3184 4615 3358 4668 neque
3400 4599 3560 4667 pedes
3587 4610 3642 4654 et
3670 4609 3838 4653 manus

2276 4701 2515 4751 emtum,
2567 4688 2660 4741 sed
2689 4689 2848 4741 etiam
2879 4699 3035 4757 caput
3085 4689 3213 4742 illud
3259 4704 3469 4743 Sacrum
3512 4690 3838 4758 contingere,

2273 4779 2399 4830 dmn
2430 4793 2558 4847 pura
2581 4779 2907 4832 Conscientia
2941 4795 3213 4833 sacrorum
3237 4781 3610 4850 mysteriorum
3639 4792 3840 4834 consor-

2277 4881 2356 4924 tes
2382 4872 2532 4924 estis.
2563 4869 2745 4939 Neque
2795 4870 2880 4925 hic
2929 4879 3170 4936 tantum,
3218 4873 3310 4924 sed
3355 4871 3406 4925 in
3459 4872 3544 4924 illa
3584 4867 3840 4924 etiamdie

2275 4963 2448 5032 ipsum
2469 4963 2718 5017 videbitis
2739 5003 2754 5028 ,
2787 4978 2906 5016 cum
2937 4963 3190 5017 inclfabili
3232 4963 3315 5017 illa
3349 4963 3514 5032 gloria
3543 4971 3732 5016 etcum
3759 4974 3841 5010 an-

2274 5057 2516 5126 gelorum
2548 5055 2886 5110 multitudine
2915 5057 3238 5117 venientem,
3268 5057 3312 5108 si
3344 5057 3716 5108 miScricordes
3735 5061 3842 5105 esse

2275 5150 2552 5204 volueritis
2584 5166 2598 5200 :
2629 5158 2681 5202 et
2702 5149 2928 5202 audietis
2961 5163 3066 5201 non
3101 5147 3213 5202 bare
3242 5148 3400 5201 verba
3435 5157 3656 5211 tantum,
3689 5145 3839 5199 Aucte.

2276 5244 2368 5297 sed
2401 5243 2559 5296 etiam
2587 5243 2672 5295 illa
2702 5259 2717 5294 :
2759 5240 2932 5296 Venite
2970 5240 3214 5295 benedicti
3253 5241 3421 5294 Patris
3454 5243 3570 5306 mei,
3615 5236 3842 5310 possidete

2277 5350 2486 5399 regnum
2509 5343 2742 5401 paratum
2761 5333 2896 5386 vobis
2918 5351 2949 5384 a
2975 5333 3329 5386 constitutione
3345 5333 3520 5385 ntundi
3539 5331 3743 5403 (Matth.
3759 5326 3838 5379 ‘25.

2267 5439 2384 5508 34}.
2418 5436 2608 5491 Estote
2641 5437 2808 5507 igitur
2856 5433 3261 5495 misericordes,
3315 5444 3373 5485 ut
3427 5435 3539 5486 haec
3577 5433 3730 5486 verba
3754 5441 3840 5480 au-

2267 5529 2453 5592 diatis,
2480 5544 2575 5582 vos
2607 5542 2827 5597 quoque
2859 5543 2994 5578 auro
3025 5535 3234 5578 ornatze
3269 5522 3545 5584 mulieres,
3596 5538 3713 5592 quin
3748 5519 3832 5572 ba-

2273 5639 2392 5676 rum
2429 5622 2720 5674 muliernm
2756 5634 2976 5672 cursmn
3023 5617 3254 5681 vidistis,
3305 5632 3427 5670 sero
3463 5618 3678 5671 tandem
3711 5615 3838 5668 Itunc

2277 5716 2525 5770 morbum
2558 5713 2910 5784 deponentes,
2945 5711 3062 5765 auri
3094 5726 3286 5780 nempe
3334 5710 3704 5779 cupiditatem.
3747 5701 3837 5756 Ita-
