4074 6410
155 405 266 461 ἨΒ

162 623 358 667 latum
413 613 575 666 istum
630 610 886 674 vendite,
951 619 1010 661 ut
1059 607 1405 674 cteeiuosyua
1457 599 1753 654 ornemini.

161 702 300 766 Quae
333 701 576 762 utilitas,
623 715 846 768 quaeso,
911 714 975 750 ex
1028 696 1110 748 his
1156 693 1426 762 lapidibus
1479 690 1754 759 pretiosis,

157 799 215 843 et
241 802 312 843 ex
336 787 572 842 vestibus
600 800 732 842 auro
763 786 1021 842 intextis?
1048 785 1140 842 llis
1165 784 1389 854 gaudet,
1424 783 1632 852 inquies
1652 823 1666 848 ,
1695 792 1750 835 et

161 879 381 936 laetatur
399 879 598 936 anima.
623 879 734 944 Ego
761 887 812 934 te
836 879 904 934 de
935 879 1082 933 lucro
1109 886 1162 932 et
1185 877 1410 930 utilitate
1439 876 1746 944 interrogo;

162 979 220 1023 ιιι
277 967 406 1024 mihi
453 968 706 1024 damnum
752 984 955 1026 narras.
1008 968 1101 1024 I-Iis
1129 969 1272 1022 enim
1317 981 1534 1034 operam
1578 964 1746 1029 dare,

163 1058 422 1127 gaudere,
450 1058 674 1125 haerere,
703 1060 833 1116 nihil
865 1059 1032 1128 pejus.
1057 1058 1205 1112 Tune
1223 1057 1474 1111 acerbior
1500 1055 1615 1110 haec
1636 1071 1747 1108 ser-

164 1145 307 1200 vitus
334 1153 450 1208 est,
482 1157 602 1198 cum
627 1144 746 1213 quis
775 1143 1014 1198 serviens
1057 1142 1286 1196 laetatur.
1318 1141 1414 1196 Cui
1461 1141 1603 1194 enim
1635 1139 1749 1206 spi-

167 1235 443 1292 ritualium
491 1250 710 1304 operum
758 1250 1007 1304 umquam
1054 1243 1112 1287 ut
1149 1233 1400 1289 convenit
1444 1230 1750 1293 incumbet?

166 1327 382 1402 quando
412 1326 538 1381 item
568 1326 796 1382 utdecet
825 1341 910 1380 res
939 1324 1199 1380 humanas
1224 1323 1488 1378 deridebit
1512 1338 1631 1390 quae
1658 1337 1753 1376 au-

167 1433 230 1471 ro
261 1418 447 1474 vinciri
496 1426 643 1486 putat
687 1432 807 1471 esse
848 1417 1044 1487 gaudio
1090 1415 1349 1484 dignum?
1399 1414 1529 1471 Nam
1558 1415 1646 1484 qui
1698 1415 1752 1468 in

168 1524 386 1569 carcere
417 1510 607 1564 lubens
635 1510 874 1574 habitat,
922 1524 1210 1576 numquam
1242 1508 1367 1562 hinc
1405 1507 1535 1576 eripi
1567 1507 1707 1560 volet
1735 1523 1749 1558 :

166 1599 614 1668 quemadmodum
646 1611 700 1654 et
729 1601 870 1670 ipsa,
909 1599 1001 1654 sed
1025 1599 1173 1667 quasi
1203 1599 1415 1666 captiva
1446 1613 1624 1667 pravae
1655 1599 1753 1650 hu-

162 1693 316 1756 jusce
361 1692 699 1762 cupiditatis,
735 1707 906 1761 neque
931 1708 1115 1746 Vocem
1157 1693 1480 1761 spiritualem
1510 1707 1628 1747 cum
1669 1691 1753 1744 di-

167 1786 308 1838 centi
335 1786 527 1855 gaudio
549 1785 735 1842 audire
764 1787 1081 1848 sustinebit,
1109 1786 1301 1841 nedum
1327 1801 1460 1854 opus
1480 1783 1756 1853 aggrediaq

170 1886 273 1928 tur.
335 1876 486 1944 Quod
517 1893 645 1946 ergo
693 1877 900 1932 lucrum
949 1894 1012 1932 ex
1050 1878 1149 1934 hoc
1193 1888 1414 1939 ornatu,
1460 1886 1514 1931 et
1558 1893 1622 1931 ex
1657 1876 1756 1930 hac

173 1967 436 2021 mollitie?
488 1967 762 2033 Delector,
797 1968 985 2036 inquit.
1035 1969 1268 2024 Rursum
1300 1969 1426 2020 mihi
1459 1982 1754 2022 uoco-men-

171 2067 282 2110 tum
315 2073 497 2110 narras
523 2068 578 2110 et
625 2059 934 2126 perniciem.
977 2058 1080 2112 Sed
1125 2059 1291 2114 multo
1323 2057 1468 2112 fruor
1511 2057 1713 2112 honore
1737 2095 1754 2122 ,

171 2150 374 2216 inquit,
409 2149 547 2217 apud
589 2158 939 2217 spectatores.
975 2149 1042 2202 Et
1076 2151 1200 2218 quid
1243 2150 1344 2204 hoc
1379 2152 1495 2204 est?
1524 2150 1756 2203 Alterius

170 2242 371 2295 scilicet
397 2243 758 2311 corruptionis
797 2253 1206 2313 argumentum,
1247 2260 1368 2297 cum
1418 2244 1470 2298 in
1523 2242 1714 2297 fastum
1739 2284 1754 2309 ,

170 2347 291 2382 rum
325 2333 372 2382 iu
415 2334 777 2400 arrogantiam
818 2334 1101 2387 attolleris.
1147 2337 1257 2403 Age
1299 2336 1475 2404 igitur,
1507 2337 1755 2404 quoniam

174 2432 226 2472 tu
261 2422 465 2474 lucrum
501 2439 603 2475 non
631 2423 839 2488 dixisti,
868 2425 982 2478 sine
1003 2467 1017 2488 ,
1049 2440 1232 2493 quaeso
1255 2466 1269 2487 ,
1301 2435 1617 2480 nocumeuta
1660 2442 1758 2479 ex-

173 2530 364 2584 ponam
395 2515 506 2568 tibi.
557 2516 686 2582 Qua:
716 2532 844 2585 ergo
893 2517 1016 2571 inde
1057 2519 1418 2572 uocumeuta?
1445 2518 1760 2572 Sollicitudo

173 2609 345 2674 major
371 2625 528 2676 quam
556 2609 819 2676 voluptas.
861 2607 985 2664 Ideo
1021 2610 1260 2680 plerique
1284 2613 1635 2678 spectantium
1667 2627 1758 2663 ru-

174 2701 382 2754 diorum
429 2701 595 2769 magis
625 2701 987 2762 delectentur,
1018 2718 1175 2769 quam
1200 2717 1316 2770 quae
1348 2702 1444 2755 ista
1477 2709 1646 2770 gestat
1670 2717 1757 2755 or-

176 2801 444 2845 namenta.
469 2792 546 2845 Tu
569 2793 708 2846 enim
733 2809 852 2847 cum
883 2794 1239 2848 sollicitudine
1266 2795 1503 2856 ornaris;
1530 2793 1617 2848 ille
1644 2794 1762 2848 sine

174 2891 299 2937 cura
353 2885 518 2952 pascit
563 2887 768 2938 oculos.
815 2886 968 2939 Aliud
1015 2887 1140 2939 item
1197 2887 1588 2938 incommodum
1642 2895 1757 2951 est,

175 2977 316 3044 quod
367 2977 453 3030 illa
497 2977 674 3029 animo
704 2977 984 3044 dejiciatur
1007 3019 1021 3041 ,
1051 2985 1104 3030 et
1151 2977 1402 3030 invidiam
1449 2976 1679 3046 undique
1708 2986 1762 3030 et

177 3070 369 3139 ubique
410 3079 634 3123 moveat.
674 3069 871 3123 Vicinus
899 3069 1041 3123 enim
1085 3069 1363 3123 concitata:
1407 3080 1591 3123 contra
1620 3069 1762 3123 virus

177 3180 301 3218 suos
330 3173 622 3226 armantur,
651 3174 698 3215 et
737 3162 870 3214 bella
901 3161 1076 3231 gravia
1100 3163 1353 3214 excitant.
1384 3162 1460 3215 Ad
1496 3163 1609 3213 hmc
1633 3176 1762 3213 vero

178 3256 343 3310 otium
375 3270 567 3319 omne,
615 3253 916 3309 sollicitudo
947 3253 1122 3306 omnis
1173 3253 1222 3305 in
1267 3254 1348 3306 his
1387 3253 1718 3306 consumitur
1743 3293 1758 3314 ,

177 3346 541 3414 spiritualibus
585 3346 839 3414 operibus
884 3354 990 3399 non
1035 3345 1320 3400 admodum
1361 3360 1520 3414 opera
1569 3345 1760 3408 datur;

180 3437 505 3506 insuperque
535 3438 672 3490 fastu
698 3479 711 3502 ,
742 3436 1066 3505 arrogantia,
1097 3451 1230 3489 vana
1259 3437 1424 3506 gloria
1455 3435 1758 3505 lmjusmodi

180 3528 370 3583 mulier
395 3529 662 3596 impletur,
692 3544 755 3582 ac
782 3540 940 3582 teme
969 3536 1075 3582 tota
1103 3528 1360 3594 adita-ret,
1391 3529 1528 3599 quod
1561 3544 1762 3596 pennas

180 3619 419 3681 amittat,
445 3630 498 3673 et
527 3634 621 3688 pro
649 3618 826 3689 aquila
871 3618 962 3673 ﬁat
990 3621 1138 3673 cauis
1162 3629 1214 3674 et
1245 3634 1456 3688 porcus.
1501 3618 1763 3674 Omittens

181 3715 324 3764 enim
366 3712 418 3764 in
447 3711 637 3765 cadum
663 3713 904 3780 aspicere
951 3721 1006 3765 et
1048 3712 1266 3777 volare,
1315 3712 1760 3779 quemadmodum

185 3802 327 3872 porci
357 3803 576 3856 humum
627 3804 882 3871 respicis,
929 3804 1140 3858 metalla
1175 3804 1385 3858 curiose
1431 3805 1684 3858 scrutaris
1712 3813 1763 3856 et

181 3905 356 3956 antra,
388 3894 731 3962 animumque
761 3892 975 3946 mollem
1007 3901 1061 3947 et
1087 3894 1401 3949 illiberalem
1432 3893 1632 3947 reddis.
1655 3892 1759 3946 Sed

181 3987 234 4040 in
267 3983 382 4039 I'oro
410 3994 461 4038 te
489 3991 784 4048 ostentans,
817 3983 1053 4035 omnium
1082 3983 1264 4038 oculos
1296 3984 1344 4036 in
1376 3993 1425 4038 te
1453 3984 1762 4037 convertis?

184 4077 469 4144 Propterea
493 4090 681 4128 aurum
709 4083 920 4144 gestare
945 4088 1049 4126 non
1079 4073 1314 4142 oportuit
1337 4116 1351 4138 ,
1381 4089 1447 4128 ne
1475 4088 1760 4128 commune

183 4170 444 4221 theatrum
474 4167 631 4219 lieres
651 4207 664 4231 ,
695 4165 1033 4233 pluriuinque
1057 4173 1422 4216 accusatorum
1453 4179 1543 4217 ora
1585 4165 1762 4231 aperi-

181 4275 286 4312 res.
319 4257 506 4311 Nullus
539 4259 678 4309 enim
713 4254 1110 4323 rCSpicietttium
1140 4263 1190 4306 te
1219 4255 1472 4319 miratur,
1510 4255 1604 4308 sed
1635 4255 1763 4308 irri-

180 4350 308 4404 dent
355 4357 413 4401 ut
460 4355 679 4400 ornatus
727 4347 969 4410 avidam,
1019 4356 1360 4415 arrogantem
1393 4355 1446 4400 et
1491 4348 1759 4401 carnalem

180 4440 478 4495 mulierem.
512 4437 664 4505 Quod
710 4439 754 4492 si
806 4439 855 4492 in
900 4439 1180 4493 ecclesiam
1234 4438 1587 4506 ingrediaris,
1639 4440 1761 4494 inde

178 4532 449 4602 egrederis
479 4531 608 4584 nihil
641 4531 850 4600 adepta,
887 4531 983 4585 nisi
1008 4540 1255 4584 sexcenta
1286 4532 1508 4586 dicteria
1530 4573 1543 4595 ,
1574 4533 1760 4586 convi-

178 4626 294 4687 cia,
351 4623 672 4689 maledicta,
722 4639 825 4676 non
873 4639 900 4674 a
967 4624 1330 4691 Spectantibus
1378 4631 1615 4687 tantum,
1667 4624 1761 4679 sed

177 4717 336 4768 etiam
368 4731 395 4767 a
427 4715 682 4783 propheta
725 4715 854 4767 Nam
873 4718 1050 4768 statim
1093 4715 1179 4768 ille
1201 4715 1565 4768 vocalissimus
1602 4715 1761 4768 Isaias

180 4817 232 4861 te
260 4808 592 4874 Conspiciens
619 4807 870 4861 clamabit
901 4825 914 4860 :
953 4806 1074 4860 "we
1115 4808 1238 4859 dicit
1279 4806 1524 4861 Dominus
1565 4807 1633 4859 ad
1664 4808 1760 4860 do-

179 4901 466 4952 minatrices
496 4901 630 4967 ﬁlias
662 4900 789 4954 Sion
819 4917 836 4953 :
865 4899 966 4952 Pro
991 4901 1050 4953 eo
1079 4900 1212 4969 quod
1242 4900 1620 4953 ambulaverunt
1648 4918 1758 4954 ere-

178 4999 257 5041 cto
282 4991 432 5054 solio,
460 5001 505 5044 et
550 4991 749 5043 nutibus
785 4991 1080 5056 oculorum,
1113 5001 1161 5045 et
1200 5007 1372 5061 gressu
1408 4992 1590 5062 pedum
1639 5004 1762 5045 trn-

177 5081 348 5133 Iaenles
398 5082 615 5147 tunicas,
664 5091 710 5133 et
756 5081 965 5148 pedibus
1011 5082 1162 5135 simul
1195 5083 1421 5135 ludentes
1467 5099 1486 5136 .'
1525 5085 1760 5137 reuelabit

175 5169 425 5227 Dominus
475 5179 713 5222 ornatum
767 5171 1024 5240 ipsarum,
1077 5182 1126 5226 et
1173 5174 1262 5225 erit
1297 5191 1387 5241 pro
1415 5179 1558 5226 suavi
1607 5175 1761 5227 odore

177 5260 340 5326 pulvis
360 5301 373 5322 ,
407 5270 454 5312 et
482 5277 574 5329 pro
604 5277 731 5312 zona
759 5261 985 5328 funiculo
1030 5263 1244 5332 cingeris
1272 5267 1286 5329 (
1319 5261 1442 5315 lsai.
1472 5265 1523 5318 5.
1554 5265 1637 5318 I6.
1675 5267 1754 5316 i7.

172 5351 288 5416 Si).
327 5349 450 5404 IIa-c
477 5351 569 5404 tibi
597 5367 692 5419 pro
723 5361 912 5403 ornatu
950 5361 1124 5404 ei'iiﬂl.
1170 5353 1351 5423 Neque
1376 5354 1517 5408 enim
1545 5354 1609 5406 ad
1638 5355 1754 5405 illas

177 5451 379 5495 tantum
433 5439 548 5494 hinc
577 5441 716 5494 dicta
764 5451 922 5504 sunt,
957 5441 1050 5495 sed
1092 5442 1156 5494 ad
1203 5444 1464 5511 quaslibet
1511 5445 1758 5497 "uiliores

176 5531 292 5584 illas
322 5531 608 5585 imitantes.
637 5533 702 5585 Et
729 5543 846 5601 post
874 5534 1043 5601 ipsum
1070 5533 1259 5586 Paulus
1283 5545 1561 5588 accusator
1584 5546 1684 5588 szat
1716 5537 1754 5598 ‘,

175 5621 494 5677 Thimotheo
524 5625 784 5691 scribens,
809 5635 866 5678 ut
896 5626 1210 5679 mulieribus
1236 5629 1526 5695 prmcipiat,
1563 5626 1682 5680 Non
1707 5629 1756 5680 in

240 5777 259 5811 ¹
295 5778 347 5828 In
372 5778 658 5828 Commcliu.
687 5787 738 5829 et
759 5781 923 5830 Morel.
950 5781 1132 5844 legitur
1164 5796 1174 5829 :
1199 5789 1251 5832 Μ
1275 5789 1376 5845 past
1401 5781 1557 5844 ipsum
1583 5785 1757 5835 Paulus

181 5837 355 5890 clamat
387 5846 432 5892 et
449 5851 696 5891 accusator
718 5850 827 5892 stat.

1119 397 1183 450 IN
1224 391 1633 452 .‘dAT'I‘IIAiUM
1674 388 1902 448 lItllIiL.
1947 390 2237 449 LXXXIX.
2279 393 2346 446 al.
2393 392 2499 450 XC.

157 538 271 590 que
327 519 372 575 si
425 517 613 572 beatas
653 517 814 572 hasce
859 514 1116 570 mulieres
1170 510 1374 564 imitari
1423 508 1609 569 vultis,
1661 520 1758 557 or-

3336 401 3462 462 786.

1856 508 2001 561 tartis
2023 507 2258 572 crinibus,
2290 519 2375 562 aut
2403 525 2550 573 rutro,
2581 519 2668 562 om
2690 513 2975 581 margaritis
2997 555 3009 576 ,
3041 526 3128 566 aut
3155 518 3442 572 vestimento

1855 608 2148 669 sumptuoso
2177 615 2284 652 ωδε
2304 610 2548 654 exornant
2575 601 2592 670 (
2617 602 2668 654 1.
2698 599 2831 655 Tim.
2854 601 2905 655 2.
2931 603 3011 673 9).
3046 605 3224 674 Itaque
3251 622 3439 660 aurum

1853 699 2064 758 gestare
2102 690 2298 759 ubique
2344 692 2698 760 perniciosum
2741 706 2856 758 est;
2887 697 3120 752 maxime
3162 714 3293 753 vero
3319 714 3440 754 cum

1857 779 1906 832 iu
1929 780 2207 834 ecclesiam
2236 781 2560 848 ingrederis,
2583 784 2794 850 quando
2817 799 2910 853 per
2936 801 3196 856 pauperes
3223 789 3436 844 transis.

1855 869 1898 926 Ν
1920 886 1987 923 ειη
2015 870 2058 923 si
2092 869 2320 937 tcipsum
2349 871 2699 928 vehementer
2723 875 2993 930 criminari
3022 877 3264 933 studeres
3283 921 3297 942 ,
3332 897 3439 933 non

1856 961 1960 1015 alio
2011 963 2240 1015 utereris
2293 964 2652 1031 vestimento,
2698 982 2858 1035 quam
2905 967 3006 1021 hac
3034 969 3364 1024 crmlelitatis
3390 981 3443 1026 et

1858 1055 2259 1108 iuhumanitatis
2297 1055 2466 1108 larva.

1927 1147 1978 1199 4.
2027 1145 2217 1198 Contra
2243 1147 2498 1202 iumn‘ium
2525 1147 2721 1202 luxum.
2749 1179 2818 1195 -ν-
2837 1149 3019 1218 Cogita
3048 1162 3177 1218 quot
3202 1154 3441 1206 esurien»

1857 1237 2056 1291 rientes
2083 1247 2293 1291 ventres
2321 1254 2441 1292 cum
2470 1238 2557 1292 tali
2586 1238 2767 1293 habitu
2797 1253 3114 1310 pra-terras,
3144 1253 3275 1312 quot
3305 1244 3440 1296 nuda

1857 1343 2082 1397 corpora
2139 1345 2259 1382 cum
2309 1331 2547 1384 satanieo
2603 1330 2906 1400 huiusmodi
2965 1346 3176 1387 ornatu.
3235 1336 3444 1402 Quanto

1858 1422 2048 1475 melius
2095 1432 2239 1475 esset
2290 1423 2586 1477 esnricntes
2615 1426 2820 1478 animas
2851 1427 3030 1484 a'ere,
3077 1443 3232 1494 quam
3284 1430 3441 1482 imam

1862 1511 2158 1568 auriculam
2186 1511 2458 1579 perforare
2477 1556 2492 1579 ,
2525 1526 2576 1567 ot
2607 1515 2676 1570 ibi
2706 1516 2848 1568 inille
2877 1534 3172 1585 pauperum
3194 1519 3442 1573 alimenta

1862 1601 2054 1656 Frustra
2100 1602 2448 1670 suspendere.
2498 1603 2634 1657 Num
2685 1605 2779 1658 tibi
2826 1605 3088 1662 ditescere
3117 1608 3444 1676 gloriosum?

1861 1707 1984 1745 num
2037 1692 2127 1746 tibi
2177 1708 2363 1746 aurum
2412 1705 2622 1763 gestare
2653 1695 2955 1752 laudabile?
2985 1699 3207 1752 Etiamsi
3250 1702 3345 1753 ista
3379 1716 3445 1753 ex

1855 1786 2013 1854 justis
2039 1785 2131 1839 tibi
2165 1795 2310 1853 parta
2337 1797 2514 1840 essent
2545 1787 2812 1848 laboribus
2831 1830 2846 1854 ,
2870 1789 2948 1843 sic
2976 1791 3134 1843 etiam
3167 1805 3255 1844 res
3281 1799 3447 1844 maxi—

1862 1893 1949 1931 me
1979 1877 2241 1948 culpanda
2287 1889 2431 1933 esset
2465 1896 2478 1932 :
2509 1896 2629 1934 cum
2672 1891 2850 1935 autem
2881 1882 3075 1952 injuste
3105 1894 3254 1952 parta
3283 1895 3407 1937 sunt
3427 1927 3443 1949 ,

1860 1970 2032 2041 cogita
2059 1986 2215 2039 quam
2249 1971 2434 2040 ingens
2466 1972 2535 2025 sit
2577 1972 2861 2042 ﬂagitium.
2895 1975 2961 2027 At
2992 1975 3198 2028 Iaudem
3223 1991 3368 2029 amas
3394 1989 3448 2029 et

1861 2064 2125 2134 gloriam?
2153 2065 2290 2134 Ergo
2318 2064 2598 2119 ridiculum
2642 2064 2784 2120 hunc
2808 2067 3058 2119 amictum
3087 2082 3222 2120 exue
3247 2110 3262 2133 ,
3293 2078 3447 2120 tunc-

1861 2170 1965 2225 que
1991 2163 2044 2208 te
2067 2168 2256 2207 omnes
2285 2154 2619 2209 mirabuntur
2643 2195 2657 2220 ,
2691 2165 2816 2208 tune
2853 2155 3020 2223 gloria
3049 2167 3103 2210 ct
3129 2172 3258 2226 pura
3290 2158 3446 2210 volu~

1863 2255 2006 2312 ptate
2037 2245 2227 2298 frueris
2253 2262 2266 2297 :
2295 2252 2352 2296 ιιι
2395 2260 2536 2298 nunc
2560 2245 2797 2299 dicteriis
2821 2248 3062 2315 exposita
3093 2263 3151 2300 es
3172 2289 3186 2312 ,
3220 2250 3444 2300 multas-

1862 2350 1967 2406 que
2025 2334 2120 2389 tibi
2152 2335 2398 2388 mmroris
2429 2337 2739 2388 occasiones
2768 2335 2890 2389 hinc
2918 2339 3192 2392 concilias.
3245 2339 3372 2393 Nam
3403 2341 3445 2392 si

1865 2424 2054 2478 horum
2081 2425 2349 2494 quidpiam
2380 2425 2659 2488 exciderit,
2693 2427 2863 2494 cogita
2892 2438 3085 2495 quanta
3118 2427 3239 2481 hinc
3263 2430 3445 2481 orian-

1869 2527 1954 2570 tur
1985 2517 2142 2580 mala,
2176 2526 2302 2586 quot
2327 2517 2534 2569 ancillae
2566 2517 2932 2581 verbereutur,
2967 2530 3090 2588 quot
3118 2519 3213 2572 viri
3242 2529 3448 2588 pertur-

1865 2609 2058 2662 bentur
2078 2649 2092 2673 ,
2123 2617 2253 2678 quot
2295 2609 2628 2663 abducantur
2650 2651 2664 2672 ,
2696 2621 2822 2678 quot
2855 2611 2904 2663 in
2934 2626 3152 2665 carcere
3183 2611 3445 2664 habitent.

1868 2701 2002 2756 Iliuc
2027 2701 2220 2771 judicia
2243 2741 2258 2765 ,
2287 2702 2524 2755 actiones
2551 2711 2604 2755 ct
2634 2701 2779 2756 mille
2811 2703 3042 2772 undique.
3087 2704 3366 2758 maledicta
3398 2715 3452 2757 et

1865 2794 2105 2847 convicia
2152 2793 2305 2846 uxori
2355 2809 2383 2846 a
2427 2793 2543 2846 viro
2589 2808 2707 2856 suo,
2746 2795 2862 2848 viro
2908 2796 2974 2849 ab
3007 2796 3224 2859 amicis;
3258 2797 3450 2850 animze

1865 2897 2077 2952 quoque
2104 2897 2132 2934 a
2160 2884 2356 2950 seipsa.
2401 2883 2508 2937 Sed
2557 2882 2672 2938 hzrc
2703 2899 2806 2937 non
2843 2885 3104 2952 peribunt.
3138 2887 3204 2938 At
3231 2903 3446 2940 servare

1867 2990 1972 3029 non
2005 2975 2072 3027 ita
2107 2974 2259 3028 facile
2285 2985 2382 3028 est.
2415 2974 2634 3029 Etiamsi
2663 2984 2838 3029 autem
2869 2987 3127 3044 perpetuo
3149 2989 3446 3041 serventur,

1869 3065 2086 3118 muItam
2122 3067 2360 3134 pra-bent
2386 3066 2820 3132 sollicitudinem,
2853 3083 3058 3130 curam,
3110 3071 3404 3124 molestiam
3435 3115 3448 3132 ,

1868 3155 2000 3212 lucri
2035 3157 2184 3211 nihil.
2215 3157 2346 3224 Quis
2375 3157 2496 3211 imle
2526 3167 2810 3226 proventus
2840 3159 3060 3213 domui?
3087 3176 3204 3229 qua:
3246 3162 3451 3215 utilitas

1867 3261 1932 3302 ex
1960 3255 2147 3300 ornatu
2173 3246 2418 3304 mulieri?
2441 3245 2592 3300 Nulla
2614 3258 2760 3302 certe
2783 3290 2798 3313 ,
2827 3247 2920 3302 sed
2943 3248 3174 3308 dedecus
3205 3265 3450 3320 maguum

1869 3351 1917 3391 et
1942 3338 2240 3392 criminatio
2267 3337 2517 3406 undique.
2541 3337 2822 3403 Quomodo
2846 3339 3042 3408 poteris
3070 3339 3262 3396 Christi
3292 3340 3453 3408 pedes

1869 3429 2098 3486 osculari
2145 3438 2198 3484 et
2245 3439 2428 3490 tenere
2459 3446 2577 3484 cum
2629 3430 2722 3484 tali
2770 3431 2999 3484 ornatu?
3029 3432 3180 3486 Iiunc
3205 3445 3450 3488 ornatum

1870 3519 1960 3574 ille
1985 3529 2280 3573 aversatur.
2330 3519 2560 3588 Ideoque
2611 3521 2661 3580 in
2717 3521 2845 3582 fabri
2879 3521 3039 3577 domo
3082 3524 3225 3578 nasci
3254 3525 3450 3591 voluit;

1871 3612 1978 3667 imo
2007 3630 2133 3667 vero
2178 3631 2281 3670 non
2329 3617 2379 3670 in
2407 3616 2567 3679 domo
2597 3617 2681 3678 illa
2707 3658 2723 3682 ,
2757 3619 2847 3674 sed
2878 3619 2928 3680 in
2958 3620 3198 3690 tugurio,
3228 3621 3283 3675 in
3316 3639 3454 3690 prau-

1869 3707 2035 3774 sepio.
2066 3707 2164 3772 Qui
2211 3723 2339 3777 ergo
2364 3711 2564 3781 poteris
2610 3710 2757 3768 illum
2793 3711 2972 3766 videre
2999 3752 3015 3775 ,
3045 3727 3166 3768 eum
3220 3729 3323 3767 non
3355 3715 3451 3782 ipsi

1867 3807 2070 3863 gratam
2121 3796 2342 3851 formam
2374 3807 2430 3852 et
2458 3806 2700 3860 ornatum
2722 3841 2737 3864 ,
2787 3800 2880 3854 sed
2931 3801 3176 3856 odiosum
3211 3801 3452 3858 habeas?

1869 3885 1999 3946 Nam
2033 3890 2118 3956 qui
2155 3890 2298 3950 illum
2343 3891 2576 3955 adeunt,
2629 3909 2731 3946 non
2778 3894 2974 3948 talibus
3025 3895 3223 3950 debent
3271 3899 3450 3950 ornari

1868 3975 2234 4040 vcstii‘nentis,
2275 3980 2368 4038 sed
2419 3983 2610 4038 virtute
2661 3983 2922 4044 decorari.
2973 3985 3156 4052 Cogita
3208 3989 3332 4056 quid
3383 3992 3452 4041 sit

1868 4082 2054 4124 aurum
2084 4068 2231 4124 illud.
2265 4070 2400 4124 Nihil
2436 4073 2534 4126 nisi
2569 4083 2706 4127 terra
2751 4084 2804 4127 et
2842 4075 2995 4128 cinis.
3033 4075 3191 4144 Injice
3222 4095 3448 4146 aquam,

1867 4167 1920 4210 et
1948 4157 2006 4210 Iit
2034 4158 2222 4214 lutum.
2251 4160 2543 4218 Considera
2574 4172 2627 4216 et
2657 4165 2948 4229 eruliesce,
2981 4167 3121 4235 quod
3156 4168 3321 4222 lutum
3354 4169 3451 4223 do-

1869 4253 2069 4306 minum
2099 4261 2244 4308 tuum
2273 4257 2591 4317 constituas,
2621 4268 2669 4310 et
2705 4257 2778 4326 (α)
2815 4257 3084 4330 [omnibus
3113 4262 3324 4315 omissis
3352 4261 3449 4330 ipsi

1869 4342 2118 4413 assides,]
2145 4345 2336 4413 ubique
2367 4347 2535 4415 ipsum
2563 4359 2739 4417 gestas
2770 4360 2821 4402 et
2847 4352 3177 4404 circumfers.
3201 4353 3262 4405 Et
3285 4368 3454 4422 quan-

1869 4433 1939 4488 do
1970 4435 2019 4486 in
2043 4436 2323 4489 cCelesiam
2353 4437 2519 4492 intras
2541 4480 2555 4502 ,
2591 4449 2698 4491 tum
2746 4442 2978 4496 maxime
3022 4443 3190 4511 ipsum
3216 4447 3450 4498 amoveri

1868 4526 2163 4593 oportebat.
2192 4524 2373 4594 Neque
2403 4530 2542 4582 enim
2583 4528 2704 4590 ideo
2736 4541 2937 4586 structa
2974 4531 3071 4585 fuit
3095 4534 3340 4595 ecclesia,
3397 4547 3452 4589 ut

1867 4615 1937 4674 ibi
1972 4615 2065 4670 bas
2092 4616 2300 4671 divitias
2330 4627 2629 4676 ostentares
2652 4661 2665 4684 ,
2699 4623 2791 4675 sed
2821 4632 2876 4677 ut
2903 4625 3204 4692 spirituales
3243 4625 3454 4678 divitias

1867 4709 2170 4765 exhiberes.
2199 4710 2276 4770 'I'u
2301 4727 2427 4767 vero
2453 4728 2554 4769 cett
2588 4714 2638 4766 in
2669 4729 2914 4784 pompam
2943 4717 3265 4784 ingressum,
3297 4719 3371 4770 sic
3401 4733 3452 4771 te

1868 4798 2100 4868 undique
2139 4815 2334 4866 ornas,
2363 4803 2709 4872 scenicasque
2750 4806 3003 4860 mulieres
3031 4807 3290 4868 imitaris,
3320 4823 3439 4861 cum

1861 4903 2016 4946 tanto
2041 4903 2296 4962 apparatu
2319 4893 2569 4950 ridiculas
2597 4897 2692 4950 has
2716 4907 2930 4967 gestans
2954 4898 3160 4954 sordes.
3192 4899 3448 4966 Propter-

1867 4998 1927 5041 ea
1954 4984 2008 5038 in
2037 4985 2326 5040 multorum
2373 4985 2666 5055 ingrederis
2707 4989 2995 5056 perniciem
3023 5007 3036 5043 :
3067 4997 3124 5043 et
3155 4991 3328 5043 soluta
3357 5006 3448 5045 ec-

1866 5078 2044 5132 clesiae
2071 5078 2294 5134 collecta
2313 5120 2328 5142 ,
2358 5079 2411 5132 in
2454 5079 2734 5146 domibus,
2764 5081 2830 5136 ad
2857 5097 3095 5136 mensam
3120 5083 3232 5137 hare
3257 5084 3446 5137 multus

1867 5178 2146 5226 narrantes
2175 5169 2381 5226 audias.
2433 5170 2524 5225 His
2561 5186 2754 5241 nempe
2803 5172 2980 5226 missis
3006 5173 3182 5228 verbis
3207 5215 3221 5237 ,
3252 5174 3364 5228 lloc
3401 5184 3452 5228 et

1869 5262 1968 5316 hoc
1995 5261 2129 5316 dixit
2161 5263 2414 5330 propheta
2442 5305 2456 5325 ,
2482 5263 2584 5317 hoc
2610 5264 2914 5332 apostolus,
2942 5264 3008 5320 de
3030 5266 3257 5320 vestium
3287 5266 3412 5320 lusu
3437 5308 3452 5326 ,

1867 5351 1933 5407 de
1961 5351 2324 5423 magnitudine
2351 5368 2679 5422 gemmarum
2704 5396 2719 5421 ,
2752 5354 2819 5410 de
2847 5355 3058 5426 aliaque
3089 5354 3247 5412 simili
3287 5359 3445 5424 turpi.

1868 5443 2050 5498 tudine
2099 5444 2258 5498 verba
2310 5444 2529 5503 faciunt.
2577 5445 2702 5501 lla-e
2749 5463 2881 5513 vos,
2939 5465 3146 5504 necnon
3192 5450 3451 5517 contingi-ti

1867 5543 2112 5598 vestros,
2168 5534 2232 5586 ad
2261 5535 2654 5606 eleemosynam
2704 5540 3024 5608 erogandam
3071 5540 3284 5594 inutiles.
3328 5545 3450 5593 red-

1864 5625 2014 5680 dmit.
2047 5625 2229 5696 Neque
2255 5625 2411 5681 facile
2437 5629 2698 5698 quispiam
2727 5646 2795 5685 ex
2835 5633 2935 5686 ho'c
2961 5645 3094 5688 auro
3134 5631 3257 5701 quid
3309 5632 3450 5686 hau-

1927 5780 1999 5842 (ιζ)
2032 5781 2362 5891 Quae‘uneilnis
2388 5782 2693 5847 clauduntur,
2719 5799 2814 5835 non
2839 5785 3069 5849 leguntur
3088 5787 3137 5836 in
3160 5784 3442 5838 Commeliu.

1927 5857 2029 5891 :uue
2065 5857 2112 5891 ta
2151 5853 2271 5891 iure
2296 5876 2310 5891 .

1867 5856 2029 5902 neque
2065 5857 2112 5891 ιιι
2150 5853 2310 5893 nurui.
