4074 6406
663 385 764 442 78⁸1

666 507 790 564 gat,
836 503 894 549 ut
943 493 1266 550 esurientem
1315 490 1439 544 alat.
1491 489 1626 545 Cum
1674 490 1817 544 enim
1866 489 1976 559 ipsa
2004 487 2236 543 malisin

666 564 904 657 angustia
958 601 1112 650 esse,
1165 600 1320 653 quam
1375 583 1487 640 hmo
1537 582 1702 636 fracta
1753 581 1933 636 videre
1980 579 2250 649 quomodo

667 681 830 733 alium
859 694 925 734 ex
955 677 1036 730 his
1063 676 1215 730 alas?
1242 674 1372 730 Nam
1402 672 1581 728 multm
1605 689 1730 743 erga
1761 673 1856 726 ista
1889 671 2104 742 perinde
2127 680 2252 726 sunt

667 769 871 822 atii-cla:
891 809 904 830 .
931 779 1092 836 atque
1117 781 1242 836 erga
1286 781 1374 820 res
1417 767 1708 827 animatas,
1761 778 1860 817 nec
1889 763 2065 816 minus
2092 777 2249 831 quam

667 875 794 926 erga
843 857 1092 912 infantes.
1138 858 1350 926 Apage,
1381 855 1586 908 dicetis.
1623 847 1734 907 Hoc
1764 853 1920 922 igitur
1947 853 2248 919 ostendite,

669 965 762 1016 per
788 962 950 1016 opera
975 947 1320 1016 comprobato
1348 961 1364 998 :
1396 959 1536 999 nunc
1560 958 1685 997 vero
1717 944 2043 998 contrarium
2074 944 2248 996 video.

672 1038 850 1106 Ecqua
883 1038 1023 1092 enim
1056 1053 1122 1092 ex
1166 1038 1229 1090 iis
1254 1052 1372 1106 qme
1403 1035 1506 1089 hoc
1545 1034 1733 1088 morbo
1761 1033 2044 1088 admodum
2098 1033 2250 1087 Libo--

668 1140 827 1195 rant,
860 1129 944 1184 his
967 1129 1209 1183 conflatis
1239 1130 1351 1182 auri
1379 1129 1703 1183 ornamentis
1728 1168 1744 1190 ,
1770 1142 1990 1196 puerum
2019 1142 2045 1178 a
2078 1137 2251 1181 morte

671 1221 909 1292 eripuit?
955 1221 1153 1290 Ecquid
1201 1221 1321 1274 dico
1367 1218 1778 1288 puerum?quis
1822 1219 2050 1270 animam
2097 1232 2247 1270 suam

669 1323 980 1382 pereuntem
1028 1315 1149 1368 hinc
1194 1313 1460 1367 redemit?
1503 1312 1699 1364 Contra
1729 1325 1856 1364 vero
1905 1310 2053 1363 multi
2103 1311 2247 1364 illam

667 1404 904 1472 quotidie
931 1403 1030 1457 hac
1055 1403 1122 1456 de
1151 1417 1311 1456 causa
1342 1401 1597 1455 vendunt.
1628 1401 1693 1454 Et
1717 1402 1760 1452 si
1788 1401 2085 1467 corporalis
2110 1399 2252 1453 adsit

666 1494 950 1562 a-gritudo,
971 1493 1100 1546 nihil
1123 1508 1230 1546 non
1256 1501 1450 1560 agunt;
1474 1493 1518 1544 si
1541 1507 1667 1545 vero
1691 1490 1921 1544 animam
1945 1499 2248 1556 corruptam

670 1586 935 1650 viderint,
969 1585 1097 1638 nihil
1141 1585 1314 1640 simile
1353 1583 1580 1648 faciunt,
1606 1583 1698 1636 sed
1723 1593 1774 1635 et
1800 1581 2030 1636 filiorum
2079 1596 2250 1650 nepo-

669 1685 887 1744 tutnque
907 1677 1160 1738 animam,
1180 1685 1232 1728 ct
1255 1689 1404 1727 suam
1434 1675 1702 1742 negligunt
1722 1690 1735 1737 ;
1757 1683 1813 1726 ut
1838 1672 1949 1726 lure
1975 1679 2246 1736 maneant,

668 1769 1016 1838 rubigineque
1049 1775 1288 1836 pereant.
1321 1767 1387 1820 Et
1417 1775 1474 1819 ut
1497 1765 1713 1835 quidem
1746 1764 1888 1818 mille
1923 1764 2246 1817 talentorum

668 1875 828 1913 aurea
850 1859 1226 1927 circmnponis,
1250 1856 1374 1910 dum
1395 1856 1590 1910 Christi
1623 1855 1920 1910 membrum
1943 1869 2012 1908 ne
2033 1854 2246 1922 quidem

666 1949 968 2003 necessaria
1024 1950 1211 2001 fruitur
1255 1961 1397 2000 esca.
1430 1946 1533 2000 Sed
1581 1946 1668 1998 ille
1695 1946 1907 2014 quidem
1947 1945 2248 1998 communis

666 2041 900 2094 omnium
926 2040 1179 2092 Dominus
1198 2081 1211 2103 ,
1240 2049 1293 2092 et
1322 2039 1574 2092 culorum
1597 2047 1650 2090 et
1675 2035 1964 2091 caelestium
1991 2035 2246 2100 Spiritua-

665 2130 769 2185 lem
803 2145 1042 2184 mensam
1068 2131 1317 2184 omnibus
1344 2145 1408 2183 ex
1439 2144 1592 2198 :equo
1623 2129 1873 2197 apponit;
1909 2136 1964 2180 tu
1995 2143 2121 2180 vero
2149 2142 2246 2180 nec

1394 378 1449 434 S.
1489 376 1764 435 JOANNIS
1802 373 2272 434 CIIRYSOSTOMI
2311 377 2623 434 ARCIIIEP.
2663 380 3191 442 CONSTANTINOP.

3834 393 3941 450 788

2347 493 2682 559 pereuntium
2707 511 2884 549 rerum
2908 509 3210 554 consortem
3240 499 3396 566 facis,
3420 511 3478 556 ut
3507 502 3654 560 hisee
3682 509 3937 577 gravibus

2356 584 2557 636 catenis
2577 587 2862 640 constricta
2891 603 3126 643 mani-as.
3152 591 3284 645 ilinc
3311 594 3452 648 mala
3478 596 3780 658 innumera.
3813 600 3936 656 hinc

2355 673 2633 745 zelotypire
2652 715 2668 740 ,
2705 677 2826 731 hinc
2856 681 3088 735 virorum
3116 683 3373 738 adulteria
3393 726 3411 752 ,
3438 689 3649 755 quando
3674 691 3794 745 illos
3829 709 3935 749 non

2355 763 2420 817 ad
2449 765 2928 836 philosophandum
2970 773 3223 839 incitatis,
3246 776 3338 830 sed
3368 778 3485 832 illos
3515 779 3718 834 docetis
3749 783 3815 836 iis
3844 785 3934 838 de-

2357 854 2538 909 lectari
2565 859 2758 926 quibus
2784 865 3096 918 meretrices
3140 876 3487 921 exnrnantur.
3541 868 3666 925 Ideo
3712 873 3786 927 illi
3830 875 3936 928 cito

2354 948 2656 1015 capiuntur.
2687 950 2741 1005 Si
2773 955 2913 1006 enim
2961 955 3108 1010 illum
3151 958 3223 1011 ita
3261 960 3583 1016 instituisses
3615 973 3668 1015 ut
3701 964 3815 1019 hazc
3839 965 3937 1020 de-

2353 1037 2621 1104 spiceret,
2667 1050 2722 1094 et
2765 1042 2833 1097 de
2863 1045 3109 1100 castitate
3156 1051 3448 1118 gauderet,
3479 1053 3546 1107 de
3595 1055 3823 1122 pietate,
3867 1058 3938 1114 de

2357 1127 2654 1187 lmmilitate
2679 1175 2693 1197 ,
2722 1150 2825 1189 non
2859 1136 3014 1193 facile
3041 1155 3070 1192 a
3100 1141 3461 1197 fornicationis
3482 1149 3715 1214 appetitu
3743 1159 3932 1218 captus

2355 1221 2557 1278 fuisset.
2593 1226 2702 1280 Hoc
2727 1229 2866 1281 enim
2896 1240 2949 1284 et
2977 1232 3165 1300 majori
3217 1235 3376 1288 modo
3402 1240 3581 1291 ornari
3615 1251 3786 1308 potest
3817 1258 3933 1296 me-

2356 1316 2554 1379 retrix;
2603 1316 2706 1371 illis
2734 1334 2860 1374 vero
2890 1336 2992 1376 non
3026 1323 3168 1377 item.
3217 1323 3392 1394 Ipsum
3440 1328 3616 1399 itaque
3661 1348 3726 1385 eo
3764 1333 3931 1389 lauari

2357 1415 2546 1460 ornatu
2579 1411 2922 1477 assuefacito,
2952 1431 3110 1484 quem
3155 1432 3258 1471 non
3303 1429 3477 1488 potest
3516 1423 3655 1489 apud
3690 1427 3933 1480 meretri-

2354 1511 2469 1550 cem
2501 1501 2698 1554 videre.
2726 1504 3004 1568 Quomodo
3029 1516 3204 1562 autem
3230 1510 3374 1563 illuttt
3401 1513 3450 1565 in
3482 1513 3618 1568 hanc
3642 1529 3930 1571 Consuetu-

2353 1588 2532 1643 dinem
2565 1592 2828 1648 induces?
2857 1596 2910 1649 Si
2939 1597 3079 1652 hunc
3108 1600 3393 1654 abstuleris
3414 1644 3428 1668 ,
3475 1603 3619 1657 illum
3665 1607 3917 1666 induaris.

2353 1679 2441 1735 Sic
2467 1691 2522 1736 et
2554 1685 2636 1738 vir
2666 1686 2718 1739 in
2742 1691 3048 1753 securitate,
3083 1700 3136 1744 tu
3170 1694 3218 1745 in
3249 1693 3450 1748 honore
3487 1714 3500 1749 :
3529 1712 3592 1750 ac
3620 1698 3758 1752 Deus
3782 1700 3926 1753 vobis

2357 1773 2612 1842 propitius
2642 1777 2742 1830 erit
2769 1819 2783 1842 ,
2813 1789 2860 1831 et
2895 1779 3137 1837 homines
3158 1800 3345 1838 omnes
3371 1802 3465 1839 vos
3495 1788 3928 1856 admirabuntur,

2353 1877 2415 1915 ac
2463 1863 2637 1918 futura
2683 1867 2818 1920 bona
2849 1875 3248 1940 consequemini
3271 1916 3286 1939 ,
3328 1879 3494 1946 gratia
3526 1889 3578 1931 et
3609 1879 3929 1950 benignitate

2357 1952 2561 2008 homini
2611 1959 2776 2009 nostri
2824 1958 2947 2012 Jesu
2977 1960 3173 2015 Christi
3196 2005 3210 2026 ,
3241 1965 3325 2018 cui
3360 1967 3529 2037 gloria
3549 1969 3926 2040 etimperium,

2354 2043 2405 2096 in
2433 2046 2626 2098 sa~eula
2657 2049 2996 2105 sseculornm.
3033 2054 3225 2110 Amen.

665 2256 3929 2288 _..____________________._____________________

1892 2330 2237 2392 HOMILIA
2281 2332 2415 2393 XC.
2461 2334 2546 2394 al.
2592 2335 2754 2397 XCI.

671 2478 806 2533 Car.
855 2480 944 2534 28.
996 2497 1048 2534 v.
1107 2481 1192 2535 Η.
1251 2479 1351 2544 Qui
1395 2495 1508 2532 cum
1564 2478 1839 2543 abiisscnt,
1890 2493 2002 2531 ecce
2044 2476 2250 2546 quidam

743 2575 808 2628 de
845 2563 1154 2625 custodibus
1186 2572 1432 2624 venientes
1477 2572 1529 2622 in
1576 2571 1843 2632 civitatem,
1896 2568 2250 2622 nuntiaverunt

738 2662 1048 2730 principibus
1072 2660 1387 2713 sacerdotum
1415 2659 1583 2711 omnia
1608 2674 1720 2721 qua:
1740 2659 1876 2728 facta
1904 2662 2123 2728 fuerant.
2160 2657 2248 2711 1?.

741 2750 809 2803 Et
837 2751 1124 2820 congregati
1151 2768 1266 2804 cum
1294 2749 1594 2814 senioribus,
1640 2749 1850 2803 consilio
1888 2749 2012 2802 inito
2032 2789 2046 2810 ,
2098 2764 2250 2815 pecu—

742 2843 880 2896 niam
909 2843 1120 2895 multum
1141 2843 1381 2895 dederunt
1411 2841 1671 2906 militibus,
1726 2841 1812 2896 15.
1863 2841 2082 2894 dicentes
2116 2855 2134 2892 :
2159 2839 2251 2892 Di-

743 2933 839 2986 cite
863 2933 997 3003 quod
1027 2933 1261 3002 discipuli
1287 2934 1394 3000 ejus
1416 2941 1559 2985 nocte
1588 2943 1846 2995 venerunt,
1875 2943 1919 2986 et
1949 2932 2107 3004 furati
2133 2939 2249 2986 sunt

739 3038 872 3085 eum,
920 3022 1062 3075 nobis
1110 3023 1493 3075 dormientibus.
1546 3023 1630 3075 M.
1664 3021 1796 3075 Etsi
1827 3023 1921 3076 hoc
1947 3022 2185 3074 audiatur
2218 3037 2250 3074 a

740 3113 972 3183 prteside,
1001 3130 1092 3168 nos
1129 3115 1453 3168 suadebimus
1481 3115 1524 3167 ei
1533 3155 1546 3179 ,
1598 3124 1643 3166 et
1681 3130 1764 3168 vos
1791 3123 1921 3168 tutos
1947 3114 2209 3185 faciemus.

739 3249 789 3300 1.
835 3247 1059 3314 Propter
1089 3247 1185 3301 hos
1218 3249 1413 3302 milites
1442 3256 1596 3302 terra:
1627 3259 1802 3302 motus
1832 3248 1921 3302 ille
1943 3245 2112 3303 factus
2141 3257 2244 3313 est,

665 3336 818 3390 itaut
859 3338 1320 3407 obstttpescet'ettl,
1371 3347 1425 3393 et
1463 3339 1531 3392 ab
1571 3339 1698 3408 ipsis
1729 3340 2088 3394 testimonium
2120 3355 2246 3410 pro-

668 3429 937 3493 ferretur;
971 3431 1111 3497 quod
1141 3430 1298 3482 etiam
1331 3429 1527 3483 evenit.
1562 3429 1650 3483 Sic
1688 3431 1829 3484 cnim
1857 3432 2059 3500 prolata
2090 3449 2117 3486 a
2151 3450 2246 3487 cu-

665 3517 907 3570 slodihtls
940 3518 1074 3570 fama
1122 3530 1364 3586 suspecta
1395 3535 1499 3574 non
1537 3520 1653 3573 fuit.
1701 3521 1860 3591 Signa
1908 3524 2104 3592 quippe
2145 3526 2246 3579 alia

667 3607 992 3674 generaliter
1021 3624 1114 3678 per
1142 3609 1351 3674 orbem,
1399 3610 1497 3664 alia
1530 3612 1770 3680 priVaIim
1799 3612 1868 3667 ibi
1897 3615 2249 3683 pra-sentibus

668 3700 802 3752 facta
829 3709 954 3752 sunt
986 3716 998 3751 :
1031 3700 1144 3753 orbi
1173 3701 1385 3764 quidem
1419 3701 1511 3755 toti
1539 3705 1810 3768 tenebrat;
1863 3705 2106 3774 privatim
2154 3721 2248 3760 aur

667 3801 775 3844 lem
807 3792 976 3859 angeli
1011 3791 1164 3857 visio,
1190 3803 1241 3844 et
1271 3800 1428 3847 terra:
1469 3804 1665 3847 motus.
1697 3795 1829 3862 Quia
1887 3797 2046 3863 igitur
2089 3813 2248 3852 vene.

665 3891 789 3934 runt
820 3891 872 3933 et
899 3881 987 3934 illa
1035 3884 1343 3936 nuntiarunt
1388 3884 1624 3954 (veritas
1658 3887 1802 3939 enim
1833 3886 1899 3940 ab
1929 3887 2249 3943 adversariis

669 3973 957 4042 praedicata
1005 3973 1372 4042 reSplendi-t),
1420 3991 1599 4029 rursus
1641 3979 1918 4046 pecuniam
1963 3979 2242 4045 dedi-runt,

667 4072 725 4114 ut
769 4062 1000 4117 dicerent
1028 4065 1318 4134 discipulos
1344 4066 1459 4134 ejus
1488 4067 1717 4130 venisse,
1749 4069 2025 4140 ipsumque
2051 4069 2250 4126 furatos

665 4169 806 4207 csse.
855 4153 1130 4220 Quomodo
1177 4155 1330 4209 furati
1372 4168 1516 4220 sunt,
1561 4172 1595 4211 ο
1637 4162 1874 4212 omnium
1907 4161 2249 4216 stultissimi?

667 4243 800 4298 Nam
829 4245 969 4312 quod
999 4245 1190 4300 veritas
1219 4248 1286 4299 ita
1316 4246 1926 4319 fulgeatsplendeatque,
1947 4266 2012 4306 ne
2034 4254 2245 4321 quidem

670 4337 867 4404 lingere
916 4339 1206 4406 possunt‘.
1259 4338 1463 4391 Etenim
1513 4339 1638 4392 illud
1681 4357 1899 4408 prorsus
1939 4345 2247 4402 incredibile

668 4437 804 4492 erat,
835 4436 889 4480 et
924 4427 1268 4494 improbabile
1293 4429 1510 4482 omnino
1539 4430 1895 4485 mendacimu.
1929 4434 2207 4501 Quomodo
2227 4480 2242 4506 ,

665 4531 869 4586 qmeso,
904 4518 1055 4570 furati
1079 4528 1200 4570 sunt
1231 4517 1494 4587 discipuli,
1523 4519 1766 4574 homines
1797 4538 2052 4592 pauperes
2077 4541 2130 4581 et
2160 4545 2248 4582 ru-

667 4606 785 4670 des,
829 4607 912 4674 qui
945 4621 1011 4658 ne
1041 4607 1090 4658 in
1119 4616 1461 4674 conspectum
1501 4608 1711 4676 quidem
1741 4613 1922 4666 venire
1943 4615 2248 4672 malebant?

668 4703 861 4752 Annon
889 4698 1120 4767 sigillum
1154 4707 1268 4750 erat
1292 4701 1591 4768 appositum
1614 4700 1637 4751 ?
1663 4717 1838 4756 annon
1882 4713 1960 4759 tot
1997 4709 2247 4763 custodes

665 4789 990 4853 assidebam,
1036 4799 1090 4842 et
1118 4789 1332 4852 milites,
1375 4799 1424 4843 et
1474 4790 1688 4845 Judzei?
1727 4808 1901 4848 annon
1930 4797 2007 4850 iiii
2035 4800 2133 4855 hoc
2158 4817 2246 4854 su-

667 4881 1028 4948 spicabantur,
1065 4888 1120 4932 et
1145 4879 1354 4933 solliciti
1385 4881 1672 4951 vigilabant
1695 4887 2089 4958 curabantque't
2140 4891 2249 4948 Cur

666 4980 844 5025 autem
875 4971 1029 5024 furati
1061 4972 1224 5025 sunt?
1270 4988 1337 5026 an
1367 4983 1421 5026 ut.
1452 4979 1857 5033 resurrectionis
1886 4980 2074 5050 dogma
2111 5001 2244 5039 con-

669 5067 962 5133 ﬁngerent?
995 5064 1056 5117 Et
1081 5066 1348 5134 quomodo
1375 5067 1476 5121 illis
1505 5069 1556 5121 in
1591 5079 1821 5125 mentem
1853 5074 2089 5130 venisset
2122 5079 2243 5133 talia

665 5156 990 5224 eotilingerc,
1024 5155 1344 5220 hominibus,
1386 5161 1580 5227 quibus
1612 5162 1738 5216 illiti]
1771 5164 1941 5218 solnrn
1970 5167 2020 5220 in
2049 5172 2244 5236 optatis

667 5254 802 5306 erat,
832 5255 887 5298 ut
907 5249 1096 5300 occulti
1117 5249 1348 5303 viverent
1369 5251 1391 5301 ἲ
1414 5254 1679 5320 quomodo
1701 5255 1928 5324 lapidem
1959 5259 2101 5313 illum
2128 5279 2244 5316 Illu-

669 5338 837 5389 nitum
872 5339 1190 5392 amuvis<ent
1217 5340 1280 5392 ’?
1323 5343 1592 5410 quorundo
1626 5356 1727 5398 tam
1763 5348 1942 5403 multis
1969 5356 2243 5419 pra'senti-

667 5426 767 5480 bus
813 5427 1131 5483 latuisscnt?
1179 5432 1337 5499 Atqui
1381 5435 1584 5489 etiamsi
1628 5450 1852 5494 mortem
1892 5455 2141 5513 eontemp
2172 5446 2242 5500 is-

729 5582 745 5612 ¹
782 5587 921 5656 nulla
954 5582 1236 5634 Commelin.
1271 5592 1323 5634 et
1340 5588 1508 5656 ittorel.
1539 5589 1800 5651 legendum
1827 5601 1986 5656 esset,
2012 5596 2060 5646 in
2102 5612 2237 5650 erro-

667 5653 768 5708 rem
791 5641 1020 5695 inducere
1040 5660 1133 5696 non
1156 5655 1364 5708 passion.

670 5768 697 5777 μ
728 5705 760 5814 :1
784 5711 920 5766 meo,
945 5705 1176 5770 quantodo
1219 5708 1590 5772 lapidem........
1636 5715 1940 5781 amor-issent,
1976 5719 2154 5773 desunt
2189 5725 2235 5773 in

670 5780 724 5814 Its
765 5783 867 5814 (ἾΙΙ-

669 5780 867 5818 ιιδυριιι.

2357 2482 2495 2541 sent,
2545 2493 2833 2549 numquam
2876 2483 2925 2537 id
2959 2493 3159 2543 temere
3186 2497 3239 2543 et
3265 2489 3457 2546 frustra
3484 2497 3730 2550 teutatnri
3763 2508 3929 2563 erant,

2354 2579 2476 2619 cum
2507 2576 2582 2620 tot
2610 2580 2790 2624 essent
2817 2577 3085 2630 custodes.
3137 2579 3286 2647 Quod
3320 2595 3495 2638 autem
3526 2588 3690 2642 timidi
3732 2603 3928 2654 essent.

2354 2670 2471 2723 qua:
2501 2658 2646 2726 prius
2673 2659 2805 2714 facta
2831 2674 2955 2718 sunt
2978 2666 3338 2728 declarabant.
3355 2675 3485 2730 Cum
3516 2681 3656 2732 enim
3676 2680 3822 2734 illmn
3851 2699 3931 2735 ca-

2357 2757 2500 2816 ptum
2534 2751 2812 2820 vidissent,
2855 2757 3174 2830 aufugerunt
3199 2779 3406 2821 omnes.
3453 2771 3507 2822 Si
3536 2787 3662 2841 ergo
3691 2782 3816 2830 tunc
3849 2777 3930 2830 illo

2355 2839 2532 2896 adhuc
2569 2843 2780 2902 vivente
2821 2865 2887 2902 ne
2925 2861 3068 2907 stare
3108 2855 3320 2923 quidem
3346 2860 3459 2914 ausi
3492 2873 3636 2928 sunt,
3666 2866 3930 2934 quomodo

2353 2945 2474 3004 post
2514 2948 2739 2993 mortem
2779 2942 2892 3012 ejus
2937 2953 3135 3002 tantam
3183 2952 3404 3008 militum
3448 2965 3674 3012 turmam
3718 2977 3824 3014 non
3873 2962 3932 3014 ti-

2353 3027 2655 3085 muissent?
2695 3032 2827 3088 Num
2862 3037 3020 3105 janua
3052 3048 3254 3096 tantum
3283 3047 3568 3101 evertenda
3600 3052 3759 3104 erat?
3809 3069 3930 3106 nmn

2357 3118 2438 3171 vel
2461 3134 2596 3174 unus
2623 3121 2786 3177 latere
2810 3129 3048 3194 poterat?
3070 3129 3229 3199 Lapis
3251 3144 3364 3189 erat
3393 3152 3612 3206 magnus
3639 3145 3929 3211 appositus,

2351 3210 2436 3262 cui
2463 3213 2759 3268 amovendo
2791 3217 2973 3272 multis
3001 3230 3116 3275 erat
3155 3238 3289 3292 opus
3331 3230 3593 3283 manibus.
3638 3232 3768 3286 Jure
3805 3250 3931 3304 ergo

2353 3302 2602 3359 dicebant
2631 3325 2646 3360 :
2681 3306 2746 3360 Et
2767 3309 2859 3362 erit
2880 3313 3177 3370 novissimus
3196 3334 3339 3370 error
3359 3321 3504 3390 pejor
3531 3325 3698 3390 priore
3717 3326 3798 3396 (31
3805 3302 3929 3381 utili.

2351 3393 2441 3446 27.
2475 3394 2597 3464 fit);
2648 3409 2830 3452 contra
2871 3416 2932 3455 se
2977 3403 3120 3473 ipsos
3163 3407 3262 3462 hoc
3308 3393 3744 3483 pronuntiantes,
3794 3418 3932 3486 quod

2354 3492 2473 3551 post
2503 3495 2704 3540 tantum
2751 3488 3005 3552 furorem,
3051 3509 3171 3549 cum
3213 3500 3526 3568 resipiscere
3566 3509 3932 3574 Oporlttissct,

2355 3574 2530 3649 priora
2563 3591 2815 3645 superare
2845 3594 3166 3639 conarentur
3194 3603 3264 3642 ex
3293 3591 3528 3645 ridiculis
3564 3595 3668 3647 illis
3710 3598 3932 3665 [ignicu-

2353 3662 2453 3728 tis;
2487 3676 2540 3720 et
2584 3669 2671 3736 qui
2701 3670 2923 3725 viventis
2951 3678 3265 3743 sanguinem
3293 3693 3552 3746 emerant,
3603 3688 3856 3744 cruciﬁxi
3887 3703 3933 3745 et

2351 3767 2532 3823 postea
2560 3765 2884 3831 resurgentis
2916 3768 3132 3834 pecunia
3163 3775 3608 3830 resurrectionem
3632 3781 3928 3838 subducere

2356 3849 2646 3904 tentabant.
2684 3853 2763 3906 Tu
2792 3872 2918 3909 vero
2943 3859 3305 3916 animadverte
3335 3867 3604 3933 quomodo
3631 3873 3800 3940 gestis
3825 3875 3930 3928 suis

2353 3941 2548 4009 ubique
2572 3946 2865 4012 capiantur.
2889 3948 2943 4004 Si
2970 3951 3109 4005 enim
3141 3953 3364 4010 Pilatum
3397 3975 3500 4013 non
3523 3961 3800 4031 adiissent,
3837 3983 3928 4021 nec

2355 4034 2650 4089 custodiam
2683 4039 2982 4110 petiissent,
3029 4043 3237 4100 facilius
3269 4051 3564 4116 potuissent
3610 4054 3725 4110 ha‘e
3757 4058 3926 4126 impu-

2352 4121 2543 4179 denter
2580 4141 2889 4186 asseverare
2922 4149 2936 4184 τ
2965 4150 3104 4190 nunc
3149 4153 3276 4192 vero
3318 4157 3422 4196 non
3469 4145 3616 4199 item.
3669 4147 3798 4202 Nam
3855 4152 3927 4204 sie

2352 4216 2530 4269 omnia
2563 4217 2822 4286 fecerunt,
2871 4238 2934 4277 ac
2963 4225 3007 4278 si
3035 4227 3329 4284 voluissent
3368 4233 3468 4287 sibi
3513 4251 3604 4289 ora
3647 4253 3925 4294 censuere.

2353 4303 2408 4358 Si
2437 4309 2578 4360 enim
2608 4308 2852 4380 discipuli
2878 4314 3092 4383 vigilare
3113 4334 3231 4372 cum
3260 4322 3471 4378 Christo
3497 4341 3602 4380 non
3630 4341 3925 4396 potuerant,

2352 4400 2510 4453 etiam
2557 4400 2647 4455 illo
2695 4405 2746 4457 id
2794 4409 3170 4477 exprobrante,
3211 4418 3481 4483 quomodo
3520 4419 3619 4476 hoc
3656 4425 3768 4478 ausi
3803 4425 3927 4479 fuis-

2351 4489 2508 4543 sent?
2534 4491 2642 4545 Cur
2660 4504 2837 4548 autem
2865 4497 2990 4552 illud
3015 4517 3118 4555 non
3152 4504 3295 4571 prius
3317 4505 3471 4562 furati
3495 4521 3637 4575 sunt,
3663 4514 3754 4567 sed
3787 4525 3926 4584 post-

2350 4593 2507 4646 quam
2557 4596 2652 4635 vos
2692 4589 3078 4644 accesseratis?
3127 4591 3182 4648 Si
3223 4595 3364 4650 enim
3411 4598 3541 4653 illud
3584 4601 3759 4658 facere
3789 4607 3926 4660 volc-

2350 4668 2510 4737 bant,
2556 4689 2676 4727 eum
2719 4677 2952 4733 nondum
3001 4685 3360 4742 custodiretur
3400 4693 3737 4762 sepulcrum,
3784 4697 3836 4751 id
3879 4699 3924 4751 in

2350 4762 2518 4829 prima
2550 4775 2704 4821 nocte
2744 4767 3015 4836 fecissent,
3053 4789 3173 4830 cum
3215 4777 3266 4832 id
3313 4788 3424 4834 tuto
3449 4793 3504 4836 et
3532 4784 3648 4840 sine
3683 4789 3916 4857 periculo

2351 4852 2463 4907 ﬁeri
2497 4867 2697 4926 posset.
2748 4859 2880 4915 Nam
2924 4865 3148 4920 sabbato
3192 4871 3510 4930 accedentes
3554 4852 3851 4934 euStodiam
3895 4895 3921 4933 a

2351 4945 2519 5000 Pilato
2551 4951 2812 5017 petierunt
2845 4963 2899 5007 et
2944 4957 3213 5012 custodire
3257 4975 3533 5031 emperunt
3565 4985 3578 5020 :
3613 4970 3778 5038 prima
3803 4986 3922 5026 vero

2350 5049 2505 5095 nocte
2533 5057 2688 5097 nemo
2719 5045 2938 5101 istorum
2966 5052 3214 5120 sepulcro
3241 5056 3445 5113 aderat.

2417 5130 2471 5184 2.
2515 5133 2621 5187 Sed
2666 5136 2792 5204 quid
2836 5139 2934 5193 sibi
2983 5142 3165 5196 volunt
3217 5147 3429 5202 sudaria
3473 5166 3590 5219 quae
3620 5168 3682 5207 ex
3713 5155 3918 5225 myrrha

2347 5225 2704 5294 eonglutiuata
2739 5231 2930 5284 erant?
2961 5233 3086 5288 Haec
3115 5237 3257 5291 enim
3281 5238 3508 5308 jacentia
3554 5245 3739 5300 Petrus
3777 5240 3918 5302 vidit.

2346 5313 2476 5368 Nam
2505 5316 2550 5370 si
2582 5317 2742 5374 furari
2775 5321 3106 5396 voluissent”
3139 5343 3244 5381 non
3291 5331 3487 5384 nudum
3531 5349 3725 5402 corpus
3774 5337 3917 5391 furati

2347 5419 2525 5462 essent
2551 5428 2563 5473 ;
2610 5428 2715 5466 non
2759 5415 2918 5469 minio
2947 5433 3012 5471 ne
3042 5419 3090 5472 id
3119 5435 3238 5474 esse
3265 5425 3586 5478 contumelia
3620 5428 3917 5495 videretur,

2344 5503 2436 5554 sed
2473 5508 2632 5556 etiam
2681 5521 2768 5570 ne,
2809 5508 2937 5562 dum
2966 5523 3242 5578 exuerent,
3277 5531 3461 5570 moras
3492 5520 3781 5587 traherent,
3824 5524 3912 5577 da-

2343 5603 2567 5662 rentque
2597 5595 2771 5649 locum
2810 5598 2914 5652 illis
2945 5604 3261 5671 exsurgendi
3287 5647 3301 5666 ,
3329 5623 3494 5676 seque
3525 5610 3916 5679 deprehendun-

2341 5683 2432 5748 di;
2467 5701 2585 5738 cum
2619 5690 2847 5743 maxime
2887 5693 3098 5761 myrrha
3139 5704 3300 5760 esset,
3351 5699 3570 5767 glutinis
3599 5703 3763 5756 instar
3800 5720 3912 5758 eor-

2343 5778 2456 5846 pori
2503 5788 2555 5833 ct
2603 5781 2934 5838 vestimentis
2968 5784 3206 5853 ha'rcns;
3253 5803 3576 5856 quapropter
3623 5811 3724 5849 non
3764 5795 3910 5850 facile
