4074 6396
344 350 448 407 789

340 474 458 518 erat
483 464 799 519 vestimenta
830 480 860 518 a
897 477 1123 533 corpore
1161 464 1414 528 avellere,
1458 465 1551 520 sed
1579 466 1745 521 multo
1769 466 1835 520 ad
1866 466 1915 520 id

1294 356 1306 366 ο
1357 348 1426 408 ιΝ
1463 324 1870 409 misrrumum
1907 350 2137 411 HOlllL.
2164 354 2275 413 xc.
2307 362 2376 416 al.
2419 354 2555 419 xci.

3503 382 3612 439 τω

2031 469 2190 522 etiam
2242 472 2516 543 prophetis
2561 478 2612 531 in
2663 483 2827 536 veteri
2854 484 2969 555 lege
2997 486 3250 547 dicebat:
3280 501 3337 548 et
3358 488 3610 554 Jeremiae

340 567 581 624 tempore
626 569 762 625 opus
805 564 957 610 erat:
1007 555 1076 609 ita
1108 565 1165 646 ut
1200 555 1282 610 vel
1314 555 1439 609 hinc
1467 555 1663 609 furtqu
1692 554 1821 609 illud
1850 544 1950 610 sit'
2026 560 2303 626 pueritiam
2346 565 2678 636 obtendenti,
2723 580 2778 626 et
2823 544 2991 646 Μυξεὶ
3026 587 3080 632 et

338 646 671 702 incredibile.
721 648 802 700 An
855 661 985 701 vero
1031 645 1306 700 Judaicum
1344 646 1578 701 furorem
1622 662 1727 700 non
1755 660 1919 700 nove-
2024 647 2367 719 fugientibus,
2402 655 2509 728 Ego
2531 660 2779 715 vobiscum
2803 645 2934 730 sum,
2965 666 3155 736 inquit.
3182 670 3295 727 Hoc
3320 673 3425 729 mis
3465 692 3608 732 nunc

338 746 479 802 rant,
523 738 612 806 qui
645 738 696 792 in
729 751 787 792 se
811 737 1201 792 convertendus
1241 738 1398 792 erat?
1441 738 1577 804 Quid
1605 754 1764 807 porro
1793 738 1917 793 hinc

337 830 469 885 lucri
499 830 627 894 illis,
658 831 702 883 si
731 845 836 884 non
867 830 1288 885 resurrexisset?
1343 830 1467 884 Haec
1513 838 1690 884 autem
1736 830 1912 884 omnia

334 935 459 976 cum
506 936 566 976 se
610 922 827 977 ﬁnxisse
851 922 951 977 sibi
977 923 1177 977 conscii
1203 933 1416 987 essent,
1467 923 1744 990 pecuniam
1784 922 1913 976 dant

333 1019 388 1065 et
412 1010 592 1065 dicunt
621 1029 633 1065 :
669 1011 794 1066 llaec
835 1027 930 1066 vos
955 1012 1136 1077 dicite,
1166 1001 1224 1067 e't
1252 1026 1351 1067 nos
1382 1012 1589 1082 praasidi
1620 1014 1910 1082 persuade-

334 1100 527 1155 bimus.
556 1101 709 1156 Huuc
736 1102 878 1156 enim
908 1117 1177 1157 rumorem
1209 1103 1386 1173 spargi
1411 1103 1681 1167 volebant,
1714 1103 1910 1158 frustra

334 1200 523 1245 contra
550 1193 828 1247 veritatem
855 1193 1216 1258 decertantes,
1246 1207 1311 1247 ac
1335 1209 1430 1262 per
1455 1208 1518 1249 ea
1543 1194 1734 1263 quibus
1764 1195 1908 1249 illam

332 1281 621 1337 obscurare
667 1284 997 1353 satagebant,
1046 1284 1459 1353 splendidiorem
1486 1285 1569 1339 vel
1596 1285 1745 1340 inviti
1781 1286 1909 1341 red-

331 1371 541 1427 dentes.
590 1373 722 1428 Nam
772 1374 875 1429 hoc
916 1356 1363 1430 resurréctionem
1408 1375 1722 1445 conﬁrmat,
1764 1379 1907 1448 quod

330 1463 510 1519 dicant
555 1464 845 1534 discipulos
887 1466 1034 1520 illum
1085 1465 1284 1521 furatos
1344 1482 1467 1541 esse
1519 1485 1533 1520 :
1588 1469 1909 1523 conﬁtentur

326 1555 472 1608 cnim
517 1569 711 1625 corpus
758 1565 884 1610 tunc
923 1556 993 1609 ibi
1036 1571 1141 1610 non
1169 1557 1352 1611 fuisse.
1377 1556 1510 1611 Cum
1536 1568 1711 1612 autem
1742 1557 1905 1613 conﬁ-

331 1655 542 1701 teantur
563 1661 764 1715 corpus
806 1647 879 1702 ibi
926 1662 1033 1701 non
1076 1647 1257 1710 fuisse.
1302 1646 1606 1718 furtumque
1632 1647 1821 1703 falsum
1852 1657 1907 1702 et

329 1736 640 1791 incredibile
678 1736 951 1792 declarent
993 1738 1218 1792 militum
1265 1739 1567 1806 praesentia,
1612 1740 1899 1808 signacula,

323 1827 813 1897 discipulorumque
841 1828 1113 1893 timiditas,
1138 1829 1374 1882 indubita
1406 1829 1529 1884 hinc
1556 1831 1904 1885 resurrectio-

250 1928 257 1934 ·
328 1917 409 1969 uis
454 1917 840 1972 demonSIratio
886 1924 1108 1972 eruitur.
1161 1922 1407 1974 Attamen
1449 1919 1785 1988 impudentes
1826 1921 1901 1975 illi

327 2006 414 2070 qui
444 2006 575 2059 nihil
606 2022 710 2061 non
737 2008 1021 2074 audebant,
1054 2009 1178 2063 licet
1207 2019 1283 2063 tot
1312 2020 1560 2080 tantaque
1588 2023 1766 2065 essent
1785 2027 1902 2080 qua:

326 2097 441 2151 illos
458 2098 827 2157 obmutescere
843 2109 1111 2168 cogerent,
1136 2091 1315 2167 Dicite,
1335 2101 1501 2164 aiunt,
1522 2111 1569 2154 et
1590 2117 1681 2155 nos
1695 2117 1901 2171 persua-

322 2190 570 2255 debimus,
601 2208 661 2245 ac
699 2208 786 2245 vos
814 2210 1016 2247 securos
1046 2194 1331 2247 reddemus.
1363 2193 1547 2248 Viden’
1576 2210 1761 2249 omnes
1782 2209 1900 2247 cor-

322 2281 548 2348 ruptos?
584 2280 848 2336 Pilatum?
899 2283 1013 2352 Ipse
1047 2284 1189 2338 enim
1222 2284 1625 2353 obtemperavit.
1675 2284 1899 2338 Milites?

322 2372 574 2440 pepulum
601 2372 921 2427 Judaicum?
959 2374 1064 2430 Sed
1095 2389 1161 2429 ne
1188 2375 1397 2429 mireris
1423 2375 1466 2428 si
1495 2374 1733 2443 pecuniae
1756 2374 1898 2428 mili-

322 2470 400 2514 tes
445 2462 771 2532 subcgerint.
820 2463 952 2517 Nam
1003 2466 1046 2518 si
1097 2472 1294 2518 tantam
1336 2465 1389 2517 in
1432 2464 1746 2533 discipulum
1790 2465 1896 2519 vim

319 2551 636 2617 habuerunt,
680 2556 846 2610 multo
887 2558 1053 2626 magis
1095 2555 1235 2624 apud
1284 2556 1419 2609 illos.
1473 2555 1540 2608 Et
1584 2555 1898 2627 divulgatum

317 2656 414 2712 est,
444 2648 631 2717 inquit,
663 2648 865 2702 verbum
895 2649 989 2702 hoc
1007 2666 1160 2716 usque
1185 2649 1236 2702 in
1265 2659 1560 2718 praesentem
1580 2649 1713 2701 diem
1734 2650 1773 2700 ί.
1802 2650 1895 2704 Vi-

316 2736 440 2791 don‘
496 2753 704 2792 rursum
753 2738 1136 2807 discipulorum
1186 2739 1574 2793 veracitatem?
1624 2739 1894 2809 quomodo

319 2844 422 2882 non
451 2830 767 2883 erubescant
792 2830 995 2890 dicere.
1038 2830 1171 2883 hanc
1198 2843 1381 2884 contra
1417 2831 1537 2885 illos
1570 2829 1763 2884 famam
1791 2831 1892 2885 ob-

319 2921 584 2975 tinuisse?
625 2920 709 2976 16.
765 2921 1013 2975 Undecim
1060 2932 1226 2975 autem
1272 2922 1509 2990 discipuli
1557 2923 1791 2975 abierunt
1838 2923 1893 2975 in

318 3010 627 3076 Galilaeam;
675 3013 761 3066 17.
810 3022 857 3064 et
896 3013 985 3064 alii
1022 3012 1229 3079 quidem
1268 3012 1622 3076 adoraveruut,
1654 3012 1745 3066 alii
1779 3027 1893 3064 cum

316 3104 481 3172 ipsum
508 3104 766 3169 vidissent,
798 3103 1168 3156 dubitaverunt.
1211 3102 1307 3157 Hic
1352 3102 1479 3156 mihi
1512 3112 1780 3171 postremo
1811 3102 1893 3155 vi-

313 3194 471 3250 detur
496 3196 642 3249 visus
668 3208 788 3248 esse
830 3194 882 3247 in
910 3193 1149 3258 Galilrea,
1195 3192 1406 3263 quando
1452 3193 1569 3246 illos
1614 3192 1793 3246 emisit
1837 3201 1893 3245 ut

314 3287 664 3357 baptizarent.
694 3286 847 3355 Quod
871 3286 913 3340 si
944 3285 1159 3357 quidam
1190 3285 1567 3351 dubitaverint,
1608 3285 1730 3338 hinc
1760 3300 1893 3354 quo-

311 3394 416 3449 que
443 3379 652 3432 illorum
684 3377 1029 3432 veracitatem
1060 3376 1272 3441 mirare,
1316 3374 1582 3444 quomodo
1610 3389 1801 3443 nempe
1822 3376 1890 3430 ad

313 3470 552 3524 ultimam
580 3484 750 3538 usque
778 3467 920 3522 diem
951 3466 1289 3521 inﬁrmitates
1311 3482 1435 3521 suas
1465 3480 1569 3520 non
1596 3468 1882 3521 occultent.

313 3564 560 3615 Attamen
608 3576 675 3614 ex
718 3559 855 3614 illius
896 3565 1185 3626 conspectu
1232 3556 1532 3613 conﬁrmati
1577 3567 1719 3611 sunt.
1750 3558 1888 3625 Quid

311 3666 437 3720 ergo
465 3652 584 3705 illos
612 3650 950 3720 conSpiciens
985 3648 1158 3702 dixit?
1188 3647 1274 3702 18.
1308 3647 1444 3700 Data
1471 3658 1541 3701 est
1572 3648 1698 3701 milii
1726 3649 1889 3702 omnis

308 3752 533 3811 potestas
574 3742 625 3795 in
656 3740 780 3795 curio
807 3751 855 3796 et
884 3741 938 3794 in
969 3751 1121 3794 terra.
1148 3741 1350 3795 Rursus
1374 3740 1607 3794 humano
1632 3755 1785 3795 more
1810 3740 1888 3793 lo-

310 3835 491 3903 quitur
518 3834 620 3888 illis
646 3852 660 3899 ;
696 3834 933 3887 nondum
962 3834 1108 3888 enim
1134 3843 1452 3902 acceperant
1479 3835 1734 3904 Spiritum
1761 3849 1885 3889 san-

308 3935 475 3989 ctum,
504 3926 590 3994 qui
624 3925 741 3979 illos
782 3924 1121 3979 sublimiores
1146 3924 1401 3979 efﬁceret.
1444 3926 1532 3980 19.
1562 3924 1753 3978 Euutes
1790 3926 1888 3979 do-

309 4027 413 4071 cete
438 4032 609 4069 ontues
647 4024 835 4085 gentes,
866 4014 1178 4083 baptizantcs
1222 4032 1306 4069 eos
1330 4016 1382 4068 in
1409 4017 1608 4068 nomine
1643 4014 1815 4069 Patris
1839 4025 1887 4068 et

309 4106 437 4161 Filii
467 4118 512 4159 et
554 4105 780 4174 Spiritus
820 4104 983 4158 sancti
1009 4121 1027 4158 :
1050 4103 1139 4160 20.
1186 4104 1421 4158 docentes
1445 4120 1527 4157 eos
1555 4120 1753 4159 servare
1774 4121 1885 4157 om-

308 4202 395 4252 nia
437 4215 757 4268 quwcnmqttc
800 4197 1037 4250 mandavi
1079 4196 1234 4249 vobis.
1274 4196 1349 4249 De
1375 4195 1729 4265 dogmatibus,
1758 4198 1882 4251 item

304 4292 375 4346 de
408 4291 692 4361 prmceptis
729 4288 1010 4353 mandans,
1056 4287 1362 4343 Juda'orum
1391 4303 1459 4342 ne
1488 4288 1732 4341 meminit
1763 4289 1882 4357 qui—

303 4384 451 4449 dem,
484 4398 656 4452 neque
682 4382 732 4435 in
761 4381 992 4435 medium
1027 4380 1228 4449 profert
1255 4396 1316 4435 ea
1346 4397 1464 4449 qua:
1486 4380 1620 4435 facta
1650 4382 1878 4447 fuerant,

308 4490 480 4542 neque
509 4474 664 4526 Petro
696 4472 1051 4540 negationem,
1080 4471 1165 4525 vel
1190 4470 1414 4524 aliorum
1461 4470 1553 4524 ulli
1586 4470 1762 4540 fugam
1793 4487 1886 4526 ex-

308 4566 558 4635 probrat;
587 4563 739 4633 jubet
764 4572 941 4617 autem
970 4578 1064 4631 per
1093 4563 1276 4617 orbem
1307 4561 1505 4616 ell‘undi
1536 4563 1883 4631 compendio-

308 4670 418 4709 sam
446 4655 589 4709 illam
628 4654 876 4724 baptismi
912 4654 1232 4708 doctrinam.
1278 4653 1479 4708 Deinde
1525 4656 1647 4723 quia
1695 4669 1882 4722 magna

306 4748 412 4803 illis
433 4756 778 4816 praeceperat,
810 4746 1043 4815 ipsorum
1080 4746 1285 4799 animos
1308 4744 1577 4810 attollens,
1613 4745 1719 4798 ait:
1754 4744 1886 4797 Ecce

305 4854 395 4907 ego
423 4837 671 4890 vobiscum
692 4853 805 4889 sum
832 4835 1063 4888 omnibus
1084 4834 1258 4888 diebus
1285 4850 1439 4901 usque
1466 4834 1534 4886 ad
1555 4850 1881 4886 consumma-

304 4931 490 4983 tionem
531 4928 724 4981 sazculi.
768 4926 955 4980 Videu'
993 4940 1202 4978 rursum
1250 4924 1664 4978 auctoritatem?
1707 4923 1882 4978 videu’

303 5018 576 5090 quomodo
603 5017 686 5070 illa
717 5030 838 5070 sese
865 5015 1254 5084 attemperandi
1294 5027 1454 5068 causa
1490 5013 1722 5067 dixerit?
1762 5012 1878 5065 Non

300 5127 423 5166 cum
451 5111 552 5164 illis
579 5109 751 5163 solum
774 5124 834 5161 se
861 5107 971 5161 fore
993 5107 1146 5169 dixit,
1176 5106 1271 5160 sed
1298 5107 1456 5159 etiam
1485 5120 1604 5159 cum
1634 5105 1882 5159 omnibus

300 5203 391 5270 qui
421 5210 542 5271 post
566 5200 687 5253 illos
715 5197 970 5253 credituri
998 5208 1172 5251 erant.
1225 5196 1406 5264 Neque
1454 5195 1599 5249 enim
1653 5195 1879 5263 apostoli

303 5307 483 5360 usque
519 5291 584 5343 ad
634 5287 1150 5344 consummationem
1181 5287 1359 5341 saeculi
1392 5286 1631 5339 mansuri
1675 5297 1831 5339 erant
1862 5303 1875 5337 :

301 5383 395 5437 sed
434 5381 679 5436 ﬁdelibus
725 5378 972 5435 omnibus
1031 5379 1183 5446 quasi
1221 5378 1309 5431 uni
1361 5377 1571 5445 corpori
1619 5377 1874 5446 loquitur.

299 5472 575 5541 Νοοηὶιιί,
608 5471 798 5541 inquit,
841 5469 1210 5524 difﬁcultatem
1236 5485 1415 5524 rerum
1459 5468 1702 5523 dixeritis
1742 5485 1878 5537 :ego

297 5566 446 5620 enim
486 5565 760 5619 vobiscum
790 5578 930 5628 sum,
976 5562 1067 5631 qui
1095 5561 1275 5615 omnia
1315 5560 1491 5616 facilia
1534 5561 1722 5616 reddo.
1765 5561 1879 5616 l‘loc

363 5699 382 5733 ι
416 5696 701 5748 Contmelin.
738 5703 790 5744 et
825 5692 988 5745 Morel.
1010 5693 1220 5752 habent,
1247 5699 1302 5743 Et
1341 5693 1635 5756 divulgatum
1671 5699 1741 5743 est
1775 5704 1882 5743 ver-

300 5759 413 5810 .‘mm
433 5758 522 5810 hoc
537 5758 668 5820 apud
683 5761 896 5807 Judwos.

597 5843 872 5904 PATBOL.
919 5846 1037 5906 Gn.
1086 5845 1298 5907 LVlll.

2021 738 2167 794 dicit.
2214 739 2309 797 Hie
2338 760 2466 800 vero
2492 751 2619 805 mihi
2647 753 2861 810 illorum
2890 758 3241 818 diﬂ'erentiam
3271 747 3599 825 consideres.

2023 828 2101 923 illi
2128 833 2271 887 enim
2301 836 2365 890 ad
2396 853 2553 893 unam
2578 844 2727 898 missi
2756 857 2991 916 gentem,
3043 868 3187 923 saepe
3235 871 3550 916 recusarunt
3583 881 3598 917 :

2020 918 2074 972 hi
2122 921 2253 975 nihil
2278 922 2582 993 hujusmodi
2614 931 2818 1003 loquuti
2844 948 2991 1008 sunt,
3039 942 3092 997 in
3123 918 3307 1000 orbem
3337 960 3597 1007 terrarum

2018 1015 2185 1070 missi.
2228 1018 2336 1075 illis
2365 1038 2492 1079 vero
2529 1033 3041 1090 consummationem
3083 1052 3489 1109 commemorat,
3542 1055 3597 1101 ut

2018 1110 2187 1205 magis
2209 1112 2329 1168 illos
2354 1118 2708 1189 pertraheret,
2751 1132 2806 1178 et
2849 1141 2916 1180 ne
2945 1132 3226 1195 praesentia
3256 1134 3428 1189 solum
3459 1136 3597 1205 inju-

2016 1197 2187 1252 cunda
2215 1205 2603 1272 conspicerent,
2639 1211 2731 1265 sed
2755 1211 2933 1270 futura
2959 1217 3045 1271 illa
3069 1218 3271 1275 inﬁnita
3297 1221 3456 1278 bona.
3485 1197 3595 1280 Ad-

2016 1303 2173 1383 versa
2216 1294 2378 1383 enim,
2430 1297 2620 1369 inquit,
2669 1319 2787 1371 qua:
2831 1309 3037 1375 passuri
3078 1312 3228 1379 estis,
3260 1314 3312 1367 in
3343 1318 3591 1383 praesenti

2015 1378 2120 1431 vita
2166 1382 2465 1452 solvuntur,
2506 1392 2935 1463 quandoquidem
2963 1408 3017 1453 et
3045 1400 3215 1470 ipsum
3255 1378 3507 1461 saeculum
3536 1408 3588 1462 in

2017 1476 2532 1570 consummationem
2579 1483 2758 1537 veniet
2791 1502 2804 1539 :
2839 1486 2978 1541 bona
3006 1504 3156 1553 vero,
3204 1493 3397 1562 quibus
3444 1497 3587 1552 frue-

2014 1572 2164 1625 mtm,
2196 1573 2391 1619 arterna
2423 1579 2661 1638 manent,
2697 1583 2753 1626 ut
2778 1589 2921 1645 Sthe
2951 1576 3059 1632 dixi
3089 1583 3354 1650 superius.
3385 1584 3473 1641 Sic
3494 1602 3585 1642 eo-

2012 1664 2128 1703 rum
2176 1654 2383 1710 animos
2426 1661 2800 1734 eXcitansper
2825 1666 2966 1721 illius
2993 1669 3099 1725 diei
3124 1675 3588 1731 commemoratio-

2171 1744 2316 1797 misit
2352 1760 2465 1801 eos.
2513 1751 2636 1806 Dies
2656 1756 2798 1808 enim
2826 1755 2911 1809 illa
2934 1768 3081 1814 recte
3107 1761 3406 1824 viventibus
3431 1773 3585 1833 opta-

2013 1829 2151 1917 bilis,
2203 1842 2260 1886 ut
2300 1840 2666 1903 peccatoribus
2710 1845 2981 1910 terribilis,
3032 1857 3213 1917 utpote
3246 1829 3584 1909 damnandis.

2010 1916 2114 1972 Sed
2160 1936 2227 1975 ne
2261 1923 2558 1992 timeamus,
2607 1945 2705 1985 nec
2739 1931 3054 1990 horreamus
3084 1916 3306 2006 tantum,
3334 1941 3429 1995 sed
3457 1942 3582 1998 dum

2010 2016 2220 2079 tempus
2245 2023 2348 2078 est,
2378 2016 2741 2088 immutemur,
2777 2032 2830 2078 et
2856 2040 2922 2079 ex
2944 2027 3179 2096 nequitia
3204 2044 3538 2102 emergamus
3566 2053 3581 2088 :

2008 2116 2291 2195 possumus
2321 2109 2485 2177 enim,
2515 2112 2561 2164 si
2585 2114 2925 2170 voluerimus.
2979 2118 3113 2174 Nam
3138 2121 3181 2175 si
3212 2132 3337 2178 ante
3361 2127 3582 2195 gratiam

2007 2193 2155 2246 multi
2183 2194 2282 2248 hoc
2314 2196 2572 2264 fecerunt,
2614 2204 2780 2258 multo
2806 2207 2972 2273 magis
3002 2218 3121 2278 post
3143 2193 3381 2281 gratiam
3399 2216 3508 2272 ﬁet.

2075 2283 2128 2336 5.
2174 2283 2323 2338 Nihil
2347 2287 2547 2357 diﬁicile
2571 2291 2623 2344 in
2654 2296 2917 2363 prwceptis
2945 2295 3153 2353 Christi.
3177 2331 3246 2342 ——
3274 2304 3412 2371 Quid
3438 2307 3580 2362 enim

2005 2386 2164 2437 grave
2191 2385 2512 2446 praeceptum
2543 2380 2695 2436 nobis
2721 2385 2845 2437 est?
2885 2401 2951 2440 an
3000 2400 3207 2446 montes
3249 2397 3471 2451 secare?
3513 2412 3581 2453 an

2006 2462 2182 2555 volare
2210 2479 2306 2534 per
2331 2482 2510 2523 aerem
2531 2472 2555 2523 ’ὲ
2575 2482 2667 2527 aut
2693 2474 3022 2546 Tyrrhenum
3054 2482 3271 2553 pelagus
3303 2487 3582 2555 trajicere?

2004 2551 2341 2625 Nequaquam
2373 2578 2385 2612 :
2413 2561 2506 2615 sed
2534 2564 2692 2617 vitam
2727 2566 2798 2619 ita
2836 2567 3041 2625 facilem
3066 2551 3218 2628 nobis
3249 2551 3493 2646 injunxit,
3524 2592 3581 2634 ut

2006 2647 2376 2707 instrumentis
2408 2656 2538 2710 nihil
2567 2673 2700 2727 opus
2730 2661 2818 2726 sit,
2866 2664 2960 2718 sed
2998 2666 3175 2721 animo
3215 2678 3270 2723 et
3310 2671 3581 2727 voluntate

2004 2746 2229 2796 tantum.
2256 2744 2409 2835 Quae
2456 2748 2804 2807 instrumenta
2846 2753 3144 2813 habuerunt
3187 2764 3436 2831 apostoli,
3490 2768 3581 2835 qui

2005 2838 2084 2885 tot
2108 2834 2359 2900 praeclara
2386 2844 2704 2906 gesserunt?
2749 2845 2938 2900 Annon
2969 2863 3070 2901 una
3098 2849 3264 2905 induti
3296 2854 3492 2920 tunica,
3526 2869 3582 2911 et

2003 2922 2159 3013 nudis
2205 2926 2428 2994 pedibus
2482 2942 2666 2997 erant,
2718 2944 2772 2987 et
2818 2938 2994 2992 omnia
3041 2946 3398 3009 superarunt?
3441 2946 3579 3013 Quid

2003 3012 2142 3065 enim
2172 3013 2389 3070 difﬁcile
2416 3017 2466 3071 in
2498 3024 2777 3091 praeceptis
2817 3024 3012 3082 Christi
3060 3031 3187 3084 est?
3222 3031 3433 3089 Nullum
3479 3037 3579 3093 ha-

2000 3099 2128 3155 beas
2154 3104 2460 3170 iuimicum;
2491 3112 2755 3167 neminem
2785 3114 2909 3170 odio
2935 3117 3160 3184 habeas;
3191 3126 3387 3180 nemini
3416 3129 3577 3184 male-

2001 3189 2167 3245 dicas.
2209 3192 2338 3259 Qua:
2364 3195 2448 3251 his
2476 3209 2597 3254 sunt
2625 3205 2913 3268 contraria,
2947 3206 3243 3265 difﬁciliora
3283 3226 3425 3271 sunt.
3470 3217 3574 3273 Sed

1999 3282 2150 3347 dixit,
2184 3287 2408 3356 inquies,
2442 3291 2699 3347 Pecunias
2723 3295 2911 3365 ahjice.
2938 3298 3007 3354 Et
3028 3300 3127 3356 hoc
3149 3320 3434 3362 onerosum
3460 3312 3578 3365 est?

2001 3379 2112 3433 lmo
2144 3397 2269 3435 vero
2298 3399 2403 3436 non
2432 3388 2707 3457 praecepit,
2739 3391 2830 3445 sed
2856 3391 2954 3446 hoc
2976 3396 3255 3452 consilium
3284 3399 3444 3455 dedit.
3470 3402 3575 3459 Sed

1997 3474 2121 3527 volo
2148 3474 2250 3529 hoc
2276 3490 2395 3531 esse
2424 3490 2768 3548 praeceptum,
2796 3497 2936 3538 anne
2957 3500 3114 3554 grave
3144 3497 3244 3554 est,
3279 3506 3443 3547 onera
3468 3511 3573 3551 non

1998 3563 2158 3631 ferre,
2187 3582 2287 3620 nec
2316 3569 2704 3626 sollicitudines
2741 3574 3176 3645 intempestivas?
3219 3579 3323 3637 Sed
3355 3600 3387 3639 0
3420 3588 3578 3642 mise-

1996 3670 2110 3710 ram
2147 3660 2488 3725 pecuniarum
2535 3650 2875 3718 aviditatem!
2929 3665 3115 3723 Omnia
3150 3675 3390 3740 pecunia:
3436 3676 3575 3734 facta

1996 3759 2141 3815 sunt,
2170 3750 2289 3804 ideo
2313 3753 2490 3805 omnia
2522 3767 2614 3807 sus
2640 3754 2810 3825 deque
2838 3759 3006 3825 posita
3037 3772 3180 3816 sunt.
3211 3763 3265 3819 Si
3296 3768 3413 3836 quis
3445 3768 3577 3825 bea-

1997 3846 2107 3891 tum
2139 3841 2440 3908 quempiam
2467 3844 2714 3909 aestimet,
2764 3845 2983 3901 istarum
3034 3854 3357 3910 mentionem
3399 3858 3524 3916 facit
3556 3880 3571 3916 :

1996 3929 2039 3980 si
2089 3929 2337 3983 miserum
2386 3940 2570 3998 putet,
2634 3931 2759 3988 hinc
2804 3938 3219 3997 commiseratio.
3270 3945 3575 4019 Omnesque

1994 4031 2273 4073 sermones
2296 4018 2379 4073 his
2405 4020 2456 4073 in
2488 4022 2649 4076 rebus
2669 4035 2948 4080 versantur
2995 4046 3008 4081 :
3054 4030 3334 4097 Quomodo
3368 4037 3452 4093 hic
3492 4018 3576 4095 di-

1997 4108 2192 4161 tescit?
2243 4110 2512 4178 quomodo
2555 4112 2643 4166 ille
2695 4128 2895 4184 pauper
2922 4119 3037 4171 est?
3065 4120 3122 4175 Si
3157 4124 3277 4192 quis
3306 4127 3571 4197 militiam,

1995 4199 2038 4252 si
2063 4202 2411 4269 connubium,
2440 4202 2483 4256 si
2516 4214 2706 4269 artem,
2739 4205 2784 4259 si
2818 4208 3024 4276 quidvis
3053 4212 3195 4268 aliud
3223 4224 3433 4286 tractet,
3466 4236 3572 4276 non

1993 4292 2139 4358 prius
2168 4291 2245 4346 rei
2276 4307 2487 4346 manum
2515 4293 2781 4360 admovet,
2804 4312 2961 4367 quam
2990 4301 3179 4356 viderit
3207 4320 3292 4359 res
3320 4323 3575 4378 prospere

1993 4392 2049 4437 et
2074 4392 2317 4453 prompte
2342 4385 2442 4439 sibi
2462 4400 2706 4441 cessuras
2731 4403 2869 4443 esse.
2899 4389 3097 4461 Hisque
3123 4398 3422 4466 conspectis
3446 4415 3574 4455 con-

1993 4477 2191 4545 gregati
2223 4491 2327 4529 non
2354 4478 2797 4546 consultabimus,
2840 4484 3108 4550 quomodo
3143 4484 3285 4542 hunc
3325 4492 3570 4550 morbum

1994 4558 2295 4636 pollemus?
2333 4583 2438 4622 non
2479 4583 2579 4621 nos
2628 4569 2841 4636 pudebit
2888 4587 3071 4626 eorum
3123 4590 3241 4645 quae
3275 4593 3304 4632 a
3333 4582 3571 4647 patribus

1993 4659 2249 4727 prmclare
2275 4660 2416 4715 facta
2446 4660 2604 4714 sunt?
2635 4676 2734 4715 nec
2763 4674 2843 4716 ter
2873 4663 3017 4718 mille
3040 4665 3178 4733 illos,
3210 4676 3265 4722 et
3290 4672 3572 4741 quinquies

1992 4753 2156 4816 mille,
2184 4754 2273 4822 qui
2298 4755 2598 4807 communia
2629 4755 2895 4810 habebant
2923 4757 3122 4822 omnia,
3173 4763 3572 4829 spectabimus?

1990 4840 2120 4908 Quae
2148 4844 2426 4911 praesentis
2453 4845 2576 4898 vitae
2606 4845 2829 4911 utilitas,
2853 4847 2897 4899 si
2923 4848 3034 4916 ipsa
3061 4848 3125 4901 ad
3156 4849 3383 4905 futuram
3410 4871 3574 4922 nego-

1993 4933 2262 4988 tiationem
2294 4949 2397 4988 non
2430 4937 2683 4988 utamur?
2717 4935 3003 5007 Quousque
3032 4939 3269 4994 servituti
3306 4958 3408 4997 non
3441 4946 3558 5001 sub-

1987 5024 2182 5093 jicietis
2214 5041 2569 5080 mammonam
2592 5068 2607 5092 ,
2654 5028 2742 5096 qui
2781 5028 2832 5081 in
2861 5029 3172 5085 servitutem
3199 5047 3295 5086 vos
3322 5035 3572 5106 redegit?

1992 5114 2099 5168 imo
2126 5114 2302 5184 potius
2323 5129 2597 5184 quousque
2620 5119 2758 5171 servi
2783 5117 2930 5171 eritis
2950 5120 3287 5187 pecuniarum
3312 5123 3334 5173 7
3362 5139 3568 5193 quous-

1991 5221 2094 5274 que
2143 5222 2251 5259 non
2281 5206 2525 5259 amabilis
2554 5205 2877 5273 libertatem,
2921 5224 3019 5263 nec
3061 5212 3296 5265 avarilize
3325 5215 3570 5284 negotia-

1992 5297 2163 5351 tiones
2191 5296 2542 5364 dirumpetis?
2572 5297 2676 5352 Sed
2720 5299 2765 5351 si
2794 5298 3070 5353 hominum
3099 5302 3243 5357 servi
3270 5303 3406 5372 sitis,
3433 5305 3566 5359 nihil

1989 5404 2095 5442 non
2124 5387 2299 5456 agitis,
2344 5388 2387 5441 si
2424 5389 2540 5455 quis
2566 5389 2718 5443 vobis
2747 5390 3039 5444 libertatem
3067 5393 3339 5460 promittat
3370 5412 3383 5447 :
3412 5407 3569 5448 cum-

1990 5492 2094 5544 que
2136 5475 2252 5529 sitis
2298 5477 2536 5530 avaritia:
2574 5479 2789 5556 Captivi,
2823 5494 2921 5534 nec
2952 5481 3196 5549 cogitatis
3221 5470 3319 5550 qua
3351 5482 3559 5536 ratione

1989 5565 2204 5634 possitis
2232 5566 2298 5620 ab
2331 5567 2430 5621 hac
2457 5567 2589 5623 dura
2631 5571 2932 5638 captivitate
2972 5571 3210 5626 liberari.
3257 5571 3415 5640 Atqui
3471 5572 3560 5627 illa

1988 5672 2094 5710 non
2138 5659 2313 5727 gravis
2353 5668 2467 5725 est;
2519 5659 2632 5715 [nec
2656 5677 2785 5715 vero
2825 5662 3062 5732 tyrannis
3087 5671 3170 5716 est
3195 5661 3559 5717 acerbissima.

1989 5746 2229 5817 Cogitate
2251 5760 2504 5820 quantum
2529 5766 2629 5818 pro
2654 5754 2806 5808 nobis
2819 5753 3050 5815 pretium
3078 5749 3552 5818 deposueritChri-

3102 5857 3177 5917 21
