4074 6436
416 390 512 446 τ9ί
1128 380 1183 434 s.
1223 371 1499 432 JOANNIS
1535 359 2008 425 Cttnrsosmut
2049 357 2359 413 ARCIIIEP.
2401 356 2931 415 CONSTANTINOP.

424 510 559 559 stus.
587 497 906 569 Sanguinem
937 506 1090 548 suum
1116 486 1320 550 effudit,
1354 484 1586 552 seipstun
1616 475 1855 533 tradidit.
1887 472 1996 569 vos

425 600 600 645 autem
626 563 747 657 post
778 585 892 638 haec
920 581 1098 635 omnia
1127 575 1400 632 decidistis
1442 591 1457 622 :
1501 570 1748 641 quodque
1790 563 2000 657 gravius

427 692 528 743 est,
555 654 906 733 ini—servitute
948 665 1310 729 delectamini,
1355 664 1407 717 in
1452 658 1739 730 ignominia
1779 654 2001 709 deiicia-

429 742 577 834 mini,
598 775 652 823 et
676 765 814 836 quod
849 760 1151 832 fugiendum
1178 766 1314 819 erat,
1343 754 1495 807 vobis
1521 746 1753 820 optabile
1780 745 1877 799 fuit
1897 742 2000 814 (a).

479 835 714 917 Pecunia:
724 855 1046 928 cupiditatem
1059 861 1101 904 et
1116 849 1322 903 nimiam
1332 843 1710 901 (estimatienem
1726 835 2004 928 redarguit:

434 950 667 1006 Pecunia:
686 922 943 1002 seruanda:
963 936 1299 996 incommoda.
1322 933 1648 1003 Paupertatis
1675 922 2008 982 bona.—Sed

429 1042 548 1112 quia
576 1054 682 1094 non
717 1032 1103 1106 deplorandum
1134 1028 1294 1085 modo
1311 1014 1390 1081 est
1428 1034 1482 1079 et
1512 1019 1882 1081 incusantium,
1913 1014 2008 1070 sed

430 1108 588 1188 etiam
621 1127 1034 1189 emendandum,
1061 1122 1337 1177 videamus
1375 1117 1639 1172 undenam
1680 1111 1768 1164 hic
1793 1108 2010 1163 morbus

433 1224 585 1278 nobis
607 1218 847 1277 amabilis
865 1217 1009 1271 visus
1027 1216 1115 1269 sit.
1140 1210 1438 1273 Undenam,
1458 1204 1597 1259 unde
1612 1200 1855 1258 amabilis
1879 1196 2010 1250 fuit?

431 1315 563 1381 Quia
584 1312 635 1366 in
648 1309 834 1381 gloria,
850 1306 1079 1376 inquies,
1097 1302 1218 1359 etin
1236 1299 1519 1354 securitate
1531 1291 1820 1348 constituit.
1842 1288 1896 1342 In
1910 1301 2013 1357 qua

433 1418 634 1474 qitaeSo,
656 1398 979 1459 securitate?
999 1394 1150 1465 Quod
1170 1390 1497 1448 conﬁdamus
1514 1387 1627 1441 fore
1646 1393 1704 1438 ut
1726 1395 2012 1451 numquam

433 1495 751 1557 esuriamus,
793 1501 1083 1558 numquam
1123 1485 1413 1554 algcamns,
1464 1492 1567 1532 non
1605 1475 1885 1539 la'damur,
1907 1487 2014 1527 non

435 1595 858 1643 contemnamur.
879 1575 1117 1652 ltaquegsi
1130 1574 1268 1629 hanc
1285 1571 1376 1627 tibi
1389 1568 1724 1625 securitatem
1743 1564 2014 1636 pollicear,

444 1673 738 1731 abstinebis
761 1686 793 1726 a
821 1669 1123 1725 divitiarum
1150 1660 1471 1733 cupiditate?
1511 1659 1555 1714 si
1577 1658 1718 1713 enim
1747 1656 1866 1711 ideo
1894 1663 2017 1709 sunt

442 1766 638 1820 divitiae
667 1758 1008 1830 expetendae,
1039 1756 1084 1812 si
1127 1755 1328 1823 absque
1362 1751 1468 1805 illis
1500 1748 1840 1804 securitatem
1882 1759 2017 1799 nan-

440 1855 564 1909 cisci
595 1851 881 1925 possimus,
910 1846 1037 1917 quid
1071 1844 1164 1900 tibi
1188 1841 1429 1925 jamjllis
1451 1853 1585 1908 opus
1619 1837 1764 1892 erit?
1788 1835 1856 1890 Et
1880 1850 2018 1905 quo-

442 1942 599 1997 modo
629 1948 819 2009 potest,
853 1937 1077 2007 inquies,
1112 1935 1158 1989 is
1180 1932 1269 2004 qui
1299 1932 1449 1987 dives
1486 1944 1590 1984 non
1611 1936 1711 1993 est,
1745 1926 1861 1981 hrec
1887 1940 2021 1981 con-

443 2021 596 2091 sequi
617 2021 640 2073 ?
658 2018 769 2073 lino
783 2032 915 2073 vero
940 2017 1217 2088 quomodo
1251 2018 1374 2086 (ego
1390 2015 1537 2070 enim
1575 2015 1919 2071 contrarium
1947 2013 2036 2069 di-

443 2109 586 2180 eam)
638 2109 685 2164 is
719 2109 814 2179 qui
869 2109 1022 2164 dives
1073 2107 1203 2164 est?
1250 2105 1389 2161 Nam
1438 2114 1500 2162 ut
1546 2106 1735 2162 multis
1782 2106 2038 2161 aduletur

446 2222 665 2264 necesse
689 2213 790 2271 est,
821 2210 882 2263 et
908 2201 1233 2274 principibus
1259 2209 1314 2257 et
1339 2199 1586 2266 subditis,
1636 2206 1696 2253 ut
1733 2196 2028 2253 innumeris

445 2313 577 2368 opus
601 2295 792 2351 habeat
811 2303 866 2350 et
896 2293 1224 2348 illiberaliter
1252 2291 1472 2357 serviat,
1504 2299 1718 2355 tremat,
1748 2297 2027 2358 suspectos

448 2388 660 2453 haheat,
706 2385 1008 2449 invidorum
1056 2384 1264 2449 oculos,
1307 2381 1760 2453 sycophantarum
1788 2395 1882 2436 ora
1912 2394 2037 2435 me-.

448 2490 576 2544 luat,
625 2479 955 2548 aliorumque
989 2490 1271 2530 avarorum
1306 2472 1644 2544 cupiditates.
1687 2473 1758 2527 At
1796 2485 2028 2541 pauper-

447 2583 529 2626 tas
558 2585 663 2624 non
689 2570 828 2633 talis,
856 2566 949 2623 sed
975 2567 1129 2636 plane
1151 2565 1234 2620 his
1255 2565 1546 2620 contraria.
1575 2562 1749 2618 Locus
1778 2571 1860 2618 est
1889 2570 2034 2616 tutus

446 2674 754 2726 ctsecurus,
783 2668 968 2730 portus
991 2656 1328 2727 tranquillus,
1349 2654 1594 2725 palaestra
1618 2664 1672 2709 et
1694 2652 2034 2724 gymnasium

452 2754 837 2825 philosophia),
876 2751 1131 2823 angelica:
1175 2749 1299 2805 vita:
1351 2747 1599 2804 imitatio.
1645 2745 1774 2801 Haec
1818 2745 2035 2812 audite,

449 2853 710 2917 quotquot
756 2850 1016 2915 pauperes
1062 2840 1230 2907 estis;
1282 2842 1392 2894 imo
1434 2852 1560 2893 vero
1597 2845 1858 2908 quotquot
1896 2836 2037 2893 dite-

452 2954 606 2994 scere
628 2937 809 2999 vultis.
840 2934 955 2993 Non
978 2948 1264 3007 pauperem
1293 2946 1433 2998 esse,
1458 2930 1554 2987 sed
1582 2931 1722 2986 nolle
1750 2944 2039 3001 pauperem

455 3044 597 3097 esse,
623 3029 819 3083 malum
842 3034 944 3083 est.
977 3025 1054 3081 Ne
1077 3040 1239 3098 grave
1259 3023 1532 3094 quidpiam
1563 3034 1718 3092 putes
1759 3037 1880 3079 esse
1914 3037 2041 3090 pau-

456 3128 741 3190 pertatem,
788 3132 963 3187 neque
991 3117 1171 3188 gravis
1198 3116 1303 3173 erit
1342 3115 1440 3171 illa
1485 3115 1598 3171 tibi.
1642 3114 1760 3171 Non
1804 3115 1946 3169 enim
1988 3115 2042 3168 in

458 3220 643 3265 natura
693 3210 793 3276 rei,
843 3209 937 3265 scd
978 3209 1032 3263 in
1078 3208 1319 3265 mollium
1348 3207 1586 3265 virorum
1622 3204 1826 3274 judicio
1868 3214 2044 3260 metus

457 3303 559 3355 iste
588 3284 757 3361 locum
792 3299 967 3354 habet.
990 3297 1127 3365 Quin
1151 3298 1309 3352 etiam
1337 3312 1425 3353 me
1450 3295 1694 3367 puderet,
1719 3297 1763 3350 si
1793 3294 1896 3351 hoc
1925 3304 2044 3350 tan~

458 3401 567 3446 tum
601 3390 666 3445 de
712 3397 1021 3463 paupertate
1048 3388 1227 3445 dicere
1261 3402 1500 3459 possem,
1545 3387 1689 3456 quod
1730 3402 1795 3442 ea
1847 3387 2043 3443 malum

459 3500 563 3539 non
591 3484 698 3546 sit;
743 3496 867 3539 nam
908 3482 954 3537 si
994 3480 1409 3551 philosopheris,
1458 3479 1604 3534 mille
1648 3478 1742 3533 tibi
1786 3478 2046 3534 bonorum

460 3576 580 3630 fons
619 3573 740 3628 erit.
775 3573 842 3627 Et
868 3571 919 3626 si
941 3572 1061 3642 quis
1091 3571 1184 3625 tibi
1213 3571 1336 3626 hinc
1366 3570 1650 3640 imperium
1671 3610 1685 3634 ,
1715 3569 1899 3626 civiles
1928 3586 2047 3625 ma-

463 3666 735 3735 gistratus,
776 3662 1008 3727 divitias,
1051 3661 1395 3730 deliciasque,
1429 3660 1553 3716 inde
1599 3676 1725 3717 vero
1762 3671 2047 3732 pauperta-

467 3767 572 3811 tem
599 3763 938 3826 proponeret,
968 3753 1355 3824 optionemque
1380 3753 1555 3818 daret,
1593 3753 1734 3809 hanc
1763 3755 1939 3811 subito
1966 3770 2053 3807 ra-

466 3859 640 3917 peres,
662 3845 707 3900 si
732 3844 851 3915 ejus
879 3853 1057 3898 notam
1087 3842 1314 3901 haberes
1340 3842 1734 3901 excellentiam.

532 3937 587 3991 4.
635 3932 956 4006 Paupertatis
975 3932 1373 4013 laudem-ﬁcio
1392 3932 1610 4005 quidem
1639 3934 1838 3997 multos
1850 3931 2049 3996 ridere,

466 4027 593 4080 dum
624 4024 736 4080 hate
752 4025 1030 4088 dicuntur;
1059 4024 1153 4083 sed
1181 4039 1278 4079 nos
1298 4024 1519 4080 minime
1545 4024 1841 4087 turbamur.
1860 4023 2052 4090 Ουωεο

451 4104 692 4181 ‘tantum,
720 4115 981 4185 patienter
1009 4113 1255 4182 audiatis,
1286 4123 1342 4170 et
1367 4115 1476 4170 cito
1496 4114 1773 4173 nobiscum
1787 4110 2050 4168 calculum

471 4208 672 4263 feretis.
717 4206 840 4261 Mihi
891 4215 1172 4277 paupertas
1222 4206 1411 4263 similis
1448 4221 1569 4262 esse
1617 4206 1826 4261 videtur
1866 4204 2055 4274 puellae

469 4308 689 4364 ornatae,
714 4296 947 4368 pulchras
971 4306 1025 4351 et
1043 4298 1323 4359 formosae:
1353 4297 1578 4365 avaritia
1592 4310 1722 4361 vero
1737 4306 2057 4352 monstrosa:

472 4389 704 4455 mulieri,
732 4386 946 4461 Scyllae,
981 4387 1185 4459 hydrae,
1220 4387 1591 4458 similibusque
1619 4386 1877 4441 monsuis
1899 4425 1913 4450 ,
1938 4401 2056 4456 qua:

474 4486 673 4537 tinxere
719 4479 1034 4552 mythologi.
1080 4480 1157 4535 Ne
1190 4479 1322 4535 mihi
1362 4477 1691 4551 paupertatis
1719 4486 2058 4533 accuSatores

475 4577 526 4629 in
571 4572 806 4629 medium
849 4571 1064 4642 aﬁ‘eras,
1106 4572 1200 4626 sed
1229 4583 1327 4626 eos.
1351 4569 1443 4642 qui
1484 4583 1582 4640 per
1628 4569 1799 4640 ipsam
1828 4568 2059 4627 illustres

475 4667 706 4724 fuerunt.
749 4666 882 4721 Cum
928 4666 1027 4723 hac
1066 4664 1323 4723 educatus
1355 4663 1524 4731 Elius,
1563 4673 1720 4733 raptu
1765 4664 1858 4718 illo
1903 4664 2059 4719 beato

474 4762 720 4831 dignatus
744 4767 862 4824 est;
894 4772 1014 4814 cum
1056 4756 1157 4817 hac
1181 4757 1359 4813 clarus
1394 4755 1492 4810 fuit
1518 4755 1781 4821 Eliszeus;
1812 4771 1935 4811 cum
1961 4755 2062 4810 hac

476 4856 713 4912 Joannes
741 4866 795 4912 et
819 4856 1043 4928 apostoli
1073 4870 1262 4923 omnes
1292 4871 1309 4911 :
1337 4867 1459 4915 cum
1477 4852 1567 4909 illa
1585 4868 1715 4909 vero
1736 4852 1940 4919 Achab,
1970 4852 2060 4908 Je-

475 4946 648 5013 zabel,
675 4946 842 5012 Giczi,
870 4946 1059 5014 ludas,
1086 4944 1250 5013 Nero,
1272 4943 1505 5014 Caiphas
1529 4943 1764 4999 damnati
1790 4952 1931 4998 sunt.
1955 4943 2061 5000 Sed

476 5039 521 5091 si
552 5039 746 5108 placet,
777 5053 845 5093 ne
873 5037 1227 5111 "108W"!
1253 5036 1344 5106 qui
1375 5035 1425 5088 in
1454 5043 1768 5105 paupertate
1787 5033 2018 5090 floruere
2041 5075 2057 5101 ,

477 5129 571 5185 sed
593 5131 734 5184 illam
765 5131 933 5200 ipsam
1159 5126 1612 5198 pulchritudinem
1638 5127 2062 5183 consideremus.

478 5221 534 5275 Si
559 5220 772 5291 quidem
1040 5217 1159 5288 ejus
1188 5232 1351 5287 purus
1386 5225 1471 5273 est
1512 5227 1568 5273 et
1606 5216 1890 5282 dilucidus,
1933 5216 2066 5272 nihil

481 5311 750 5387 turbidum
778 5309 1004 5385 habens,
1023 5315 1083 5363 ut
1105 5307 1271 5365 habet
1294 5309 1483 5364 oculus
1503 5308 1769 5373 avaritize,
1803 5307 1893 5378 qui
1926 5323 2068 5363 nunc

482 5395 584 5469 ira,
617 5415 759 5457 nunc
799 5401 1068 5469 voluptate
1110 5400 1301 5470 plenus
1327 5409 1449 5466 est,
1490 5414 1632 5455 nunc
1657 5398 2066 5470 intemperantia

482 5493 747 5549 turbatus.
777 5490 848 5546 At
873 5504 981 5545 non
1008 5490 1229 5559 perinde
1247 5505 1306 5546 se
1328 5489 1492 5546 habet
1504 5490 1691 5546 oculus
1718 5489 2064 5560 paupertatis,

476 5574 576 5642 sed
604 5592 914 5649 mansuetus
947 5589 1049 5648 est,
1080 5597 1322 5649 serenus,
1352 5582 1587 5638 suaviter
1612 5595 1799 5638 omnes
1829 5581 2064 5643 intuens,

544 5722 618 5784 (α)
650 5720 709 5770 In
745 5721 1073 5784 sequentibus
1109 5717 1259 5768 multa
1292 5719 1523 5784 omittunt
1547 5724 1598 5765 et
1622 5715 1819 5784 turbant
1842 5714 2065 5766 Comme-

484 5779 650 5835 liuLet
671 5779 835 5833 iteret:
852 5794 961 5845 quae
987 5794 1051 5831 ex
1074 5788 1179 5831 Mss.
1202 5789 1251 5831 et
1287 5793 1349 5829 ex
1375 5781 1514 5829 savii.
1543 5779 1883 5829 res‘tituuntur.

3576 358 3689 418 79$

2106 392 2319 413 lI‘oIIIIJI
2347 399 2359 412 ι
2401 392 2892 415 υυιῐοιηηιιμυι
2918 396 2931 411 ο
3589 392 3689 418 [ius

2106 472 2260 533 leuis,
2302 470 2588 539 iucundus,
2637 473 2900 526 neminem
2949 470 3075 543 odio
3122 471 3322 526 habens
3347 514 3361 539 ,
3415 392 3731 543 uomuntur!

2107 576 2378 615 aversatus.
2412 560 2509 616 Ubi
2538 562 2679 614 enim
2711 563 2956 630 pecunia,
3001 561 3069 616 ibi
3112 562 3402 618 inimicitize
3434 573 3486 618 et
3513 538 3720 630 bello-i

2110 667 2225 705 rum
2252 653 2493 705 materia.
2520 652 2594 706 Os
2629 653 2701 705 illi
2731 652 3068 707 contumeliis
3112 663 3193 706 est
3230 654 3480 708 refertum
3507 696 3522 719 ,
3552 653 3696 707 fastu

2108 742 2361 808 quodam,
2390 744 2688 811 arrogantia
2720 742 2906 809 multa,
2928 742 3246 808 maledictis,
3265 743 3419 810 dolo;
3446 744 3605 811 hujus
3630 760 3695 797 os

2110 842 2298 887 contra
2330 843 2384 887 et
2414 834 2587 903 lingua
2615 848 2742 887 sana
2764 840 2880 898 est,
2906 835 3194 904 gratiarum
3228 835 3437 889 actione
3467 835 3695 902 perenni

2114 923 2289 992 plena,
2349 923 2742 990 benedictione,
2798 924 2974 979 verbis
3010 923 3319 989 mansuetis,
3379 923 3651 978 [teneretis
3679 964 3695 987 ,

2114 1015 2371 1086 obsequio
2416 1016 2608 1085 plenis,
2651 1025 2706 1071 et
2749 1015 2991 1071 laudibus
3038 1016 3421 1085 encomiisque.
3466 1014 3522 1071 Si
3569 1028 3702 1070 vero

2115 1117 2292 1178 aptam
2333 1108 2695 1163 membrorum
2744 1109 3184 1178 compositionem
3224 1108 3490 1177 dispicere
3527 1107 3699 1172 velis,

2119 1215 2338 1271 procera
2378 1209 2461 1254 est
2502 1200 2588 1253 illa
2620 1200 2881 1270 longeque
2904 1200 3188 1255 sublimior
3210 1200 3500 1269 opulentia.
3544 1199 3706 1268 Quod

2118 1293 2163 1346 si
2195 1292 2344 1346 multi
2369 1291 2509 1346 illam
2537 1290 2759 1361 fugiant,
2794 1291 3096 1346 tte-mireris
3126 1309 3140 1345 :
3166 1306 3287 1345 nam
3330 1290 3462 1345 alias
3490 1304 3705 1360 quoque

2121 1383 2349 1438 virtutes
2367 1382 2513 1436 stulti
2541 1382 2765 1451 fugiunt.
2798 1382 2903 1437 Sed
2929 1397 2959 1436 a
2990 1381 3154 1437 divite
3180 1422 3194 1444 ,
3243 1382 3472 1451 inquies,
3500 1394 3708 1450 pauper

2123 1474 2441 1529 contumelia
2472 1472 2725 1528 afﬁcitur.
2774 1474 2977 1528 Rursus
3024 1473 3153 1528 mihi
3186 1473 3511 1543 paupertatis
3536 1486 3704 1527 enco-

2123 1568 2286 1619 mium
2310 1580 2515 1621 narras.
2543 1564 2674 1633 Quis
2691 1565 2858 1629 enim,
2891 1579 3091 1634 quieso,
3129 1564 3354 1630 beatus,
3392 1565 3482 1633 qui
3519 1573 3707 1619 contu-

2124 1658 2283 1712 melia
2312 1656 2496 1719 afﬁcit,
2523 1672 2589 1711 an
2612 1658 2701 1727 qui
2724 1655 2995 1713 afﬁcitur?
3018 1654 3178 1711 Certe
3203 1656 3246 1711 is
3266 1655 3355 1726 qui
3371 1652 3713 1710 contumeliis

2124 1752 2372 1817 afﬁcitur,
2404 1760 2459 1805 et
2505 1750 2606 1806 fert
2647 1749 2875 1804 fortiter.
2923 1748 3157 1804 Avaritia
3199 1748 3358 1818 igitur
3385 1744 3714 1802 contumelia

2127 1841 2338 1897 afﬁcere
2354 1841 2533 1911 jubet;
2568 1848 2851 1910 paupertas
2882 1855 3014 1894 vero
3036 1839 3100 1893 ad
3131 1838 3406 1894 ferendam
3433 1845 3713 1892 contume-

2127 1931 2250 1985 liam
2270 1933 2532 1985 hortatur.
2568 1932 2653 1993 At,
2680 1930 2907 2000 inquies,
2928 1944 3130 1999 pauper
3149 1929 3339 1984 esurit.
3362 1928 3561 1982 Paulus
3580 1941 3715 1996 quo-

2129 2037 2232 2093 que
2257 2021 2547 2076 esuriebat.
2578 2019 2685 2075 Sed
2715 2035 2821 2074 non
2862 2020 3024 2074 habet
3051 2020 3138 2073 ubi
3162 2019 3423 2089 quiescat.
3453 2018 3515 2072 Et
3548 2016 3717 2071 Filius

2131 2112 2361 2168 hominis
2385 2128 2491 2167 non
2542 2111 2772 2168 habebat
2815 2112 2910 2167 ubi
2954 2120 3115 2181 caput
3169 2111 3474 2166 reclinaret.
3532 2108 3720 2166 Viden’

2132 2218 2411 2275 quousque
2464 2204 2780 2273 perveniant
2822 2205 3148 2274 paupertatis
3190 2204 3469 2270 eneomia,
3519 2201 3610 2257 tibi
3665 2212 3721 2256 te

2133 2296 2480 2358 constituant,
2509 2294 2576 2349 ad
2603 2296 2836 2366 qualium
2866 2304 2916 2351 te
2942 2295 3179 2350 virorum
3206 2293 3608 2349 similitudinem
3625 2292 3724 2348 de-

2134 2384 2350 2451 ducant,
2385 2395 2438 2440 et
2459 2383 2727 2455 quomodo
2754 2394 2805 2440 te
2832 2384 3039 2451 Domini
3072 2384 3389 2439 imitatorem
3420 2382 3643 2438 faciant?
3664 2382 3727 2437 Si

2135 2492 2324 2531 aurum
2357 2476 2633 2546 possidere
2655 2476 2853 2531 bonum
2885 2486 3048 2541 esset,
3081 2474 3131 2529 id
3173 2474 3450 2545 discipulis
3487 2463 3726 2529 dedisset

2137 2572 2399 2634 Christus,
2424 2571 2518 2641 qui
2558 2570 2841 2625 iuetfabilia
2875 2570 2963 2623 illa
2990 2571 3125 2623 bona
3160 2568 3308 2623 dedit
3346 2568 3498 2637 ipsis.
3526 2566 3594 2622 At
3617 2581 3725 2621 non

2140 2661 2299 2716 modo
2327 2676 2431 2715 non
2465 2660 2628 2724 dedit,
2661 2660 2755 2715 sed
2786 2660 2946 2715 etiam
2968 2659 3163 2714 habere
3181 2659 3468 2728 prohibuit.
3499 2658 3732 2727 ideoque

2142 2751 2334 2805 Petrus
2362 2765 2467 2806 non
2514 2750 2676 2805 modo
2704 2766 2811 2805 non
2857 2751 3128 2806 erubescit
3168 2750 3236 2804 de
3273 2758 3608 2820 paupertate,
3632 2747 3728 2803 sed

2143 2844 2305 2898 etiam
2331 2842 2399 2898 de
2429 2841 2513 2896 illa
2535 2842 2795 2912 gloriatur
2825 2841 2907 2896 his
2932 2840 3110 2897 verbis
3142 2856 3156 2895 :
3182 2841 3460 2912 Argentum
3479 2850 3525 2894 et
3549 2854 3734 2893 aurum

2146 2952 2247 2989 non
2272 2945 2344 2990 est
2370 2934 2531 2999 mihi;
2571 2934 2706 3004 quod
2734 2943 2902 2989 autent
2929 2933 3108 2999 habeo,
3152 2935 3246 2988 hoc
3290 2933 3379 2987 tibi
3404 2932 3469 2987 do
3497 2931 3520 3006 (
3536 2933 3646 2986 Act.
3674 2931 3731 2986 5.

2147 3027 2224 3098 6).
2262 3026 2394 3093 Quis
2438 3035 2676 3083 vestrum
2728 3026 2965 3082 nolletin
3012 3027 3150 3080 hanc
3194 3039 3479 3094 erumpere
3510 3022 3738 3078 vocem?

2148 3116 2348 3174 Omnes
2373 3118 2574 3188 utique,
2597 3117 2741 3173 dicet
2767 3116 2905 3173 forte
2923 3116 3207 3187 quispiam.
3234 3115 3378 3187 Ergo
3415 3114 3616 3185 projiee
3649 3127 3736 3167 ar-

2149 3219 2391 3279 gentum,
2436 3210 2639 3280 projice
2686 3225 2898 3265 aurum.
2949 3209 3012 3263 Et
3060 3210 3107 3264 si
3156 3209 3453 3280 proiecero,
3506 3206 3738 3276 inquies,

2152 3317 2520 3371 conscquarne
2547 3302 2689 3357 Petri
2720 3300 3056 3372 potentiam?
3079 3298 3184 3356 Sed
3214 3299 3374 3370 quid,
3406 3312 3609 3369 quaso,
3634 3294 3740 3352 Pe-

2154 3403 2296 3451 trum
2317 3394 2528 3450 beatum
2551 3392 2766 3448 effecit?
2795 3407 2861 3446 an
2887 3390 3025 3463 quod
3063 3390 3312 3445 claudum
3339 3388 3613 3444 erexerit?
3643 3387 3742 3441 Mi-

2155 3486 2298 3541 nime
2334 3505 2347 3540 :
2372 3485 2469 3542 sed
2509 3485 2651 3555 quod
2676 3498 2863 3538 aurum
2889 3499 2995 3537 non
3019 3481 3286 3548 habuerit,
3314 3480 3417 3537 hoc
3438 3480 3511 3535 illi
3550 3479 3747 3535 cadum

2155 3578 2477 3641 conciliavit.
2511 3576 2591 3630 Ex
2635 3575 2702 3630 iis
2740 3560 2918 3639 enim,
2966 3572 3059 3642 qui
3101 3572 3250 3643 signa
3300 3573 3561 3634 fecerunt,
3592 3571 3750 3624 multi

2157 3666 2459 3724 inciderunt
2485 3666 2536 3720 in
2562 3663 2865 3734 gehennam
2896 3680 2909 3716 :
2939 3663 3029 3732 qui
3055 3677 3183 3716 vero
3211 3661 3326 3716 hate
3355 3661 3618 3723 fecerunt,
3653 3674 3744 3713 re-

2155 3770 2320 3829 gnum
2340 3764 2466 3809 sunt
2507 3753 2845 3823 consequuti.
2892 3752 2963 3807 Et
2988 3754 3086 3807 hoc
3124 3750 3193 3806 ab
3227 3752 3343 3823 ipso
3372 3751 3533 3807 Petro
3557 3750 3743 3807 disce:

2068 3866 2073 3871 '
2155 3850 2264 3905 duo
2290 3847 2432 3904 enim
2462 3848 2595 3904 dixit
2624 3864 2638 3900 :
2664 3846 2937 3917 Argentum
2962 3857 3008 3901 et
3035 3862 3219 3900 aurum
3244 3861 3346 3899 non
3381 3854 3453 3901 est
3481 3844 3641 3907 mihi;
3669 3852 3746 3911 et,

2158 3942 2223 3997 In
2244 3941 2448 3997 nomine
2466 3936 2593 3996 Iesu
2614 3939 2805 3997 Christi
2829 3955 2983 4011 surge
3005 3948 3051 3994 et
3071 3938 3297 3993 ambula.
3332 3937 3523 3995 Utrum
3554 3937 3745 3991 horum

2162 4034 2286 4089 fecit
2312 4034 2460 4089 illum
2509 4033 2722 4088 beatum
2779 4042 2835 4087 et
2886 4032 3258 4101 conspicuum,
3307 4029 3448 4100 quod
3498 4028 3745 4084 claudum

2159 4126 2409 4189 erexerit,
2435 4139 2503 4178 an
2524 4121 2666 4193 quod
2709 4121 2962 4193 pecunias
3007 4118 3333 4192 proiecerit?
3373 4118 3498 4174 llatc
3540 4117 3608 4172 ab
3636 4119 3757 4187 ipso-

2161 4216 2480 4288 agnnothcta
2521 4216 2689 4272 disce.
2720 4212 2859 4281 Quid
2887 4227 3015 4283 ergo
3038 4214 3115 4265 ait
3156 4210 3247 4266 ille
3293 4209 3443 4264 diviti
3488 4208 3748 4279 qua-renti

2164 4310 2322 4363 vitam
2369 4306 2670 4362 internum?
2725 4303 2841 4359 Non
2885 4303 3056 4367 dixit,
3114 4301 3346 4355 Claudos
3393 4300 3576 4370 erige;
3630 4299 3749 4367 sed,

2173 4401 2340 4456 Vende
2365 4415 2480 4473 quae
2493 4400 2660 4464 habes,
2686 4406 2733 4452 et
2756 4397 2824 4450 da
2847 4395 3168 4466 pauperibus,
3197 4402 3243 4446 et
3272 4394 3397 4451 veni.
3415 4408 3617 4460 sequere
3640 4406 3751 4444 me:

2165 4506 2209 4548 et
2237 4492 2438 4548 habebis
2459 4493 2748 4546 thesaurum
2768 4489 2822 4542 in
2848 4488 2983 4542 cretis
3006 4487 3025 4557 (
3052 4484 3177 4540 Luc.
3205 4483 3294 4540 18.
3316 4483 3408 4537 2'2.
3456 4481 3622 4537 Marc.
3656 4480 3747 4536 10.

2163 4590 2276 4660 21).
2308 4587 2376 4642 Et
2404 4588 2594 4642 Petrus
2616 4596 2827 4638 rursum
2857 4596 2962 4637 non
2984 4579 3138 4644 dixit,
3171 4576 3310 4632 Ecce
3331 4577 3383 4630 in
3411 4574 3628 4631 nomine
3661 4583 3753 4627 tuo

2165 4677 2426 4735 dmmonia
2453 4675 2717 4745 ejicimus,
2746 4671 2953 4726 etiamsi
2974 4671 3226 4739 ejiceret;
3259 4666 3376 4734 sed,
3399 4666 3529 4721 Ecce
3553 4664 3751 4736 reliquit-

2167 4785 2280 4823 mus
2311 4766 2498 4831 omnia,
2529 4775 2574 4818 ct
2612 4763 2810 4829 sequuti
2842 4778 3015 4815 sumus
3042 4771 3126 4824 te;
3166 4759 3287 4827 quid
3325 4774 3442 4829 ergo
3490 4758 3585 4812 erit
3608 4757 3751 4811 nobis

2167 4857 2379 4931 (Matth.
2410 4857 2499 4911 19.
2524 4852 2656 4926 27)?
2675 4851 2920 4907 Christus
2949 4865 3077 4905 vero
3101 4849 3224 4904 huic
3251 4848 3585 4918 respondens
3602 4889 3618 4915 ,
3644 4861 3752 4902 non

2167 4952 2323 5017 dixit,
2351 4949 2406 5005 Si
2436 4949 2557 5018 quis
2582 4945 2828 5001 claudum
2865 4943 3131 5005 erexerit;
3178 4941 3295 5006 sed,
3332 4941 3650 5009 Quicumque
3671 4955 3754 4994 res

2169 5042 2371 5112 liquerit
2401 5040 2578 5092 domos
2601 5046 2650 5091 et
2676 5051 2825 5105 agros
2855 5041 3059 5104 propter
3078 5047 3160 5085 me
3176 5040 3223 5085 et
3244 5029 3608 5103 Evanqetium,
3631 5044 3750 5082 cen-

2171 5133 2368 5204 tuplum
2392 5129 2599 5200 accipiet
2624 5128 2678 5180 in
2703 5126 2798 5179 hoc
2826 5124 3035 5187 stcculo,
3060 5133 3105 5178 et
3139 5123 3290 5175 vitam
3315 5130 3560 5175 (sternam
3586 5119 3753 5189 possi-

2170 5222 2481 5293 debitUbid.
2505 5236 2553 5276 υ.
2580 5217 2694 5289 29).
2726 5217 2789 5271 Ει
2809 5231 2907 5271 nos
2939 5229 3151 5284 quoque
3181 5214 3323 5268 hunc
3362 5212 3658 5275 imitemur,
3696 5219 3755 5265 ut

2172 5332 2276 5371 non
2308 5311 2728 5373 eonfundamur;
2761 5306 2854 5362 sed
2895 5321 3013 5360 cum
3054 5304 3244 5358 ﬁducia
3282 5302 3556 5358 adstemus
3584 5302 3753 5358 tribu-

2173 5406 2279 5462 nali
2302 5404 2523 5465 Christi,
2549 5401 2806 5469 illumque
2833 5396 3162 5451 attrahamus
3193 5400 3249 5447 ut
3272 5393 3343 5447 sit
3367 5392 3668 5465 nobiscum,
3699 5401 3754 5447 ut

2169 5505 2367 5553 etcum
2387 5490 2674 5562 discipulis
2698 5487 2801 5543 fuit
2822 5485 2958 5555 ;erit
2983 5483 3128 5540 enim
3156 5481 3443 5538 nobiscum
3466 5479 3614 5535 sicut
3629 5470 3754 5535 ciu

2170 5587 2283 5642 illis
2314 5583 2438 5651 fttit,
2450 5583 2496 5638 si
2516 5582 2640 5637 illos
2660 5578 2864 5633 imitari
2879 5576 3135 5638 velimus,
3155 5573 3489 5641 illorumque
3504 5570 3673 5624 vitam
3695 5575 3751 5622 et

2174 5676 2487 5732 institutum
2532 5666 2801 5726 aemulari.
2842 5665 3049 5720 llorutn
3090 5677 3254 5718 causa
3293 5662 3435 5718 Dens
3467 5666 3752 5715 coronatet

2177 5767 2456 5840 prtedicat,
2493 5778 2599 5818 non
2642 5760 2865 5830 exigens
2901 5767 2959 5811 ut
2995 5764 3270 5809 mortuum
3285 5753 3587 5810 susciteset
3604 5749 3754 5823 clau-
