4154 6324
1600 706 2009 799 SANCTl
2095 650 2514 790 mm
2585 630 3022 787 NOSTRI

820 895 1874 1207 JOANNIS
2028 990 3826 1190 CH‘BYSOSTOMI

1702 1412 2171 1463 ARCHIEPISCOPI
2215 1404 2945 1458 CONSTANTlNOPOLITANI

1238 1649 1877 1721 COMMENTARIUS
1936 1648 2019 1709 IN
2080 1647 2142 1708 S.
2207 1646 2265 1707 Μ

2377 1641 2698 1705 ’ΊἮΛΕΟΜ
2761 1636 3029 1703 EVANG
3040 1637 3408 1702 ELISTAM.

1800 2100 2139 2163 HOMll.l.\
2189 2097 2379 2158 XLV.
2425 2098 2508 2156 al.
2556 2090 2771 2151 XLVI.

696 2350 824 2404 Car.
864 2348 945 2401 l3.
979 2361 1008 2399 ν
1080 2342 1160 2398 10.
1204 2340 1269 2393 Et
1313 2336 1599 2391 accedentes
1639 2329 1875 2399 discipuli
1913 2326 2148 2380 dixerunt
2187 2335 2268 2373 et:

774 2442 944 2507 Quare
964 2440 1013 2489 iu
1038 2434 1293 2505 parabolis
1319 2429 1537 2498 loqueris
1563 2426 1672 2479 eis?
1730 2423 1815 2477 11.
1858 2418 1978 2489 Ipse
2000 2426 2166 2470 autem
2185 2430 2271 2469 re-

763 2528 1012 2598 spondens
1029 2526 1155 2578 dixit
1178 2526 1247 2576 eis
1267 2537 1286 2575 :
1309 2521 1441 2585 Quia
1467 2516 1601 2571 vobis
1626 2515 1802 2567 datum
1820 2520 1892 2565 est
1921 2523 2066 2563 nosse
2086 2513 2271 2578 myste-

765 2624 843 2675 ria
892 2620 1030 2689 rr-gui
1068 2617 1328 2681 ctelorum,
1359 2611 1462 2665 illis
1492 2618 1657 2662 autem
1682 2622 1785 2659 non
1805 2604 1979 2656 datum
1998 2609 2094 2655 est.

770 2714 820 2766 1.
868 2709 1242 2777 Discipulorum
1298 2701 1565 2772 prudentia
1598 2707 1640 2752 et
1678 2697 1882 2749 caritas.
1912 2692 2145 2745 Liberum
2183 2705 2270 2742 ar-

696 2804 898 2858 bitrium
928 2817 1014 2872 per
1034 2799 1249 2870 gratiam
1274 2812 1373 2849 non
1397 2794 1608 2847 tollitur.
1655 2818 1725 2830 —
1766 2785 1893 2841 Jure
1944 2784 2273 2839 admiremur

694 2895 1002 2963 discipulos,
1025 2891 1163 2961 quod
1187 2886 1424 2943 discendi
1454 2882 1650 2953 cupidi,
1683 2880 1853 2935 sciant
1872 2876 2082 2949 quando
2107 2876 2271 2929 inter-

697 2985 986 3058 rogandum
1023 2984 1112 3037 sit‘.
1153 2981 1267 3034 Non
1294 2978 1435 3033 enim
1459 2973 1707 3031 omnibtts
1736 2967 2088 3042 prmsentibus
2114 2965 2165 3020 id
2196 2965 2271 3017 la-

696 3082 872 3135 eiunl:
916 3074 1058 3146 quod
1088 3070 1365 3127 Matthazus
1390 3070 1460 3123 ita
1488 3064 1833 3137 signiﬁcavit:
1872 3060 1933 3115 Et
1957 3059 2265 3113 accedeutes.

700 3170 810 3224 lloc
859 3179 1019 3235 porro
1047 3178 1150 3218 non
1187 3175 1249 3215 ex
1292 3158 1592 3227 conjectura
1610 3155 1762 3210 dico:
1813 3151 2027 3206 Marcus-
2047 3148 2187 3204 enim
2219 3146 2270 3200 id

697 3261 892 3315 clarius
920 3255 1187 3318 indicavit,
1213 3267 1335 3306 cum
1364 3250 1439 3303 ait
1484 3249 1626 3319 ipsos
1650 3245 1873 3300 seorsim
1902 3242 1968 3296 ad
1989 3241 2134 3295 illum
2174 3254 2262 3292 ac-

696 3351 922 3405 cessisse
948 3346 1139 3415 (Marc.
1169 3344 1221 3399 4.
1251 3341 1366 3406 10).
1414 3338 1502 3394 Sic
1528 3347 1581 3393 et
1607 3344 1829 3391 m-trem
1858 3343 1911 3387 et
1936 3330 2126 3386 fratres
2152 3329 2269 3398 ejus

699 3441 875 3495 facere
901 3435 1157 3496 decebat,
1189 3445 1295 3486 non
1326 3443 1514 3484 vocare
1554 3426 1715 3490 foras,
1744 3432 1799 3477 et
1827 3436 1947 3485 sese
1960 3428 2265 3475 ostentare.

700 3529 974 3600 Perpende
994 3536 1168 3582 autem
1199 3502 1473 3580 caritatem
1505 3520 1763 3588 ipsorum,
1791 3524 2041 3587 quantam
2070 3514 2271 3569 scilicet

697 3627 919 3678 aliorum
947 3636 1126 3676 curam
1156 3623 1361 3688 gerant,
1389 3630 1450 3669 ac
1474 3612 1620 3683 prius
1637 3625 1754 3681 qua:
1770 3609 1835 3664 ad
1862 3609 1983 3663 illus
2002 3608 2268 3677 pertinent

697 3720 959 3783 quaerant,
990 3708 1183 3764 deinde
1210 3722 1324 3760 sua.
1358 3705 1480 3770 Cur,
1510 3702 1752 3771 inquiunt
1771 3742 1787 3767 ,
1830 3700 1881 3752 iu
1905 3694 2157 3769 parabolis
2187 3694 2265 3748 lo-

696 3807 860 3876 queris
889 3804 955 3857 ad
978 3802 1099 3857 eos?
1121 3800 1235 3856 Non
1261 3799 1527 3864 dixerunt,
1567 3795 1677 3848 Cur
1710 3794 1758 3846 in
1793 3789 2055 3861 parabolis
2086 3789 2265 3856 loque-

696 3898 769 3951 ris
795 3896 988 3951 nobis?
1028 3894 1155 3948 Nam
1185 3902 1238 3948 et
1265 3891 1387 3946 alibi
1411 3904 1552 3958 stupe
1572 3886 1818 3953 videntur
1850 3884 1989 3938 bono
2020 3896 2139 3937 esse
2166 3895 2256 3935 er-

695 4005 756 4058 ga
780 4002 962 4043 omnes
988 3985 1175 4040 affectu
1201 4001 1216 4048 ;
1245 3992 1303 4039 ut
1330 3996 1450 4037 cum
1472 3980 1676 4041 dicunt,
1709 3976 1911 4030 Dimitte
1944 3973 2112 4027 turbas
2139 3987 2157 4035 ;
2186 3980 2263 4034 et,

694 4081 805 4135 Scis
824 4077 956 4149 quod
978 4074 1323 4128 scaudalisati
1344 4074 1442 4123 sint
1468 4069 1614 4139 (Luc.
1634 4070 1685 4119 9.
1715 4066 1797 4117 12.
1819 4063 2003 4116 Matth.
2036 4060 2251 4127 15.12).

698 4168 835 4234 Quid
892 4181 1019 4235 ergo
1066 4163 1349 4219 Christus?
1401 4160 1537 4225 Quia
1585 4158 1722 4211 uobis
1757 4157 1939 4209 datum
1991 4163 2064 4207 est
2111 4168 2257 4205 nosse

703 4260 1008 4329 mysterium
1040 4256 1181 4325 regni
1216 4254 1457 4308 caelorum
1482 4268 1499 4305 :
1523 4252 1627 4305 illis
1651 4260 1824 4301 autent
1847 4248 2029 4299 datum
2053 4260 2155 4297 non
2182 4253 2271 4297 est.

699 4348 829 4403 Illud
862 4358 1036 4401 autem
1057 4343 1209 4408 dixit,
1239 4358 1343 4395 non
1371 4339 1741 4394 necessitatem
1762 4334 2017 4388 inducens
2040 4373 2055 4394 ,
2097 4345 2267 4401 neque

696 4450 894 4495 sortem
924 4435 1203 4506 quamdam
1234 4442 1436 4487 temere
1462 4439 1515 4484 et
1534 4427 1847 4496 simpliciter
1869 4425 2122 4486 missam;
2171 4420 2263 4475 sed

694 4528 981 4584 ostendens
1004 4526 1146 4594 ipsos
1176 4524 1273 4577 sibi
1301 4536 1513 4576 causam
1536 4532 1657 4573 esse
1678 4513 1986 4583 malurum‘,
2010 4522 2067 4567 ut
2090 4511 2280 4588 declaj

696 4631 797 4680 ret,
831 4619 1027 4671 dmmm
1054 4615 1182 4669 illud
1210 4629 1327 4669 esse
1353 4655 1366 4676 ,
1408 4620 1461 4666 et
1505 4610 1729 4679 gratiam
1787 4620 2015 4673 superne
2066 4604 2262 4657 datam.

696 4709 877 4777 Neque
897 4716 1071 4759 tamen
1092 4704 1211 4772 quia
1241 4701 1437 4755 donum
1455 4709 1557 4763 est,
1589 4697 1708 4750 ideo
1732 4696 1959 4750 liberum
1987 4692 2262 4748 arbitrium

694 4808 777 4853 est
804 4797 1066 4852 sublatum
1088 4812 1100 4846 :
1132 4792 1182 4847 id
1201 4791 1339 4860 quod
1361 4806 1423 4845 ex
1441 4788 1783 4857 sequentibus
1807 4784 2140 4839 manifestum
2163 4793 2262 4838 est.

703 4890 833 4944 \‘ide
863 4889 1019 4959 igitur
1047 4881 1352 4955 quomodo,
1385 4891 1441 4934 nt
1486 4895 1654 4949 neque
1700 4878 1772 4931 illi
1818 4878 2119 4944 desperent,
2174 4889 2266 4930 ne-

696 4998 799 5051 que
829 4981 880 5034 hi
910 4980 1234 5048 negligenter
1259 4982 1437 5044 agant.
1458 4971 1735 5027 audientes
1768 4968 1891 5023 illud
1917 4968 2097 5023 datum
2120 4982 2261 5031 esse,

694 5086 856 5141 penes
883 5085 979 5121 nos
1009 5082 1127 5123 esse
1152 5065 1359 5120 initium
1389 5062 1549 5117 dicat.
1581 5062 1666 5117 l2.
1702 5061 2012 5128 Quicumque
2028 5061 2155 5113 enim
2173 5058 2265 5111 Ita-

694 5164 791 5225 ὁτι,
820 5157 1090 5212 dabiturei
1116 5197 1129 5219 ,
1180 5164 1227 5209 ct
1272 5151 1582 5207 abundabit:
1625 5152 1920 5220 quicumque
1963 5159 2126 5202 autent
2166 5164 2265 5202 non

697 5255 860 5316 habet,
887 5260 929 5303 et
972 5248 1106 5316 quod
1148 5247 1345 5301 videtur
1380 5244 1558 5299 habere
1590 5248 1843 5313 auferetur
1871 5242 1933 5296 ab
1973 5258 2049 5295 eo.
2105 5240 2263 5315 Multa

696 5343 1019 5395 obscuritate
1075 5340 1285 5408 plenum
1318 5346 1400 5391 est
1430 5336 1479 5391 id
1502 5336 1640 5405 quod
1670 5335 1865 5389 dicitur
1884 5376 1898 5397 ,
1924 5332 2268 5387 ineffabilem-

698 5451 799 5501 que
819 5432 1073 5502 justitiam
1107 5428 1357 5485 ostendit.
1390 5428 1503 5483 llue
1532 5437 1706 5481 autem
1737 5425 1997 5497 SnglﬁCM
2026 5441 2039 5477 :
2094 5424 2151 5477 Ei
2176 5423 2262 5491 qui

758 5613 770 5639 ι
812 5607 1116 5679 aliiltabent,
1142 5604 1225 5655 sed
1250 5606 1496 5679 ostemlqns
1517 5602 1644 5664 ipsos
1667 5603 1757 5655 sibi
1778 5602 1893 5667 ipsis
1917 5614 2007 5654 non
2027 5598 2268 5653 attenden-

692 5679 762 5719 trs
780 5668 986 5719 aetatium
1010 5681 1111 5718 esse
1135 5680 1327 5717 causam
1349 5668 1601 5718 malorum.

2386 2317 2651 2374 desiderio
2671 2328 2717 2373 et
2744 2316 2917 2371 studio
2940 2315 3125 2384 plenus
3152 2324 3251 2379 est,
3276 2315 3540 2371 dabuntur
3562 2332 3590 2371 a
3622 2318 3729 2373 Deo
3746 2320 3959 2373 omnia:

2382 2410 2430 2465 ei
2476 2424 2603 2464 vero
2630 2410 2717 2479 qui
2747 2407 2829 2462 bis
2858 2422 3053 2463 vacuus
3083 2416 3201 2472 est,
3255 2423 3354 2462 nec
3404 2422 3465 2461 ea
3513 2424 3630 2479 qua:
3672 2425 3835 2480 penes
3892 2427 3961 2466 se

2380 2509 2503 2553 sunt
2532 2498 2690 2562 facit,
2739 2513 2911 2567 neque
2937 2512 2999 2553 ea
3030 2511 3148 2566 qua:
3177 2512 3204 2549 a
3242 2497 3349 2551 Deo
3375 2505 3496 2552 sunt
3544 2498 3810 2554 dabuntur
3854 2501 3958 2553 illi.

2380 2591 2528 2654 Nam,
2580 2590 2645 2645 Et
2682 2590 2817 2659 quod
2843 2589 3033 2644 videtur
3059 2590 3261 2655 habere,
3282 2589 3472 2659 inquit,
3496 2595 3756 2661 auferetur
3775 2593 3836 2645 ab
3856 2608 3919 2645 eo
3940 2611 3961 2647 .'

2381 2700 2485 2737 non
2516 2684 2623 2737 Deo
2649 2682 2946 2746 auferente,
2969 2682 3061 2736 sed
3083 2696 3177 2735 sua
3206 2696 3309 2735 non
3329 2683 3623 2751 praebente.
3646 2682 3758 2737 Iloc
3775 2693 3830 2738 et
3853 2699 3961 2739 nos

2380 2774 2631 2829 facimus:
2667 2790 2787 2830 cum
2812 2775 3048 2829 ridemus
3071 2773 3351 2843 quemdam
3373 2758 3605 2845 segniter
3628 2775 3964 2842 audientem.

2380 2877 2433 2923 et
2451 2868 2663 2922 monitis
2688 2868 2868 2922 multis
2895 2882 2999 2921 non
3020 2867 3399 2931 attendentem,
3429 2868 3647 2922 sitemus
3676 2868 3963 2937 deinceps.

2378 2960 2509 3015 Nam
2534 2961 2577 3014 si
2607 2975 2827 3016 monere
2878 2974 3192 3030 pergamus,
3233 2974 3455 3030 augetur
3478 2961 3748 3030 segnities.
3797 2962 3966 3030 Cimi-

2378 3052 2501 3107 dum
2526 3062 2699 3107 autem
2727 3052 2966 3107 discendi
2988 3052 3323 3115 attraltitnus,
3352 3052 3625 3123 multaque
3654 3055 3814 3108 verba
3838 3054 3966 3109 fun-

2382 3146 2577 3202 dimus.
2607 3147 2835 3202 Pulchre
2856 3162 2983 3201 vero
3004 3146 3155 3209 dixit,
3182 3145 3247 3201 Et
3272 3148 3406 3216 quod
3425 3148 3617 3200 videtur
3636 3148 3832 3200 habere.
3850 3148 3934 3202 Ne
3953 3178 3967 3192 -

2379 3256 2483 3308 que
2505 3241 2641 3292 enim
2668 3239 2769 3294 line
2791 3241 2958 3307 ipsum
2983 3238 3162 3294 habet.
3196 3239 3398 3295 Deinde
3427 3240 3541 3295 hinc
3560 3240 3784 3294 clariora
3832 3241 3965 3294 efli-

2379 3330 2445 3383 cit
2475 3371 2488 3393 ,
2522 3330 2809 3383 ostendens
2846 3328 2967 3398 qttid
2987 3328 3221 3396 sitillud,
3244 3329 3465 3384 Habenti
3483 3330 3704 3395 dabitur,
3738 3329 3818 3383 his
3840 3346 3967 3384 rer-

2380 3422 2459 3475 bis
2481 3439 2493 3473 :
2538 3420 2610 3473 Ab
2636 3438 2693 3473 eo
2720 3430 2886 3474 autem
2907 3422 2994 3489 qui
3015 3438 3113 3474 non
3130 3420 3294 3477 habet.
3322 3431 3367 3475 et
3394 3422 3529 3490 quod
3559 3422 3754 3475 videtur
3774 3422 3969 3477 habere

2378 3519 2634 3583 auferetur
2652 3513 2712 3566 ab
2742 3530 2817 3565 eo.
2854 3514 2937 3567 l5.
2965 3510 3089 3565 Ideo
3108 3554 3122 3575 ,
3154 3513 3319 3582 inquit
3345 3555 3358 3577 ,
3387 3515 3439 3566 in
3476 3512 3732 3583 parabolis
3780 3513 3970 3582 loquar

2377 3605 2501 3671 ipsis
2522 3644 2535 3667 ,
2584 3603 2701 3671 quia
2721 3602 2938 3656 videntes
2962 3619 3061 3655 nou
3084 3602 3267 3656 uident.
3303 3596 3460 3672 Atqui
3514 3602 3784 3672 aperiendi
3812 3643 3825 3663 ,
3876 3602 3969 3656 in-

2375 3700 2543 3767 quies,
2580 3698 2810 3766 ipson-nm
2841 3694 2977 3749 oculi
3004 3704 3175 3759 erant,
3208 3696 3251 3749 si
3276 3692 3630 3749 nonvi'deaut.
3665 3695 3857 3749 Verum
3913 3699 3963 3751 si

2377 3784 2644 3842 exnat'ura
2665 3786 3022 3847 cmeitaserat,
3069 3786 3278 3854 aperire
3322 3785 3637 3855 oportebat;
3665 3784 3783 3854 quia
3829 3800 3965 3838 rem

2376 3879 2667 3933 voluntaria
2695 3878 2924 3944 cmeitas,
2947 3877 3066 3933 ideo
3087 3892 3192 3931 non
3224 3876 3531 3945 simpliciter
3552 3874 3709 3928 dixit.
3734 3873 3849 3928 Non
3881 3877 3965 3927 vi-

2376 3970 2522 4034 dent;
2547 3970 2661 4031 sed.
2689 3967 2924 4022 Videntes
2945 3984 3045 4021 non
3064 3966 3255 4029 vident;
3279 3967 3347 4019 ita
3366 3973 3497 4019 utex
3518 3978 3701 4018 eorum
3719 3965 3960 4032 nequitia

2374 4060 2585 4115 cmcitas
2607 4061 2695 4114 sit.
2729 4059 2982 4115 Viderunt
2998 4062 3138 4127 enim
3157 4058 3427 4112 dmmonas
3448 4069 3715 4125 egressos,
3739 4065 3792 4109 et
3812 4056 3965 4110 dice-

2378 4155 2533 4208 bant:
2556 4152 2577 4206 1
2587 4171 2616 4206 n
2635 4152 2901 4207 Beelzebub
2929 4153 3152 4223 principe
3176 4150 3538 4204 damwuiorum
3554 4148 3690 4217 ejicil
3702 4147 3962 4201 dtemouia

2377 4247 2589 4324 (Matth.
2618 4247 2670 4303 9.
2691 4245 2803 4315 51).
2825 4245 3114 4299 Audierant
3134 4242 3279 4296 illum
3295 4241 3440 4308 ipsos
3454 4240 3564 4294 Deo
3576 4238 3957 4305 adducentem,

2375 4349 2563 4392 etcum
2584 4337 2693 4390 Deo
2708 4350 2952 4405 magnum
2966 4346 3282 4387 consensum
3300 4329 3661 4389 exhibentem,
3679 4339 3732 4383 et
3748 4328 3962 4386 dicunt:

2380 4428 2476 4481 Hic
2496 4444 2595 4481 non
2616 4437 2687 4480 est
2711 4442 2774 4481 ex
2799 4426 2920 4479 Deo.
2944 4423 3078 4491 Quia
3101 4422 3260 4492 igitur
3279 4421 3540 4476 contraria
3561 4427 3617 4475 et
3632 4419 3757 4474 visis
3784 4427 3839 4474 et
3858 4434 3965 4473 au-

2375 4520 2498 4575 ditis
2526 4513 3281 4584 exltibebant,ldeo,inquit,et
3298 4513 3467 4566 visum
3490 4519 3542 4566 et
3559 4510 3796 4565 auditum
3823 4512 3968 4581 ipsis

2375 4610 2575 4664 aufero.
2606 4607 2745 4661 Nihil
2766 4607 2907 4661 enim
2938 4605 3062 4658 hinc
3102 4603 3205 4657 illis
3231 4601 3349 4672 plus
3364 4600 3589 4665 accedit,
3634 4601 3734 4655 nisi
3784 4602 3967 4669 major

2376 4699 2666 4754 damnatio.
2690 4697 2804 4751 Non
2834 4695 2992 4751 modo
3018 4694 3161 4749 enim
3190 4708 3293 4747 non
3318 4690 3609 4747 credebant
3636 4732 3650 4755 ,
3680 4688 3773 4745 sed
3792 4691 3964 4745 etiam

2376 4791 2738 4861 increpabant,
2764 4787 3079 4843 accusabant
3100 4828 3115 4850 ,
3150 4784 3371 4839 insidias
3427 4782 3724 4837 struebant.
3755 4780 3964 4837 Verum

2372 4899 2480 4940 non
2513 4883 2614 4937 hoc
2646 4882 2803 4945 dicit;
2844 4894 2948 4933 non
2988 4878 3100 4931 vult
3149 4875 3292 4930 enim
3342 4887 3603 4929 onerosus
3650 4873 3969 4929 accusando

2375 4990 2519 5032 esse.
2548 4974 2699 5027 Initio
2721 4973 2914 5041 quippe
2951 4985 3055 5023 non
3080 4968 3157 5022 sic
3185 4981 3305 5022 cum
3339 4966 3444 5020 illis
3482 4963 3814 5027 disserebat,
3856 4966 3963 5018 sed

2373 5084 2494 5123 mm
2528 5080 2712 5133 magna
2742 5061 3154 5132 perspicuitate:
3201 5057 3322 5127 quia
3369 5070 3494 5110 vero
3524 5068 3644 5109 sese
3674 5062 3965 5122 perverte-

2375 5158 2522 5219 bant,
2548 5157 2600 5210 in
2630 5153 2894 5224 parabolis
2924 5149 3139 5204 demum
3198 5148 3451 5215 loquitur.
3502 5142 3704 5198 Deinde
3738 5156 3806 5197 ne
3835 5146 3972 5210 quis

2377 5256 2587 5319 putaret
2617 5246 2729 5300 haec
2774 5260 2867 5312 per
2892 5241 3212 5296 calumniam
3252 5238 3385 5299 dici.
3433 5250 3529 5290 nec
3554 5234 3794 5289 dicereut
3840 5233 3919 5287 illi
3956 5256 3969 5290 :

2378 5341 2624 5397 Inimicus
2651 5349 2831 5393 noster
2858 5344 2941 5390 est
2969 5336 3011 5388 is
3043 5336 3132 5401 qui
3164 5331 3494 5392 criminatur,
3523 5327 3833 5397 prophetam
3865 5329 3965 5380 ad.

2378 5433 2728 5490 duciteadem
2754 5433 2862 5498 ipsa
2895 5427 3275 5497 proferentem.
3326 5424 3410 5476 li.
3445 5420 3698 5485 lmpletttr
3724 5418 3858 5471 enim
3910 5423 3970 5471 in

2379 5534 2521 5603 ipsis,
2556 5528 2745 5598 inquit,
2777 5523 3041 5594 prophetia
3068 5520 3221 5573 Isaia:
3242 5518 3412 5569 din‘ns
3439 5532 3453 5565 :
3482 5516 3667 5567 Audita
3695 5511 3921 5563 audietis
3954 5554 3971 5573 ,

2378 5599 2422 5680 et
2465 5641 2563 5678 non
2611 5618 2750 5674 iutell
2772 5617 2934 5685 grtis,‘
2963 5624 3006 5667 ct
3035 5613 3141 5665 risu
3186 5607 3468 5681 percipielis
3487 5646 3500 5665 ,
3536 5614 3577 5656 ct
3605 5620 3702 5655 nou
3732 5599 3975 5654 uidebitis
