4154 6324
1141 307 1202 363 ΙΝ
1244 303 1652 361 .llAT'l‘ilJEUll
1696 301 1779 356 ΗΟ

1887 336 1925 355 λ.
1974 301 2131 356 XLV.
2175 302 2246 356 al.
2292 301 2474 357 XLVI.
3368 304 3466 358 1:74

1872 432 1976 470 non
2029 416 2190 470 modo
2241 415 2412 470 futura
2459 415 2678 482 vidisse,
2709 415 2801 469 sed
2835 415 2995 469 etiam
3029 414 3182 469 valde
3210 418 3469 486 Cotttutti-

1866 510 2046 564 visse?
2076 508 2260 578 Neque
2289 509 2336 563 si
2374 509 2533 563 alieni
2561 507 2669 572 dei,
2702 515 2757 562 et
2799 507 2923 562 huic
2952 507 3209 562 contrarii
3235 508 3474 562 cultores

1869 604 2115 669 fuissent,
2147 602 2200 656 id
2226 601 2642 656 desiderassent.
2670 601 2758 656 18.
2787 599 2888 654 Vos
2915 616 3052 666 vero,
3080 599 3272 670 inquit,
3293 600 3474 668 quibus

1866 697 1920 755 id
1950 697 2123 750 datum
2151 705 2241 760 est,
2272 696 2447 750 audite
2472 694 2769 764 parabolam
2815 680 3148 758 seminantis;
3195 703 3243 750 et
3292 703 3476 748 narrat

1866 805 1928 844 ea
1960 806 2079 859 qum
2127 805 2287 858 supra
2337 789 2593 851 diximus.
2625 790 2694 844 de
2725 788 2951 858 segnitie
2999 797 3053 843 ct
3079 789 3376 859 diligentia,
3407 789 3477 843 de

1869 896 2010 938 metu
2040 893 2092 938 et
2126 882 2458 948 fortitudine,
2485 883 2552 937 de
2579 875 2863 937 divitiis’ct
2895 891 3210 951 paupertate
3238 901 3249 936 :
3285 891 3475 936 osten-

1867 975 2002 1028 dens
2015 985 2068 1028 et
2082 973 2333 1028 damnum
2359 972 2482 1028 inde
2500 982 2554 1027 et
2575 973 2858 1026 utilitatem
2882 971 3006 1026 hinc
3031 985 3254 1041 partam.
3276 971 3478 1028 Deinde

1867 1067 2047 1120 varios
2087 1064 2291 1119 inducit
2334 1063 2548 1118 virtutis
2588 1063 2796 1117 modos.
2830 1062 2963 1117 Nam
3010 1062 3320 1117 misericors
3347 1079 3470 1116 cum

1869 1157 1957 1220 sit,
1987 1173 2093 1211 non
2138 1172 2299 1210 unam
2347 1156 2558 1224 aperuit
2587 1155 2760 1221 viam,
2792 1169 2969 1224 neque
3012 1153 3169 1221 dixit,
3204 1153 3317 1220 Nisi
3357 1156 3479 1223 quis

1868 1248 2221 1303 eeutesimum
2273 1247 2503 1302 fructmn
2552 1245 2772 1311 fecerit,
2825 1246 2870 1300 is
2921 1245 3157 1311 decidit;
3212 1245 3330 1311 sed,
3377 1245 3479 1311 Qui

1867 1343 2292 1408 sexagesimum,
2343 1339 2452 1392 imo
2499 1338 2589 1407 qui
2641 1337 2975 1406 trigesimum
3029 1335 3255 1402 fecerit,
3299 1336 3481 1391 salvus

1870 1431 1987 1486 erit.
2026 1429 2160 1486 lllud
2183 1441 2366 1485 autem
2397 1431 2476 1484 sic
2500 1429 2785 1501 disposuit,
2818 1440 2872 1483 ut
2896 1429 3102 1484 facilior
3131 1429 3215 1483 via
3245 1429 3311 1484 ad
3339 1431 3482 1483 salu-

1873 1533 1980 1578 tem
2003 1533 2165 1578 esset.
2189 1523 2254 1577 Et
2283 1533 2335 1576 tu
2362 1538 2489 1592 ergo
2519 1537 2624 1596 non
2656 1530 2810 1592 potes
2841 1522 3200 1592 virginitatem
3224 1523 3480 1577 scrvare?

1871 1618 2028 1672 Caste
2065 1617 2392 1671 connubium
2435 1617 2602 1670 ineas.
2637 1615 2751 1669 Non
2787 1623 2938 1684 potes
2966 1630 3089 1670 esse
3117 1616 3232 1668 sine
3264 1629 3483 1686 posses-

1871 1712 2067 1766 sione?
2124 1711 2202 1765 De
2251 1711 2406 1765 bonis
2459 1710 2563 1764 tuis
2608 1710 2824 1777 largire.
2855 1709 2971 1762 Non
3024 1719 3175 1776 potes
3217 1707 3318 1761 hoc
3347 1721 3484 1762 unus

1873 1802 2053 1858 ferre?
2097 1801 2231 1856 Cum
2259 1800 2471 1856 Christo
2499 1801 2638 1855 bona
2677 1800 2874 1855 divide.
2918 1800 3034 1854 Non
3088 1801 3166 1854 vis
3212 1799 3313 1869 ipsi
3351 1800 3482 1853 dare

221 335 296 390 i725

219 443 356 516 (lini.
379 437 471 493 6.9
496 435 530 506 ).
561 430 748 486 Viden‘
773 440 930 498 quant
958 433 1202 480 accurate
1235 421 1492 491 propheta
1535 426 1755 472 accuset

221 507 352 594 illus?
376 530 538 598 Neque
564 524 708 578 enim
728 523 841 590 ipsc
867 518 1018 581 dixit,
1049 515 1163 569 Non
1193 513 1384 568 videtis
1410 530 1423 576 ;
1475 511 1569 565 sed
1592 551 1604 572 ,
1671 507 1759 561 γε,

217 626 377 686 debitis,
405 632 443 674 et
470 633 564 670 non
591 613 843 668 videbitis‘
872 626 886 674 ;
940 623 1113 676 neque
1138 606 1304 669 dixit,
1340 604 1457 658 Non
1480 601 1708 656 audietis
1741 616 1755 665 ;

218 718 288 773 sed
311 758 324 781 ,
359 709 584 770 Audistis,
618 715 665 759 et
705 721 804 758 non
841 700 1150 769 intelligetis.
1183 697 1378 764 Quare
1401 694 1498 763 ipsi
1555 695 1759 762 scipsos

219 810 356 877 primo
378 800 728 860 excluserunt,
749 807 904 847 aures
931 792 1267 851 obturantes,
1297 787 1484 842 oculos
1506 785 1760 839 clauden-

215 911 296 958 tes,
317 909 397 948 cor
422 891 763 943 nbdurantes.
798 884 914 938 Non
947 882 1108 936 modo
1129 880 1270 934 enim
1296 895 1398 932 non
1437 877 1760 941 audiebant,

213 989 285 1042 sed
311 995 357 1040 ct
387 983 464 1038 15.
489 980 719 1034 Graviter
743 975 1053 1036 audiebant;
1110 971 1268 1040 idque
1298 968 1620 1029 faciebant',
1677 968 1760 1019 in-

211 1080 335 1149 quit,
366 1072 635 1138 Nequando
664 1075 1039 1129 convertantur,
1087 1073 1132 1116 et
1180 1079 1352 1118 sanam
1405 1077 1527 1125 cos;
1587 1060 1761 1113 inten-

214 1186 304 1225 sam
329 1170 521 1222 illorum
555 1161 846 1233 nequitiam
880 1157 1159 1224 indicans,
1188 1153 1600 1210 etaversionem
1648 1161 1758 1205 stu-

212 1263 284 1315 dio
312 1269 549 1330 paratam.

265 1351 309 1404 2,
350 1348 538 1402 Domini
585 1342 928 1398 misericordia
972 1341 1025 1394 in
1072 1338 1307 1394 Juda'os.
1356 1335 1630 1391 Peccatum
1663 1351 1763 1388 non

209 1458 259 1495 es:
274 1449 435 1493 natura
453 1446 541 1497 est,
563 1444 651 1488 aut
681 1449 745 1487 ea:
771 1432 1078 1486 necessitate.
1101 1460 1172 1471 —
1199 1430 1311 1484 Hoc
1327 1437 1507 1483 autem
1528 1427 1676 1487 dicit,
1708 1433 1766 1479 ut

209 1534 306 1585 illos
331 1528 547 1583 attrahat
574 1525 885 1592 incitetque,
912 1530 968 1578 et
992 1520 1261 1586 ostendat,
1285 1519 1328 1572 si
1355 1526 1762 1580 convertantur,

207 1638 256 1678 se
292 1623 422 1689 ipsos
447 1626 758 1672 sanaturum
791 1629 911 1668 esse
942 1629 956 1667 :
989 1627 1052 1666 ac
1079 1612 1122 1666 si
1154 1611 1275 1681 quis
1317 1608 1542 1672 diceret,
1586 1605 1766 1660 Noluit

208 1727 277 1765 me
312 1711 496 1774 videre,
531 1718 584 1762 et
614 1706 841 1776 gratiam
890 1703 1104 1758 habeo:
1136 1717 1258 1756 nam
1308 1701 1352 1755 si
1385 1715 1471 1754 me
1516 1699 1765 1768 dignatus

209 1802 386 1865 fuisset,
405 1799 578 1853 statim
608 1795 902 1851 ﬂectendus
922 1809 1090 1848 eram.
1113 1793 1224 1847 Hoc
1250 1805 1410 1862 porro
1431 1791 1560 1846 dicit
1584 1798 1766 1844 osten-

206 1891 320 1946 dens
345 1887 604 1960 quomodo
631 1885 1008 1942 reconciliatus
1048 1883 1255 1938 fuisset.
1288 1880 1376 1936 Sic
1405 1890 1461 1936 et.
1501 1880 1602 1934 hoc
1644 1880 1765 1934 loco

208 1985 301 2038 sit:
335 1981 616 2050 Nequando
655 1987 1030 2042 convertantur,
1063 1984 1108 2029 et
1131 1990 1304 2029 sartem
1325 1989 1408 2027 eos
1427 1989 1446 2036 ;
1476 1970 1768 2026 ostendens

207 2089 346 2144 posse
366 2073 478 2127 illos
501 2071 767 2136 converti,
785 2079 840 2125 et
867 2084 961 2138 per
987 2066 1355 2137 paenitentiam
1379 2063 1603 2118 salutem
1631 2078 1768 2117 con.

206 2165 335 2232 sequi
365 2182 377 2216 :
425 2177 591 2232 seque
618 2176 725 2216 non
753 2160 819 2215 ad
847 2159 1069 2230 gloriam
1101 2172 1274 2222 suam,
1304 2154 1399 2209 sed
1442 2153 1509 2208 ad
1553 2153 1766 2207 illorum

205 2254 404 2307 salutem
446 2253 625 2306 omnia
658 2251 850 2306 facere.
903 2249 960 2304 Si
1003 2249 1145 2304 enim
1177 2247 1436 2301 noluisset
1462 2259 1557 2299 eos
1582 2243 1767 2297 audire

205 2354 250 2398 et
273 2344 486 2408 servari,
523 2345 684 2399 silere
711 2342 1012 2411 Oportebat,
1050 2356 1155 2394 non
1203 2339 1255 2394 in
1289 2337 1557 2408 parabolis
1587 2337 1764 2405 loqui:

204 2451 326 2490 nunc
347 2443 518 2489 autem
548 2434 650 2488 hoc
671 2434 786 2503 ipso
809 2431 992 2487 incitat
1009 2431 1147 2497 illos,
1167 2428 1308 2499 quod
1331 2428 1561 2482 obscure
1587 2428 1769 2494 loqua-

206 2534 295 2578 tur.
321 2524 444 2578 Nam
489 2525 632 2579 Deus
676 2540 779 2577 non
825 2523 930 2576 vult
973 2529 1181 2574 mortem
1227 2519 1543 2588 peccatoris;
1581 2517 1669 2570 sed
1717 2524 1770 2570 ut

201 2626 498 2681 convertatur
520 2626 570 2669 et
594 2616 725 2669 vivat
762 2613 972 2684 (Ezecli.
1002 2614 1090 2667 18,
1121 2612 1232 2678 23).
1265 2610 1417 2676 Quod
1445 2619 1620 2664 autem
1649 2623 1773 2678 pec-

202 2716 356 2760 catum
387 2723 490 2761 non
520 2723 586 2761 ex
619 2715 808 2760 natura
835 2705 904 2758 sit
931 2712 1021 2758 aut
1046 2719 1112 2758 ex
1142 2701 1458 2757 necessitate
1487 2709 1542 2754 et
1570 2699 1774 2753 violen-

204 2800 280 2859 tia,
307 2798 423 2852 audi
449 2798 577 2868 quid
609 2797 866 2866 apostolis
895 2795 1038 2849 dicat
1067 2813 1080 2850 :
1114 2794 1201 2849 16.
1249 2791 1410 2845 Vestri
1434 2799 1600 2843 autem
1640 2789 1770 2844 beati

202 2890 338 2954 oculi,
363 2890 479 2958 quia
504 2888 697 2955 vident,
720 2897 766 2940 et
787 2902 955 2948 aures,
984 2885 1104 2954 quia
1143 2883 1398 2944 audiunt;
1429 2897 1533 2934 non
1562 2880 1629 2935 de
1655 2880 1774 2934 visu

203 2979 271 3030 vel
316 2978 492 3034 auditu
536 2978 778 3046 corporis
831 2976 1072 3044 loquens,
1107 2974 1200 3029 sed
1230 2972 1306 3035 ,αθ
1343 2972 1460 3025 visu
1497 2981 1549 3024 et
1591 2969 1774 3023 auditu

203 3069 396 3122 mentis.
440 3070 614 3124 Judaei
645 3069 787 3123 enim
814 3069 977 3122 etiam
1025 3065 1078 3120 hi
1107 3073 1278 3129 erant,
1313 3073 1473 3133 atque
1502 3063 1552 3116 in
1585 3060 1774 3116 iisdem

203 3160 390 3214 educati
419 3180 432 3215 :
464 3162 595 3232 ipsis
622 3172 798 3215 tamen
829 3160 961 3214 nihil
993 3159 1178 3213 nocuit
1201 3156 1499 3225 prophetia,
1524 3156 1643 3224 quia
1675 3153 1775 3207 bo-

201 3266 374 3304 norum
416 3253 654 3306 radicem
690 3251 956 3305 habebant
987 3260 1130 3304 recte
1170 3248 1405 3312 insitam,
1447 3246 1776 3316 pr0positum

202 3356 377 3408 nempe
417 3351 474 3396 et
502 3341 854 3395 voluntatem.
894 3338 1077 3394 Videu’
1107 3338 1255 3401 illud,
1299 3336 1450 3390 Vobis
1480 3336 1654 3388 datum
1684 3344 1776 3400 est,

202 3446 294 3483 non
324 3432 702 3484 necessitatem
756 3429 975 3484 inditam
1025 3427 1367 3498 significare?
1410 3426 1594 3494 Neque
1635 3424 1776 3480 enim

202 3519 326 3574 beati
357 3522 634 3589 prmdicati
678 3521 925 3584 fuissent,
955 3520 1055 3574 nisi
1095 3520 1290 3575 bonum
1319 3519 1444 3572 illud
1472 3533 1605 3586 Opus
1634 3517 1780 3586 ipso-

199 3627 300 3665 rum
325 3611 538 3667 fuisset.
557 3613 636 3667 Ne
657 3613 856 3667 dixeris
886 3613 1052 3677 enim,
1073 3612 1218 3666 illum
1243 3611 1471 3664 obscure
1502 3611 1780 3677 loquutum

202 3699 348 3756 fuisse
375 3719 389 3754 :
426 3712 679 3770 poterant
702 3703 846 3756 enim
885 3701 964 3755 illi
994 3712 1048 3755 et
1072 3699 1328 3755 accedere
1355 3708 1408 3754 et
1430 3700 1778 3768 interrogare,

198 3795 637 3863 quemadmodum
664 3804 719 3849 et
751 3794 1030 3862 discipuli;
1085 3793 1176 3846 sed
1230 3803 1446 3862 torpore
1493 3808 1555 3846 ac
1608 3791 1783 3862 negli-

200 3887 361 3953 gentia
401 3889 640 3955 correpti
690 3888 994 3940 noluerunt.
1030 3884 1098 3939 Et
1126 3885 1250 3954 quid
1284 3885 1426 3950 dico,
1458 3885 1783 3939 noluerunt?

199 3977 388 4034 Etenim
418 3990 610 4032 contra
642 3979 968 4032 nitebantur.
1002 3977 1116 4032 Non
1153 3978 1325 4032 solum
1354 3979 1496 4032 enim
1527 3994 1630 4031 non
1662 3994 1786 4034 ere-

198 4067 378 4122 debant
401 4083 508 4123 nec
528 4068 836 4131 audiebant,
857 4067 949 4122 sed
968 4068 1126 4122 etiam
1148 4068 1548 4136 impugnabant,
1568 4079 1620 4123 ct
1644 4085 1787 4140 trgre

197 4157 471 4213 admodum
517 4153 670 4213 dicta‘
695 4159 1004 4224 audiebant,
1041 4158 1178 4228 quod
1228 4160 1542 4228 prophetam
1587 4161 1787 4216 inducit

199 4261 549 4314 accusantem,
576 4263 696 4302 cum
721 4247 870 4312 dicit,
905 4247 1133 4303 Graviter
1159 4251 1450 4304 audierunt.
1479 4250 1549 4302 At
1576 4267 1681 4304 non
1710 4251 1786 4306 illi

199 4339 317 4394 tales
356 4341 580 4394 fuerunt
612 4356 626 4392 :
672 4349 997 4410 quapropter
1021 4339 1204 4394 beatos
1244 4340 1456 4393 dicebat
1500 4356 1614 4394 eos.
1667 4341 1788 4396 Alio

198 4444 395 4500 quoque
425 4433 596 4485 modo
622 4431 904 4485 conﬁrmat
944 4432 1088 4499 ipsos
1116 4429 1198 4484 his
1227 4431 1405 4484 verbis
1439 4447 1452 4483 :
1508 4433 1593 4487 l7.
1630 4432 1788 4487 Amen

197 4523 372 4591 quippe
396 4523 522 4576 dico
551 4522 710 4584 vobis,
728 4522 875 4574 multi
903 4523 1161 4592 prapheta:
1184 4532 1231 4576 et
1260 4524 1390 4593 justi
1419 4525 1680 4578 voluerunt
1711 4527 1788 4578 vi-

200 4616 430 4685 derequce
446 4632 542 4668 vos
559 4615 808 4679 videtis,et
824 4631 919 4667 non
940 4615 1242 4680 viderunt,et
1260 4614 1438 4668 audire
1453 4632 1566 4684 qua:
1581 4618 1787 4684 auditis,

185 4710 236 4763 rt
260 4720 358 4758 non
384 4706 703 4768 audierunt;
735 4720 929 4774 nempe
957 4705 1241 4758 adventum
1284 4721 1484 4769 meum,
1510 4707 1787 4773 miracula,

195 4809 391 4862 vocem,
414 4796 739 4851 doctrinam.
778 4794 877 4850 Hic
909 4810 1068 4864 porro
1105 4809 1198 4849 eos
1226 4811 1328 4850 non
1359 4797 1518 4850 modo
1569 4798 1792 4865 perditis

200 4885 300 4940 istis
327 4900 381 4943 et
409 4903 649 4958 nequam
681 4887 1007 4953 hominibus,
1037 4887 1131 4942 sed
1175 4889 1334 4942 etiam
1369 4891 1643 4958 prmclaris
1687 4890 1789 4943 illis

196 4981 495 5048 anteponit,
531 4994 654 5033 cum
681 4977 812 5033 dicit
834 4993 928 5033 eos
953 4979 1218 5033 beatiores
1248 4980 1352 5032 illis
1378 4995 1499 5034 esse
1519 4981 1542 5032 ?
1564 4979 1668 5034 Cur
1696 4997 1792 5034 au-

201 5072 333 5123 tem?
363 5071 506 5140 Quia
563 5087 669 5124 non
719 5069 880 5125 modo
909 5087 1027 5140 qua:
1068 5070 1236 5124 Judazi
1277 5087 1384 5125 non
1417 5061 1663 5126 viderunt
1694 5073 1794 5142 ipsi

197 5163 462 5227 videbant,
501 5161 598 5217 sed
630 5162 792 5216 etiam
822 5177 882 5216 ea
914 5177 1035 5231 qua:
1063 5162 1221 5231 prisci
1256 5162 1328 5217 illi
1367 5163 1552 5216 videre
1589 5178 1793 5216 concu-

200 5256 463 5322 pierant’.
495 5257 573 5310 llli
603 5270 836 5325 namque
862 5254 965 5309 fide
997 5263 1202 5309 tantum
1226 5255 1507 5317 viderunt;
1538 5255 1590 5307 hi
1619 5266 1795 5309 autem

199 5350 317 5416 ipsis
361 5352 564 5414 oculis,
597 5360 648 5404 et
677 5349 834 5419 longe
861 5347 1077 5403 clarius.
1102 5347 1302 5402 Viden’
1350 5347 1619 5420 quomodo
1646 5357 1794 5402 vete-

200 5456 303 5494 rem
334 5443 514 5511 legem
547 5441 740 5494 iterum
779 5455 902 5493 cum
929 5454 1064 5493 nova
1094 5439 1329 5508 c0pulet,
1359 5437 1650 5491 ostendens
1681 5439 1799 5492 illos

256 5577 270 5604 ι
305 5581 456 5635 Forte
479 5571 769 5635 legendum,
793 5578 954 5635 Neque
974 5569 1121 5635 _em'm
1149 5569 1253 5631 ipse
1267 5568 1424 5635 dicit,
1449 5581 1541 5617 non
1568 5568 1670 5620 risu
1692 5583 1807 5634 pei-

199 5632 375 5697 cipietis
397 5648 415 5692 ;
441 5630 584 5697 sed}
609 5630 1026 5697 iisupercipietis,
1053 5638 1098 5682 et
1120 5630 1214 5681 non
1235 5630 1465 5683 videbitis.
1495 5648 1516 5676 ι

253 5698 275 5728 ι
310 5693 421 5758 alii,
449 5695 595 5758 idque
617 5692 848 5758 faciebat.

257 5759 276 5790 ³
309 5753 428 5810 Duo
585 5753 793 5818 addunt,
812 5760 859 5805 et
881 5767 974 5805 non
997 5753 1232 5807 viderant.

1873 1895 2094 1949 omnia?
2129 1895 2220 1949 Vel
2255 1893 2554 1960 dimidiam,
2588 1892 2670 1947 vel
2700 1893 2914 1948 tertiam
2946 1902 3155 1961 partem
3186 1891 3331 1962 dato.
3353 1891 3483 1945 Fra-

1875 1997 1956 2043 ter
1988 1997 2108 2041 tuus
2164 1995 2248 2041 est
2287 1995 2336 2040 et
2377 1988 2606 2042 coheres
2645 1994 2767 2038 tuus
2809 2001 2821 2036 :
2867 1983 2951 2036 fac
2992 1983 3141 2036 illum
3180 1980 3269 2036 hie
3321 1984 3481 2039 etiam

1875 2077 2221 2133 coheredem.
2256 2076 2620 2146 Qumcumque
2648 2076 2723 2130 illi
2750 2074 2989 2140 dederis,
3031 2074 3125 2129 tibi
3169 2075 3269 2145 ipsi
3308 2073 3482 2128 dabis.

1875 2169 1990 2224 Non
2034 2167 2184 2221 audis
2216 2168 2342 2235 quid
2387 2166 2519 2222 dicit
2559 2167 2866 2236 propheta?
2910 2167 3238 2236 Propinquus
3279 2164 3486 2219 seminis

1881 2262 1954 2314 tui
1981 2277 2042 2313 ne
2067 2259 2316 2331 despicias
2351 2258 2499 2332 (Isai.
2533 2259 2622 2314 58.
2653 2261 2734 2327 7).
2768 2260 2825 2315 Si
2857 2275 2988 2314 vero
3014 2270 3270 2329 cognatos
3301 2257 3488 2327 ἀθερί-

1878 2366 2005 2405 ccre
2037 2366 2141 2404 non
2189 2359 2425 2419 oportet,
2455 2351 2626 2404 multo
2672 2351 2849 2405 minus
2893 2351 3200 2423 Dominum,
3229 2349 3320 2420 qui
3362 2364 3485 2403 cum

1879 2442 2117 2497 dominio
2137 2441 2298 2496 etiam
2321 2441 2655 2511 cognationis
2681 2443 2770 2510 jus
2794 2449 2972 2498 tecum
2999 2443 3180 2507 habet,
3208 2441 3483 2509 multoque

1881 2536 2036 2606 plura
2060 2535 2181 2588 alia.
2203 2533 2337 2588 Nam
2369 2535 2686 2605 participem
2718 2546 2770 2591 te
2792 2534 2919 2590 fecit
2944 2535 3209 2590 bonorum
3237 2549 3484 2596 suorum,

1881 2643 2002 2682 cum
2036 2627 2166 2680 nihil
2193 2641 2224 2680 a
2257 2635 2308 2682 te
2337 2626 2656 2696 accepisset,
2690 2637 2745 2682 et
2791 2627 2895 2681 hoc
2923 2626 3176 2681 ineffabili
3224 2624 3488 2680 beneﬁcio

1884 2727 1940 2773 te
1965 2720 2114 2790 prior
2153 2727 2517 2787 provocasset.
2546 2718 2830 2786 Quomodo
2874 2719 3038 2789 igitur
3081 2733 3186 2772 non
3219 2727 3365 2775 esset
3389 2731 3486 2772 ex-

1886 2819 2073 2864 tremm
2099 2808 2385 2865 dementia:
2415 2817 2539 2880 post
2580 2818 2784 2865 tantum
2817 2809 3018 2864 donum
3064 2809 3350 2877 benignum
3379 2822 3492 2862 non

1882 2899 2045 2966 effici,
2070 2915 2169 2954 nec
2210 2900 2380 2954 vicem
2405 2899 2567 2953 ullam
2597 2914 2696 2968 pro
2731 2907 2876 2952 tanta
2906 2899 3075 2969 gratia
3105 2897 3353 2959 reddere,
3383 2897 3488 2951 mi-

1883 2991 2030 3046 nima
2055 3007 2153 3060 pro
2182 2991 2428 3061 magnis?
2475 2990 2608 3044 Nam
2654 2991 2767 3059 ipse
2797 3001 2848 3043 te
2874 2991 2989 3044 cceli
3019 2990 3289 3044 lucrcdem
3320 2989 3445 3044 fecit
3470 3007 3484 3052 ;

1887 3093 1943 3136 tu
1971 3098 2098 3138 vero
2120 3083 2219 3150 ipsi
2244 3097 2312 3137 ne
2339 3091 2676 3138 terrenorum
2699 3081 2914 3153 quidem
2936 3081 3212 3151 quidpiam
3241 3080 3503 3152 largiris?-

1887 3173 2006 3242 Ipse
2037 3173 2232 3227 nullius
2279 3182 2329 3227 te
2361 3173 2485 3227 boui
2526 3181 2822 3239 auctorem,
2857 3173 2951 3227 sed
2984 3182 3036 3229 et
3083 3173 3359 3228 inimicum
3389 3173 3491 3227 sibi

1886 3266 2290 3331 recimciliavit;
2320 3274 2375 3318 tu
2405 3280 2536 3320 vero
2566 3280 2667 3320 nec
2692 3265 2864 3319 amico
2891 3280 2993 3320 nec
3023 3264 3351 3320 benefactori
3387 3265 3488 3334 ipsi

1887 3357 2159 3425 quidpiam
2210 3356 2486 3422 retr-ibitis,
2517 3372 2842 3426 quamquam
2888 3368 2944 3411 et
2985 3368 3109 3412 ante
3155 3373 3401 3427 regnum,
3437 3367 3494 3410 et

1888 3457 2015 3501 ante
2039 3457 2234 3501 ca-tera
2274 3447 2476 3517 omnia,
2506 3463 2572 3502 ex
2599 3463 2664 3502 eo
2705 3448 2823 3518 ipso
2852 3447 2995 3518 quod
3024 3448 3142 3513 das,
3171 3451 3397 3519 gratiam
3439 3449 3489 3503 ei

1889 3539 2088 3592 refcrre
2118 3523 2359 3592 debeas?
2387 3538 2598 3593 Etenim
2631 3536 2804 3592 liberti
2826 3538 2926 3607 (a),
2957 3539 3046 3607 qui
3078 3539 3237 3593 heros
3262 3555 3391 3594 sons
3421 3538 3492 3592 ad

1890 3628 2194 3683 convivium
2226 3628 2472 3695 invitant,
2505 3643 2611 3681 non
2650 3629 2892 3696 przcbere
2921 3631 3171 3699 gratiam,
3206 3629 3299 3684 sed
3348 3631 3493 3684 acci—

1892 3735 2019 3788 pere
2047 3728 2312 3786 censent,
2359 3720 2444 3774 hic
2472 3736 2600 3774 vero
2623 3731 2832 3774 contra.
2866 3721 2980 3775 Non
3008 3724 3150 3776 enim
3180 3739 3373 3776 servus
3397 3723 3494 3775 do-

1893 3810 2118 3876 minum,
2156 3811 2248 3864 sed
2291 3809 2539 3865 dominus
2564 3825 2778 3864 servum
2821 3811 2967 3881 prior
2998 3813 3214 3867 vocavit
3243 3812 3307 3866 ad
3339 3828 3495 3866 men-

1891 3915 2042 3966 sam;
2077 3911 2130 3954 tu
2161 3916 2286 3954 vero
2331 3918 2398 3955 ne
2444 3913 2625 3970 postea
2653 3901 2872 3972 quidem
2903 3903 3052 3957 illum
3081 3917 3242 3956 vocas
3268 3903 3290 3956 ‘i
3341 3903 3496 3957 Prius

1894 4001 1947 4046 te
1976 3992 2078 4045 sub
2108 4001 2304 4046 tectum
2333 4008 2489 4045 suum
2533 3992 2864 4058 introduxit;
2917 4003 2969 4046 tu
3017 4008 3145 4050 vero
3174 4007 3271 4046 nec
3299 4007 3496 4048 secun-

1893 4081 1993 4138 dus
2023 4083 2070 4136 id
2102 4082 2259 4150 agis?
2300 4083 2379 4137 .‘I‘e
2425 4083 2622 4137 nudum
2654 4083 2858 4148 induit;
2910 4093 2964 4136 tu
3010 4099 3138 4138 vero
3192 4085 3365 4152 ipsum
3400 4101 3502 4137 nec

1897 4176 2235 4244 peregrinum
2262 4175 2498 4244 excipis?
2527 4175 2737 4228 Primus
2766 4176 2858 4228 tibi
2889 4190 2952 4229 ex
2986 4176 3152 4230 calice
3181 4190 3278 4230 suo
3314 4185 3490 4244 potun:

1896 4264 2075 4328 dedit;
2111 4274 2164 4317 tn
2201 4280 2326 4318 vero
2359 4282 2424 4319 ne
2450 4281 2640 4334 aquam
2673 4265 2888 4334 quidem
2921 4265 3166 4336 frigidam
3199 4267 3337 4320 das?
3391 4268 3495 4320 Po-

1899 4357 2010 4426 tum'
2041 4355 2190 4409 dedit
2221 4357 2313 4409 tibi
2355 4356 2612 4423 Spiritum
2650 4367 2893 4409 sanctum
2921 4374 2934 4422 ;
2971 4366 3022 4408 tu
3054 4371 3183 4410 vero
3209 4373 3276 4411 ne
3303 4372 3498 4425 corpo-

1897 4462 2042 4502 ream
2088 4448 2230 4500 sitim
2258 4447 2373 4516 ejus
2415 4447 2613 4501 sedas?
2659 4447 2848 4501 Potuin
2895 4447 3042 4501 dedit
3075 4447 3331 4518 Spiritum
3380 4449 3496 4513 tibi,

1897 4538 2221 4591 cruciatibus
2266 4538 2464 4606 digno;
2516 4547 2570 4590 tu
2613 4553 2743 4591 vero
2785 4537 3054 4592 sitientem
3088 4537 3344 4606 despicis,
3378 4553 3501 4592 cum

1900 4635 2076 4680 tamen
2101 4643 2166 4680 ex
2190 4627 2354 4696 ipsius
2382 4628 2535 4682 bonis
2558 4627 2732 4680 omnia
2764 4627 3052 4698 largiturus
3099 4627 3212 4681 sis?

1971 4741 2023 4794 5.
2058 4740 2390 4810 Eleemosyua
2420 4739 3097 4794 commendatur.—Nonne
3122 4755 3372 4810 magnum
3401 4740 3504 4794 du-

1900 4832 1979 4886 cis
2005 4843 2055 4886 te
2085 4832 2333 4900 poculum
2361 4832 2486 4886 illud
2513 4841 2717 4897 tenere,
2738 4849 2802 4886 ex
2832 4846 2937 4900 quo
2967 4832 3234 4886 bibiturus
3255 4830 3506 4886 Christus

1903 4935 2005 4988 est,
2039 4934 2093 4979 et
2118 4925 2291 4992 ipsum
2319 4926 2401 4979 ori
2431 4925 2782 4979 admoturus?
2832 4927 3026 4979 Annon
3072 4926 3243 4988 vides,
3271 4925 3371 4978 soli
3413 4941 3504 4978 sa-

1905 5016 2109 5070 cerdoti
2163 5015 2326 5070 licere
2380 5016 2655 5086 sanguinis
2704 5016 2926 5070 calicem
2975 5015 3328 5085 tradere(b)?
3372 5015 3504 5083 Ego,

1905 5106 2073 5176 inquit
2103 5107 2210 5170 ille,
2233 5106 2347 5160 haec
2374 5122 2478 5160 non
2514 5116 2616 5160 tam
2644 5114 2889 5161 accurate
2913 5106 3169 5174 dispicio;
3201 5105 3294 5160 sed
3323 5104 3367 5160 si
3391 5105 3508 5173 ipse

1908 5198 2123 5253 dederis
2147 5198 2371 5266 accipio.
2396 5197 2618 5252 Etiamsi
2649 5199 2814 5252 laicus
2842 5197 2937 5262 sis,
2959 5213 3063 5250 non
3096 5212 3310 5260 recuso,
3332 5212 3507 5267 neque

1907 5288 2050 5363 quod
2077 5288 2199 5342 dedi
2241 5297 2448 5358 repeto.
2490 5288 2605 5342 Non
2648 5289 2790 5342 enim
2821 5290 3137 5357 sanguinem
3165 5304 3370 5357 quaero,
3411 5288 3510 5342 sed

1910 5395 2099 5448 aquam
2126 5378 2389 5448 frigidam.
2405 5378 2592 5449 Cogita
2607 5379 2692 5433 cui
2714 5388 2896 5450 potum
2920 5379 3103 5443 des,et
3125 5378 3501 5448 perhorresco.

1973 5549 2045 5611 (α)
2081 5549 2134 5598 In
2157 5555 2335 5606 Graeco,
2362 5562 2514 5607 enim,
2536 5549 2664 5611 quod
2691 5556 2768 5598 est
2791 5549 2849 5597 ad
2875 5549 3112 5611 litteram,
3134 5547 3403 5611 domestici.
3419 5549 3512 5596 Sed

1911 5608 1990 5672 hic
2010 5608 2089 5670 agi
2115 5611 2311 5672 omnino
2335 5611 2530 5659 videtur
2544 5608 2608 5658 de
2626 5610 3021 5660 domesticisrllis
3044 5608 3149 5672 qni,
3170 5612 3275 5659 heri
3294 5609 3370 5656 sui
3393 5608 3523 5660 libe-

1911 5670 2125 5730 ralitate,
2155 5671 2432 5720 libertatem
2457 5673 2618 5732 adepti
2647 5681 2805 5720 erant.

1981 5733 2053 5795 (b)
2087 5732 2180 5786 Soli
2203 5733 2441 5784 sacerdoti
2468 5730 2645 5784 licebat
2666 5733 2917 5795 sanguinis
2941 5733 3145 5783 calicem
3172 5730 3390 5784 tradere.
