4154 6324
712 299 809 351 lib
1443 298 1497 352 S.
1538 293 1809 350 ΔοΑδΝιδ
1847 292 2263 347 οηιιιδυδίὐλ

2371 289 2671 346 \RCIIIEP.
2702 288 3235 347 CONSTANTINOP.
3861 287 3959 342 473

705 415 889 483 Cogita
912 423 962 467 tc
978 412 1176 468 Christi
1203 412 1531 475 sacerdotem
1565 411 1698 474 fieri,
1729 426 1846 462 cum
1875 424 2031 462 manu
2066 407 2277 476 prOpria

705 504 800 557 ὼε
845 519 947 557 non
994 519 1233 565 carnem,
1280 503 1370 556 sed
1423 517 1640 571 panem,
1675 518 1778 554 non
1821 501 2152 568 sanguinem,
2185 499 2276 550 scd

705 597 921 651 calicem
956 612 1103 664 aqua:
1151 597 1376 666 frigidae.
1417 596 1582 649 lnduit
1616 605 1663 647 te
1696 595 2011 648 vestimento
2036 591 2273 651 salutari,

701 696 751 738 et
776 688 872 739 hoc
897 703 988 755 per
1017 689 1280 755 seipsum;
1316 700 1368 740 tu
1400 689 1583 741 saltcm
1610 703 1700 754 per
1726 700 1934 738 servum
1957 681 2274 736 induc-.GIo.

703 780 899 832 riosum
932 789 983 833 te
1026 779 1148 833 fecit
1200 780 1250 830 iu
1301 779 1473 841 ca-lis;
1527 789 1636 830 tua
1670 777 1860 842 frigore
1911 776 2055 827 illum
2104 773 2268 839 eripe,

702 884 799 922 nec
832 886 933 922 non
977 870 1043 924 ab
1074 871 1319 924 indceora
1362 869 1614 922 nuditate.
1650 866 1966 935 Angelorum
2014 875 2064 918 te
2093 865 2272 917 conci-

699 977 817 1014 vcm
868 960 1022 1025 fecit;
1077 972 1129 1014 ttt
1163 964 1329 1028 ipsqu
1364 961 1462 1013 stth
1495 971 1632 1014 tecto
1676 960 1881 1026 excipe,
1913 959 2097 1012 saltem
2139 959 2273 1010 sicut

703 1070 863 1106 unum
912 1072 974 1108 es
1027 1055 1234 1107 famulis
1268 1056 1368 1107 tuis
1397 1055 1539 1107 domi
1572 1055 1842 1120 excipias;
1887 1053 1987 1105 hoc
2030 1051 2269 1105 diverso-

700 1146 833 1194 rium
870 1160 972 1196 non
1011 1159 1219 1207 recuso,
1254 1145 1374 1197 licet
1406 1153 1569 1196 totum
1616 1144 1705 1196 tibi
1733 1143 1919 1197 caelum
1950 1141 2267 1210 aperuerint.

696 1234 770 1287 Te
791 1252 818 1287 a
850 1237 1164 1304 gravissimo
1194 1251 1419 1291 carcere
1434 1236 1598 1304 eripui
1622 1253 1635 1297 ;
1672 1236 1770 1288 hoc
1794 1251 1821 1287 a
1847 1244 1896 1287 te
1925 1251 2028 1287 non
2056 1243 2266 1300 expeto,

698 1342 795 1378 nec
827 1327 967 1388 dico,
1013 1327 1174 1396 Eripe
1205 1343 1322 1389 me;
1366 1328 1456 1381 sed
1504 1328 1546 1380 si
1595 1342 1676 1379 me
1711 1327 1940 1378 vinctum
1985 1324 2186 1388 videas,
2219 1325 2268 1378 id

697 1416 823 1468 mihi
870 1417 933 1468 ad
966 1418 1380 1470 consolationem
1412 1416 1539 1469 satis
1567 1425 1668 1469 est.
1703 1416 1962 1469 litui-tuum
2006 1423 2055 1469 te
2096 1416 2267 1469 susci-

699 1507 798 1558 tari
824 1521 841 1570 ;
890 1506 939 1558 id
984 1523 1011 1558 a
1034 1485 1108 1560 ‘te
1134 1523 1236 1560 non
1270 1509 1442 1575 exigo,
1472 1509 1563 1560 sed
1609 1507 1751 1567 dico,
1779 1521 1863 1559 me
1892 1517 2146 1574 aegrotum
2178 1521 2268 1558 so-

697 1595 963 1650 lummodo
993 1598 1191 1652 visitcs.
1232 1598 1362 1652 Cum
1393 1613 1519 1666 ergo
1551 1607 1693 1651 tanta
1724 1598 1830 1651 sint
1865 1597 2024 1663 dona,
2059 1608 2268 1666 tamque

695 1687 826 1739 levia
865 1698 1200 1756 expetantur,
1237 1705 1332 1742 nec
1359 1698 1532 1742 tamen
1563 1689 1650 1742 illa
1694 1689 2043 1757 prrebeamus,
2073 1697 2265 1757 quanta

698 1794 800 1831 non
831 1780 994 1832 simus
1021 1779 1162 1849 digni
1195 1781 1434 1849 gehenna
1457 1784 1480 1834 ἲ
1507 1781 1632 1835 .lure
1656 1784 1704 1834 in
1735 1784 1907 1851 ignem
1934 1783 2142 1836 abimus
2173 1797 2268 1850 pa-

699 1878 868 1921 ratum
896 1869 1106 1922 diabolo
1133 1881 1184 1924 et
1207 1872 1409 1940 angelis
1433 1874 1569 1940 ejus,
1595 1887 1714 1926 cum
1743 1887 1846 1926 non
1877 1873 2078 1940 majore
2104 1887 2262 1940 quam

694 1969 840 2025 petra
868 1974 1025 2014 sensu
1057 1961 1258 2029 pra-diti
1290 1963 1477 2017 simus.
1509 1962 1731 2029 Quanta:
1755 1964 1898 2017 enim
1944 1963 2267 2032 stupiditatis

690 2061 797 2114 est,
824 2066 1005 2122 qumso
1045 2062 1114 2115 te,
1146 2069 1401 2115 nos,cum
1432 2066 1572 2110 tanta
1613 2059 1994 2127 acceperimus,
2037 2067 2089 2111 et
2120 2067 2262 2111 tanta

692 2143 958 2209 accepturi
990 2145 1176 2207 simus,
1210 2160 1391 2199 servos
1419 2162 1536 2201 esse
1560 2149 1920 2216 pecuniarum,
1945 2163 2076 2217 quas
2109 2150 2263 2218 paulo

695 2242 874 2296 postea
905 2234 985 2286 vel
1025 2235 1171 2288 inviti
1205 2235 1606 2306 relinquemus?
1649 2239 1710 2293 Et
1754 2239 1841 2293 alii
1884 2240 2101 2308 quidem
2143 2241 2261 2293 ani-

696 2340 834 2376 mam
885 2327 1145 2380 dederunt
1194 2329 1381 2396 ipsam,
1416 2341 1467 2384 et
1513 2332 1822 2398 sanguinem
1875 2331 2160 2385 fuderunt:
2207 2342 2263 2385 tu

693 2428 915 2469 verone
944 2418 1208 2485 superﬂua
1249 2420 1463 2489 quidem
1516 2420 1722 2491 largiris
1775 2433 1994 2491 propter
2038 2437 2258 2492 regnum

2385 407 2657 469 ca-lorum,
2687 415 2903 474 propter
2935 415 3011 459 tot
3035 403 3300 460 coronas?
3330 404 3396 458 Et
3424 420 3527 474 qua
3567 406 3757 476 dignus
3799 408 3965 463 fueris

2385 498 2555 556 venia,
2592 511 2693 565 qua
2716 499 3076 560 excusatione,
3115 495 3202 567 qui
3243 497 3445 550 sentina
3477 497 3527 551 in
3561 506 3756 553 terram
3787 497 3962 554 liben-

2387 596 2464 638 te-r
2497 586 2737 654 projicis,
2771 589 2861 658 qui
2894 588 3023 641 nulli
3070 588 3143 642 rei
3185 587 3357 655 parcis
3387 587 3452 641 ad
3485 590 3736 657 pecunias
3762 590 3966 645 ftenore

2386 677 2671 742 locandas;
2701 694 2820 733 cum
2852 689 3030 733 autem
3071 680 3242 749 agitur
3266 679 3332 733 de
3376 679 3601 733 Domino
3632 696 3726 750 per
3764 696 3966 751 egenos

2381 771 2593 833 alendo,
2629 771 2947 826 inhumanus
2984 771 3254 841 durusque
3283 771 3382 825 es?
3431 772 3554 827 litec
3582 773 3758 842 itaque
3785 777 3963 832 omnia

2379 862 2694 928 cogitantes.
2734 863 3017 928 animoque
3059 871 3385 930 reputantes,
3417 877 3535 931 qum
3574 865 3962 930 acceperimus,

2396 961 2515 1014 quae
2538 949 2812 1017 accepturi
2834 949 3027 1014 simus,
3053 965 3172 1020 qua
3202 965 3232 1004 a
3274 950 3430 1004 nobis
3461 964 3807 1023 expetantur,
3835 970 3957 1008 om-

2397 1052 2516 1088 num
2572 1054 2762 1093 curam
2803 1050 3042 1095 nostram
3093 1043 3144 1096 in
3178 1044 3552 1112 spiritualibus
3581 1045 3964 1100 exhibeatuus.

2379 1132 2551 1185 Simus
2587 1133 2811 1187 tandem
2842 1134 3102 1188 mansueti
3135 1145 3186 1188 et
3230 1135 3467 1200 humani,
3513 1150 3580 1188 ne
3629 1135 3964 1188 intolerabile

2378 1223 2690 1292 Supplicium
2713 1224 2867 1278 nobis
2882 1224 3227 1280 attrahamus.
3242 1225 3371 1292 Quae
3390 1226 3531 1279 enim
3555 1241 3651 1280 nos
3673 1227 3960 1282 damnandi

2377 1328 2533 1366 causa
2567 1329 2669 1367 non
2702 1315 2952 1383 suppetit,
2982 1315 3070 1385 qui
3117 1330 3235 1369 cum
3281 1324 3357 1369 tot
3400 1315 3664 1386 tantisque
3695 1316 3959 1382 fruamur,

2377 1422 2764 1476 nec-magnum
2795 1406 2918 1476 quid
2943 1416 3286 1476 ‘expetatura
3319 1409 3506 1472 nobis;
3549 1409 3655 1462 imo
3699 1409 3818 1461 talia
3860 1424 3962 1462 cx-

2375 1507 2639 1568 petantur,
2669 1513 2786 1566 quae
2815 1498 2895 1550 vel
2937 1497 3084 1551 inriti
3129 1497 3214 1552 hic
3257 1497 3637 1566 relinquemus,
3671 1507 3870 1552 tantttm
3899 1498 3954 1552 in

2376 1589 2533 1642 rebus
2554 1588 2896 1643 secularibus
2917 1589 3145 1642 studium
3178 1589 3580 1658 impendamus?
3608 1589 3807 1644 Horum
3840 1590 3960 1645 sin-

2373 1680 2494 1750 gula
2540 1689 2663 1735 sunt
2699 1680 2763 1735 ad
2807 1695 2902 1735 nos
2941 1680 3270 1736 damnandos
3319 1683 3486 1746 satis;
3535 1683 3577 1736 si
3625 1698 3750 1737 vero
3777 1685 3956 1740 omnis

2374 1772 2532 1825 simul
2560 1780 2899 1835 caucurraut,
2921 1787 3039 1840 quae
3066 1788 3188 1840 spes
3218 1773 3406 1827 salutis
3431 1774 3570 1827 erit?
3605 1773 3668 1828 Ut
3693 1789 3819 1844 ergo
3841 1789 3962 1828 om-

2374 1878 2492 1916 nem
2525 1862 2661 1916 hanc
2690 1863 3084 1916 damnationem
3114 1861 3395 1932 fugiamus,
3438 1864 3721 1932 quamdam
3766 1865 3958 1919 saltem

2371 1967 2492 2021 erga
2524 1967 2722 2020 egenus
2765 1952 3138 2006 liberalitatem
3193 1953 3554 2006 exhibeatnus.
3588 1953 3674 2007 Sic
3722 1955 3861 2006 enim
3903 1965 3960 2008 et

2374 2044 2731 2112 praasentihus
2763 2054 2816 2098 et
2843 2043 3032 2098 futuris
3061 2045 3300 2098 fruemur
3344 2045 3496 2098 bonis
3528 2066 3540 2100 :
3590 2061 3706 2113 qua:
3755 2047 3957 2098 utinam

2372 2150 2471 2190 nos
2517 2150 2704 2189 omnes
2746 2135 2955 2205 assequi
2998 2136 3288 2205 contingat,
3320 2136 3488 2204 gratia
3539 2146 3592 2190 et
3632 2137 3960 2207 benignitate

2372 2224 2584 2278 Domini
2616 2226 2779 2279 nostri
2808 2223 2930 2279 Jesu
2957 2224 3174 2291 Christi,
3199 2226 3283 2280 cui
3311 2225 3477 2295 gloria
3505 2235 3561 2280 et
3585 2227 3863 2296 imperium
3895 2228 3950 2281 iu

2373 2315 2566 2370 smcuia
2598 2315 2936 2372 saeculorum.
2969 2315 3161 2372 Anien.

1780 2653 2125 2720 HOMILIA
2166 2655 2391 2716 XLVI.
2438 2657 2522 2718 al.
2583 2656 2837 2717 XLVII.

691 2787 820 2843 CAP.
852 2792 938 2846 i3.
975 2808 1024 2846 ν.
1059 2792 1148 2847 ει.
1210 2797 1374 2848 Aliam
1425 2797 1715 2864 parabatur»
1755 2801 2013 2868 proposuit
2051 2799 2142 2863 eis,
2180 2800 2263 2852 tli-

763 2899 878 2934 cens
903 2899 920 2934 :
946 2881 1127 2938 Simile
1151 2886 1341 2954 factum
1365 2898 1434 2940 est
1459 2904 1666 2957 regnum
1703 2890 1938 2944 cazlorunt
1967 2890 2156 2944 homini
2178 2889 2264 2959 qui

759 2972 970 3024 seminat
1010 2975 1190 3026 bonum
1221 2993 1384 3029 semen
1430 2979 1480 3030 in
1522 2995 1642 3048 agro
1667 2996 1774 3032 suo.
1813 2980 1903 3036 23.
1935 2980 2059 3034 Cum
2097 2989 2263 3033 autem

787 3063 1058 3116 dormirent
1090 3065 1334 3129 homines,
1368 3069 1497 3121 venit
1525 3071 1633 3136 ejus
1656 3069 1905 3132 inimicus,
1936 3081 1980 3124 et
2006 3071 2263 3124 seminavit

759 3153 952 3206 siaania
987 3172 1075 3224 per
1099 3157 1318 3209 medium
1355 3158 1526 3224 tritici,
1552 3170 1597 3212 et
1625 3161 1769 3212 abiit.
1801 3160 1890 3215 26.
1915 3149 1988 3231 (α)
2019 3161 2143 3214 Cum
2169 3177 2263 3214 att-

759 3253 854 3295 tem
879 3246 1107 3298 crevisset
1133 3247 1282 3299 herba
1311 3258 1357 3301 et
1383 3253 1600 3318 fructum
1629 3250 1843 3320 fecisset,
1875 3260 1992 3305 tunc
2013 3268 2263 3320 apparue-

759 3344 876 3387 rtmt
905 3345 949 3388 et
989 3337 1202 3389 zizania.
1235 3338 1324 3391 27.
1368 3341 1663 3394 Accedentes
1692 3358 1802 3402 vero
1844 3343 1970 3394 servi
2020 3343 2262 3412 patrisfa-

760 3427 948 3492 milias,
987 3430 1223 3482 dixerunt
1268 3432 1312 3484 ei
1341 3447 1359 3482 :
1401 3430 1631 3497 Domine,
1661 3448 1825 3489 nonne
1867 3432 2051 3486 bonum
2095 3450 2262 3487 semen

759 3521 1017 3573 seminasti
1045 3521 1096 3573 in
1127 3538 1250 3591 agro
1281 3523 1406 3576 tuo?
1451 3525 1584 3576 unde
1617 3541 1733 3593 ergo
1759 3525 1954 3577 zizania
1973 3527 1998 3578 ?
2040 3525 2130 3578 28.
2161 3523 2260 3592 Qui

761 3609 886 3661 dixit
913 3611 982 3663 eis
1000 3627 1020 3663 :
1046 3609 1288 3665 Inimicus
1313 3614 1460 3665 homo
1489 3615 1582 3666 hoc
1608 3617 1741 3682 fecit.
1773 3614 1918 3668 Servi
1937 3619 2098 3667 autem
2121 3615 2262 3668 dixe—

760 3715 875 3756 runt
895 3705 974 3759 ei:
1007 3703 1092 3759 Vis
1111 3722 1249 3776 ergo,
1269 3707 1501 3784 abeamus
1521 3719 1566 3759 et
1591 3708 1886 3777 colligamus
1913 3709 2011 3762 ea?
2046 3708 2136 3765 29.
2161 3707 2262 3762 llle

761 3804 924 3846 utilem
955 3795 1118 3848 dixit:
1149 3795 1291 3861 Non,
1334 3814 1396 3849 ne
1419 3801 1548 3866 forte
1589 3797 1874 3866 colligentes
1900 3798 2116 3861 zizania,
2145 3813 2259 3850 era-

760 3885 932 3937 dicetis
965 3886 1113 3938 simul
1150 3902 1260 3938 cum
1291 3891 1359 3940 eis
1400 3897 1445 3940 et
1483 3888 1719 3941 triticum.
1751 3887 1837 3942 50.
1873 3886 2035 3942 Sinite
2053 3898 2262 3956 utraque

761 3993 978 4029 crescere
997 3993 1153 4038 usque
1173 3978 1240 4029 ad
1260 3995 1464 4032 messem
1487 3995 1502 4030 :
1532 3988 1578 4032 et
1605 3989 1720 4031 tunc
1742 3979 1906 4033 dicam
1928 3979 2258 4036 messoribus:

763 4068 992 4136 Colligite
1021 4069 1236 4136 primunt
1264 4070 1475 4122 sizania.

766 4163 813 4211 i.
859 4157 1028 4227 Hujus
1057 4169 1101 4212 et
1128 4161 1402 4226 superioris
1442 4161 1695 4229 parabolae
1721 4161 2009 4215 discrimen.
2060 4160 2261 4216 Diaboli

688 4268 905 4304 errarent
932 4245 1210 4304 inducentis
1236 4253 1470 4305 versutia.
1507 4251 1793 4322 Vigilantite
1821 4253 2102 4306 necessitas.
2137 4251 2262 4306 Ha:-

689 4345 893 4398 reticnm
920 4344 1142 4398 occidere
1179 4360 1278 4396 non
1319 4354 1529 4413 oportet.
1555 4373 1624 4382 —
1644 4343 1777 4410 Quid
1824 4345 2042 4399 interest
2072 4343 2259 4397 discri-

690 4433 845 4486 minis
876 4435 1012 4488 inter
1041 4433 1176 4488 hanc
1199 4445 1250 4488 et
1281 4436 1606 4502 superiorem
1655 4434 2001 4501 parabolatn?
2035 4434 2144 4487 Illic
2176 4434 2258 4487 lo-

688 4525 866 4593 quitur
906 4523 972 4577 de
1011 4524 1075 4577 iis
1124 4524 1210 4594 qui
1264 4539 1365 4578 non
1409 4524 1780 4585 attenderunt,
1814 4524 1907 4578 sed
1961 4523 2258 4578 resilientes

689 4616 892 4669 semina
937 4615 1269 4684 projcecrunt
1295 4634 1307 4667 :
1339 4615 1422 4670 hic
1447 4615 1513 4668 de
1541 4614 1906 4668 lnercticornm
1936 4615 2161 4668 canibus
2185 4614 2260 4667 lo-

687 4706 884 4772 quitur.
919 4702 994 4758 Ne
1026 4706 1164 4758 enim
1195 4705 1480 4772 discipulos
1508 4704 1765 4769 turbaret,
1799 4703 2059 4772 prmdixit,
2115 4714 2260 4773 post-

685 4812 843 4864 quam
873 4796 1127 4850 docuerat
1153 4795 1289 4861 illos,
1311 4809 1406 4849 cur
1432 4795 1481 4848 in
1511 4795 1774 4862 parabolis
1806 4794 2127 4864 loqueretur.
2161 4795 2258 4848 Pa-

685 4887 863 4941 rabola
892 4887 974 4940 illa
1005 4886 1232 4949 diccbat,
1259 4901 1364 4940 non
1391 4895 1692 4954 susceptum
1741 4887 1910 4955 ipsum
1936 4903 1950 4950 ;
2003 4885 2118 4944 haec
2159 4903 2256 4942 au-

684 4986 813 5040 tem,
837 4986 1174 5046 corruptores
1194 4977 1348 5030 simul
1373 4988 1668 5046 susceptos.
1705 4977 1827 5033 llazc
1846 4979 2040 5047 quippe
2061 4977 2256 5032 diaboli

687 5069 916 5122 versutia
949 5076 1050 5133 est,
1081 5076 1136 5120 ut
1161 5081 1279 5122 cum
1326 5067 1547 5122 veritate
1574 5083 1783 5136 semper
1809 5069 2150 5124 commisccat
2173 5085 2257 5123 cr-

595 5209 600 5212 .
690 5173 885 5225 rorem,
913 5159 994 5211 cui
1041 5159 1276 5213 veritatis
1321 5158 1551 5212 colorem
1583 5169 1637 5212 ct
1664 5159 2061 5214 similitudinem
2103 5159 2256 5215 amn-

686 5255 792 5316 gat,
827 5249 891 5300 ita
939 5258 994 5301 ut
1022 5248 1289 5315 simplices
1320 5247 1474 5304 facile
1507 5248 1887 5305 circumvenire
1916 5251 2099 5319 possit.
2132 5251 2254 5307 ideo

689 5355 792 5393 non
843 5339 942 5392 alia
992 5341 1211 5405 semina,
1241 5356 1395 5408 quam
1443 5341 1640 5395 zizania
1689 5342 1836 5404 dixit,
1885 5345 2023 5413 quod
2068 5360 2252 5398 semen

684 5429 865 5496 specie
905 5428 1116 5498 quidem
1145 5429 1406 5485 frumento
1447 5430 1619 5484 simile
1665 5441 1765 5485 est.
1811 5433 2008 5487 Deinde
2038 5434 2254 5488 modum

689 5519 999 5575 insidiarunt
1026 5519 1326 5574 dicit.Dum
1353 5522 1627 5577 dormirent
1647 5523 1892 5588 homines,
1923 5524 2107 5594 inquit.
2137 5525 2253 5579 Non

741 5654 826 5732 te).
846 5662 964 5732 φῇ
984 5661 1269 5732 essent?!
1291 5657 1544 5732 eum.“
1558 5655 1982 5732 ﬁnitivam-lite
2003 5657 2251 5732 demi"

680 5713 845 5765 nerei.
869 5713 884 5766 ':
912 5714 1000 5770 sed
1024 5713 1266 5770 bibentur
1290 5718 1337 5768 in
1360 5713 1498 5768 savii.
1526 5725 1576 5769 et
1599 5719 1647 5768 in
1673 5717 1851 5782 aliquot
1874 5719 2218 5783 ttanusoriptis.

2374 2812 2594 2866 parvum
2647 2797 2734 2852 hic
2778 2796 3095 2866 prtesulibus
3138 2799 3452 2867 proponitur
3498 2798 3848 2869 pmipitium
3896 2807 3960 2854 et

2374 2887 2683 2955 perieulum,
2714 2888 2905 2956 quibus
2933 2888 3161 2942 maxime
3190 2889 3302 2943 arvi
3329 2903 3455 2943 cura
3485 2889 3798 2944 demandata
3823 2899 3911 2945 est
3936 2907 3956 2953 ;

2370 2993 2546 3046 neque
2575 2978 2678 3032 illis
2711 2987 2934 3042 tantum,
2963 2979 3055 3033 sed
3083 2979 3243 3033 etiam
3288 2979 3533 3035 subditis.
3575 2979 3817 3036 Ostendit
3854 2996 3960 3037 au-

2373 3077 2498 3132 tem,
2532 3084 2766 3124 errorem
2797 3078 2914 3137 post
2939 3070 3210 3124 veritatem
3251 3070 3497 3133 venisse;
3542 3070 3594 3124 id
3618 3071 3758 3140 quod
3787 3072 3958 3126 etiam

2371 3176 2548 3215 rerum
2598 3171 2819 3215 eventus
2879 3163 3207 3216 testiﬁcatur.
3266 3161 3398 3216 Nam
3459 3175 3577 3232 post
3641 3165 3957 3233 prophetas,

2371 3249 2883 3320 pseudoprophetis;
2928 3258 3045 3319 post
3092 3250 3380 3319 apostolos,
3412 3251 3862 3321 pseudoapostoli,
3895 3264 3961 3309 et

2367 3351 2487 3410 post
2517 3339 2805 3405 Christum,
2835 3341 3215 3395 Antichristus.
3259 3339 3371 3395 Nisi
3401 3341 3544 3395 enim
3587 3341 3831 3396 diabolus
3872 3344 3959 3398 vi-

2367 3429 2510 3484 derit
2538 3429 2661 3498 quid
2705 3429 2901 3482 imitari
2949 3430 3134 3497 possit,
3166 3437 3256 3482 aut
3284 3429 3478 3498 quibus
3527 3430 3785 3496 insidiari,
3816 3431 3957 3486 nihil

2368 3521 2681 3579 insidiarum
2712 3521 2880 3589 ponit,
2913 3520 3043 3574 nihil
3074 3521 3239 3574 novit.
3284 3519 3435 3575 Nunc
3481 3536 3629 3591 ergo,
3658 3523 3786 3592 quia
3815 3521 3957 3578 vidit

2367 3612 2527 3664 alium
2549 3610 2896 3665 centesimum
2925 3608 3140 3675 fecisse,
3157 3609 3323 3664 alium
3343 3612 3763 3681 sexagesimum,
3782 3612 3959 3669 alium

2371 3700 2721 3770 trigesimum,
2747 3700 2850 3754 alia
2879 3698 3132 3768 deinceps
3161 3699 3360 3755 incedit
3395 3702 3501 3755 via.
3546 3701 3681 3767 Quia
3709 3703 3852 3756 enim
3895 3702 3958 3758 id

2366 3790 2508 3861 quod
2544 3791 2747 3847 radices
2775 3799 3024 3860 posuerat
3049 3791 3296 3861 abripere
3332 3805 3440 3846 non
3486 3800 3714 3862 poterat,
3769 3808 3956 3862 neque

2365 3883 2646 3946 suffocare.
2677 3883 2760 3938 vel
2787 3882 3129 3948 comburere,
3163 3898 3260 3953 per
3300 3882 3458 3938 aliam
3509 3883 3768 3938 lallaciam
3814 3884 3957 3939 insi-

2365 3975 2562 4042 diatur,
2594 3990 2688 4030 sua
2732 3977 2974 4029 inserens
3023 3974 3162 4028 aliis.
3197 3975 3263 4028 Et
3316 3974 3369 4029 in
3414 3989 3521 4044 quo
3564 3974 3833 4038 diﬂ‘crunt,
3863 3975 3956 4030 in-

2366 4066 2536 4134 quies,
2574 4066 2624 4119 hi
2655 4065 2984 4119 dormientes
3010 4065 3077 4118 ab
3125 4065 3190 4120 iis
3231 4065 3321 4134 qui
3353 4079 3448 4135 per
3476 4067 3616 4119 viam
3661 4065 3954 4136 signiﬁcati

2366 4155 2617 4211 fuerant?
2645 4155 2797 4225 Quod
2828 4155 3070 4212 videlicet
3099 4155 3170 4209 ibi
3197 4156 3375 4209 statim
3417 4157 3743 4224 abripuerit;
3773 4173 3958 4228 neque

2365 4247 2507 4303 enim
2537 4246 2743 4300 radices
2771 4260 2970 4314 ponere
2995 4245 3239 4317 permisit
3267 4261 3280 4296 :
3317 4244 3403 4300 hic
3429 4260 3557 4300 vero
3583 4246 3787 4315 majore
3813 4263 3957 4316 opus

2365 4335 2608 4393 habuerit
2638 4334 2885 4391 artiﬁcio.
2933 4334 3059 4388 Haec
3103 4344 3282 4390 autem
3312 4333 3441 4389 dicit
3469 4333 3733 4403 Christus,
3765 4345 3822 4391 ut
3845 4337 3956 4394 do-

2363 4436 2483 4480 ccat
2528 4440 2740 4495 semper
2769 4441 2887 4480 esse
2929 4425 3278 4495 vigilandum.
3307 4425 3529 4482 Etiamsi
3556 4429 3720 4493 enim,
3754 4428 3953 4499 inquit,

2368 4519 2482 4574 lucc
2522 4528 2844 4574 noeumcnta
2871 4517 3110 4588 elfugias,
3140 4519 3280 4573 aliud
3301 4519 3476 4574 adhuc
3499 4531 3763 4590 superest.
3797 4522 3956 4581 Sicut

2364 4610 2506 4665 enim
2537 4610 2605 4664 ibi
2636 4625 2731 4679 per
2755 4610 2911 4674 viam,
2942 4624 3038 4678 per
3075 4620 3276 4678 petram
3303 4618 3358 4664 et
3395 4625 3491 4680 per
3534 4613 3753 4682 Spinas;
3785 4614 3863 4669 sic
3891 4627 3956 4672 et

2366 4700 2451 4756 hic
2479 4715 2572 4770 per
2600 4713 2842 4755 somnum
2890 4701 3151 4770 pernicies
3180 4701 3385 4755 accedit
3409 4719 3422 4755 :
3456 4715 3784 4773 quapropter
3811 4707 3955 4763 assi~

2363 4791 2465 4845 dua
2497 4805 2630 4860 opus
2659 4798 2742 4844 est
2777 4791 3037 4846 custodia.
3067 4789 3188 4844 Ideo
3214 4790 3428 4853 dicebat
3453 4809 3466 4850 :
3503 4791 3604 4860 Qui
3631 4803 3799 4848 autem
3824 4812 3959 4864 per-

2362 4883 2656 4937 severaverit
2696 4898 2850 4950 usque
2874 4883 2926 4936 in
2954 4884 3126 4950 ﬁnem,
3171 4883 3251 4936 hic
3277 4884 3446 4939 salvus
3477 4887 3567 4938 erit
3611 4885 3822 4956 (Hattlt.
3855 4889 3949 4948 10.

2360 4974 2473 5045 22).
2508 4974 2692 5029 Simile
2716 4973 2989 5045 quidpiam
3020 4976 3070 5030 in
3097 4976 3359 5044 principio
3378 4977 3589 5033 accidit.
3621 4977 3769 5037 Multi
3797 4982 3951 5037 enim

2362 5067 2627 5120 antistites
2673 5065 2946 5135 improbos
2997 5066 3141 5121 viros
3173 5065 3556 5123 hmresiarchas
3601 5070 3838 5124 occultos
3883 5071 3951 5129 in

2362 5158 2626 5214 Ecclesias
2677 5158 3014 5224 inducentes,
3067 5158 3367 5228 huiusmodi
3422 5161 3628 5216 insidiis
3671 5163 3952 5221 struendis

2362 5250 2664 5306 facultatem
2703 5265 2945 5321 magnam
3001 5252 3296 5319 praibuere.
3345 5250 3526 5321 Neque
3573 5253 3714 5305 enim
3760 5253 3955 5310 labore

2359 5358 2494 5412 opus
2537 5350 2621 5397 est
2647 5339 2881 5406 diabolo,
2915 5351 3192 5412 postquam
3238 5341 3540 5411 hujusmodi
3591 5341 3836 5398 homines
3893 5345 3954 5404 in

2361 5434 2537 5490 medio
2565 5434 2808 5489 inseruit.
2855 5434 2920 5488 Et
2943 5434 3211 5502 quomodo
3235 5430 3355 5488 fieri
3388 5444 3586 5503 potest,
3620 5434 3849 5504 inquies,
3886 5447 3952 5492 ut

2358 5542 2461 5580 non
2489 5523 2796 5581 dormiant?
2838 5523 3074 5579 Naturali
3103 5524 3316 5592 quidem
3344 5538 3555 5590 somno,
3585 5525 3697 5580 fieri
3722 5526 3950 5594 nequit;

2359 5617 2646 5672 voluntatis
2665 5630 2874 5677 somno.
2906 5629 3079 5671 secus.
3113 5614 3448 5686 Quapropter
3469 5615 3666 5671 Paulus
3697 5615 3948 5672 dicebat:

2370 5708 2601 5780 l‘igtlate,
2616 5717 2741 5763 state
2759 5708 2807 5762 in
2824 5707 2924 5778 [ide
2941 5707 3020 5779 (ι.
3038 5705 3154 5762 Cor.
3169 5706 3368 5779 16.15).
3385 5706 3490 5763 Nec
3510 5708 3720 5764 noxiam
3738 5711 3946 5776 solum,
