4154 6324
283 418 372 475 471

282 527 369 587 sed
398 533 453 581 et
481 519 811 592 superﬂuam
844 527 959 568 rem
985 505 1238 564 ostendit.
1263 504 1398 558 Nam
1430 508 1712 572 postquam
1742 510 1869 592 ager

285 621 452 676 cultus
478 587 599 680 fuit,
617 628 739 668 cum
767 607 910 663 nulla
938 619 999 659 re
1017 615 1151 671 Opus
1180 607 1426 666 est,tunc
1447 594 1704 655 seminat;
1729 587 1872 658 quod

284 723 340 764 et
362 707 600 764 haeretici
633 705 852 762 faciunt,
887 698 977 766 qui
1008 692 1220 748 nonnisi
1254 681 1473 763 propter
1518 700 1709 739 vanam
1756 683 1871 751 glo-

287 798 417 853 riam
445 811 711 854 venenum
743 807 896 846 suum
930 787 1193 854 injiciunt.
1245 782 1425 850 Neque
1454 795 1514 833 ex
1549 778 1632 830 his
1669 785 1870 828 tantum

288 890 482 954 verbis,
512 889 606 943 sed
639 885 802 941 etiam
831 896 896 936 ex
929 876 1295 950 sequentibus,
1324 883 1484 924 totam
1519 869 1730 923 illorum
1760 882 1874 919 see-

290 997 409 1034 nam
437 986 682 1034 accurate
703 972 955 1029 describit
977 989 987 1021 :
1009 969 1143 1033 .Cum
1173 963 1460 1036 pultutuvit,
1488 962 1675 1029 inquit,
1699 957 1872 1021 herba,

288 1081 332 1123 et
362 1074 581 1141 fructum
612 1069 747 1125 tulit,
771 1076 888 1118 tum:
915 1069 1259 1132 apparuerunt
1297 1066 1340 1107 et
1371 1053 1569 1107 zizuuia
1601 1067 1618 1104 .'
1657 1050 1796 1118 quod
1822 1057 1877 1101 et

289 1163 384 1229 ipsi
420 1159 637 1214 faciunt.
664 1157 823 1212 Initio
853 1167 1084 1222 namque
1112 1163 1231 1202 sese
1257 1146 1526 1200 occultant
1552 1161 1565 1195 :
1596 1150 1873 1212 postquam

286 1267 414 1304 vero
439 1252 702 1316 majorem
732 1263 988 1314 acoepere
1011 1243 1284 1300 lidneiam,
1317 1248 1370 1290 et
1408 1239 1615 1304 copiam
1650 1233 1861 1286 dicendi

287 1341 431 1394 nacti
485 1350 645 1396 sunt.
708 1352 837 1391 tunc
899 1335 1052 1388 virus
1119 1329 1426 1384 ell‘undunt.
1498 1326 1610 1379 Cur
1675 1332 1859 1378 autem

288 1445 474 1482 serves
531 1428 762 1488 inducit,
798 1442 914 1488 qum
969 1423 1211 1476 accidere
1261 1415 1580 1471 nairanles‘?
1613 1413 1678 1468 Ut
1743 1413 1869 1466 hinc

282 1529 467 1569 ansam
500 1515 727 1583 arripiat
773 1511 982 1567 dicendi
1033 1527 1139 1565 non
1183 1507 1508 1564 occidendos
1561 1506 1680 1560 illos
1731 1520 1869 1559 esse.

282 1608 561 1662 inimicum
591 1607 864 1661 hominem
892 1615 1047 1658 vocat
1069 1604 1238 1666 illum,
1265 1602 1333 1654 ob
1354 1601 1547 1654 damna
1570 1615 1689 1667 quae
1717 1597 1875 1651 infert

283 1698 592 1752 hominibus
621 1715 635 1752 :
680 1697 932 1752 damnum
963 1696 1105 1750 enim
1136 1709 1233 1748 nos
1264 1692 1503 1758 impetit:
1538 1691 1716 1743 damni
1746 1704 1876 1743 vero

282 1791 489 1845 initium
517 1807 623 1845 non
648 1791 773 1844 odio
797 1789 985 1853 nostri,
1010 1788 1102 1841 sed
1123 1786 1244 1840 odio
1266 1786 1355 1840 Dei
1385 1784 1576 1838 factum
1602 1793 1704 1837 est.
1727 1781 1875 1836 Unde

281 1885 453 1953 palam
486 1894 590 1947 est,
627 1884 793 1938 Deum
826 1898 920 1936 nos
945 1881 1112 1949 magis
1141 1880 1385 1948 diligere,
1412 1892 1570 1948 quam
1599 1892 1693 1930 nos
1724 1890 1751 1928 a
1779 1889 1876 1927 uo-

279 1977 362 2030 bis
394 1977 523 2046 ipsis
576 1975 884 2046 diligamur.
918 1973 1022 2030 Sed
1074 1971 1288 2027 aliunde
1337 1971 1521 2024 videre
1550 1979 1633 2023 est
1678 1967 1875 2023 diaboli

277 2069 594 2123 versutiam.
626 2067 743 2122 Non
791 2069 933 2120 enim
983 2067 1212 2120 antehac
1258 2063 1559 2128 seminavit,
1589 2062 1710 2130 quia
1744 2061 1875 2114 nihil

276 2160 418 2229 quod
448 2159 697 2228 perderet
727 2158 944 2221 habuit;
979 2157 1072 2211 sed
1123 2171 1242 2209 cum
1269 2155 1446 2210 omnia
1481 2156 1634 2223 plena
1667 2161 1871 2216 essent,

278 2262 336 2304 ut
361 2261 529 2305 totum
563 2251 814 2320 agricola:
860 2249 1093 2304 studium
1123 2249 1473 2303 labefactaret
1502 2265 1515 2301 :
1554 2247 1631 2300 sic
1662 2246 1876 2300 inimico

278 2359 404 2412 erga
437 2343 588 2395 illum
623 2343 804 2395 animo
834 2351 1022 2396 cuncta
1053 2339 1298 2394 faciebat.
1328 2339 1458 2394 Vide
1486 2347 1663 2391 autem
1695 2354 1876 2391 servo-

276 2451 396 2489 rum
429 2436 789 2503 diligentiam.
837 2433 968 2487 Nam
998 2433 1197 2486 zizauia
1229 2431 1336 2486 cito
1367 2431 1599 2486 evellere
1631 2430 1873 2499 cupiunt,

273 2528 486 2582 etiamsi
521 2527 570 2580 id
621 2542 726 2580 non
771 2525 1113 2581 considerate
1157 2526 1355 2579 faciant
1408 2544 1418 2578 :
1473 2523 1612 2578 nnod
1665 2524 1875 2576 illorum

272 2620 416 2672 circa
447 2620 652 2672 semina
687 2617 1099 2672 sollicitudinem
1131 2616 1387 2681 declarat,
1423 2616 1702 2685 argnitqne
1732 2616 1878 2683 ipsos

274 2709 342 2763 ad
376 2725 539 2762 unum
569 2719 774 2762 tantum
806 2710 1093 2774 respicere,
1115 2724 1220 2761 non
1250 2722 1356 2775 quo
1387 2716 1542 2775 pacto
1567 2706 1659 2760 ille
1689 2721 1878 2774 poenas

270 2800 364 2853 det
395 2819 407 2853 :
445 2789 618 2868 neque
647 2801 788 2853 enim
838 2798 964 2852 illud
998 2799 1066 2851 ita
1119 2806 1308 2867 urget;
1346 2797 1438 2852 sed
1495 2812 1563 2850 ne
1609 2797 1752 2863 jaeta
1787 2811 1871 2850 se-

272 2893 417 2943 mina
464 2901 709 2959 pereant.
740 2889 863 2943 ldeo
894 2890 944 2944 id
977 2889 1214 2959 cogitant
1260 2901 1313 2942 ut
1350 2890 1595 2942 merhum
1627 2887 1878 2942 celeriter

269 2983 530 3035 avellant.
584 2981 714 3035 lllnd
764 2997 892 3036 vero
943 2997 1050 3035 non
1101 2982 1281 3034 statim
1334 2979 1546 3035 efficere
1574 2987 1872 3043 cenantur;

271 3087 451 3140 neque
480 3072 623 3128 enim
653 3072 704 3124 id
735 3072 834 3124 sibi
864 3081 1148 3139 arrogant:
1191 3073 1284 3125 sed
1313 3071 1514 3123 domini
1553 3071 1874 3124 sententiam

267 3171 589 3229 exspectant
623 3162 866 3217 dicentes
896 3180 907 3214 :
953 3162 1078 3215 Vis?
1108 3162 1241 3229 Quid
1284 3162 1443 3231 igitur
1475 3162 1768 3216 dominus?
1823 3161 1876 3215 Id

266 3262 421 3305 vetat
445 3253 660 3307 dii-ens:
699 3252 783 3306 Ne
811 3257 942 3323 forte
960 3237 1230 3306 leradicctis
1251 3253 1404 3306 simul
1429 3261 1474 3305 et
1501 3253 1742 3306 triticum.
1764 3251 1875 3306 Hoc

267 3359 438 3414 porro
468 3343 702 3409 dicebat,
736 3354 791 3398 ut
821 3345 954 3398 bella
1003 3345 1288 3413 aedesque
1331 3344 1663 3414 prohiberet.
1691 3343 1877 3413 Neque

267 3438 417 3491 enim
446 3436 756 3492 hmrelicum
786 3437 1033 3491 cecidere
1064 3447 1275 3507 oportet
1310 3481 1323 3492 .
1359 3454 1481 3491 nam
1511 3438 1588 3492 sic
1633 3439 1872 3492 irrccon-

269 3529 508 3584 ciliabile
538 3531 737 3584 bellum
777 3531 828 3584 in
861 3530 1042 3585 orbem
1082 3530 1442 3584 induceretur.

347 3623 402 3675 2.
438 3622 578 3693 Erga
618 3624 878 3677 hereticos
923 3623 1174 3693 quomodo
1216 3623 1488 3693 agendum.
1538 3621 1875 3676 Mansuetudo

269 3713 483 3768 Christi.
518 3714 744 3768 Granum
773 3716 966 3784 sinapis
992 3716 1242 3783 quomodo
1266 3713 1646 3781 puriﬁcationi;
1668 3724 1874 3780 aposto-

268 3806 439 3858 lorum
465 3807 530 3858 sit
555 3807 741 3875 ﬁgura.
784 3804 1055 3858 lli-amna:
1080 3805 1469 3873 praedicantibus
1495 3821 1594 3857 non
1616 3805 1869 3859 (intendar.

263 3925 337 3936 —-
358 3897 398 3949 ll
411 3898 451 3949 is
475 3907 654 3950 autem
677 3897 884 3950 duobus
906 3897 1194 3951 ratiociniis
1224 3907 1466 3949 movetur
1491 3896 1555 3947 ad
1577 3896 1694 3948 illos
1721 3896 1872 3950 enhi-

264 3987 738 4053 bendoszprimo,
782 3987 922 4056 quod
966 3985 1284 4040 frumentum
1319 4003 1420 4038 non
1455 3985 1739 4048 hrdereut;
1785 4001 1872 4040 se-

262 4078 465 4140 cundo,
510 4077 651 4146 quod
681 4077 752 4130 illi
797 4077 1068 4131 incurabili
1112 4078 1297 4130 morbo
1341 4077 1641 4130 laborantes
1668 4077 1873 4145 suppli-

262 4169 411 4222 cium
445 4168 622 4221 luituri
648 4177 847 4221 essent.
873 4169 1206 4237 Quapropter
1233 4168 1276 4220 si
1306 4169 1381 4221 vis
1411 4168 1528 4221 illos
1551 4169 1723 4237 puniri
1758 4168 1873 4221 sine

263 4259 525 4314 frumenti
574 4266 742 4318 noxa,”
777 4271 1021 4324 exSpccta
1067 4270 1273 4325 tempus
1313 4269 1689 4326 opportunum.
1737 4257 1871 4323 Quid

262 4358 450 4402 autem
480 4348 623 4400 aliud
652 4349 750 4401 sibi
779 4351 887 4401 vult
917 4365 1038 4403 cum
1070 4350 1217 4411 dicit,
1255 4349 1335 4402 Ne
1359 4350 1621 4402 eradicetis
1651 4349 1802 4401 simul
1827 4359 1872 4401 et

262 4449 516 4509 triticum,
545 4463 703 4515 quatn
735 4447 832 4499 hoc
857 4447 995 4514 quod
1027 4446 1252 4499 dicimus
1279 4463 1290 4496 :
1321 4447 1374 4498 Si
1405 4461 1550 4497 arma
1583 4445 1870 4508 moveatis,

262 4549 321 4590 ut
358 4538 645 4590 hmreticos
673 4537 947 4601 occidatis,
991 4537 1187 4589 mullos
1226 4535 1384 4589 etiam
1417 4548 1721 4590 sanetormn
1767 4554 1871 4592 una

261 4628 440 4682 occidi
485 4643 704 4681 necesse
734 4635 849 4692 est;
884 4629 964 4682 vel
991 4628 1150 4680 etiam
1174 4628 1325 4680 inulti
1371 4644 1437 4681 ex
1469 4630 1580 4680 istis
1620 4630 1867 4690 zizauiis,

262 4728 320 4770 ut
348 4718 645 4772 verisimile
667 4727 767 4777 est,
793 4728 1170 4772 coiiverteutnr
1197 4719 1246 4771 in
1279 4719 1634 4772 frumentum?
1657 4721 1711 4774 Si
1745 4737 1872 4790 ergo

261 4809 419 4877 prius
448 4809 569 4862 illos
597 4810 900 4872 eradicetis,
930 4810 1197 4863 frumento
1218 4813 1377 4864 etiam
1409 4822 1636 4864 venturo
1660 4814 1872 4865 nocebi-

263 4901 354 4962 tis,
389 4899 432 4951 si
468 4899 588 4952 illos
619 4901 705 4968 qui
737 4901 926 4953 mutari
957 4912 1007 4953 et
1037 4901 1158 4954 boni
1189 4902 1324 4954 effici
1359 4911 1599 4970 possunt,
1633 4903 1872 4956 eradice-

261 4991 352 5043 tis.
390 4988 506 5042 Non
542 4990 697 5059 igitur
723 4991 968 5060 prohibet
1001 4991 1277 5044 hazreticos
1318 4994 1629 5060 reprimere,
1661 4993 1870 5046 illoruut

247 5097 359 5134 ora
412 5082 713 5141 obstruere,
757 5082 1054 5136 libertatein
1096 5082 1344 5151 loquendi
1386 5098 1655 5140 coercere.
1699 5095 1871 5137 Certus

257 5160 457 5226 eorum
501 5172 734 5236 solvere,
784 5182 934 5240 pacta
979 5189 1264 5241 respuere.
1297 5173 1387 5227 sed
1420 5174 1663 5228 occidere
1710 5183 1868 5226 vetat.

260 5261 344 5316 Tu
411 5277 538 5316 vero
581 5263 724 5317 illius
764 5264 1221 5317 mansuetudinem
1267 5265 1555 5334 perpende,
1603 5267 1871 5333 quomodo

259 5353 477 5407 scilicet
519 5369 621 5409 non
650 5357 967 5408 sententiam
1013 5357 1184 5408 solum
1229 5355 1413 5409 efferat.
1441 5365 1493 5409 et
1524 5356 1729 5425 jubcat,
1777 5358 1867 5408 sed

262 5446 434 5497 etiam
466 5446 726 5499 rationem
756 5455 1008 5514 exponat.
1037 5448 1171 5513 Quid
1203 5463 1330 5514 ergo
1358 5449 1584 5512 eveniet,
1617 5451 1659 5501 si
1705 5465 1765 5503 us
1787 5465 1871 5517 ine

264 5535 316 5588 in
373 5537 536 5589 linem
585 5538 785 5591 zizania
830 5539 1115 5592 maneant?
1160 5539 1298 5592 Tum:
1340 5540 1506 5591 dicam
1549 5544 1868 5606 messoribus,

263 5627 469 5693 inquit,
493 5626 727 5700 Colligite
753 5629 970 5697 primunt
995 5632 1213 5695 zizania,
1246 5641 1292 5683 ει
1316 5631 1523 5700 alligata
1548 5649 1604 5684 ea
1632 5634 1681 5683 iu
1713 5635 1860 5702 fusci-

263 5721 420 5771 culns
446 5720 512 5786 ad
540 5722 958 5775 combureudum.
983 5723 1219 5777 Revocat
1247 5725 1374 5792 ipsis
1410 5727 1458 5778 in
1484 5736 1716 5778 mentem
1749 5741 1869 5777 ver--

265 5809 332 5865 ba
360 5808 606 5882 Joannis,
637 5813 834 5883 quibus
865 5813 976 5882 ipse
1002 5812 1164 5883 iudex
1198 5815 1568 5882 inducebatur,
1596 5818 1865 5889 dicitque:

476 375 524 422 ’⁸
1246 391 1310 446 IN
1348 384 1756 447 MATTHA‘JUM
1799 380 2027 437 HOMlL.
2072 379 2256 435 XLVI.
2297 380 2369 435 al.
2413 378 2611 459 XLV".

3481 376 3582 432 478

1983 492 2154 546 donec
2199 506 2366 562 prope
2405 491 2732 546 frumentum
2777 498 2922 544 stant
2967 488 3208 554 zizania,
3255 487 3582 565 parcendum

1983 583 2112 653 ipsis
2159 598 2313 647 esse;
2361 591 2538 652 potest
2577 582 2720 636 enim
2757 582 2871 636 fieri
2897 591 2951 636 ιιι
2986 581 3309 635 frumentum
3341 579 3583 634 eflician-

1984 688 2086 729 tur.
2139 675 2272 730 Cum
2316 685 2498 750 autem,
2527 676 2672 728 nullo
2710 685 2984 743 reportato
3016 674 3163 728 lucro
3200 672 3581 735 abscesserint,

1984 780 2111 823 tunc
2141 769 2261 822 illus
2290 768 2612 822 inevitabilis
2641 768 2772 821 ultio
2800 766 3048 834 excipiet.
3076 766 3254 820 Dicam
3283 766 3416 819 enim
3453 781 3584 817 utes-

1981 860 2196 920 soribus,
2249 860 2437 928 inquit,
2491 857 2726 928 Colligite
2769 861 2986 926 primunt
3033 858 3256 911 zizania.
3305 857 3410 912 Cur
3459 855 3580 909 Pri-

1983 951 2162 1004 mum?
2195 951 2285 1021 .Nt'
2323 961 2622 1005 terreantur
2673 951 2768 1010 illi,
2815 950 2964 1020 quasi
3014 951 3246 1003 triticum
3297 963 3417 1002 eum
3478 948 3583 1002 illis

1983 1041 2274 1096 auferatur.
2331 1041 2396 1095 Et
2442 1044 2652 1112 alligata
2692 1059 2750 1095 ea
2792 1042 2842 1095 in
2872 1040 3146 1111 fasciculos
3181 1042 3250 1094 ad
3279 1042 3581 1094 comburen-

1984 1134 2144 1196 dum;
2171 1134 2389 1186 triticum
2413 1145 2583 1185 autent
2615 1143 2915 1203 congregute
2940 1135 2992 1185 in
3014 1133 3269 1186 horreum.
3301 1133 3388 1186 51.
3412 1133 3582 1185 Aliam

1984 1225 2281 1290 parabolam
2320 1236 2558 1291 apposuit
2591 1226 2660 1277 eis
2691 1224 2862 1276 dicens
2897 1239 2914 1276 :
2941 1223 3124 1278 Simile
3145 1235 3216 1276 est
3243 1240 3453 1293 regnum
3483 1239 3584 1276 ca!-

1985 1314 2146 1365 lorum
2168 1331 2326 1384 grano
2355 1318 2549 1384 sinapis
2614 1318 2745 1379 Quia
2778 1316 2920 1368 enim
2950 1314 3104 1379 dixit,
3142 1331 3202 1368 ex
3237 1317 3441 1368 semine
3475 1325 3584 1369 tres

1981 1416 2161 1472 partes
2207 1408 2400 1474 perire,
2446 1423 2714 1476 unamque
2765 1408 2990 1472 servari,
3029 1417 3084 1460 et
3134 1408 3183 1459 in
3235 1407 3332 1460 hac
3371 1421 3584 1475 quoque

1983 1508 2192 1549 servata
2229 1507 2376 1564 parte
2406 1508 2484 1551 tnt
2513 1509 2765 1566 tantaque
2806 1500 3088 1552 imminere
3130 1499 3471 1563 detrimenta,
3518 1515 3585 1551 ne

1981 1586 2239 1647 dicerent,
2264 1590 2325 1643 Et
2354 1591 2568 1659 quinam
2601 1603 2907 1660 quantoque
2927 1607 3153 1645 numero
3185 1592 3366 1645 lideles
3393 1594 3584 1647 erunt?

1983 1677 2123 1731 hunc
2164 1695 2374 1748 quoque
2421 1693 2621 1737 metum
2662 1682 2856 1747 aufert,
2901 1683 3022 1735 illos
3054 1699 3148 1749 per
3172 1684 3480 1753 parabolam
3514 1684 3584 1736 si-

1982 1772 2134 1838 napis
2183 1771 2246 1824 ad
2295 1771 2451 1826 fidem
2497 1772 2772 1837 inducens,
2815 1773 3212 1841 nstendenSque
3244 1773 3583 1841 praedicatio-

1983 1878 2104 1915 nem
2147 1863 2343 1933 ubique
2386 1880 2728 1933 pervasnram
2772 1880 2912 1919 esse.
2955 1865 3079 1918 ldco
3109 1867 3268 1920 oleris
3297 1867 3583 1936 imaginem

1985 1954 2034 2006 in
2072 1954 2304 2008 medium
2333 1955 2556 2008 adduxit
2583 1955 2705 2010 huic
2734 1966 3050 2024 argumento
3079 1957 3365 2011 admodum
3389 1973 3586 2027 Oppor-

1985 2054 2164 2097 tunam
2194 2063 2206 2097 :
2241 2045 2329 2100 5‘2.
2376 2046 2525 2110 Quod
2561 2049 2728 2100 minus
2755 2054 2846 2112 eat,
2892 2049 3081 2116 inquit,
3115 2050 3344 2103 omnibus
3376 2051 3584 2103 semiui-

1984 2137 2110 2200 bus;
2137 2154 2249 2189 cum
2271 2151 2435 2191 autem
2461 2141 2686 2201 creverit,
2722 2141 2888 2208 majus
2915 2152 2986 2192 est
3015 2143 3245 2195 omnibus
3268 2143 3503 2205 oleribus,
3539 2153 3586 2196 et

1984 2228 2039 2294 ﬁt
2064 2226 2234 2288 arbor,
2265 2229 2337 2280 ita
2364 2239 2420 2304 ut.
2448 2228 2675 2284 volucres
2702 2232 2814 2283 στι)ίὶ
2842 2233 3056 2290 veuiaut,
3091 2242 3134 2285 et
3175 2234 3225 2286 in
3275 2235 3429 2286 ramis
3475 2236 3586 2304 ejus

1984 2319 2206 2383 habitent
2269 2320 2646 2389 illaguitudinis
2691 2323 2832 2374 enim
2883 2324 3134 2378 indicium
3175 2326 3453 2380 declarare
3485 2343 3582 2381 vo-
3626 2340 3634 2346 '

1985 2411 2098 2464 lttit.
2135 2411 2242 2476 Sic,
2291 2413 2482 2481 inquit,
2531 2422 2584 2467 et
2630 2415 2681 2467 in
2734 2416 3116 2483 prtedii-ationc
3142 2421 3263 2472 erit.
3309 2418 3440 2472 Nam
3471 2435 3586 2472 0m-

1985 2501 2130 2555 nium
2165 2504 2514 2558 inﬁrmissimi
2550 2515 2702 2558 erant
2747 2505 3028 2573 discipuli,
3090 2510 3436 2577 onmiumqne
3483 2511 3583 2562 mi-

1983 2597 2112 2648 nimi
2144 2613 2156 2646 :
2191 2607 2424 2650 attamen
2469 2603 2589 2668 quia
2637 2614 2826 2668 magna
2863 2600 2912 2652 in
2958 2601 3084 2668 ipsis
3114 2603 3279 2655 virtus
3320 2613 3454 2664 erat,
3491 2620 3584 2673 per

1984 2695 2152 2742 totum
2181 2691 2365 2744 orbem
2397 2690 2563 2745 elfusa
2592 2701 2695 2745 eet.
2735 2691 2939 2744 Deinde
2970 2693 3068 2746 sub
3098 2694 3195 2747 hac
3229 2695 3457 2764 imagine
3482 2697 3585 2749 ler-

1984 2791 2222 2835 meutum
2255 2783 2449 2850 posuit,
2483 2783 2667 2836 dicens
2701 2802 2712 2834 :
2745 2783 2834 2836 55.
2871 2782 3054 2836 Simile
3081 2796 3151 2838 est
3177 2802 3388 2854 regnum
3429 2788 3583 2839 creto-

1984 2888 2097 2924 rum
2120 2875 2384 2943 fermento,
2415 2875 2550 2943 quod
2579 2888 2838 2945 acceptum
2871 2875 3053 2930 mulier
3083 2877 3345 2932 abscondit
3369 2880 3420 2931 in
3454 2880 3584 2947 furi-

1985 2983 2064 3019 mt:
2101 2970 2228 3020 ’satis
2271 2969 2448 3031 tribus,
2498 2969 2655 3022 donec
2701 2975 3063 3038 fermentatum
3100 2983 3172 3024 est
3209 2982 3390 3025 totum.
3437 2974 3584 3028 Sicut

1985 3061 2126 3112 enim
2174 3059 2496 3114 fermentum
2539 3061 2719 3114 multm
2766 3061 2949 3114 larinte
2980 3062 3084 3114 vim
3115 3079 3266 3116 suam
3300 3063 3463 3129 indit,
3509 3067 3585 3119 sic

1985 3159 2040 3203 ct
2067 3166 2164 3204 vos
2193 3161 2358 3203 totum
2394 3153 2648 3204 ruuudum
2677 3154 3027 3206 convertetis.
3073 3154 3135 3206 Et
3177 3154 3298 3206 vide
3347 3155 3584 3224 pruden-

1986 3241 2132 3295 tiam.
2178 3241 2390 3295 Natura:
2431 3243 2686 3311 imagines
2728 3243 2905 3307 affert,
2952 3260 3057 3311 quo
3083 3245 3352 3300 ostendat.
3381 3258 3434 3299 ut
3473 3247 3586 3301 haec

1986 3335 2277 3388 secundum
2331 3333 2631 3386 naturalem
2686 3350 2864 3386 rerum
2915 3337 3109 3388 seriem
3159 3340 3466 3391 neceSSaIEo
3512 3339 3585 3394 ita

1985 3426 2137 3490 fiunt,
2181 3428 2258 3479 sic
2307 3436 2360 3480 et
2406 3426 2526 3480 ista.
2579 3425 2655 3480 Ne
2693 3425 2820 3479 mihi
2851 3427 3050 3481 dixeris
3079 3445 3092 3480 ε
3121 3428 3256 3495 Quid
3288 3431 3586 3499 poterimus

1984 3519 2543 3574 duodecimhomines
2577 3521 2628 3572 in
2659 3528 2861 3574 tantam
2900 3521 3298 3576 multitudinem
3346 3524 3586 3579 inciden-

1984 3611 2104 3666 tes?
2143 3611 2272 3664 Nam
2316 3611 2545 3678 idipsnm
2589 3613 2820 3665 maxime
2860 3613 3112 3666 virtutem
3142 3623 3372 3666 vestram
3402 3614 3584 3682 splen-

1982 3700 2161 3756 didam
2206 3701 2398 3765 reddit,
2433 3702 2575 3770 quod
2609 3702 2932 3755 multitudini
2963 3703 3183 3757 admixti
3211 3721 3315 3758 non
3348 3704 3582 3775 fugiatis.

1982 3794 2442 3860 Quemadmodum
2473 3804 2526 3849 et
2553 3794 2875 3849 fermentum
2907 3805 3031 3848 tunc
3077 3811 3308 3850 massam
3350 3796 3584 3852 fermen-

1983 3895 2078 3946 tat.
2121 3901 2240 3941 cum
2289 3887 2473 3941 farina:
2519 3887 2874 3950 admovetur;
2918 3903 3019 3941 nec
3052 3887 3211 3940 modo
3237 3888 3578 3955 admovetur,
3613 3877 3621 3884 ’

1980 3979 2074 4033 sed
2122 3979 2190 4032 ita
2233 3987 2288 4030 nt
2328 3979 2649 4043 misceatur;
2699 3995 2803 4031 non
2854 3980 2995 4034 enim
3051 3981 3364 4048 snnpliciter
3408 3981 3579 4046 dixit,

1983 4071 2182 4128 Posuit.
2211 4072 2326 4135 sed,
2356 4071 2627 4124 Abscondit
2651 4088 2667 4123 :
2700 4072 2776 4124 sic
2806 4081 2860 4124 et
2885 4086 2978 4124 vos
3003 4073 3309 4140 agglutinati
3342 4074 3582 4140 etjuncli

1982 4181 2102 4219 cum
2137 4164 2576 4232 impugnantibus
2603 4179 2720 4221 vos.
2765 4165 2909 4231 ipsos
2949 4165 3291 4231 superabilis.
3342 4165 3406 4218 Et
3444 4167 3583 4219 sicut

1983 4256 2108 4309 illud
2141 4255 2384 4308 obruitur
2414 4256 2462 4307 in
2496 4270 2690 4319 massa,
2727 4254 2818 4308 sed
2851 4270 2955 4308 non
2988 4256 3226 4323 perditur
3247 4296 3261 4320 ,
3314 4257 3405 4310 sed
3451 4273 3583 4326 pau-

1984 4348 2127 4400 latim
2156 4348 2246 4399 toti
2282 4361 2472 4398 massze
2502 4347 2603 4398 vim
2637 4362 2786 4398 suain
2827 4347 2958 4399 indit
2997 4366 3006 4401 :
3043 4348 3270 4413 idipsum
3305 4349 3355 4401 in
3384 4350 3577 4417 prmdi-

1979 4440 2187 4492 calione
2227 4440 2516 4506 continget.
2556 4437 2632 4490 Ne
2673 4438 2847 4504 itaque
2893 4439 3013 4506 quia
3064 4440 3257 4490 multas
3311 4456 3579 4493 :nrutnnas

1981 4531 2224 4601 prmdixi,
2278 4531 2394 4583 ideo
2442 4531 2675 4583 timentis
2711 4550 2721 4582 :
2758 4547 2878 4583 nam
2912 4533 2988 4584 sic
3027 4532 3290 4598 splendidi
3336 4534 3485 4585 eritis
3528 4544 3583 4587 et

1980 4623 2158 4676 Omnia
2211 4621 2551 4687 superabitis.
2607 4621 2728 4673 Tria
2762 4637 2920 4688 porro
2951 4632 3062 4675 Sata
3094 4623 3178 4673 hic
3219 4623 3382 4675 multa
3411 4624 3579 4692 signi-

1983 4715 2171 4776 licant;
2223 4715 2360 4764 hunc
2388 4715 2583 4781 quippe
2614 4729 2893 4766 numerum
2930 4715 3068 4766 solet
3108 4730 3202 4783 pro
3240 4716 3581 4772 multitudine

1980 4805 2254 4857 adhibere.
2307 4803 2382 4855 Nc
2433 4804 2639 4856 mireris
2692 4815 2891 4865 autem,
2938 4806 2981 4857 si
3025 4805 3092 4857 de
3127 4821 3294 4874 regno
3334 4809 3586 4874 loquens,

1979 4914 2200 4967 granum
2247 4909 2298 4951 ct
2344 4900 2662 4949 fermentum
2711 4907 2995 4960 memoret,
3047 4897 3352 4952 hominibus
3383 4902 3581 4968 quippe

1981 4991 2294 5060 loquebatur
2334 4990 2591 5055 imperitis
2634 4999 2685 5041 et
2734 4989 2950 5055 ignaris,
2995 5006 3130 5059 quos
3169 5007 3303 5058 opus
3343 5001 3457 5044 erat
3500 4992 3579 5043 his

1980 5083 2131 5150 erigi.
2169 5081 2297 5133 Nam
2331 5083 2400 5132 ita
2433 5081 2702 5146 simplices
2736 5090 2909 5142 erant,
2944 5091 2998 5133 nt
3032 5092 3213 5149 postea
3249 5082 3408 5135 multa
3445 5098 3579 5150 opus

1983 5174 2240 5226 haberent
2283 5174 2742 5239 interpretatione.
2796 5173 2892 5228 [ῚΜ
2927 5178 3336 5244 suntgenliles?
3377 5177 3576 5231 Christi

1981 5266 2230 5318 virtutem
2260 5265 2518 5325 ediscant,
2551 5280 2728 5316 rerum
2754 5267 3033 5317 veritatem
3063 5269 3493 5336 conspicientes;
3530 5281 3585 5322 et

1983 5357 2080 5409 hac
2120 5366 2342 5423 utraque
2387 5357 2454 5408 de
2500 5371 2660 5408 causa
2714 5355 2860 5409 illiilli
2908 5357 3155 5424 adorent,
3206 5360 3428 5426 etquod
3469 5377 3582 5413 rem

1986 5456 2182 5500 tantam
2227 5447 2556 5513 pra-dixerit,
2612 5456 2666 5500 et
2709 5448 2848 5515 quod
2898 5449 3036 5500 illam
3082 5451 3403 5517 impleverit.
3451 5451 3582 5510 Nam

1982 5542 2093 5607 ipse
2126 5551 2204 5591 est
2234 5540 2321 5608 qui
2354 5542 2454 5591 vim
2488 5539 2752 5592 fermento
2786 5541 2937 5593 indit.
2980 5542 3101 5595 ldeo
3132 5544 3456 5597 multitudini
3491 5545 3583 5598 ad-

1983 5633 2193 5684 miscuit
2236 5647 2328 5685 eos
2370 5632 2458 5700 qui
2503 5631 2555 5684 in
2604 5649 2662 5686 se
2713 5633 3026 5699 credebant,
3076 5645 3132 5687 ut
3174 5635 3580 5703 intelligentiam

1983 5735 2220 5779 nostram
2254 5736 2437 5778 mutuo
2471 5726 2766 5779 tradamus.
2812 5727 2980 5780 Nemo
3009 5729 3072 5781 de
3113 5729 3376 5796 paucitate
3405 5729 3582 5782 causi-

1986 5817 2196 5872 ficctur.
2249 5816 2404 5869 Multa
2456 5817 2652 5886 quippe
2693 5824 2775 5870 est
2825 5800 3220 5886 ι’ἷιηίεᾱίςίιιίοιιιε
3275 5819 3470 5877 virtus;
3525 5828 3577 5872 ct
