4154 6324
624 340 720 394 ιτυ
1347 326 1402 382 S.
1441 322 1716 380 JOANNIS
1754 315 2221 377 CIIBYSOSTOMI
2252 316 2566 377 ARClllEP.
2597 319 3126 378 CONSTANTINOP.
3612 366 3635 389 .
3766 326 3872 382 180

620 452 761 522 quod
806 448 973 504 semel
1017 444 1387 500 fermentatum
1435 448 1549 505 est,
1597 435 1913 494 fermentum
1967 431 2186 502 reliquis

620 544 867 601 eflicitur.
916 540 995 592 Ac
1034 530 1473 602 quemadmodum
1512 528 1740 585 scintilla
1779 540 1899 580 cum
1949 525 2001 578 in
2048 524 2187 623 ligna

621 633 822 697 incidit,
864 628 1136 685 combusta
1176 627 1226 679 in
1254 624 1521 677 flammam
1565 618 1846 680 ceuvertit,
1872 626 1926 671 et
1965 616 2043 670 sic
2086 615 2187 666 alia

623 725 819 781 invadit
848 741 861 775 :
896 722 966 775 ita
991 730 1045 774 et
1071 717 1394 787 prmdicatio.
1442 713 1558 767 Non
1597 710 1730 765 dixit
1760 716 1934 761 tamen
1969 706 2143 775 ignem
2168 744 2185 767 ,

620 814 713 869 sed
740 813 1088 871 fermentum;
1122 821 1283 875 quare
1303 798 1331 857 ἵ
1350 803 1479 870 Quia
1510 802 1576 855 ibi
1607 814 1710 853 non
1758 806 1923 851 totum
1962 795 2039 865 ab
2068 794 2187 862 igne

621 907 811 969 oritur,
852 902 945 958 sed
993 900 1149 955 simul
1195 899 1352 952 etiam
1394 911 1422 949 a
1449 894 1604 962 lignis
1628 890 1901 953 incensis;
1949 888 2034 941 hic
2062 900 2188 939 vero

621 1002 935 1053 fermentum
987 1004 1080 1061 per
1122 1007 1180 1046 se
1228 998 1393 1042 totum
1434 985 1615 1042 eflicit.
1662 981 1814 1048 Quod
1859 982 1902 1035 si
1947 979 2188 1034 homines

618 1090 897 1143 duodecim
940 1094 1105 1140 totum
1132 1082 1315 1137 Orbem
1340 1079 1747 1137 fermentarunt,
1793 1073 1967 1143 cogita
1994 1077 2187 1139 quanta

619 1185 685 1235 sit
720 1180 947 1248 nequitia
981 1186 1179 1240 nostra,
1222 1173 1381 1241 quod,
1430 1184 1548 1225 cum
1576 1176 1722 1222 tanto
1752 1178 1970 1219 numero
1998 1163 2183 1227 simus,

624 1288 726 1324 non
772 1281 1051 1338 possumus
1088 1275 1259 1319 tamen
1301 1276 1394 1315 eos
1432 1260 1520 1329 qui
1556 1263 1842 1350 supersunt
1876 1250 2182 1350 emendare,

620 1378 751 1432 quos
778 1359 1098 1430 oportuisset
1124 1355 1207 1410 vel
1234 1352 1377 1408 mille
1402 1348 1614 1405 mundis
1638 1346 1704 1400 ad
1727 1344 2186 1400 fermentationem

622 1454 881 1508 sufﬁcere.
1376 1533 1382 1534 ί
1542 1530 1551 1534 ,
1717 1526 1745 1534 ,,
1833 1532 1840 1534 _
2131 1520 2161 1534 ..

693 1546 743 1596 5.
788 1540 907 1595 Non
938 1536 1200 1600 miracula,
1228 1533 1313 1588 sed
1341 1533 1493 1585 virtus
1521 1526 1770 1599 Apostolis
1796 1532 1842 1580 et
1864 1524 1977 1577 aliis
2000 1524 2187 1575 sanctis

623 1649 785 1686 rerum
832 1628 1223 1698 magnitudinem
1269 1621 1495 1675 contulit.
1540 1645 1609 1658 —-
1659 1620 1760 1680 At,
1812 1611 2186 1713 lliﬂllies,.ilii

622 1720 841 1789 apostoli
883 1726 1054 1772 erant.
1112 1713 1178 1768 Et
1200 1712 1324 1782 quid
1352 1711 1451 1764 hoc
1470 1709 1597 1762 ‘est?
1638 1707 1826 1761 Annon
1854 1702 2038 1757 eadem
2076 1702 2187 1767 ipsa

622 1826 721 1879 qua
751 1817 804 1861 tu
830 1804 1135 1861 conditione
1161 1800 1357 1855 erant?
1387 1812 1560 1852 nonne
1601 1796 1651 1849 in
1679 1792 1977 1849 civitatibus
2005 1802 2187 1843 versa-

622 1897 851 1952 bantur?
896 1910 1069 1948 annon
1115 1889 1421 1945 earumdem
1468 1894 1743 1941 consortes
1780 1879 1971 1936 erant?
2010 1892 2186 1931 annon

623 1999 763 2041 artes
810 1982 1170 2040 exercebant?
1212 1995 1337 2034 num
1368 1977 1535 2045 angeli
1569 1974 1760 2029 erant?
1809 1987 1931 2026 num
1962 1985 2025 2024 ex
2056 1968 2188 2022 caelo

620 2072 1040 2133 descenderant?
1081 2070 1206 2136 Sed,
1239 2068 1462 2137 inquies,
1496 2066 1645 2134 signa
1675 2065 1926 2118 fecerant.
1971 2057 2085 2113 Non
2112 2058 2183 2111 si-

621 2184 721 2242 gna
750 2178 896 2224 certe
926 2167 1069 2233 ipsos
1095 2161 1361 2217 mirabiles
1385 2158 1691 2213 effecerunt.
1720 2152 2005 2224 Usquequo
2030 2150 2188 2242 mira?

623 2240 754 2317 culis
799 2260 901 2313 illis
948 2256 1011 2311 ad
1054 2254 1310 2325 ignaviam
1351 2259 1586 2305 nostram
1624 2243 1899 2316 tegendam
1943 2240 2187 2297 utemur?

627 2350 759 2405 Vide
783 2355 1085 2405 sanctorum
1112 2344 1353 2407 chorum,
1401 2340 1489 2409 qui
1523 2352 1630 2392 non
1658 2335 1926 2390 miraculis
1950 2330 2186 2386 illis'ful-

623 2444 710 2496 sit.
756 2439 901 2494 Multi
928 2437 1067 2492 enim
1096 2434 1182 2504 qui
1208 2432 1479 2487 daemones
1507 2428 1793 2495 eiecerant,
1836 2426 1955 2493 quia
1992 2420 2188 2491 iniqui-

623 2540 782 2585 tatem
818 2527 1019 2595 operati
1059 2532 1200 2584 sunt,
1244 2518 1513 2573 mirabiles
1542 2531 1646 2569 non
1676 2510 1906 2576 fuerunt,
1939 2510 2032 2567 sed
2058 2526 2186 2580 sup-

625 2618 793 2689 pliciis
832 2623 954 2671 sunt
990 2611 1184 2667 allecti.
1228 2606 1462 2677 Ecquid,
1509 2604 1748 2673 inquies,
1795 2601 1916 2656 illos
1968 2615 2187 2670 magnos

622 2705 833 2763 eﬂ‘ecit?
870 2705 1214 2771 Contemptus
1254 2697 1613 2767 pecuniarum,
1667 2709 1815 2746 vana:
1860 2691 2041 2761 gloria:
2085 2690 2186 2745 de-

623 2805 856 2867 spectus,
879 2790 1226 2863 sequestratio
1253 2803 1285 2842 a
1308 2788 1465 2843 bonis
1492 2784 1852 2839 saecularibus.
1885 2782 1982 2851 Qui
2007 2784 2051 2836 si
2074 2781 2189 2837 hate

624 2903 729 2943 non
758 2886 1085 2946 habuissent,
1116 2879 1210 2936 sed
1231 2879 1393 2933 animi
1420 2876 1620 2931 morbis
1645 2875 1962 2944 paruissent.
1981 2872 2185 2928 etiamsi

622 2984 899 3031 sexcentos
938 2981 1175 3026 mortuos
1218 2967 1581 3029 suscitassent,
1626 2979 1735 3019 non
1762 2963 1919 3017 modo
1946 2963 2011 3017 ad
2044 2961 2185 3016 nihi-

624 3068 730 3121 lum
757 3066 914 3119 utiles
944 3061 1186 3125 fuissent,
1232 3057 1327 3113 sed
1370 3056 1529 3110 etiam
1557 3054 1868 3124 deceptores
1893 3064 1947 3108 et
1969 3052 2186 3108 fallaces

632 3151 795 3211 habiti
827 3150 1073 3205 fuissent.
1093 3146 1183 3202 Sic
1198 3154 1341 3201 certe
1364 3145 1473 3201 vita
1499 3144 1613 3213 ipsa
1631 3153 1712 3198 est
1728 3156 1847 3211 qua
1861 3140 2057 3208 ubique
2081 3136 2187 3190 ful-

630 3248 735 3310 get,
753 3254 873 3310 quas
884 3240 1043 3293 etiam
1065 3235 1296 3304 Spiritus
1308 3233 1531 3305 gratiam
1546 3230 1785 3286 attraxit.
1803 3227 1958 3295 Quod
1971 3227 2184 3296 signum

630 3330 756 3386 fecit
788 3329 1044 3391 Joannes,
1079 3327 1171 3397 qui
1206 3333 1287 3381 tot
1316 3323 1559 3379 civitates
1578 3321 1685 3399 sibi
1715 3317 1991 3375 devinxit?
2024 3314 2182 3383 Quod

622 3420 761 3475 enim
791 3417 1099 3472 miraculum
1131 3413 1601 3478 nullum'ediderit,
1646 3411 1768 3467 audi
1809 3411 2185 3482 evangelistam

621 3511 881 3564 dicentem
912 3525 926 3560 :
958 3505 1181 3559 Joannes
1205 3504 1402 3573 quidem
1427 3502 1622 3558 nullum
1648 3503 1762 3571 fecit
1787 3502 1983 3572 signum
2006 3501 2185 3571 (Joan.

622 3600 707 3655 10.
737 3600 847 3667 tl).
878 3596 1029 3653 Unde
1052 3595 1390 3649 admirandus
1414 3592 1516 3648 fuit
1543 3592 1751 3648 Helias?
1778 3596 1964 3646 Annon
1993 3608 2023 3646 a
2054 3591 2189 3645 [idu-

622 3689 722 3752 eia,
746 3702 845 3757 qua
863 3702 1037 3757 regem
1056 3685 1297 3740 monuit?
1320 3698 1496 3737 annon
1523 3698 1552 3736 a
1580 3682 1697 3737 zelo
1723 3696 1819 3736 suo
1840 3697 1962 3752 erga
1987 3681 2187 3736 Deum?

622 3795 795 3834 annon
824 3796 851 3832 a
884 3787 1215 3849 paupertate,
1239 3792 1269 3829 a
1298 3775 1514 3840 tnclote,
1561 3790 1591 3827 a
1618 3774 1892 3845 spelunca,
1928 3787 1958 3827 a
1988 3772 2185 3827 monti-

514 3861 529 3883 ⁸
620 3871 719 3926 bus
739 3869 904 3925 ?Nam
926 3870 1072 3940 signa
1102 3869 1276 3922 omnia
1304 3877 1423 3936 post
1449 3866 1561 3919 hanc
1584 3864 1724 3919 fecit.
1748 3864 1869 3920 Jobi
1893 3880 2018 3919 vero
2043 3864 2183 3935 quod

621 3966 826 4034 signum
872 3962 1055 4016 videns
1104 3960 1345 4014 diabolus
1384 3955 1779 4025 obstupefactus
1817 3958 1937 4014 est?
1965 3958 2181 4027 Signum

619 4067 763 4109 certe
791 4054 1013 4117 nullum,
1043 4052 1137 4108 sed
1164 4052 1323 4105 vitam
1357 4050 1686 4121 praeclaram,
1714 4049 2021 4119 patientiam
2051 4049 2182 4104 ada-

622 4154 796 4198 mante
830 4143 1018 4213 quovis
1079 4140 1386 4194 firmiorem.
1416 4137 1568 4204 Quod
1593 4139 1798 4207 signum
1832 4138 1992 4191 David
2021 4136 2142 4190 fecit
2165 4177 2181 4203 ,

616 4235 825 4305 juvenis
868 4248 987 4287 cum
1031 4242 1195 4295 esset,
1243 4239 1299 4284 ut
1346 4229 1483 4283 Deus
1525 4227 1770 4282 diceret:
1803 4221 2186 4291 lnveniDaoid,

621 4326 781 4393 ﬁlium
804 4323 1145 4387 Jessc,'oirttm
1169 4322 1442 4377 secundum
1464 4335 1554 4373 cor
1577 4334 1741 4372 meum
1770 4319 1907 4387 (Act.
1942 4318 2023 4374 15.
2051 4316 2185 4385 22)?

619 4417 901 4481 Abraham,
932 4416 1074 4471 Isaac
1092 4422 1146 4469 et
1169 4412 1333 4468 laeob
1358 4427 1513 4480 quem
1541 4419 1808 4465 mortuum
1830 4409 2182 4464 suscitarent?

620 4524 774 4580 quem
806 4508 1071 4577 leprosum
1098 4502 1453 4577 mundaruut?
1497 4505 1578 4555 Au
1608 4502 1838 4570 ignoras,
1880 4500 2047 4570 signa,
2082 4503 2209 4557 nisi'

621 4601 914 4670 vigilemus,
962 4598 1271 4667 plerumque
1300 4593 1534 4658 nocere?
1574 4592 1663 4648 Sic
1698 4593 1844 4647 multi
1872 4592 2183 4649 Corinthio-

612 4704 735 4744 .rum
762 4687 851 4743 alii
877 4686 945 4742 ab
971 4686 1089 4741 aliis
1126 4684 1333 4739 discissi
1360 4693 1484 4738 sunt
1508 4700 1521 4735 :
1550 4682 1627 4737 sic
1652 4683 1799 4737 multi
1821 4681 2182 4739 Romanorum

618 4780 989 4848 superbieruut
1042 4795 1057 4831 :
1104 4778 1183 4831 sic
1221 4775 1406 4832 Simon
1444 4772 1646 4844 ejectus
1695 4781 1798 4828 est.
1832 4773 1921 4830 Sic
1964 4775 2054 4830 ille
2094 4775 2183 4844 qui

617 4866 888 4924 Christum
916 4864 1065 4937 sequi
1097 4872 1392 4935 optaverat,
1436 4862 1752 4932 reprobatus
1793 4872 1894 4929 est,
1937 4864 2179 4929 audiens,

630 4956 812 5027 Vulpes
839 4959 1005 5027 foveas
1032 4955 1231 5019 habent,
1263 4962 1309 5007 et
1339 4949 1562 5007 uolucres
1584 4952 1693 5006 caeli
1722 4952 1866 5006 nidos
1884 4952 2095 5021 (Matth.
2126 4953 2179 5008 8.

614 5049 717 5113 20;
750 5048 874 5102 Luc.
904 5049 956 5103 9.
986 5046 1097 5118 58).
1132 5046 1331 5101 llorum
1360 5045 1571 5115 singuli,
1598 5046 1710 5101 sive
1733 5046 1872 5115 quod
1897 5049 2144 5117 pecunias
2164 5089 2177 5113 ,

615 5142 727 5195 sive
767 5137 907 5208 quod
951 5137 1172 5208 gloriam
1200 5150 1267 5191 ex
1304 5135 1469 5204 signis
1508 5145 1828 5205 quaererent,
1874 5137 2184 5194 exciderunt

614 5239 670 5285 et
723 5231 1009 5298 perierunt.
1068 5225 1205 5282 Vita:
1249 5235 1426 5281 autem
1492 5235 1736 5280 accurata
1785 5228 2074 5294 sanctitas,
2128 5238 2183 5284 et

618 5323 865 5375 virtutum
914 5334 1065 5375 amor
1106 5333 1212 5374 non
1253 5319 1412 5372 modo
1452 5331 1557 5372 non
1596 5317 1732 5387 parit
1773 5318 1931 5373 talem
1974 5320 2180 5389 cupidi-

619 5421 803 5476 tatem,
850 5409 944 5466 sed
972 5410 1018 5466 si
1046 5408 1184 5465 adsit
1210 5406 1401 5464 aufert.
1447 5406 1563 5477 lpse
1593 5423 1720 5465 vero
1744 5408 2009 5475 Christus,
2057 5426 2179 5467 cum

613 5502 759 5571 leges
785 5501 937 5556 daret
957 5500 1244 5568 discipulis,
1268 5499 1395 5570 quid
1421 5499 1631 5555 dicebat
1648 5500 1671 5555 ?
1690 5516 1780 5567 an,
1809 5500 1967 5571 Signa
1998 5501 2178 5572 facite,

618 5602 672 5645 ut
697 5590 910 5645 videant
935 5589 1214 5645 homines?
1255 5590 1595 5661 Nequaquam
1629 5608 1643 5644 :
1678 5591 1773 5647 sed
1802 5593 1966 5662 quid?
1992 5593 2178 5650 Luceat

616 5682 706 5737 tua:
740 5692 901 5738 vestra
939 5697 1108 5739 coram
1136 5680 1545 5754 .hontinibtts,.ut
1583 5682 1784 5740 videant
1827 5700 1979 5755 opera
2014 5698 2178 5746 vestra

2298 432 2446 498 bona,
2487 443 2535 488 et
2566 434 2849 505 gloriﬁcent
2896 434 3105 490 Patrem
3142 443 3359 492 vestrum
3397 438 3484 501 qui
3526 440 3579 493 in
3622 442 3756 497 catis
3795 453 3872 498 est

2294 521 2503 589 (Matth.
2530 523 2583 578 5.
2610 525 2722 593 16).
2752 526 2911 581 Petro
2933 541 3145 597 quoque
3175 542 3278 583 non
3308 528 3461 596 dixit,
3501 528 3556 585 Si
3584 547 3669 587 me
3695 547 3863 598 amas,

2292 610 2439 679 signa
2465 610 2580 677 fac;
2623 614 2739 680 sed,
2784 614 2947 670 Pasce
2982 632 3095 671 oves
3137 633 3272 672 meas
3310 618 3490 688 (Joan.
3525 621 3615 676 2|.
3650 622 3760 696 15).
3800 623 3868 679 Et

2291 716 2410 756 cum
2441 719 2655 775 semper
2680 706 2827 761 illum
2852 709 3061 763 caeteris
3086 720 3380 779 prmponat,
3403 728 3504 766 una
3532 728 3652 769 cum
3673 714 3867 771 Jacobo

2291 802 2346 845 et
2373 792 2598 860 Joanne,
2648 796 2808 859 unde,
2855 813 3061 867 quaeso,
3093 803 3387 870 praeponit?
3431 819 3555 858 num
3593 820 3623 859 a
3668 808 3869 876 signis?

2291 885 2449 953 Atqui
2476 900 2663 941 omnes
2684 888 2930 956 discipuli
2958 890 3199 961 leprosos
3227 883 3574 963 mandabant,
3627 906 3870 953 mortuos

2291 976 2659 1042 suscitabant;
2692 980 3047 1049 omnibusque
3090 982 3340 1038 similiter
3382 994 3697 1053 potestatem
3741 1002 3871 1041 con-

2291 1066 2471 1120 cessit.
2504 1066 2610 1122 Cur
2636 1083 2765 1138 ergo
2805 1080 2915 1125 tres
2945 1071 3017 1125 illi
3044 1073 3554 1142 anteponebantur?
3594 1076 3675 1130 Ex
3706 1077 3871 1132 animi

2291 1171 2481 1225 nempe
2510 1157 2724 1215 virtute.
2750 1160 2935 1215 Viden’
2966 1161 3161 1232 ubique
3186 1162 3325 1218 bona
3351 1180 3483 1235 opus
3509 1181 3627 1222 esse
3658 1168 3784 1234 vita,
3815 1176 3872 1224 et

2291 1248 2448 1301 rectis
2488 1251 2778 1318 operibus?
2820 1249 2905 1306 Ex
2949 1253 3217 1321 fructibus,
3258 1258 3422 1325 enim,
3467 1260 3657 1329 inquit,
3696 1276 3872 1315 eorum

2287 1340 2591 1408 cognoscetis
2620 1357 2704 1396 eos
2733 1341 2942 1413 (Matth.
2971 1344 3025 1399 7.
3056 1346 3168 1417 l6).

2359 1430 2412 1483 4.
2443 1430 2577 1497 Quid
2603 1440 2778 1487 autem
2803 1434 2958 1488 vitam
2991 1445 3227 1493 nostram
3255 1441 3560 1496 constituit?
3589 1443 3669 1496 An
3692 1442 3868 1513 signa,

2290 1532 2356 1572 an
2384 1520 2486 1574 vita
2516 1532 2660 1577 recte
2690 1532 2743 1577 et
2764 1538 3009 1581 accurate
3028 1529 3180 1583 acta?
3210 1530 3383 1586 Vitam
3409 1544 3554 1588 certe
3575 1548 3691 1589 esse
3714 1535 3873 1605 liqui-

2289 1609 2414 1663 dum
2445 1621 2523 1666 est
2553 1630 2569 1667 :
2600 1614 2748 1683 signa
2775 1630 2903 1671 vero
2951 1616 3074 1674 inde
3113 1619 3315 1675 ducunt
3352 1622 3707 1690 occasionem,
3734 1634 3788 1680 et
3817 1624 3873 1683 in

2290 1715 2411 1753 eum
2438 1702 2595 1757 finem
2618 1702 2883 1759 desinunt.
2916 1707 3043 1761 Nam
3067 1710 3157 1779 qui
3174 1709 3335 1765 vitam
3358 1711 3575 1768 exhibet
3591 1717 3869 1784 optimam,

2289 1787 2427 1845 hunc
2454 1792 2554 1845 sibi
2580 1794 2797 1849 attrahit
2821 1798 3077 1865 gratiam;
3107 1801 3195 1871 qui
3223 1817 3351 1857 vero
3374 1805 3597 1873 gratiam
3630 1807 3823 1878 accipit
3848 1847 3867 1875 ,

2289 1878 2413 1934 ideo
2437 1880 2627 1950 accipit
2649 1924 2664 1949 ,
2698 1894 2754 1939 ut
2780 1885 3004 1942 aliorum
3034 1890 3194 1945 vitam
3222 1894 3489 1950 emendet.
3520 1895 3869 1969 Quandoqui-

2288 1968 2409 2023 dem
2438 1968 2682 2027 Christus
2707 1974 2961 2031 miracula
2991 1978 3076 2032 illa
3106 1979 3225 2035 ideo
3251 1982 3395 2046 fecit,
3428 1992 3484 2039 ut
3513 1984 3636 2042 inde
3664 1968 3769 2043 fide
3789 1987 3877 2044 di-

2287 2073 2423 2127 gnus
2444 2058 2510 2115 ad
2539 2076 2599 2117 se
2628 2062 2871 2120 homines
2896 2068 3226 2137 pertrahens,
3255 2071 3506 2129 virtutem
3534 2078 3586 2130 in
3612 2078 3871 2138 mundum

2289 2149 2585 2207 induceret.
2627 2152 2753 2210 ldeo
2794 2158 3076 2215 maximam
3113 2160 3335 2232 hujusce
3362 2165 3438 2219 rei
3470 2179 3650 2222 curam
3688 2169 3869 2226 habet.

2289 2241 2471 2313 Neque
2499 2245 2639 2299 enim
2666 2246 2793 2302 solis
2819 2248 2983 2319 signis
3009 2252 3138 2305 satis
3166 2251 3345 2321 habet,
3372 2255 3465 2311 sed
3494 2266 3548 2312 et
3570 2258 3870 2329 gehennam

2288 2332 2658 2400 comminatur,
2678 2345 2733 2391 et
2747 2350 2969 2407 regnum
2989 2340 3269 2408 promittit,
3286 2344 3468 2414 sicque
3482 2344 3873 2417 inexspectata

2288 2424 2405 2479 illas
2436 2427 2578 2494 ponit
2607 2427 2773 2498 leges,
2804 2430 3038 2501 nihilque
3067 2447 3170 2487 non
3200 2436 3308 2505 agit
3336 2446 3391 2491 ut
3418 2452 3517 2494 nos
3542 2441 3745 2510 angelis
3767 2459 3865 2513 pa-

2289 2529 2376 2569 res
2400 2515 2611 2573 efficiat.
2643 2520 2709 2573 Et
2730 2521 2853 2589 quid
2878 2522 3019 2606 dico,
3049 2524 3314 2581 Christum
3336 2529 3511 2583 omnia
3539 2530 3760 2601 hujusce
3787 2538 3866 2592 rei

2286 2620 2446 2661 causa
2475 2607 2682 2665 facere?
2710 2610 2764 2665 Si
2792 2612 2930 2682 quis,
2962 2614 3049 2669 die
3078 2616 3207 2670 mihi
3226 2658 3243 2683 ,
3270 2620 3539 2690 optionem
3571 2623 3661 2678 tibi
3691 2624 3867 2695 daret,

2287 2706 2381 2751 aut
2423 2709 2660 2755 mortuos
2704 2702 2755 2755 in
2801 2706 3015 2759 nomine
3042 2706 3157 2775 ejus
3185 2711 3445 2765 suscitare
3467 2752 3483 2779 ,
3519 2722 3609 2769 aut
3649 2727 3873 2787 propter

2245 2842 2251 2852 ,
2291 2804 2482 2845 nomen
2507 2792 2625 2858 ejus
2654 2791 2787 2846 mori
2808 2833 2823 2859 ,
2855 2793 2978 2862 quid
3007 2798 3256 2865 optares?
3280 2800 3473 2856 Annon
3502 2803 3677 2872 palam
3703 2816 3785 2862 est
3812 2816 3869 2865 te

2289 2880 2577 2935 secundum
2607 2891 2911 2952 optaturum
2944 2887 3095 2942 esse?
3133 2891 3290 2959 Atqui
3324 2890 3449 2948 illud
3485 2894 3695 2966 signum
3721 2938 3736 2963 ,
3766 2897 3871 2958 hoc

2287 2980 2462 3024 autem
2491 2985 2623 3041 Opus
2648 2981 2749 3027 est.
2781 2974 2835 3029 Si
2862 2976 2980 3044 quis
2998 2991 3127 3033 vero
3156 2979 3247 3034 tibi
3274 2981 3543 3051 optionem
3573 3001 3693 3041 eum
3720 2998 3871 3059 pote-

2287 3067 2422 3113 state
2446 3059 2595 3115 daret
2622 3060 2819 3117 ftenum
2854 3064 2905 3117 in
2934 3080 3120 3121 aurum
3144 3071 3418 3137 vertendi,
3443 3084 3530 3129 aut
3562 3090 3717 3144 posse
3743 3094 3866 3134 om-

2288 3162 2385 3202 nes
2410 3148 2618 3204 divitias
2645 3161 2700 3205 ut
2729 3151 2926 3209 (mnum
2959 3159 3307 3215 conculcare?
3342 3160 3528 3219 Nonne
3560 3165 3662 3222 hoc
3692 3172 3869 3238 potius

2287 3236 2545 3307 eligeres?
2590 3240 2655 3294 Et
2676 3242 2795 3310 jure
2820 3245 3051 3314 quidem.
3092 3247 3225 3304 Nam
3253 3251 3382 3306 illud
3410 3268 3596 3310 omnes
3624 3236 3868 3318 homines

2288 3326 2520 3383 maxime
2547 3330 2895 3399 pertraheret.
2927 3335 2985 3389 Si
3009 3336 3251 3393 viderent
3278 3341 3418 3395 enim
3450 3341 3651 3399 foeuum
3675 3363 3868 3406 aurum

2290 3418 2423 3483 fieri,
2450 3420 2585 3475 hanc
2613 3432 2923 3492 potestatem
2951 3443 3137 3485 omnes
3162 3443 3420 3502 cuperent
3443 3435 3706 3506 obtinere,
3729 3440 3869 3497 sicut

2290 3509 2473 3565 Simon
2495 3552 2511 3577 ,
2542 3527 2928 3588 augereturque
2954 3518 3255 3577 divitiarum
3282 3524 3545 3594 cupiditas
3574 3545 3588 3581 :
3612 3530 3656 3584 si
3682 3541 3864 3588 autem

2289 3601 2531 3657 viderent
2545 3620 2729 3662 omnes
2748 3622 2934 3663 aurum
2954 3622 3216 3682 tamquam
3232 3614 3430 3671 [mnum
3448 3618 3741 3690 despicere,
3753 3622 3866 3693 jam

2284 3691 2413 3746 olim
2436 3709 2463 3746 τι
2495 3696 2679 3751 morbo
2702 3698 2907 3754 liberati
2934 3712 3133 3757 essent.

2370 3781 2483 3836 Vita
2520 3786 2651 3839 bona
2693 3803 2822 3857 quia.
2847 3818 2919 3830 —
2947 3790 3131 3847 Viden‘
3161 3794 3353 3852 bonam
3380 3800 3541 3856 vitam
3568 3815 3723 3871 posse
3753 3818 3869 3859 ina-

2286 3872 2600 3942 gisjuvare?
2628 3876 2801 3932 Vitam
2822 3890 2999 3937 autem
3023 3882 3162 3952 dico,
3186 3901 3290 3942 non
3312 3888 3593 3959 jejunium,
3619 3908 3723 3948 non
3748 3908 3867 3950 sae-

2285 3979 2407 4019 cum
2434 3975 2487 4020 et
2511 3967 2743 4024 cinerem
2750 3980 2980 4045 ﬁtratum
3001 3990 3015 4041 ;
3042 3976 3136 4031 sed
3157 3978 3456 4036 divitiarum
3479 3992 3864 4057 contemptum,

2287 4062 2345 4108 ut
2374 4069 2469 4124 par
2488 4066 2571 4112 est
2599 4073 2689 4113 eas
2714 4071 3075 4133 contemnere,
3099 4082 3334 4125 amorem
3364 4075 3612 4141 proximi,
3636 4077 3868 4133 eleemo-

2287 4161 2472 4218 synatn
2522 4158 2577 4203 et
2624 4166 2814 4219 panem
2868 4158 3118 4213 esurienti
3166 4161 3368 4229 datum,
3418 4166 3655 4222 sedatam
3708 4169 3864 4238 iram,

2289 4235 2460 4291 inanis
2482 4237 2664 4306 gloria:
2686 4240 3067 4310 depulsionem,
3091 4248 3299 4305 invidiae
3319 4252 3754 4311 elintinationem.
3776 4235 3867 4314 Sic

2286 4336 2341 4382 et
2367 4327 2453 4383 ille
2475 4342 2574 4384 nos
2594 4332 2817 4387 instituit
2838 4349 2958 4388 cum
2990 4335 3124 4392 dixit
3147 4356 3163 4393 :
3192 4339 3383 4396 Discite
3406 4361 3439 4396 a
3464 4360 3561 4411 nte,
3586 4347 3705 4416 quia
3731 4350 3868 4405 mitis

2286 4434 2398 4472 sum
2421 4429 2468 4473 et
2495 4421 2702 4475 humilis
2728 4423 2878 4479 corde
2906 4424 3115 4497 (Matth.
3151 4430 3237 4483 ll.
3266 4430 3378 4502 29).
3407 4431 3523 4489 Non
3550 4434 3702 4503 dixit,
3728 4437 3864 4506 Quia

2280 4509 2536 4580 jejunavi,
2555 4513 2654 4566 etsi
2683 4524 2860 4581 posset
2881 4516 3227 4589 quadraginta
3250 4521 3363 4576 dies
3378 4522 3564 4593 jejunii
3590 4526 3863 4595 proferre:

2286 4610 2340 4655 at
2358 4617 2466 4657 non
2489 4602 2591 4658 hoc
2616 4604 2774 4671 dicit;
2808 4608 2921 4670 sed,
2948 4608 3081 4673 Quia
3100 4612 3234 4667 mitis
3256 4629 3368 4667 sum
3393 4625 3439 4669 et
3460 4616 3665 4673 humilis
3691 4620 3863 4675 corde.

2286 4689 2597 4762 Rursusque
2620 4707 2739 4748 cum
2771 4697 2916 4751 misit
2939 4713 3030 4754 eos
3049 4741 3064 4764 ,
3095 4715 3200 4755 non
3226 4701 3393 4771 dixit,
3424 4705 3702 4775 Jejunate:
3732 4711 3826 4766 sed
3846 4752 3863 4777 ,

2289 4778 2596 4837 Mandacate
2612 4785 2745 4854 quod
2769 4788 3043 4857 apponitur
3064 4791 3199 4847 vobis
3224 4792 3242 4860 (
3264 4791 3394 4848 Luc.
3424 4794 3510 4851 lo.
3537 4796 3571 4852 8
3588 4799 3629 4858 ).
3665 4800 3739 4854 De
3766 4814 3866 4870 ρει

2286 4872 2441 4927 conia
2469 4886 2594 4928 vero
2618 4888 2855 4931 severam
2886 4877 3055 4950 legem
3083 4884 3257 4950 posuit
3285 4884 3470 4940 dicens
3499 4904 3514 4940 :
3546 4889 3724 4944 Nolite
3747 4909 3867 4962 pos-

2286 4963 2447 5017 sidere
2482 4979 2661 5019 aurum
2699 4966 2775 5021 vel
2815 4978 3074 5040 argentum
3092 5012 3107 5037 ,
3150 4990 3309 5045 neque
3332 4992 3400 5031 tes
3428 4977 3482 5031 in
3507 4982 3650 5034 zonis
3691 4987 3863 5040 vestris

2288 5052 2512 5125 (Matth.
2536 5054 2625 5110 i0.
2652 5054 2746 5129 9).
2779 5057 2902 5113 llzec
2932 5074 3093 5129 porro
3121 5062 3273 5132 dico,
3304 5082 3409 5122 non
3435 5068 3576 5138 quod
3601 5070 3860 5141 jejunium

2286 5145 2614 5216 vituperem;
2643 5148 2815 5214 absit;
2847 5150 3069 5207 multum
3096 5156 3291 5227 quippe
3318 5158 3477 5215 laudo
3504 5177 3516 5212 :
3544 5166 3639 5218 sed
3662 5180 3861 5237 angor,

2285 5250 2404 5292 cum
2431 5238 2587 5293 video
2607 5254 2721 5303 vos,
2750 5241 2868 5296 aliis
2894 5244 3166 5314 neglectis,
3190 5258 3377 5318 putare
3398 5252 3527 5308 illud
3551 5269 3671 5310 esse
3690 5256 3756 5312 ad
3776 5273 3865 5313 sa-

2287 5328 2447 5383 lutem
2486 5329 2637 5396 satis,
2667 5345 2787 5385 cum
2824 5341 3001 5389 tamen
3045 5338 3098 5390 in
3139 5338 3304 5395 choro
3334 5342 3586 5399 virtutum
3619 5345 3863 5404 ultimum

2288 5425 2464 5471 teneat
2484 5418 2675 5474 locum.
2707 5419 2801 5489 Ha:
2823 5425 3018 5493 quippe
3038 5428 3283 5483 maxima:
3302 5440 3445 5495 sunt,
3460 5435 3673 5500 caritas,
3699 5437 3864 5508 tequi-

2287 5519 2405 5575 tas,
2450 5511 2823 5582 eleemosyna,
2868 5530 2989 5585 quae
3026 5517 3183 5573 etiam
3226 5522 3583 5591 virginitatem
3624 5539 3859 5597 superat.

2285 5599 2461 5664 Quare
2484 5601 2529 5655 si
2557 5601 2686 5657 velis
2710 5608 2963 5672 apostolis
2990 5622 3085 5677 par
3104 5624 3243 5675 esse,
3262 5613 3391 5669 nihil
3416 5617 3609 5674 obstat.
3634 5619 3693 5675 Si
3719 5622 3861 5677 illam

2295 5693 2548 5751 virtutem
2566 5696 2927 5770 amplectaris,
2966 5700 3279 5762 suﬁicitilla
3299 5704 3395 5764 tibi
3434 5715 3496 5763 ut
3529 5706 3663 5763 nihil
3678 5706 3861 5765 minus
