4154 6324
231 404 308 457 (Si
1097 394 1159 447 ΙΝ
1198 389 1610 449 ΜΑΤΤΗΑΕΙΣΜ
1660 385 1800 443 ΗοΜ

1960 386 2165 443 XLVII.
2206 388 2279 443 al.
2322 386 2553 442 XLVIII.
3207 389 3209 391 ’
3425 388 3528 441 4.92

232 531 370 589 quam
394 516 631 585 apostoli
661 514 883 569 habeas.
904 510 1119 565 Nullum
1139 512 1799 581 igitursignorumexspe-

232 605 899 677 elatiomoretur.Angitur
921 603 1268 658 diemoneum
1293 604 1359 657 de
1391 614 1620 670 cerpore
1648 598 1802 665 ejici-

231 714 305 755 tur
320 700 511 768 ;multo
528 700 707 768 magis
728 709 907 752 autem
923 712 1043 751 cum
1073 696 1266 749 viderit
1281 695 1517 761 animam
1536 698 1801 761 apeccato

231 793 517 847 liberatam.
541 787 671 843 Hzec
684 789 884 857 quippe
900 798 981 841 est
1011 787 1157 840 illius
1183 800 1417 838 maxima
1444 786 1640 836 virtus.
1667 779 1802 833 Pro-

229 894 331 951 pter
352 890 629 950 peccatum
655 891 895 935 mortuus
914 888 995 933 est
1017 878 1281 941 Christus,
1308 883 1361 926 ut
1388 872 1514 927 illud
1536 872 1771 926 solveret
1796 888 1810 925 :

228 972 343 1027 illud
370 973 517 1026 enim
550 982 780 1026 mortem
817 970 1023 1025 induxit
1057 987 1071 1022 :
1106 976 1324 1038 propter
1353 964 1483 1018 illud
1512 964 1690 1018 omnia
1721 977 1811 1016 sus

227 1063 385 1132 deque
412 1078 565 1117 versa
593 1070 740 1117 sunt.
765 1060 819 1117 Si
848 1070 1121 1131 peceatum
1148 1056 1446 1117 sustuleris,
1471 1053 1668 1108 diaboli
1691 1067 1813 1107 ner-

227 1169 308 1209 vos
330 1153 629 1219 succidisti,
658 1154 774 1222 ejus
799 1162 953 1220 caput
973 1148 1291 1212 contrivisti,
1322 1147 1439 1213 ejus
1464 1144 1567 1198 vim
1597 1158 1809 1198 omnem

224 1243 416 1299 solvisti
442 1282 458 1310 ,
490 1245 786 1298 exercitum
814 1243 959 1297 illum
986 1238 1252 1309 dissipasti
1274 1277 1287 1300 ,
1328 1237 1539 1304 signum
1569 1232 1810 1285 omnium

223 1336 485 1406 signorum
510 1336 799 1390 maximum
822 1332 1127 1389 exhibuisti.
1155 1328 1271 1384 Non
1300 1343 1453 1382 meus
1476 1336 1559 1380 est
1585 1323 1671 1378 hic
1699 1338 1813 1377 ser-

224 1425 321 1493 mo,
351 1428 448 1482 sed
481 1428 621 1483 beati
649 1428 799 1483 Pauli
825 1444 839 1480 :
867 1441 988 1481 cum
1018 1425 1241 1479 dixisset
1264 1422 1429 1485 enim,
1464 1417 1813 1473 zEmulamirti

222 1518 518 1571 charismata
546 1517 778 1583 meliora,
810 1525 855 1572 et
881 1515 1047 1570 adhuc
1074 1513 1210 1568 vobis
1238 1509 1644 1567 excellentiorem
1677 1508 1811 1559 viam

223 1610 549 1663 demonstravi
574 1611 664 1681 (1.
690 1610 808 1663 Cor.
846 1608 928 1664 12.
963 1609 1021 1662 51
1052 1605 1096 1680 ),
1125 1620 1230 1661 non
1261 1603 1536 1672 subjunxit
1571 1604 1805 1671 signum,

223 1701 304 1754 sed
325 1702 601 1755 caritatem
623 1702 860 1755 omnium
884 1700 1115 1754 radicem
1138 1698 1422 1752 bonorum.
1444 1693 1501 1748 Si
1523 1707 1651 1761 ergo
1671 1691 1810 1745 hanc

223 1804 577 1857 exerceamus,
599 1800 652 1845 et
674 1790 1061 1860 philosophiam
1078 1803 1292 1843 omnem
1316 1785 1439 1840 inde
1461 1792 1803 1853 sequentem;

222 1896 317 1935 non
341 1897 479 1951 opus
510 1882 825 1938 habebimus
846 1885 1009 1953 signis
1034 1900 1045 1936 :
1073 1883 1211 1937 sicut
1234 1880 1278 1935 si
1302 1895 1406 1933 non
1429 1888 1799 1938 exerceamus,

1922 499 2055 554 nihil
2085 500 2239 555 nobis
2268 499 2417 569 signa
2447 499 2764 568 proderunt.
2815 496 2943 552 [hac
2968 498 3148 570 itaque
3180 494 3359 553 omnia
3386 512 3529 567 cogi-

1924 599 2115 655 tantes,
2137 606 2202 643 ex
2225 589 2416 659 quibus
2441 587 2667 657 apostoli
2690 588 2867 656 magni
2890 596 3199 651 evaserunt,
3225 590 3339 642 haec
3360 604 3528 643 acmu-

1920 685 2109 737 lemur.
2140 681 2417 737 Undenam
2443 681 2518 735 illi
2547 684 2720 750 magni
2746 680 2925 735 effecti
2957 680 3115 733 sunt?
3142 682 3278 735 Audi
3308 681 3525 736 Petrum

1922 774 2185 827 dicentem
2218 789 2230 826 ε
2254 770 2385 825 Ecce
2409 788 2500 825 nos
2525 772 2823 840 reliquimus
2844 773 3036 837 omnia,
3060 781 3108 825 et
3132 773 3326 842 sequuti
3352 790 3527 828 sumus

1921 873 1968 917 te
1991 879 2009 917 :
2031 864 2153 933 quid
2178 881 2295 932 ergo
2320 864 2413 916 erit
2445 863 2587 917 nobis
2620 861 2832 932 (Matth.
2856 864 2943 918 19.
2969 864 3101 935 27)?
3132 865 3269 918 Audi
3292 875 3346 919 et
3366 865 3526 922 Chri-

1919 966 2060 1011 stum
2090 957 2218 1023 ipsis
2247 958 2512 1010 dicentem
2546 974 2559 1009 :
2592 956 2844 1010 Sedebitis
2874 974 3029 1027 super
3056 959 3198 1012 sedes
3224 958 3527 1026 duodecim;

1920 1060 1994 1115 et,
2030 1050 2344 1120 Quicumque
2364 1049 2622 1103 reliruerit
2643 1050 2850 1103 domum
2876 1052 2953 1105 vel
2974 1054 3180 1120 fratres,
3202 1054 3276 1106 vel
3306 1052 3524 1123 patrem,

1921 1143 1999 1196 vel
2023 1152 2235 1196 matrem
2257 1186 2272 1207 ,
2302 1145 2593 1211 centuplum
2618 1144 2823 1213 recipiet
2842 1144 2896 1196 in
2926 1143 3020 1196 hoc
3047 1145 3235 1199 sa’culo
3256 1186 3271 1212 ,
3302 1154 3348 1198 et
3374 1146 3527 1201 vitam

1917 1245 2158 1289 wternam
2185 1235 2458 1303 possidebit
2490 1232 2651 1302 (Ibid.
2686 1251 2732 1287 υ.
2756 1234 2846 1289 28.
2875 1234 2989 1303 29).
3023 1235 3133 1291 Nos
3159 1238 3337 1307 itaque
3364 1254 3393 1292 a
3420 1256 3528 1292 stn-

1918 1325 2187 1379 cularibus
2217 1324 2466 1381 omnibus
2493 1324 2844 1392 abducentes,
2868 1325 3085 1386 Christo
3112 1344 3210 1383 uos
3234 1343 3528 1385 consecre-

1918 1431 2074 1483 mus,
2102 1424 2161 1469 ut
2186 1425 2239 1470 et
2268 1415 2526 1486 apostolis
2556 1432 2715 1485 pares
2739 1417 2910 1471 simus
2936 1419 3229 1473 secundum
3256 1420 3373 1489 ejus
3397 1436 3527 1476 seno

1920 1506 2158 1567 tentiam,
2187 1514 2242 1559 et
2263 1514 2464 1560 aeterna
2488 1506 2592 1559 vita
2620 1506 2859 1560 fruamur
2885 1524 2897 1560 :
2926 1523 3085 1578 quam
3110 1510 3311 1564 utinam
3332 1525 3527 1567 omnes

1916 1611 2329 1665 consequamur,
2347 1598 2520 1666 gratia
2542 1606 2597 1650 et
2620 1597 2945 1667 benignitate
2970 1600 3175 1654 Domini
3204 1604 3370 1657 nostri
3396 1602 3529 1659 Iesu

1916 1688 2133 1752 Christi,
2166 1688 2252 1742 cui
2283 1687 2455 1754 gloria
2484 1699 2537 1742 et
2562 1687 2849 1757 imperium
2878 1689 2932 1743 in
2956 1691 3151 1746 smcula
3181 1694 3523 1749 att-culorum.

1915 1782 2107 1833 Amen.

1331 2087 1686 2152 HOMILIA
1728 2080 1979 2144 XLVII.
2026 2080 2114 2140 al.
2160 2079 2449 2142 XLVIII.

220 2241 331 2297 Car.
364 2244 456 2300 15.
486 2259 538 2298 v.
569 2244 659 2299 51».
701 2242 829 2298 Iliso
858 2242 1026 2297 omnia
1062 2243 1298 2311 loquutus
1340 2248 1412 2293 est
1439 2236 1590 2292 Iesus
1626 2236 1679 2288 in
1710 2248 1802 2303 pa-

278 2335 467 2389 rabolis
500 2336 570 2387 ad
609 2336 814 2399 turbas,
854 2346 900 2389 et
940 2336 1050 2390 sine
1090 2334 1334 2406 parabola
1370 2348 1474 2385 non
1513 2328 1809 2397 loquebatur

282 2430 348 2482 eis
376 2445 396 2482 :
420 2429 511 2483 55.
543 2438 597 2482 ut
636 2430 929 2499 impleretur
967 2429 1103 2500 quod
1140 2428 1330 2481 dictum
1358 2436 1431 2481 est
1462 2441 1550 2492 per
1580 2423 1806 2494 prophe-

281 2531 381 2573 tam
411 2521 658 2575 dicentem
681 2538 700 2574 :
728 2521 964 2591 Aperiam
991 2522 1045 2575 in
1076 2520 1331 2591 parabolis
1357 2536 1413 2574 os
1441 2535 1606 2573 nteant
1632 2558 1647 2581 ,
1688 2533 1808 2570 era-

280 2611 423 2664 ctabo
450 2612 748 2666 abscondita
768 2630 798 2664 a
819 2613 1170 2667 constitutione
1198 2612 1376 2664 mundi
1403 2608 1576 2681 (Psal.
1611 2608 1700 2664 77.
1723 2605 1803 2677 2).

283 2702 330 2755 1.
373 2702 585 2757 Marcus
615 2718 745 2758 vero
770 2703 896 2758 dicit
935 2704 1109 2774 ipsum
1147 2705 1423 2774 loquutnm
1454 2701 1617 2756 fuisse
1650 2704 1728 2757 eis
1754 2703 1805 2756 in

217 2795 497 2863 parabolis,
530 2795 691 2851 Prout
716 2807 945 2865 poterant
966 2798 1144 2851 audire
1170 2796 1361 2869 (Marc.
1382 2797 1437 2851 4.
1459 2796 1575 2865 55).
1605 2794 1809 2849 Deinde

215 2885 499 2941 ostendens
534 2901 592 2942 se
636 2887 767 2941 nihil
792 2888 931 2942 'novi
971 2888 1224 2942 inducere
1248 2930 1262 2953 ,
1297 2887 1451 2941 aliert
1489 2886 1804 2955 prophetam

218 2975 349 3031 hunc
388 2979 651 3033 doctrina:
690 2979 906 3033 modum
936 2980 1417 3049 prienuutiantem;
1449 2987 1611 3048 utque
1638 2977 1806 3046 signi-

218 3067 393 3122 licaret
436 3069 592 3123 nobis
622 3068 890 3125 Christum
915 3111 929 3133 ,
968 3085 1073 3123 non
1105 3079 1161 3123 ut
1188 3070 1241 3123 iu
1270 3070 1566 3140 ignorantia
1594 3082 1806 3137 perma-

218 3168 420 3224 nerent,
445 3160 549 3228 sed,
573 3172 629 3216 ut
658 3162 726 3216 ad
757 3161 1189 3229 interrogandum
1213 3170 1564 3230 cogerentur,
1593 3160 1671 3215 sic
1702 3160 1806 3213 illis

216 3250 489 3320 loquutnm
517 3252 702 3316 fuisse,
730 3255 1002 3325 suhjuuxit
1032 3272 1045 3309 :
1079 3254 1145 3307 Et
1166 3257 1273 3310 sine
1304 3255 1548 3325 parabola
1578 3255 1705 3308 nihil
1725 3254 1804 3307 lo-

215 3345 456 3411 quebatur
494 3346 566 3399 eis
609 3346 627 3410 (
653 3344 793 3399 Ibid.
822 3362 871 3402 υ.
903 3344 1009 3416 54)
1044 3364 1056 3399 :
1086 3346 1184 3400 etsi
1215 3346 1379 3400 multa
1406 3347 1525 3401 sine
1554 3344 1804 3413 parabola

214 3432 434 3502 dixerit;
459 3437 551 3492 sed
576 3446 702 3493 tunc
720 3441 973 3509 temporis
994 3440 1145 3494 nihil.
1168 3440 1232 3494 Et
1253 3450 1429 3495 tamen
1452 3454 1611 3494 nemo
1631 3440 1804 3508 ipsum

216 3526 576 3599 interrogavit,
605 3546 927 3601 quamquam
952 3532 1239 3602 praphetas
1261 3532 1387 3587 olim
1412 3548 1555 3601 szepe
1575 3532 1806 3587 interro-

212 3630 412 3687 garent,
432 3631 492 3675 ut
518 3622 851 3678 Ezechielem
873 3624 1112 3694 aliosque
1133 3625 1328 3679 multos
1351 3642 1366 3679 :
1393 3624 1445 3679 hi
1468 3640 1598 3679 vero
1621 3638 1800 3690 secus,

214 3708 329 3764 licet
367 3727 430 3766 ea
476 3728 595 3783 qua:
631 3714 771 3770 dicta
818 3714 1028 3770 fuerant
1070 3725 1286 3786 possent
1326 3716 1446 3771 illos
1490 3718 1541 3769 in
1581 3716 1801 3771 dubium

212 3802 496 3869 conjicere,
527 3814 581 3859 et
604 3805 670 3859 ad
694 3798 1125 3877 interregandum
1157 3809 1427 3863 excitare:
1456 3808 1653 3863 etenim
1676 3823 1804 3878 sup-

213 3890 421 3956 plicium
470 3896 759 3950 maximum
790 3898 1053 3966 parabolae
1082 3898 1456 3956 minabantur:
1506 3914 1678 3969 neque
1718 3906 1798 3952 ta-

212 3998 326 4039 men
372 3985 500 4041 inde
539 3990 795 4043 commoti
834 4000 977 4046 sunt.
1024 3990 1363 4061 Quapropter
1405 3992 1643 4048 dimissis
1675 3993 1798 4061 illis,

211 4074 349 4129 abiit.
373 4077 466 4133 56.
496 4077 643 4132 Tum:
660 4066 827 4145 enim,
852 4082 942 4147 ait,
962 4083 1183 4137 dimissis
1213 4084 1389 4148 turbis,
1418 4084 1570 4139 Jesus
1595 4088 1726 4140 venit
1746 4088 1800 4141 in

212 4164 409 4220 domum
456 4184 638 4235 suam;
686 4172 965 4239 nullusque
990 4174 1287 4228 scribarum
1315 4175 1487 4244 ipsum
1515 4178 1756 4247 sequitur
1781 4195 1795 4243 ;

212 4256 345 4311 unde
372 4258 633 4327 liquidum
662 4270 745 4316 est
769 4276 883 4325 eos,
911 4265 1121 4318 nonnisi
1152 4276 1205 4319 ut
1227 4268 1480 4335 carpendi
1505 4283 1690 4323 ausam
1721 4285 1801 4325 ar-

209 4348 459 4419 riperent,
486 4363 743 4422 sequutus
767 4354 945 4411 fuisse.
979 4358 1110 4425 Quia
1131 4354 1257 4413 vero
1283 4375 1344 4414 ea
1372 4377 1489 4430 qua:
1517 4362 1660 4417 dicta
1684 4364 1797 4417 lue-

208 4452 353 4508 rant,
388 4460 498 4498 non
544 4447 909 4517 intelligebant
932 4489 947 4513 ,
984 4450 1197 4519 reliquit
1225 4466 1339 4506 eos.
1373 4452 1440 4505 Et
1481 4465 1797 4509 accesserunt

207 4533 444 4603 discipuli
488 4539 598 4604 eius
638 4538 1003 4610 interrogantes
1043 4542 1107 4595 de
1148 4545 1393 4612 parabola
1418 4547 1729 4601 zizaniorum
1753 4550 1791 4600 ⁸.

206 4627 355 4695 Atqui
396 4629 666 4683 interdum
693 4630 932 4686 discendi
975 4634 1150 4703 cupidi
1201 4636 1531 4707 interrogare
1557 4654 1661 4693 non
1694 4657 1795 4695 an-

204 4715 357 4771 dent:
385 4719 654 4775 undeuam
697 4722 801 4775 illis
842 4739 980 4779 nunc
1030 4724 1257 4781 fiducia?
1302 4729 1595 4785 Audierant
1638 4732 1789 4801 illud,

214 4806 351 4863 l'obis
382 4812 561 4864 datum
590 4822 662 4865 est
688 4830 835 4868 nosse
866 4818 1104 4885 mysteria
1130 4820 1273 4888 regni
1301 4821 1541 4874 cwlorum
1578 4822 1789 4893 (Matth.

204 4898 279 4951 15.
304 4900 417 4969 11),
438 4911 490 4956 et
522 4901 643 4957 hinc
671 4903 914 4983 ﬁduciam
944 4922 1361 4978 assumpserant.
1385 4911 1612 4980 Ideoque
1643 4931 1793 4970 seor—

200 4992 289 5041 sint
324 4993 682 5060 interrogant,
716 5012 821 5049 non
854 4998 993 5067 quod
1019 5001 1343 5055 multitudini
1374 5003 1663 5070 invideant,
1695 5008 1788 5062 sed

203 5088 250 5131 ut
280 5082 493 5137 Domini
522 5084 693 5154 legem
716 5100 952 5143 servent.
984 5089 1080 5145 His
1098 5093 1261 5156 enim,
1287 5096 1476 5167 inquit,
1497 5098 1670 5152 datum
1689 5118 1790 5156 non

201 5186 282 5232 est.
312 5178 426 5231 Cur
453 5190 632 5234 autem
665 5185 825 5237 missa
858 5183 1102 5241 fermenti
1125 5197 1179 5241 et
1200 5188 1399 5260 sinapis
1426 5193 1697 5260 parabola,
1722 5195 1790 5250 de

202 5267 634 5342 haciulcrrogant
650 5274 673 5327 ?
691 5274 812 5329 Illas
826 5284 1007 5345 utpote
1019 5279 1273 5335 clariores
1286 5282 1636 5353 reliquerunt;
1655 5288 1790 5344 hanc

201 5378 315 5416 \‘ero
335 5407 351 5429 ,
386 5376 572 5435 utpote
602 5382 721 5437 quae
751 5369 1063 5425 al‘linitatetn
1096 5371 1316 5428 haberet
1346 5391 1468 5429 cttm
1514 5380 1787 5446 praemissa

203 5456 464 5520 parabola,
488 5469 541 5511 et
560 5460 686 5527 quid
709 5461 937 5530 amplius
957 5462 1192 5528 efferret,
1217 5465 1458 5524 ediscere
1478 5470 1784 5540 cupiebant.

199 5542 369 5614 hcque
397 5549 539 5602 cnim
567 5552 705 5603 scire
732 5562 915 5605 vouuut
937 5594 950 5616 ,
985 5563 1159 5609 utrum
1190 5557 1432 5612 eamdem
1468 5562 1740 5630 repetierit
1768 5581 1783 5619 ξ

200 5651 307 5690 nam
332 5641 580 5695 ridebant
611 5643 662 5697 in
695 5644 796 5698 hac
823 5661 1067 5717 magnam
1090 5649 1268 5705 ellerri
1291 5655 1781 5710 comminationcm.

250 5778 265 5803 ³
302 5782 433 5853 tuus
459 5785 545 5853 εει
566 5790 877 5849 ηοηεεεδβιοιιιιε
902 5781 1131 5852 discipuli
1157 5789 1255 5853 ejus
1274 5782 1513 5852 (licentes,
1544 5808 1565 5838 ε
1590 5790 1787 5843 Dieno-

200 5830 255 5879 ίϋ
279 5842 558 5897 immanium
586 5841 889 5891 :imniorunt
923 5830 1044 5909 (Ἧι-ξ’.
1068 5830 1126 5889 1."
1159 5830 1202 5869 '7’-

1919 2221 2256 2291 Quaproptcr
2295 2236 2403 2275 non
2447 2221 2655 2276 incusat
2694 2237 2823 2288 eos,
2860 2224 2955 2278 sed
2986 2225 3289 2294 explanavit
3315 2242 3377 2282 ca
3404 2244 3526 2300 qua:

1918 2311 2059 2365 dicta
2094 2312 2323 2366 fuerant.
2355 2312 2438 2376 Et,
2476 2322 2531 2365 ut
2560 2328 2776 2383 semper
2803 2314 2933 2379 dixi,
2968 2319 3234 2385 parabolae
3259 2335 3366 2377 non
3398 2330 3526 2376 sunt

1914 2404 1979 2457 ad
2009 2404 2217 2459 literam
2254 2405 2581 2472 accipienda:
2611 2424 2624 2458 :
2656 2406 2782 2461 inde
2808 2408 2950 2461 enim
2981 2409 3212 2465 absurda
3240 2412 3404 2467 multa
3434 2429 3513 2469 se-

1915 2505 2238 2563 querentur;
2266 2496 2409 2565 quod
2433 2507 2485 2549 ut
2514 2511 2613 2551 nos
2644 2497 2871 2563 doceat,
2905 2500 2981 2555 sic
3010 2502 3316 2569 parabolam
3347 2504 3524 2574 expli-

1913 2597 2019 2642 cat.
2064 2587 2179 2642 Nun
2216 2589 2346 2642 dicit
2369 2630 2383 2654 ,
2420 2589 2509 2658 qui
2537 2601 2721 2645 essent
2743 2592 2883 2645 servi
2914 2591 2985 2646 illi
3016 2593 3105 2663 qui
3136 2607 3522 2659 accesserunt:

1916 2677 2011 2731 sed
2046 2689 2101 2732 nt
2125 2680 2370 2734 ostendat
2413 2696 2507 2747 se,
2545 2683 2702 2736 seriei
2744 2684 3132 2739 eoncinnanda:
3158 2702 3339 2752 causa,
3374 2699 3429 2743 et
3458 2689 3523 2744 ad

1916 2772 2371 2839 complementum
2400 2771 2679 2841 imaginis,
2713 2774 2858 2843 ipsos
2889 2775 3197 2844 induxisse,
3228 2778 3327 2833 hac
3358 2779 3523 2837 missa

1917 2873 2085 2931 parte,
2110 2880 2228 2933 qua:
2255 2864 2319 2918 ad
2349 2881 2462 2919 rem
2492 2868 2723 2921 maxime
2752 2869 3107 2935 pertinebant,
3129 2872 3198 2926 ob
3225 2889 3383 2943 qttam
3408 2875 3524 2931 hate

1914 2954 2165 3022 parabole
2199 2955 2340 3009 dicta
2377 2955 2570 3021 fuerat,
2600 2958 2852 3025 explicat,
2886 2974 2944 3013 se
2976 2963 3208 3016 universi
3232 2964 3472 3033 judicem
3498 2968 3515 3000 ⁸

1919 3054 1973 3097 et
2020 3045 2299 3099 Dominum
2343 3045 2646 3099 declarans.
2694 3049 2784 3101 57.
2818 3047 2885 3101 Et
2927 3054 3240 3121 respondens
3263 3094 3279 3120 ,
3308 3056 3524 3127 inquit,

1914 3131 2043 3185 dixit
2075 3134 2146 3187 eis
2169 3149 2188 3186 :
2209 3133 2309 3200 Qui
2333 3136 2547 3189 seminat
2571 3136 2758 3189 bonum
2782 3154 2969 3203 semen,
2996 3151 3069 3194 est
3094 3140 3264 3198 Filius
3281 3146 3521 3204 hominis.

1914 3223 2001 3277 58.
2032 3223 2165 3293 Ager
2192 3235 2454 3280 autemest
2483 3228 2725 3283 mundus.
2750 3226 2949 3281 Bonum
2977 3208 3094 3283 verd
3117 3249 3303 3296 semen,
3331 3237 3385 3291 Iti
3403 3251 3525 3295 sunt

1912 3315 2008 3382 filii
2029 3317 2189 3386 regni.
2215 3316 2451 3379 Zizauia,
2480 3319 2578 3385 ﬁlii
2605 3321 2820 3391 ntaligni
2844 3322 2999 3375 illius.
3022 3324 3110 3378 59.
3136 3325 3384 3383 Inimicus
3408 3348 3525 3387 vero

1911 3405 1998 3473 qui
2027 3422 2086 3459 ea
2130 3408 2341 3461 seminat
2362 3450 2373 3471 ,
2406 3420 2479 3462 est
2515 3410 2765 3467 diabolus.
2808 3410 3009 3477 Messis,
3044 3425 3117 3469 est
3152 3426 3523 3477 consummatio

1910 3498 2105 3551 sreculi.
2134 3499 2384 3568 Messores
2413 3488 2598 3567 autem,
2630 3504 2798 3573 angeli
2822 3516 2959 3558 sunt.
2984 3507 3075 3562 40.
3101 3508 3249 3563 Sicut
3269 3530 3386 3583 ergo
3416 3516 3523 3569 col-

1910 3587 2140 3657 liguntur
2165 3590 2364 3644 zizania
2388 3632 2401 3657 ,
2436 3602 2483 3646 et
2517 3592 2623 3662 igni
2653 3593 3018 3649 comburuntur
3044 3613 3061 3650 :
3092 3598 3163 3651 ita
3190 3601 3283 3654 erit
3312 3602 3364 3655 in
3390 3621 3519 3659 con-

1910 3681 2247 3733 summatione
2265 3681 2441 3735 steculi
2471 3682 2642 3753 hujus.
2666 3685 2754 3738 41.
2782 3684 2948 3739 Mittct
2981 3686 3030 3740 F
3032 3688 3150 3743 ilius
3167 3690 3387 3748 hominis
3420 3714 3522 3751 an-

1908 3772 2047 3840 gelos
2071 3790 2209 3839 suos,
2232 3785 2277 3830 et
2303 3776 2540 3846 colligent
2570 3776 2633 3831 de
2655 3795 2811 3848 regno
2837 3780 2947 3851 ejus
2968 3782 3140 3836 omnia
3173 3787 3440 3855 scandala,
3472 3800 3520 3844 et

1910 3869 2148 3937 facientes
2165 3868 2502 3940 iniquitatent,
2520 3870 2607 3925 42.
2627 3882 2671 3925 et
2694 3873 2888 3926 mittent
2910 3892 2992 3928 eos
3012 3876 3065 3929 in
3086 3879 3341 3933 caminum
3361 3881 3515 3951 ignis.

1910 3958 1992 4013 Ibi
2013 3962 2105 4015 erit
2125 3963 2274 4031 ﬂetus
2293 3972 2340 4017 et
2364 3964 2552 4018 stridor
2566 3965 2811 4019 dentiant.
2834 3967 2923 4021 45.
2950 3966 3092 4023 Tunc
3116 3970 3378 4043 fulgebunt
3383 3977 3519 4047 justi

1907 4053 2035 4107 sicut
2056 4056 2135 4109 sol
2162 4056 2214 4109 in
2235 4073 2390 4128 regno
2420 4055 2591 4112 Patris
2614 4076 2809 4113 eorum.
2842 4059 2973 4115 Cuut
2994 4063 3135 4117 enim
3164 4067 3253 4135 qui
3283 4070 3516 4124 seminat

1907 4144 2023 4213 ipse
2051 4146 2139 4213 sit,
2165 4156 2219 4202 et
2243 4162 2428 4219 agrum
2469 4165 2625 4205 suum
2658 4152 2907 4215 seminet,
2940 4163 3103 4223 atque
3130 4172 3197 4211 ex
3224 4174 3388 4229 regno
3415 4177 3516 4217 suo

1906 4239 2139 4309 colligat,
2176 4243 2345 4311 palam
2383 4252 2466 4297 est
2506 4244 2646 4298 hunc
2686 4245 2943 4300 mundum
2993 4248 3160 4314 ipsius
3198 4266 3339 4307 esse.
3379 4254 3516 4309 Per-

1908 4333 2079 4402 pende
2123 4345 2303 4390 autem
2348 4336 2464 4405 ejus
2507 4339 2921 4394 inenarrabilem
2970 4343 3414 4412 misericordiam,
3461 4361 3516 4403 et

1907 4441 2133 4494 pronum
2163 4428 2229 4481 ad
2263 4429 2520 4484 beneficia
2553 4432 2854 4499 praestanda
2886 4434 3121 4488 animum
3142 4478 3154 4499 ,
3180 4427 3252 4491 ‘ct
3293 4455 3451 4509 quam
3480 4459 3509 4496 τι

1904 4519 2167 4586 supplicio
2197 4519 2475 4577 inferendo
2515 4524 2580 4577 sit
2621 4525 2849 4580 alienus.
2894 4526 3027 4581 Cum
3070 4529 3214 4583 enim
3258 4534 3510 4601 seminat,

1907 4626 2001 4678 per
2021 4612 2253 4682 seipsnm
2286 4618 2543 4679 seminat;
2577 4618 2832 4686 supplicia
2870 4635 2992 4674 vero
3022 4638 3117 4690 per
3145 4622 3279 4678 alios
3309 4624 3467 4682 infert
3493 4673 3508 4696 ,

1905 4705 1955 4759 id
1983 4715 2063 4760 cst
2088 4749 2103 4772 ,
2134 4722 2230 4776 per
2259 4709 2477 4779 angelos
2498 4713 2538 4762 ’.
2571 4710 2714 4765 Tunc
2740 4714 2871 4784 justi
2902 4716 3162 4785 fulgebunt
3192 4718 3427 4774 sicuLsol
3457 4724 3509 4775 in

1900 4813 2055 4868 regno
2080 4796 2254 4853 Patris
2276 4817 2467 4853 eorum.
2501 4801 2614 4855 Non
2640 4804 2777 4873 quod
2801 4804 2880 4859 sic
2904 4815 3104 4860 tantum
3130 4806 3384 4878 fulgeant.
3412 4814 3507 4867 sed

1902 4891 2022 4959 quia
2048 4890 2147 4945 hoc
2169 4904 2316 4948 astro
2336 4895 2534 4948 nullum
2563 4894 2848 4959 inlgentins
2870 4898 3132 4966 videmus,
3157 4902 3297 4958 notis
3324 4920 3509 4959 exem-

1900 4983 2002 5050 plis
2046 4992 2127 5037 est
2171 4999 2319 5038 usus.
2366 4984 2522 5041 Certe
2563 4988 2689 5041 alibi
2730 5004 2941 5059 quoque
2983 4991 3118 5045 dixit
3156 4993 3266 5061 jam
3312 4997 3505 5051 adesse

1901 5090 2152 5143 messem,
2200 5088 2254 5131 ut
2296 5094 2417 5132 cum
2463 5080 2530 5133 de
2573 5079 2926 5137 Samaritauis
2970 5084 3089 5139 ait:
3121 5084 3305 5141 Levate
3331 5092 3506 5145 oculos

1901 5177 2105 5226 vestros.
2128 5179 2173 5223 et
2198 5172 2407 5235 aspicite
2436 5174 2683 5242 regiones,
2701 5175 2820 5243 quia
2845 5176 2975 5230 alba:
2984 5178 3099 5247 jam
3125 5189 3241 5233 sunt
3266 5182 3335 5233 ad
3364 5199 3499 5235 mes—

1899 5276 2003 5313 sem
2034 5259 2227 5330 (Joan.
2253 5263 2304 5316 4,
2338 5262 2477 5332 53);
2512 5273 2564 5317 ct
2588 5281 2771 5319 rursus
2796 5308 2810 5331 ,
2857 5266 3039 5321 Messis
3068 5270 3269 5336 quidem
3308 5273 3501 5337 multa,

1899 5354 2122 5422 Operarii
2151 5365 2319 5407 autem
2343 5358 2493 5424 pauci
2522 5356 2671 5428 (Luc.
2700 5359 2785 5412 10.
2816 5358 2872 5430 ‘2)
2930 5360 3211 5427 Quomodo
3239 5378 3368 5432 ergo
3392 5365 3501 5419 illic

1898 5446 2109 5515 quidem
2150 5446 2257 5514 jam
2310 5462 2422 5501 mes
2454 5464 2539 5502 em
2588 5453 2777 5504 adesse
2825 5454 2937 5518 ait,
2982 5453 3068 5508 hic
3098 5469 3226 5507 vero
3267 5454 3499 5511 futuram

1899 5554 2128 5593 messem
2174 5539 2339 5594 dicit?
2377 5542 2680 5597 Secundum
2718 5545 2860 5599 aliud
2893 5562 3086 5618 nempe
3114 5549 3495 5618 signiﬁcatum.

1961 5736 1976 5800 ξ
2018 5734 2129 5783 Alii.
2154 5744 2437 5800 creatorem,
2466 5752 2570 5800 pro,
2588 5738 2828 5799 judicent.

1962 5798 1980 5827 ³
2017 5805 2027 5863 t
2052 5812 2159 5863 nus,
2181 5798 2419 5867 supplicia
2444 5798 2655 5865 reroper
2681 5802 2799 5853 alios
2820 5804 3000 5867 infert:
3021 5805 3163 5857 mittit
3188 5808 3314 5857 enim
3344 5807 3497 5860 titius

1898 5855 2101 5909 hominis
2128 5855 2317 5922 angelos
2341 5875 2466 5912 suos.
