4154 6324
625 446 729 503 883

624 562 799 629 Quare
828 556 1000 624 ~etiam
1048 569 1167 610 eum
1210 550 1335 608 alibi
1362 547 1542 621 (Joan.
1563 550 1617 603 4.
1643 546 1731 616 '57)
1757 545 2010 609 dixisset,
2033 540 2195 596 alium

623 666 743 708 esse
772 650 858 720 qui
883 646 1130 710 seminat,
1159 642 1319 697 alium
1344 641 1433 711 qui
1458 638 1631 705 metit,
1661 636 1749 690 hic
1797 634 1926 689 dicit
1973 647 2032 688 se
2076 645 2198 685 eum

624 743 713 814 qui
754 739 981 794 seminat
1020 735 1177 791 esse?
1234 733 1369 802 Quia
1406 732 1477 785 ibi
1512 731 1589 785 sic
1626 727 1957 798 loquebatur,
1990 732 2049 779 ut
2092 737 2197 777 non

622 836 743 898 sibi,
767 830 860 886 sed
889 839 945 883 ut
972 826 1244 899 prephetis
1272 824 1540 894 apostolos
1565 827 1917 889 compararet,
1940 816 2052 871 sive
2076 830 2196 869 cum

621 925 856 989 Judazos,
901 921 1013 976 sive
1058 932 1177 973 cum
1224 916 1585 973 Samaritanos
1629 910 2015 980 alloquebatur.
2064 904 2196 959 Nam

622 1016 780 1070 etiam
822 1028 913 1083 per
954 1010 1239 1080 prophetas
1277 1007 1390 1072 ipse
1428 1002 1743 1059 seminabat.
1781 1000 1875 1055 Est
1900 1006 2073 1052 autem
2108 994 2195 1049 ubi

624 1121 850 1162 messem
875 1113 929 1158 et
954 1116 1135 1157 semen
1165 1098 1390 1166 idipsnm
1417 1094 1579 1160 dicat,
1613 1091 1903 1148 secundum
1933 1088 2195 1144 diversam

622 1199 881 1255 rationem
908 1194 986 1249 sic
1010 1191 1301 1261 appellans.

692 1291 747 1345 Ξ.
801 1287 931 1341 Nam
987 1281 1200 1352 quando
1257 1280 1614 1347 obsequentes
1664 1272 2197 1340 obtemperantesqne

623 1380 895 1438 auditores
936 1375 1097 1438 dicit,
1130 1385 1358 1426 messem
1390 1376 1575 1432 vocat,
1618 1373 1676 1418 ut
1708 1378 1821 1419 rem
1853 1372 2196 1416 consumma-

624 1482 732 1529 tam
782 1468 1020 1525 declaret
1049 1481 1062 1518 :
1092 1459 1302 1534 quando
1344 1466 1522 1512 autem
1551 1456 1774 1511 fructum
1808 1449 2197 1521 praedicationis

624 1564 846 1634 quatrit,
876 1572 1059 1615 semen
1101 1565 1155 1611 et
1188 1567 1416 1609 messem
1471 1551 1639 1618 ipsam
1679 1543 2196 1601 consummationem

622 1631 870 1723 appellat.
913 1650 977 1704 Et
1017 1645 1285 1716 quomodo
1327 1642 1487 1712 etiam
1534 1638 1661 1693 alibi
1692 1636 1837 1700 dicit,
1881 1632 2042 1689 Primi
2068 1631 2196 1701 justi

622 1740 939 1814 rapiuntur?
1002 1738 1297 1805 [leniuntur
1371 1730 1587 1803 quidem
1654 1729 1812 1799 primi
1875 1725 2199 1781 adveniente

622 1834 871 1897 Christo;
918 1829 1195 1885 traduntur
1237 1832 1413 1879 autem
1441 1821 1528 1877 isti
1573 1819 1946 1890 supplicio,et
1972 1824 2097 1871 tunc
2124 1814 2196 1867 illi

626 1926 693 1980 ad
726 1936 947 1994 regnum
977 1920 1227 1974 calorum
1254 1913 1685 1985 proficiscuntur.
1711 1908 1844 1976 Quia
1860 1906 2001 1961 enim
2025 1905 2198 1974 justas

625 2016 678 2069 in
708 2014 841 2068 czelo
866 2025 985 2064 esse
1018 2015 1263 2077 oportet,
1294 2006 1344 2057 in
1376 2010 1569 2057 terram
1593 2007 1769 2053 autem
1802 1998 1916 2067 ipse
1943 2001 2196 2049 venturus

622 2113 707 2160 est
725 2145 739 2165 ,
764 2103 832 2156 de
856 2100 1101 2154 omnibus
1133 2094 1434 2150 hominibus
1459 2090 1788 2162 iudicaturus
1809 2127 1825 2148 ,
1861 2082 2197 2139 sententiam-

624 2210 726 2265 que
753 2194 953 2246 latnrus
988 2208 1000 2244 :
1029 2189 1177 2259 quasi
1206 2202 1297 2241 rex
1324 2197 1548 2254 surgens
1576 2196 1697 2237 cum
1729 2178 1921 2233 amicis
1946 2178 2078 2241 suis,
2103 2188 2195 2231 eos

626 2285 692 2339 ad
730 2287 933 2340 beatam
966 2281 1108 2335 illam
1136 2286 1334 2333 sortem
1356 2276 1611 2330 ducturus
1640 2280 1738 2326 est.
1792 2269 1976 2324 V'iden’
1999 2266 2196 2337 duplex

627 2377 741 2429 lore
766 2372 1103 2442 supplicium.
1133 2378 1240 2422 tum
1273 2366 1415 2437 quod
1443 2365 1842 2425 comburantur,
1868 2369 1978 2413 tum
2005 2358 2144 2428 quod
2166 2372 2196 2411 a

624 2465 788 2536 gloria
815 2464 897 2518 illa
926 2459 1207 2516 excidant?
1242 2458 1344 2513 Sed
1373 2472 1469 2509 cur
1494 2454 1731 2518 demum,
1762 2452 1865 2505 illis
1896 2449 2196 2505 recedenti-

624 2557 723 2609 bus
744 2595 759 2620 ,
791 2556 917 2621 ipsis
946 2552 1106 2608 etiam
1138 2548 1393 2618 apostolis
1437 2546 1487 2598 in
1530 2542 1794 2613 parabolis
1814 2539 2075 2611 loquitur?
2101 2537 2197 2593 Sa-

626 2646 910 2713 pieutéores
944 2658 1009 2695 ex
1047 2656 1203 2706 supra
1232 2638 1385 2691 dictis
1414 2634 1587 2689 eﬂ'ecti
1609 2674 1624 2699 ,
1659 2644 1779 2686 tunc
1814 2630 2193 2699 intelligebaut.

626 2735 757 2789 lliuc
781 2749 899 2788 cum
929 2732 1147 2785 dixisset
1163 2730 1265 2783 illis
1286 2738 1499 2797 postea:
1521 2722 1847 2778 Intellexistis
1870 2725 1973 2774 tunc
1987 2719 2198 2773 omnia?

624 2829 794 2880 dicunt
825 2826 889 2889 ei,
921 2824 1119 2886 Etiam,
1148 2821 1363 2874 Domine
1401 2818 1603 2887 (Matth.
1630 2817 1715 2869 1'5.
1745 2812 1856 2883 5|).
1886 2812 1975 2867 Sic
2013 2821 2065 2865 et
2099 2809 2199 2864 hoc

628 2933 750 2971 cum
777 2917 893 2968 aliis
923 2913 1098 2966 ell‘ecit
1143 2912 1421 2980 parabola,
1456 2917 1511 2961 ut
1552 2904 1967 2975 perspicaciores
2007 2901 2200 2955 deinde

623 3014 821 3061 essent.
852 3004 987 3071 Quid
1017 3002 1172 3072 igitur
1198 3006 1318 3069 post
1348 2997 1460 3051 haec
1491 2994 1653 3050 dicit?
1682 2994 1767 3049 ιι.
1803 2992 1983 3048 Simile
2019 3000 2091 3045 est
2114 3008 2197 3044 re-

624 3114 779 3169 gnum
807 3094 1045 3149 caelorum
1083 3093 1315 3145 thesauro
1342 3089 1633 3142 abscondito
1660 3090 1714 3140 in
1741 3102 1863 3156 agro
1883 3102 1900 3139 :
1921 3102 2065 3155 quem
2086 3101 2201 3139 eum

623 3188 808 3242 invenit
835 3186 984 3239 homo
1011 3182 1293 3245 abscondit,
1321 3188 1367 3234 et
1388 3194 1494 3250 pra:
1518 3178 1704 3249 gaudio
1731 3176 1869 3230 illius
1897 3177 2199 3230 uenditaui-

623 3294 763 3332 versa
786 3290 900 3346 qua:
924 3275 1091 3341 habet,
1118 3282 1164 3326 et
1191 3272 1305 3327 emit
1326 3287 1504 3341 agrum
1525 3269 1690 3322 illum.
1711 3269 1797 3323 15.
1826 3267 2019 3321 Iterum
2037 3267 2203 3323 simile

622 3377 693 3423 est
715 3383 923 3439 regnum
951 3364 1187 3420 calorum
1210 3361 1509 3433 negotiatori
1541 3359 1783 3429 quwrenti
1812 3360 1964 3412 bonas
1993 3375 2200 3429 marga-

622 3464 763 3511 ritas.
793 3456 881 3511 46.
914 3454 1127 3509 Inventa
1146 3464 1315 3507 autem
1342 3468 1443 3505 una
1472 3452 1689 3521 pretiosa
1718 3450 1996 3520 margarita
2014 3490 2029 3511 ,
2052 3450 2195 3515 abiit,

622 3556 669 3602 et
692 3545 910 3600 vendidit
936 3545 1167 3598 universa
1185 3558 1298 3613 qua:
1322 3543 1513 3604 habuit,
1543 3551 1589 3595 et
1624 3542 1743 3594 emit
1771 3556 1899 3593 eam.
1932 3540 2198 3608 Quemad-

625 3636 841 3691 modum
874 3635 981 3689 illic
1013 3648 1235 3704 granum
1283 3632 1533 3687 frumenti
1565 3641 1616 3686 et
1662 3630 1982 3685 fermentum
2016 3647 2199 3701 parum

624 3728 762 3784 inter
800 3741 860 3782 se
908 3725 1160 3781 dili‘ernnt
1192 3742 1205 3778 :
1234 3725 1312 3779 sic
1361 3732 1415 3777 et
1462 3723 1563 3777 hoc
1616 3723 1734 3776 loco
1780 3721 1900 3776 dua:
1940 3722 2203 3791 parabola:

626 3820 861 3875 thesauri
887 3829 939 3873 et
971 3818 1289 3887 margaritas.
1322 3815 1451 3871 Nam
1481 3830 1576 3885 per
1603 3826 1883 3884 utrumque
1909 3814 2013 3870 hoc
2035 3814 2203 3884 signi-

625 3911 833 3975 ficatur,
858 3917 1105 3981 oportere
1120 3906 1551 3978 prmdicalionem
1576 3905 1821 3959 onmibns
1850 3916 2199 3973 anteponere.

627 4004 694 4058 Et
724 4003 827 4057 illa:
865 4000 1079 4071 quidem
1115 3998 1357 4053 fermenti
1400 4005 1455 4051 et
1482 3997 1681 4065 sinapis
1719 3994 1982 4065 parabolae
2007 3994 2072 4048 ad
2095 3994 2203 4048 vim

625 4092 1018 4163 prartlicatiouis
1043 4090 1311 4159 pertinent
1332 4129 1346 4151 ,
1379 4089 1652 4157 ipsamque
1678 4095 1846 4139 totum
1871 4085 2055 4141 orbem
2080 4100 2203 4141 esse

622 4192 992 4253 superaturam
1022 4180 1256 4234 indicant
1287 4194 1302 4234 :
1335 4177 1415 4230 bze
1445 4184 1621 4231 autem
1648 4176 1768 4230 dure
1796 4176 2062 4245 parabole:
2088 4176 2205 4243 eius

626 4276 850 4343 pretium
880 4282 934 4327 ct
970 4272 1275 4341 dignitatem
1306 4268 1599 4323 declarant.
1654 4267 1972 4322 Extenditnr
2010 4269 2206 4338 quippe

624 4368 710 4422 illa
738 4374 794 4419 ut
834 4364 1002 4433 sinapi
1029 4403 1044 4426 ,
1073 4369 1290 4430 superat
1320 4369 1376 4413 ut
1418 4360 1756 4423 fermentum,
1786 4358 2014 4428 pretiosa
2042 4368 2123 4411 est
2152 4366 2207 4411 ut

624 4456 927 4527 margarita,
956 4454 1232 4507 innumera
1260 4450 1463 4521 prtebet
1488 4447 1766 4503 commoda
1834 4457 1890 4502 et
1917 4457 2160 4502 ornatum
2186 4491 2202 4515 ,

628 4557 683 4602 ut
714 4546 1016 4602 thesaurus.

699 4636 1007 4691 Ilenuntiare
1036 4632 1265 4687 omnibus
1312 4640 1384 4684 est
1426 4628 1720 4699 negotiatio,
1753 4643 1853 4681 non
1883 4627 2110 4698 jactura.
2137 4656 2208 4666 —

630 4732 813 4800 Neque
844 4728 895 4783 id
924 4728 1095 4782 solum
1125 4725 1210 4779 hic
1236 4723 1513 4789 discimus,
1542 4722 1789 4775 omnibus
1812 4735 1869 4775 se
1893 4734 2089 4774 exuere
2114 4734 2208 4788 par

627 4839 774 4882 esse,
802 4836 864 4874 ac
886 4816 1243 4889 pnedicationi
1278 4814 1482 4869 haerere
1507 4831 1521 4878 ;
1550 4812 1643 4867 sed
1665 4813 1825 4865 etiam
1853 4810 1903 4864 id
1931 4826 2051 4865 cum
2084 4824 2210 4879 gau-

624 4918 715 4971 dio
741 4928 858 4970 esse
891 4910 1209 4966 faciendum.
1238 4907 1394 4962 Certe
1422 4907 1467 4960 is
1486 4948 1501 4970 ,
1530 4905 1617 4974 qui
1647 4904 1889 4960 omnibus
1921 4903 2205 4967 renuntiat,

621 5009 755 5063 sciat
789 5014 998 5076 Oportet
1029 5045 1044 5066 ,
1072 5018 1183 5057 rem
1212 5001 1353 5057 illam
1376 5014 1496 5055 esse
1524 4997 1929 5065 negotiationem
1952 5037 1967 5060 ,
1999 5010 2101 5049 non
2122 4995 2204 5063 ja-

629 5110 853 5151 cturam.
906 5093 1089 5148 Viden‘
1132 5091 1397 5161 quomodo
1448 5088 1750 5158 prmdicatio
1795 5087 1847 5141 in
1892 5086 2089 5139 mundo
2140 5087 2210 5139 sit

634 5189 839 5243 occulta
862 5228 877 5251 ,
906 5194 961 5241 et
989 5186 1041 5239 in
1074 5183 1445 5253 prmdicatione
1482 5190 1610 5249 quot
1652 5181 1758 5234 sint
1788 5178 1966 5232 bona?
2002 5180 2078 5234 Ac
2106 5180 2205 5233 nisi

633 5280 807 5334 omnia
833 5274 1155 5339 vendideris,
1180 5289 1283 5328 non
1306 5273 1438 5326 emis
1464 5272 1606 5325 illam
1657 5289 1671 5325 :
1702 5270 1803 5326 nisi
1831 5270 2054 5325 sollicito
2087 5271 2209 5324 ani-

632 5385 718 5424 mo
742 5366 1035 5439 qua-sieris,
1054 5381 1155 5421 non
1184 5364 1407 5419 invenis.
1433 5364 1545 5417 Duo
1568 5363 1725 5430 igitur
1741 5364 2037 5417 necessaria
2061 5372 2204 5430 sunt,

624 5462 955 5516 sa'cularium
1006 5474 1181 5513 rerum
1232 5457 1515 5517 abdicatio,
1562 5464 1616 5510 et
1659 5470 1865 5509 summa
1918 5456 2205 5525 vigilantia.

622 5552 751 5606 Nam
779 5552 854 5603 ait
880 5568 891 5601 :
927 5548 1178 5615 Quwrenti
1202 5548 1355 5601 bonas
1381 5548 1679 5616 margaritas
1704 5561 1721 5599 :
1742 5546 1940 5600 inventa
1961 5562 2061 5600 una
2088 5562 2206 5617 pre-

623 5645 769 5705 tiosa,
798 5642 1013 5694 vendidit
1041 5641 1228 5705 omnia,
1249 5641 1429 5694 ctcmit
1459 5656 1587 5693 eam.
1624 5637 1739 5694 Una
1770 5641 1965 5710 quippe
1996 5648 2077 5694 est
2117 5656 2204 5693 ve-

622 5739 772 5797 ritas,
802 5747 899 5787 ncc
926 5732 977 5786 in
1009 5741 1185 5801 partes
1214 5730 1401 5784 divisa.
1436 5731 1510 5783 Ac
1545 5728 1682 5783 sicut
1722 5729 1765 5782 is
1799 5729 1888 5798 qui
1946 5730 2204 5797 margari-

626 5837 731 5881 tum
758 5826 914 5881 habet
939 5865 953 5893 ,
984 5825 1128 5879 novit
1155 5823 1267 5894 ipse
1297 5837 1354 5877 se
1383 5821 1597 5877 divitem
1634 5833 1754 5877 esse
1778 5837 1792 5888 ;
1817 5835 1958 5891 sa‘pe
1984 5829 2157 5875 autem
2181 5862 2197 5891 ,

1386 431 1444 488 S.
1482 427 1759 487 JUANNIS
1782 417 2250 483 CIIRYSOSTOMI
2292 419 2605 476 ARCIIIEP.
2643 413 3175 476 CONSTANTINOP.

3785 416 3891 472 48$

2305 538 2427 594 licet
2470 538 2615 592 illam
2656 553 2814 593 manu
2848 545 3042 602 teneat,
3068 536 3118 591 id
3149 535 3269 591 aliis
3296 541 3377 589 est
3408 533 3678 605 ignotum;
3709 546 3888 604 neque

2305 630 2445 686 enim
2488 628 2631 684 mole
2657 628 2899 697 corporis
2928 627 3149 699 insignis
3177 636 3259 681 εει
3287 641 3301 677 :
3331 622 3409 677 sic
3444 632 3498 677 et
3542 624 3594 676 in
3624 621 3888 691 praedica-

2306 720 2485 785 tione,
2516 717 2605 786 qui
2637 717 2782 771 illam
2829 725 3047 781 tenent,
3078 729 3136 769 se
3167 713 3358 768 divites
3386 725 3506 767 esse
3530 717 3728 765 norunt
3750 749 3765 774 ,
3797 710 3888 763 in-

2303 809 2502 864 creduli
2533 818 2710 863 anlcm
2740 806 3043 861 thesaurum
3076 800 3379 875 httjusmodi
3410 801 3716 872 ignorantes
3740 840 3756 864 ,
3790 814 3891 853 no-

2302 909 2441 953 stras
2470 900 2593 953 item
2634 898 2843 951 divitias
2875 897 3137 951 nesciunt.
3194 892 3391 949 Deinde
3422 907 3488 947 ne
3513 888 3881 961 praedicationi

2305 1000 2505 1044 tantum
2532 984 2757 1044 ildanms
2776 1031 2790 1053 ,
2819 1004 2953 1043 neve
2980 998 3223 1059 putemus
3249 987 3417 1042 solam
3446 985 3605 1040 ﬁdem
3636 985 3702 1040 ad
3729 985 3882 1041 saltt-

2302 1088 2409 1135 tem
2463 1081 2616 1135 nobis
2654 1079 2938 1141 sufﬁcere,
2967 1078 3124 1132 aliam
3158 1077 3447 1131 terribilem
3473 1074 3628 1132 eﬂ'ert
3655 1075 3889 1145 parabo-

2300 1173 2424 1227 iam.
2456 1172 2709 1238 Quantam
2758 1171 2847 1224 illa
2885 1170 3004 1225 est?
3027 1169 3115 1225 47.
3146 1168 3367 1239 Sagenze
3394 1166 3664 1239 parabole.
3703 1165 3891 1222 Simile

2299 1273 2371 1318 est
2400 1279 2607 1333 regnum
2629 1262 2865 1315 calorum
2892 1276 3092 1331 sugente
3119 1261 3282 1314 missa
3307 1260 3361 1313 in
3386 1274 3544 1324 mare,
3574 1266 3623 1314 et
3645 1274 3711 1313 ex
3738 1258 3888 1313 omni

2299 1371 2477 1427 genere
2509 1354 2718 1423 piscium
2742 1352 3062 1424 congreganti
3087 1368 3105 1407 :
3138 1350 3229 1406 48.
3256 1366 3407 1421 quam
3426 1350 3688 1404 educentes
3720 1350 3791 1403 ad
3819 1350 3889 1404 li-

2303 1459 2383 1498 tus
2404 1444 2575 1507 maris,
2608 1444 2854 1503 sedentes,
2885 1451 2933 1495 et
2958 1441 3244 1513 colligentes
3269 1440 3425 1496 bonos
3446 1439 3499 1493 in
3520 1455 3608 1493 vas
3623 1439 3883 1510 jecerunt,

2301 1533 2461 1589 malos
2478 1545 2640 1586 autem
2669 1536 2804 1604 foras
2831 1532 3086 1586 miserunt.
3122 1531 3177 1586 In
3198 1546 3305 1602 quo
3322 1528 3501 1585 differt
3526 1529 3641 1585 haac
3668 1544 3697 1585 a
3728 1544 3890 1599 para-

2302 1624 2420 1677 bola
2443 1623 2801 1683 zizaniorum?
2830 1621 2959 1676 Nam
2985 1631 3038 1676 et
3059 1621 3169 1676 illic
3193 1622 3283 1675 alii
3311 1629 3594 1677 servantur
3617 1662 3633 1687 ,
3655 1618 3746 1674 alii
3763 1630 3883 1687 per.

2300 1719 2465 1780 eunt;
2528 1714 2619 1770 sed
2650 1714 2759 1769 illic
2782 1713 2850 1769 ob
2873 1728 3156 1784 pravorum
3187 1711 3495 1783 dogmatum
3509 1712 3754 1766 hreresim
3788 1727 3801 1764 :
3826 1722 3886 1766 et

2300 1805 2388 1875 qui
2415 1816 2537 1858 ante
2574 1812 2972 1871 memorantur,
2994 1804 3117 1874 quia
3157 1801 3317 1860 dictis
3342 1802 3746 1873 praedicandum
3776 1816 3889 1857 non

2300 1895 2610 1959 attendunt;
2640 1894 2694 1947 hi
2723 1910 2850 1950 vero
2866 1895 2936 1950 ob
2962 1895 3278 1949 sceleratam
3309 1894 3493 1959 vitam,
3520 1894 3610 1963 qui
3638 1893 3883 1948 omnium

2299 1988 2586 2041 miserrimi
2615 1996 2758 2052 sunt,
2793 1996 2975 2055 utpote
2998 1987 3088 2056 qui
3132 1986 3184 2040 in
3215 1985 3459 2042 notitiam
3490 1986 3732 2040 veritatis
3758 2000 3892 2056 per-

2299 2078 2643 2141 venerint,et
2686 2077 2737 2130 in
2780 2086 2896 2131 rete
2932 2076 3247 2146 piscantium
3287 2075 3599 2137 inciderint.
3622 2090 3685 2130 ac
3717 2091 3894 2144 neque

2298 2168 2377 2221 sic
2406 2167 2628 2222 salutem
2658 2166 2911 2236 consequi
2932 2167 3218 2236 potuerint.
3244 2165 3574 2235 Quamquam
3593 2165 3718 2220 alibi
3740 2164 3891 2220 dicat

2300 2258 2471 2329 ipsum
2503 2266 2767 2328 pastorem
2795 2272 3104 2329 segregasse
3125 2272 3271 2322 oves,
3306 2256 3394 2313 hic
3419 2258 3550 2313 dicit
3576 2258 3798 2329 angelos
3828 2256 3887 2311 id

2302 2349 2476 2404 facere
2499 2389 2515 2415 ,
2538 2356 2595 2403 ut
2619 2357 2671 2403 et
2705 2348 2759 2403 in
2788 2348 3111 2402 zizaniorum
3141 2347 3389 2417 parabole
3420 2345 3631 2419 (Matth.
3653 2345 3742 2401 25.
3762 2345 3889 2418 32).

2300 2438 2437 2509 Quid
2461 2453 2586 2509 ergo
2620 2438 2945 2493 dicendum?
2977 2437 3275 2507 Aliquando
3302 2437 3607 2501 demissius,
3640 2437 3888 2507 aliquan-

2300 2528 2370 2581 do
2399 2528 2675 2583 sublimius
2702 2529 2830 2600 ipsis
2863 2528 3113 2598 loquitur.
3165 2526 3313 2583 Hauc
3340 2541 3501 2596 porro
3535 2540 3635 2582 nec
3661 2537 3884 2597 rogatus

2301 2622 2605 2691 paraboiam
2659 2631 2848 2691 sponte
2901 2621 3278 2690 interpretatur
3334 2638 3346 2673 :
3401 2635 3467 2674 ex
3504 2628 3653 2689 parte
3708 2619 3887 2674 solum

2301 2712 2584 2781 explicavit
2612 2712 2780 2775 illam,
2810 2722 2863 2766 et
2889 2712 3131 2767 timorem
3164 2711 3329 2767 auxit.
3349 2710 3426 2766 Ne
3440 2713 3582 2766 enim
3610 2719 3897 2782 postquam

2302 2804 2515 2865 audisti,
2549 2804 2716 2857 malos
2739 2802 2940 2871 eiectos
2967 2801 3131 2858 fuisse
3156 2801 3298 2857 foras
3319 2843 3335 2868 ,
3364 2803 3481 2857 sine
3508 2802 3743 2873 periculo
3771 2817 3893 2858 rem

2305 2910 2425 2951 esse
2465 2904 2698 2966 putares,
2735 2896 3170 2963 interpretatione
3209 2908 3303 2948 sua
3349 2893 3668 2964 supplicium
3698 2893 3901 2949 extulit

2303 2987 2503 3051 dicens,
2541 2987 2741 3040 Mittent
2777 2992 2873 3039 eos’
2881 2986 2934 3039 in
2963 2987 3216 3040 caminum
3242 2986 3408 3056 ignis‘;
3438 2986 3723 3042 stridorem
3752 2987 3898 3042 den-

2306 3081 2431 3133 tium
2466 3091 2767 3132 memorans
2798 3076 3222 3147 ineﬂ‘abilemque
3250 3077 3514 3132 dolerem.
3541 3077 3730 3134 Viden’
3756 3087 3897 3148 quot

2304 3171 2369 3223 ad
2399 3170 2681 3237 perniciem
2708 3167 2846 3222 viae?
2880 3168 2979 3222 Per
3000 3176 3226 3237 petram,
3258 3182 3352 3238 per
3382 3169 3585 3238 Spinas,
3614 3184 3710 3239 per
3727 3170 3898 3238 viam,

2308 3275 2401 3328 per
2426 3259 2649 3317 zizania.
2680 3273 3069 3328 persagenam.
3109 3258 3225 3314 Non
3253 3273 3381 3329 ergo
3409 3260 3678 3316 immerito
3712 3260 3843 3316 dixit
3881 3281 3897 3317 :

2304 3354 2435 3407 Lata
2454 3363 2525 3408 est
2552 3354 2630 3407 via
2653 3368 2766 3423 qua:
2784 3353 2921 3406 ducit
2948 3354 3016 3406 ad
3037 3353 3366 3422 perditionem
3387 3395 3401 3417 ,
3425 3363 3472 3409 et
3492 3354 3637 3408 multi
3664 3364 3782 3409 sunt
3807 3357 3902 3425 qui

2304 3444 2655 3515 ingrediuntur
2695 3459 2783 3514 per
2820 3459 2931 3497 eam
2974 3442 3185 3513 (Matth.
3236 3445 3288 3497 7.
3322 3445 3433 3515 15).
3467 3444 3591 3499 Haec
3614 3460 3744 3516 ergo
3770 3459 3901 3499 cum

2304 3540 2545 3604 dixisset,
2592 3553 2654 3591 ac
2701 3536 2921 3592 terribili
2969 3536 3128 3590 modo
3182 3537 3343 3592 linem
3390 3537 3603 3593 dicendi
3654 3536 3899 3605 fecisset,

2307 3630 2527 3702 hincque
2558 3630 2704 3699 plura
2733 3628 3018 3697 adjecisset
3049 3627 3268 3699 (diutius
3294 3629 3436 3684 enim
3472 3628 3523 3682 in
3569 3629 3673 3682 illis
3714 3643 3903 3683 mora-

2310 3733 2391 3777 tus
2411 3722 2540 3790 est).
2561 3723 2635 3775 ait
2663 3738 2675 3772 :
2709 3721 2798 3775 5i.
2831 3718 3161 3773 lntellexistis
3192 3720 3299 3773 haec
3342 3720 3559 3773 omnia?
3587 3719 3773 3773 Dicunt
3804 3721 3851 3774 ei
3878 3739 3901 3775 :

2311 3813 2507 3878 Etiam,
2541 3811 2775 3865 Domine.
2812 3810 2939 3864 Post
2971 3810 3103 3872 Im-c,
3142 3811 3264 3876 quia
3302 3810 3681 3865 intellexerunt
3705 3851 3720 3870 ,
3752 3811 3904 3880 ipsos

2309 3907 2490 3961 laudat
2519 3906 2603 3959 his
2627 3905 2823 3959 verbis.
2858 3904 2946 3958 52.
2978 3902 3102 3958 Ideo
3131 3905 3293 3958 omnis
3317 3904 3480 3957 scriba
3520 3907 3698 3958 doctus
3723 3906 3775 3957 in
3808 3923 3901 3959 re-

2308 4014 2405 4067 gno
2425 3996 2683 4060 caelorum,
2712 3994 2893 4047 similis
2917 4003 2991 4047 est
3017 3994 3207 4046 [contini
3228 3994 3369 4058 patri
3390 3994 3633 4063 familias,
3661 3995 3746 4064 qui
3772 4011 3903 4065 pro-

2310 4091 2405 4158 fert
2430 4086 2491 4140 de
2514 4085 2747 4138 thesauro
2772 4100 2865 4137 suo
2895 4100 3023 4136 nora
3067 4092 3112 4137 et
3150 4093 3335 4136 vetera.
3385 4082 3509 4139 Ideo
3531 4084 3655 4138 alibi
3684 4100 3904 4154 quoque

2310 4178 2387 4230 ait
2417 4194 2429 4229 :
2458 4175 2659 4229 Mittam
2684 4174 2751 4227 ad
2798 4190 2884 4228 vos
2909 4174 3158 4243 sapientes
3184 4182 3227 4226 et
3250 4170 3902 4242 scribas(Mattlt.23.'5£).

2382 4269 2434 4323 5.
2466 4266 2849 4335 Scripturarum
2892 4263 3034 4317 lectio
3064 4265 3463 4317 commendatur.
3501 4263 3779 4319 Humilitas
3806 4283 3904 4319 ca-

2312 4368 2400 4429 put
2441 4359 2655 4413 oirtutis.
2682 4387 2755 4397 -
2779 4355 2941 4411 Vides
2979 4355 3250 4425 quomodo
3290 4370 3393 4409 non
3447 4357 3695 4411 excludat
3738 4358 3908 4412 Vetus

2311 4450 2733 4512 Testamentum,
2759 4448 2851 4501 sed
2892 4448 3067 4517 potius
3109 4438 3289 4502 laudet
3317 4458 3373 4501 et
3394 4448 3648 4511 celebret,
3682 4449 3910 4503 thesau-

2314 4558 2433 4596 rum
2462 4540 2698 4594 vocans?
2739 4537 2917 4608 Itaque
2956 4548 3215 4607 quotquot
3258 4538 3553 4592 divinarum
3590 4538 3906 4607 Scriptura-

2312 4647 2432 4685 rum
2480 4628 2708 4698 imperiti
2735 4636 2877 4689 sunt,
2908 4641 3012 4681 non
3054 4638 3235 4696 patres
3282 4627 3511 4681 familias
3556 4626 3772 4693 fuerint,
3809 4631 3907 4699 qui

2315 4735 2487 4790 neque
2511 4718 2708 4772 habent
2735 4718 2853 4787 ipsi,
2886 4732 2985 4772 nec
3008 4716 3077 4772 ab
3097 4717 3214 4772 aliis
3242 4718 3530 4786 accipiunt,
3550 4718 3645 4773 sed
3672 4733 3731 4773 se
3761 4721 3910 4777 fatue

2316 4820 2598 4881 pereuntes
2633 4810 2921 4880 negligant.
2951 4807 3057 4863 Nec
3083 4807 3243 4863 modo
3272 4808 3392 4879 ipsi,
3418 4808 3510 4865 sed
3544 4810 3702 4865 etiam
3732 4809 3913 4865 hatre-

2316 4905 2403 4960 tici
2426 4913 2670 4973 expertes
2700 4910 2824 4956 sunt
2851 4900 3005 4969 hujus
3034 4900 3393 4956 beatitudinis.
3439 4900 3553 4955 Neu
3582 4902 3722 4955 enim
3775 4917 3910 4970 pro-

2313 4997 2492 5053 ferunt
2520 5011 2657 5050 nova
2686 5003 2739 5050 et
2766 4992 3114 5049 vetera.N.tm
3144 5009 3263 5048 cum
3289 5003 3467 5049 vetera
3500 5010 3605 5049 non
3639 4994 3902 5061 habeant,

2314 5104 2414 5144 nee
2436 5103 2571 5142 nova
2595 5086 2792 5141 habere
2815 5093 3035 5154 possunt
3056 5102 3069 5137 :
3090 5084 3537 5154 quemadmodum
3572 5085 3733 5140 etiam
3753 5086 3785 5139 ii
3809 5089 3910 5155 qni

2316 5195 2450 5234 nova
2480 5194 2582 5235 nou
2612 5178 2828 5241 habent,
2850 5176 3117 5230 veteribus
3142 5192 3351 5245 quoque
3371 5185 3577 5243 carent,
3597 5176 3694 5233 sed
3738 5178 3912 5233 utris-

2314 5290 2415 5344 que
2457 5272 2732 5343 privantur
2766 5288 2780 5324 :
2825 5269 2938 5325 hunc
2965 5271 3109 5325 enim
3142 5278 3323 5323 mutuo
3365 5269 3678 5339 colligantur
3702 5280 3755 5326 et
3775 5284 3918 5323 con-

2316 5374 2624 5421 nectnntnr.
2673 5362 2965 5419 Audiamus
3010 5365 3185 5429 itaque
3212 5372 3471 5434 quotquot
3500 5364 3909 5435 Scripturarum

2314 5457 2597 5513 lectionem
2642 5454 2976 5523 negligimus,
3024 5466 3279 5523 quantum
3323 5454 3588 5522 patiamur
3621 5454 3909 5523 damnum,

2313 5555 2563 5620 quantam
2594 5554 2980 5616 paupertatem.
3008 5544 3353 5611 Quandonam
3385 5545 3543 5601 vitam
3575 5561 3698 5600 cum
3724 5549 3916 5615 operi-

2315 5638 2736 5706 busjungemns,
2767 5636 2854 5706 qui
2895 5650 2962 5689 ne
3010 5634 3154 5704 leges
3196 5635 3410 5706 quidem
3454 5638 3735 5701 novimus,
3764 5651 3908 5707 quas

2312 5727 2691 5782 observemus?
2714 5725 2818 5781 Sed
2844 5724 3057 5792 divites,
3084 5727 3172 5794 qui
3195 5726 3499 5782 divitiarum
3518 5728 3805 5799 cupiditate
3824 5728 3908 5783 in-

2314 5820 2562 5885 Saniunt,
2612 5827 2754 5889 Smpc
2798 5828 2974 5875 vestes
3004 5832 3125 5874 suas
3170 5835 3237 5875 ne
3274 5836 3303 5874 a
3336 5822 3493 5876 tineis
3541 5819 3908 5879 corrodantur
