4154 6324
164 365 257 422 ιεε

164 492 429 549 excutiunt
463 510 476 546 :
510 500 564 546 tu
593 506 721 547 vero
739 492 864 546 dum
880 492 1077 548 oblivio
1098 496 1236 549 tinea
1267 497 1618 565 perniciosior
1636 498 1755 551 ani-

163 598 295 637 mam
343 593 486 637 tuam
524 582 807 638 iabel‘actat
830 626 845 649 ,
878 601 980 638 non
1018 585 1183 640 libros
1212 586 1365 657 legis,
1395 605 1497 641 non
1547 598 1749 657 pestem

162 676 300 729 illam
330 675 557 745 depellis
584 718 598 741 ,
626 678 858 732 animam
888 681 993 732 nun
1022 693 1274 742 exornas,
1306 693 1411 734 non
1440 680 1634 749 aspicis
1662 696 1748 735 as-

157 770 303 823 sidue
345 769 559 824 virtutis
600 773 908 841 imaginem,
956 786 1055 827 nec
1098 774 1336 828 membra
1370 775 1487 844 ejus
1513 783 1568 829 et
1589 784 1748 845 caput

154 862 493 920 consideras?
517 864 650 919 Nam
679 873 734 919 et
758 873 915 934 caput
940 864 1102 921 habet
1128 875 1183 921 et
1208 866 1470 932 membra,
1499 872 1745 938 specioso

152 972 372 1027 corpore
417 957 754 1012 formosiora.
800 958 953 1025 Quod
989 972 1118 1028 ergo
1156 968 1317 1028 caput
1363 968 1466 1024 est,
1506 960 1736 1030 inquies,

154 1048 401 1104 virtutis?
447 1048 748 1104 Humilitas.
777 1048 1137 1117 Quamobrem
1166 1049 1235 1104 ab
1260 1050 1358 1105 hac
1380 1050 1564 1120 incipit
1588 1050 1743 1106 Chri-

150 1151 256 1197 stus
302 1142 486 1197 dicens
517 1160 531 1194 :
563 1139 706 1195 Beati
740 1156 989 1211 pauperes
1016 1140 1035 1212 (
1058 1139 1245 1195 Matth.
1276 1141 1328 1195 5.
1357 1141 1451 1212 3).
1497 1141 1610 1195 lloc
1650 1157 1741 1197 ca-

150 1244 235 1305 put
287 1250 395 1289 nun
436 1248 625 1289 comas
667 1231 846 1298 habet,
897 1248 1003 1288 non
1048 1232 1347 1297 cincinnos,
1392 1232 1487 1289 sed
1536 1241 1729 1287 tantant

149 1327 611 1397 pulchritudinem,
643 1334 701 1380 ut
731 1326 891 1381 Deum
941 1325 1116 1395 ipsum
1156 1324 1386 1379 attrahat
1416 1340 1589 1431 :nam.
1616 1326 1732 1431 ait_:

152 1420 312 1487 Super
336 1436 480 1487 quem
523 1419 811 1486 respiciam,
855 1418 953 1471 nisi
973 1434 1123 1487 super
1152 1428 1467 1523 mansuetugm
1497 1428 1542 1471 et
1568 1419 1735 1523 humi:

144 1519 252 1578 lem.
293 1527 342 1570 et
390 1523 678 1569 trementem
722 1513 872 1572 verba
898 1529 1010 1568 mea
1035 1511 1189 1584 (Isai.
1214 1511 1302 1567 66.
1332 1510 1429 1581 2)?
1458 1520 1546 1577 et,
1580 1511 1728 1565 Oculi

145 1612 233 1665 mei
250 1610 321 1663 ad
347 1617 632 1663 mansuetos
665 1616 814 1662 terra
842 1604 1009 1677 (Psal.
1044 1605 1132 1660 75.
1160 1604 1249 1660 10.
1290 1614 1335 1659 et
1376 1604 1497 1660 100.
1528 1604 1603 1678 6).
1638 1605 1726 1671 Et,

143 1702 310 1772 Prope
348 1710 423 1756 est
448 1701 701 1755 Dominus
740 1698 967 1753 contritis
990 1696 1141 1751 corde
1161 1695 1330 1768 (Psal.
1350 1698 1438 1752 55.
1470 1696 1580 1770 19).
1616 1698 1728 1752 lloc

142 1802 293 1862 caput
325 1807 421 1862 pro
444 1791 734 1861 capillis,et
753 1803 927 1853 coma,
953 1788 1211 1842 sacrificia
1237 1787 1392 1842 offert
1419 1788 1528 1843 Deo
1550 1798 1719 1859 grata.

141 1887 237 1940 Ara
268 1894 353 1939 est
379 1898 560 1949 aurea,
586 1891 640 1938 et
661 1882 829 1936 altare
876 1880 1150 1950 spiritttale
1185 1899 1197 1934 :
1227 1895 1349 1934 nam
1396 1880 1723 1949 Sacriﬁcium

140 1978 237 2032 Deo
260 1978 469 2046 spiritus
507 1973 870 2028 contribulattts
896 1970 1066 2043 (Psal.
1098 1972 1190 2026 50.
1220 1969 1331 2042 19).
1359 1970 1484 2026 H:t-c
1525 1979 1609 2027 est
1635 1987 1721 2027 sa-

138 2070 345 2140 pientia:
384 2076 574 2121 mater.
605 2066 661 2120 Si
688 2066 808 2135 quis
836 2064 976 2117 illam
1009 2063 1217 2168 habitat,
1246 2063 1450 2168 reliqua
1482 2062 1715 2168 habebit.

138 2164 375 2219 \iitlistitt‘
397 2172 575 2232 caput,
607 2159 764 2229 quale
786 2171 1043 2226 nusquam
1069 2155 1315 2210 videras?
1345 2155 1504 2260 Visne
1528 2155 1715 2260 faciem

136 2257 332 2319 videre,
361 2259 467 2309 imo
495 2251 769 2309 ediscere?
813 2250 930 2304 Jam
976 2249 1123 2304 disce
1157 2249 1392 2302 colorem
1420 2248 1536 2354 ejus
1565 2249 1715 2354 rubi—

132 2351 377 2413 cundum,
429 2346 699 2411 ﬂoridum,
745 2354 799 2400 et
832 2342 991 2398 valde
1032 2342 1365 2413 gratiosum:
1402 2341 1549 2396 disce
1596 2341 1716 2413 qui-

131 2444 346 2497 busnam
387 2449 615 2495 constet.
649 2437 852 2504 Quibus
876 2452 1004 2508 ergo
1028 2437 1275 2490 constat?
1307 2435 1517 2491 Pudore
1552 2445 1711 2508 atque

132 2536 339 2589 rubore.
379 2533 713 2601 Quapropter
755 2531 829 2582 ait
864 2528 1126 2597 quispiam
1161 2546 1171 2579 :
1210 2529 1331 2581 Ante
1374 2531 1707 2633 verecundum

132 2627 367 2693 prandet
417 2626 581 2695 gratia
614 2622 799 2695 (Ereti.
828 2622 915 2676 '52.
940 2619 1018 2691 9),
1050 2620 1250 2725 lluenet
1294 2620 1412 2724 aliis
1454 2621 1709 2725 membris

130 2732 366 2787 magnam
411 2713 637 2768 infundit
664 2711 1126 2782 pulchritudinem.
1167 2710 1387 2768 Etiamsi
1430 2712 1577 2768 mille
1606 2714 1706 2767 mi—

126 2822 264 2862 sceas
296 2807 503 2860 colores
528 2846 544 2871 ,
578 2820 681 2858 non
709 2812 907 2858 tantam
936 2804 1169 2872 speciem
1196 2802 1419 2858 efficies.
1449 2804 1507 2860 Si
1526 2815 1702 2860 autem

126 2912 168 2954 et
201 2901 386 2953 oculos
433 2899 612 2952 videre
650 2904 866 2966 cupias,
914 2897 1093 2966 aSpice
1138 2895 1255 2950 illos
1295 2896 1610 2952 modestiam
1650 2907 1702 2952 et

125 2991 499 3045 continentiam
525 2998 773 3044 accurate
799 2987 1131 3043 exhibentes.
1181 2988 1303 3042 ldco
1330 2988 1428 3057 ipsi
1455 2998 1508 3043 et
1532 2988 1701 3045 forma

122 3082 431 3136 ctacnmine
479 3082 700 3151 pollent,
732 3080 802 3133 ita
834 3087 891 3133 ut
936 3079 1105 3149 ipsum
1139 3078 1421 3133 Dominum
1463 3080 1698 3136 videant.

123 3173 261 3229 Nam.
296 3171 463 3233 Beati.
491 3172 679 3241 inquit,
708 3170 895 3224 mundo
920 3170 1094 3236 corde,
1126 3170 1362 3264 quoniam
1394 3172 1495 3242 ipsi
1533 3172 1701 3227 Deum

121 3265 344 3319 ridebunt
376 3264 591 3333 (Matth.
615 3264 668 3318 5.
697 3262 778 3333 8).
804 3260 876 3317 Os
922 3271 1099 3316 autem
1144 3262 1300 3333 ejus,
1320 3260 1600 3334 sapientia
1645 3278 1699 3323 et

122 3355 433 3420 intellectus,
448 3355 906 3426 spiritualiumque
924 3354 1241 3426 hymnorum
1261 3355 1572 3417 modulatio.
1595 3359 1699 3413 Cor

120 3458 311 3512 wtcm,
337 3447 729 3517 Scriptttrarum
759 3446 979 3517 peritia,
1007 3461 1361 3517 verarumque
1388 3447 1696 3519 dogmatum

118 3540 465 3601 cttnsetvatio,
510 3538 839 3608 benignitas,
884 3537 1187 3592 clementia.
1229 3539 1306 3593 Ac
1350 3540 1695 3608 quemadmo-

119 3631 228 3684 dum
273 3632 394 3683 sine
437 3629 527 3683 illo
568 3631 748 3684 vivere
791 3628 1093 3699 nequimus,
1125 3630 1202 3684 sic
1233 3646 1405 3700 neque
1448 3631 1566 3686 sine
1604 3632 1696 3685 illo

118 3723 333 3775 salutem
361 3720 615 3791 consequi
645 3734 947 3790 possumus.
987 3718 1121 3776 Nam
1150 3719 1274 3774 hinc
1294 3721 1475 3775 omnia
1504 3722 1693 3777 oriun-

122 3824 194 3864 tur
221 3812 379 3866 bona.
418 3812 587 3867 llabet
612 3813 741 3866 item
767 3811 933 3882 pedes
958 3822 1013 3867 et
1034 3827 1243 3876 manus,
1277 3812 1537 3868 bonorum
1565 3829 1696 3883 ope-~

120 3920 221 3956 rem
242 3902 535 3972 exempla;
566 3917 739 3956 amula
761 3902 878 3972 ejus
902 3912 984 3956 est
1018 3904 1220 3972 pietas;
1253 3911 1441 3972 pectus
1467 3904 1583 3973 ejus
1609 3919 1695 3957 au-

120 4010 273 4058 reum,
305 3996 586 4051 adamante
614 3996 837 4062 ﬁrmius,
864 4006 946 4052 est
968 3996 1254 4062 fortitudo;
1281 4000 1461 4054 omnia
1489 3997 1693 4054 facilius

117 4100 405 4156 expugnes,
432 4101 591 4156 quam
636 4094 816 4156 pectus
838 4086 976 4140 istud
1001 4087 1292 4158 dirumpas.
1326 4087 1574 4159 Spiritus,
1602 4090 1691 4161 qui

118 4189 161 4229 et
186 4180 232 4231 in
261 4179 510 4245 cerebro,
531 4186 586 4231 et
604 4178 656 4233 in
681 4178 843 4233 corde
869 4180 1096 4246 exsistit,
1121 4189 1203 4235 est
1227 4182 1441 4236 caritas.

174 4270 224 4323 4.
275 4269 508 4324 Μαιιιιωί
546 4270 862 4341 evangelicae
899 4273 1125 4327 virtutes.
1165 4274 1319 4328 Avari
1358 4287 1405 4330 et
1452 4280 1689 4349 pauperis

116 4363 371 4415 miunturii
399 4363 855 4435 descriptio.——Vis
878 4365 1015 4420 hanc
1042 4366 1329 4437 imaginem
1362 4369 1453 4422 tibi
1487 4372 1537 4423 in
1558 4385 1686 4441 0pc-

116 4453 243 4507 ribus
269 4456 591 4511 ostendam?
633 4456 819 4526 Cogita
862 4459 992 4512 mihi
1024 4458 1167 4515 hunc
1202 4462 1375 4531 ipsum
1418 4466 1687 4533 evangeli-

115 4554 252 4612 stam,
276 4549 492 4603 etiamsi
515 4564 621 4604 non
644 4558 805 4605 totam
823 4551 939 4622 ejus
961 4551 1121 4607 vitam
1142 4554 1463 4626 descriptam
1488 4556 1683 4613 habea-

116 4654 244 4702 utus;
274 4647 515 4695 attamen
545 4658 609 4696 ex
634 4644 818 4712 paucis
845 4659 964 4714 qua:
994 4655 1218 4715 restant,
1246 4648 1370 4704 licet
1396 4651 1682 4721 imaginem

114 4734 211 4799 ejus
230 4734 605 4803 splendentem
647 4737 848 4793 videre.
898 4739 1049 4807 Quod
1096 4739 1312 4796 humilis
1338 4752 1390 4797 et
1418 4745 1683 4801 contritus

114 4839 275 4893 esset,
320 4828 448 4883 audi
479 4829 651 4899 ipsum
680 4831 731 4884 in
753 4829 1034 4903 Evangelio
1060 4849 1177 4889 sese
1214 4835 1551 4904 publicanum
1583 4855 1679 4895 vo-

114 4932 331 4989 cantem;
382 4923 528 4993 quod
556 4932 732 4979 autem
779 4926 1081 4981 misericors
1127 4938 1308 4995 esset,
1358 4931 1482 4987 vide
1532 4933 1677 4988 illum

111 5014 335 5071 omnibus
364 5026 592 5072 exutum
615 5017 798 5072 Jesnm
828 5030 1159 5089 sequentem.
1187 5023 1337 5087 Quod
1370 5026 1484 5094 pius
1513 5036 1674 5094 esset,

114 5103 259 5167 palata
287 5118 377 5162 est
405 5123 475 5162 ex
504 5107 859 5179 dogmatibus.
890 5111 1294 5183 lntelligentiam
1323 5125 1376 5170 et
1400 5119 1673 5173 caritatem

109 5197 203 5262 eju.
231 5215 299 5254 ex
342 5214 412 5256 eo
450 5200 591 5271 quod
637 5203 958 5272 conscripsit
1009 5204 1297 5276 Evangelia
1340 5207 1521 5264 videre
1546 5223 1671 5266 est:

112 5289 316 5347 utiversi
348 5294 495 5349 enim
537 5295 683 5350 orbis
720 5311 901 5351 curam
923 5299 1128 5367 gessit;
1163 5298 1420 5354 bonorum
1450 5316 1671 5371 operum

112 5392 460 5457 argumentum
493 5385 657 5441 habes
686 5402 750 5441 ex
794 5388 1007 5453 throno,
1055 5390 1105 5443 in
1136 5406 1511 5459 quosessurus
1550 5403 1668 5459 est;

115 5466 453 5529 fortitudinem
479 5516 494 5539 ,
526 5477 666 5546 quod
694 5478 933 5548 gaudens
963 5496 1208 5535 reversus
1233 5484 1301 5535 sit
1326 5498 1355 5536 a
1382 5484 1514 5539 facie
1542 5498 1672 5539 con-

109 5562 213 5617 cilii.
244 5567 437 5622 Virtuti
466 5570 626 5639 igitur
653 5570 940 5626 admodum
969 5574 1298 5642 studeamus,
1331 5580 1667 5649 maximeque

418 5899 688 5961 PnnnL.
740 5904 855 5962 (ita.
909 5904 1111 5966 Li'iil.

1042 370 1105 424 lN
1146 372 1550 430 MATTIHZU.“
1597 375 1823 431 1101111..
1868 379 2075 439 XLVII.
2116 389 2187 443 al.
2230 389 2460 452 XLVIII.

3358 427 3463 483 486

1865 500 2104 559 omnium
2154 505 2506 569 humilitatem
2559 527 2612 572 et
2668 521 3093 586 misericordiam
3148 544 3458 611 sectemur,

1865 588 1973 611 nl..-
2012 608 2035 611 η
2080 596 2112 611 ἰ
2286 601 2298 611 ·

3186 588 3201 590 ‘
3220 588 3409 595 """"'
3440 588 3458 611 ι

1861 588 1978 646 slue
2003 596 2196 665 quibus
2221 601 2445 659 salutem
2468 612 2724 681 consequi
2754 630 2861 671 non
2888 632 3172 687 possumus
3194 670 3209 693 ,
3242 639 3300 685 ut
3332 648 3460 701 pro-

2655 679 2663 681 ,
2888 679 2902 687 .
3148 679 3167 681 -
3194 679 3209 693 v
3247 679 3300 685 --τ
3332 679 3425 701 I'"

1860 679 2014 738 batur
2042 701 2107 741 ex
2148 692 2388 764 quinque
2439 699 2768 771 virgintbus,
2804 719 2857 763 et
2899 727 2966 767 ex
2995 714 3288 778 Pharisam.
3322 706 3457 785 Nam

1856 774 1973 832 sine
2015 779 2319 851 virginitate
2359 805 2579 861 regnum
2621 798 2772 856 adire
2811 818 3129 880 possumus,
3178 832 3283 873 non
3328 837 3458 880 vero

1854 868 1971 924 sine
2015 874 2379 937 misericordia
2418 896 2475 940 et
2497 888 2837 968 eleemosyna
2865 917 2878 953 :
2913 901 3000 958 illa
3030 908 3173 963 enim
3202 927 3456 971 necessa-

1852 960 1928 1014 ria
1957 977 2177 1032 prorsus
2204 982 2286 1025 est
2314 1015 2329 1039 ,
2361 984 2413 1029 et
2448 977 2589 1035 inter
2618 988 2883 1058 praecipua
2915 1011 3040 1060 quae
3068 1003 3246 1056 omnia
3277 1010 3453 1072 conti-

1850 1051 2020 1109 tinent
2058 1072 2330 1120 censetur.
2362 1066 2477 1124 Non
2522 1073 2639 1131 sine
2682 1093 2842 1137 causa
2889 1100 3019 1157 ergo
3052 1089 3287 1152 diximus
3330 1115 3451 1157 eam

1847 1156 1943 1198 cor
1966 1161 2088 1203 esse
2116 1151 2346 1210 virtutis.
2376 1156 2483 1215 Sed
2510 1178 2605 1218 cor
2633 1166 2805 1237 ipsum
2828 1212 2844 1237 ,
2878 1175 2978 1230 nisi
3010 1182 3262 1241 omnibus
3289 1191 3451 1257 spiri-

1849 1242 1959 1291 tum
2006 1240 2408 1315 subministret,
2461 1254 2568 1311 cito
2607 1262 2997 1334 exstinguitur;
3050 1272 3188 1329 sicut
3234 1287 3286 1332 et
3319 1240 3448 1337 inus

1846 1328 1946 1384 nisi
1991 1331 2189 1392 ﬂuenta
2239 1356 2404 1410 penes
2432 1361 2501 1403 se
2522 1328 2830 1419 perenniter
2873 1361 3105 1433 habent,
3141 1376 3438 1439 putrescit:

1842 1418 1919 1473 sic
1946 1432 2001 1476 et
2044 1424 2235 1484 divites
2256 1472 2271 1498 ,
2304 1434 2347 1488 si
2376 1438 2517 1505 apud
2555 1457 2614 1497 se
2644 1460 2775 1516 opes
2815 1466 2939 1508 suas
2975 1418 3270 1518 detineant.
3316 1465 3443 1523 Ideo

1839 1518 2112 1572 communi
2180 1538 2275 1577 usu
2322 1527 2588 1599 dicimus,
2638 1536 2797 1594 Multa
2848 1549 3077 1613 putredo
3124 1552 3437 1615 divitiarum

1838 1606 1977 1671 apud
2029 1609 2186 1667 talem
2231 1614 2461 1675 ltabetur
2494 1641 2506 1676 :
2542 1641 2715 1698 neque
2742 1606 3003 1708 dicimus,
3046 1606 3428 1721 Multa

1836 1709 2059 1766 magnus
2088 1701 2391 1764 thesaurus.
2424 1712 2555 1769 Nam
2603 1723 2831 1787 putredo
2880 1738 2965 1785 est
3012 1750 3116 1790 non
3150 1701 3429 1807 possiden-

2604 1785 2612 1787 _
3019 1785 3025 1786 ,
3150 1785 3428 1807 ram“...—

1836 1785 1963 1843 tium
1988 1794 2167 1861 modo,
2198 1799 2291 1854 sed
2320 1801 2551 1872 ipsarum
2581 1810 2907 1873 divitiarum.
2935 1821 3263 1886 Vestimenta
3286 1836 3429 1891 enim

1833 1882 2105 1953 recondita
2151 1902 2603 1966 corrumpuntur,
2653 1919 2843 1987 aurum
2887 1917 3125 1986 turugine
3172 1923 3382 1981 roditur
3410 1971 3424 1991 .

1833 1966 2059 1991 mm“
2420 1986 2450 1991 ξ-

2804 1984 2807 1987 _
2920 1966 2947 1967 η
2975 1966 3123 1986 Ἰν---
3174 1966 3369 1981 ..,.......
3410 1971 3424 1991 ,

1832 1966 2154 2030 frumentum
2205 1995 2235 2035 a
2266 1986 2533 2046 vermibus
2574 1995 2824 2053 roditur:
2872 2007 3047 2062 anima
3096 2028 3223 2068 vero
3254 2023 3425 2087 pussi-
3504 2001 3509 2006 ν

1832 2058 1999 2087 4.....2-
2030 2066 2142 2087 ..ι-ς-
2187 2086 2191 2087 ν

2968 2058 3047 2062 .-νὴ
3107 2058 3221 2068 .v-v
3254 2058 3423 2087 γνησι-

1827 2058 2000 2117 dentis
2030 2066 2144 2134 plus
2175 2086 2331 2139 quam
2364 2089 2556 2137 caetera
2603 2090 2780 2145 omnia
2808 2097 2953 2153 curis
2994 2103 3201 2161 roditur
3243 2121 3297 2164 et
3324 2130 3423 2180 pu-

1828 2154 2006 2180 Ic-Ann:l
2066 2158 2120 2180 οῗ
2166 2177 2179 2180 λ
2208 2164 2263 2180 Αν
2458 2173 2469 2180 ”
2576 2177 2584 2180 ’

1816 2715 2121 2785 margarita,
2150 2718 2306 2778 ﬂoret
2333 2734 2389 2781 ut
2414 2744 2557 2786 rosa.
2590 2735 2706 2793 Non
2739 2740 2809 2795 ibi
2840 2746 3001 2816 tinea,
3035 2715 3142 2808 non
3174 2754 3275 2824 fur,
3301 2776 3404 2817 non

1815 2816 1940 2857 cura
1972 2810 2281 2879 satenlaris;
2315 2820 2410 2873 sed
2445 2832 2498 2876 ut
2528 2829 2703 2897 angeli
2733 2849 3139 2902 conversantur.
3175 2844 3262 2902 Vis
3286 2852 3405 2907 talis

1810 2895 2004 2953 anima:
2024 2902 2470 2969 pttlchritudinem
2491 2895 2714 2976 vide—re?
2749 2925 2830 2980 vis
2848 2938 3171 3000 paupertatis
3192 2939 3405 2999 divitias

1810 2986 2089 3046 ediscere?
2112 2995 2318 3067 Pauper
2335 3018 2439 3057 non
2465 3006 2691 3077 imperat
2710 2986 3036 3088 ltuminibits,
3055 3027 3151 3083 sed
3174 3025 3404 3102 imperat

1815 3079 1940 3102 ..-μ
1958 3098 1974 3102 -
2024 3086 2056 3102 --
2355 3094 2367 3102 -

1808 3079 2159 3153 dmmonibns;
2180 3105 2285 3147 non
2302 3094 2474 3150 adstat
2489 3103 2623 3170 regi,
2636 3104 2730 3160 sed
2743 3108 2919 3168 adstat
2930 3079 3404 3196 Democriptignai

1807 3188 1927 3229 cum
1962 3177 2268 3240 hominibus
2292 3226 2309 3253 ,
2340 3189 2435 3245 sed
2464 3207 2585 3249 cum
2617 3201 2857 3270 angelis;
2890 3222 2995 3263 non
3030 3212 3191 3271 habet
3218 3232 3399 3278 arcam

1810 3282 1991 3334 unam,
2022 3272 2101 3327 vel
2132 3273 2285 3344 duas,
2315 3280 2401 3334 vel
2429 3291 2557 3353 tres,
2589 3289 2671 3344 vel
2702 3293 2905 3361 viginti,
2939 3301 3033 3356 sed
3064 3311 3264 3363 tantam
3308 3327 3398 3368 re-

1809 3375 1924 3413 rum
1957 3365 2186 3431 copiam.
2236 3378 2291 3423 ut
2319 3376 2574 3432 mundum
2606 3390 2773 3440 totum
2801 3388 2934 3461 nihil
2960 3407 3082 3452 esse
3107 3400 3398 3462 existimet.

1803 3447 1920 3525 Non
1939 3452 2098 3509 habet
2114 3455 2559 3527 tltesaurutu,sed
2573 3468 2787 3537 caelum;
2806 3458 2914 3529 non
2929 3488 3049 3545 eget
3063 3482 3258 3551 servis;
3281 3487 3393 3545 imo

1794 3554 1983 3598 servos
2022 3543 2202 3614 habet,
2253 3552 2423 3607 animi
2456 3560 2710 3627 morbos;
2740 3558 2904 3619 habet
2928 3562 3119 3626 servos
3142 3612 3158 3637 ,
3195 3589 3391 3648 nempe

1795 3635 2067 3704 appetitus
2085 3640 2177 3709 qui
2204 3644 2421 3713 regibus
2448 3647 2735 3718 imperant.
2761 3654 2838 3709 Illi
2864 3657 3009 3713 enim
3036 3635 3287 3722 carnales
3310 3635 3388 3725 af-

1792 3722 1987 3794 fectus,
2016 3731 2109 3800 qui
2134 3734 2214 3787 vel
2235 3750 2480 3808 purpura
2504 3741 2846 3803 circumdato
2870 3748 3162 3823 imperant,
3184 3773 3386 3831 paupe-

1791 3833 1908 3874 rem
1932 3837 2276 3896 reverentur,
2300 3839 2355 3885 et
2378 3844 2568 3889 contra
2595 3838 2867 3906 respicere
2888 3857 2998 3899 non
3028 3849 3254 3907 audent.
3283 3852 3385 3909 Rc-

1790 3927 1959 3981 gnum
1979 3925 2238 3975 etaurutn
2257 3925 2554 3996 omniaque
2571 3930 2793 4001 similia,
2815 3945 2875 3990 ut
2898 3951 3193 4006 puerorum
3225 3944 3383 4002 ludos

1787 4004 1946 4072 ridet,
1966 4016 2097 4064 etut
2115 4014 2517 4085 rotulas,talos,
2545 4004 3007 4097 capita,sphaeras
3032 4031 3132 4105 (a),
3161 4035 3236 4093 ita
3264 4038 3378 4095 haec

1784 4099 1966 4153 omnia
1995 4108 2145 4170 putat
2194 4122 2315 4162 esse
2353 4114 2684 4179 spernenda.
2711 4116 2884 4175 liabet
2915 4099 3059 4179 enim
3092 4099 3374 4197 ornatum,

1783 4204 1947 4258 quem
1964 4207 2037 4247 ne
2059 4198 2337 4265 respicere
2356 4202 2576 4270 quidem
2604 4220 2838 4276 possunt
2858 4212 2918 4278 ii,
2943 4217 3039 4286 qui
3059 4216 3374 4290 hujusmodi

1784 4278 1927 4337 ludis
1945 4290 2160 4355 tempus
2179 4298 2382 4350 terunt.
2398 4293 2539 4360 Quid
2563 4297 2730 4368 igitur
2747 4303 2849 4358 hoc
2864 4278 3104 4378 pan-pere
3117 4278 3376 4381 praestan-

1782 4371 1893 4426 titts
1917 4374 2119 4431 fuerit?
2141 4376 2191 4433 ls
2217 4383 2590 4450 pavimentum
2633 4390 2795 4447 habet
2832 4371 3048 4452 caelum.
3095 4371 3152 4455 Si
3187 4410 3373 4461 autem

1783 4462 1891 4519 tale
1912 4467 2287 4535 pavimentum
2314 4482 2421 4539 est,
2444 4484 2651 4547 cogites
2672 4482 2832 4537 velim
2847 4486 2994 4554 quod
3016 4497 3218 4546 tectum
3243 4496 3369 4550 erit.

1782 4553 1885 4609 Sed
1912 4566 2022 4612 neu
2047 4559 2210 4615 habet
2230 4576 2402 4632 equos
2425 4577 2478 4620 et
2500 4583 2698 4625 currus
2716 4571 2739 4624 ?
2757 4553 2898 4639 Quid
2924 4576 3031 4633 illis
3052 4595 3190 4649 opus
3212 4583 3372 4639 habet

1779 4647 1827 4702 is
1866 4650 1960 4719 qui
2000 4653 2243 4709 nubibus
2268 4657 2547 4716 vehendus
2570 4673 2674 4729 c5t,
2703 4676 2757 4720 et
2786 4682 2912 4723 cum
2937 4647 3158 4728 Christo
3190 4676 3373 4733 vivet?

1778 4732 1905 4791 Haec
1945 4741 2248 4809 cogitantes
2284 4755 2339 4800 et
2370 4749 2473 4803 viri
2519 4760 2573 4805 et
2602 4754 2861 4813 mulieres
2901 4758 3022 4816 illas
3054 4776 3370 4833 quaeramus

1780 4827 2002 4886 divitias
2032 4843 2086 4887 et
2115 4850 2297 4891 rerum
2332 4842 2548 4911 c0piam
2583 4860 2690 4899 non
2730 4847 3152 4920 absumendam,
3184 4868 3242 4913 ut
3277 4878 3369 4916 rc-

1777 4934 1943 4989 gnum
1974 4925 2231 4980 caelorum
2260 4944 2689 5001 consequantur,
2714 4941 2887 5007 gratia
2909 4952 2963 4997 et
2987 4945 3366 5007 misericordia

1781 5009 1992 5066 Domini
2030 5018 2203 5071 nostri
2232 5018 2360 5075 Jesu
2388 5022 2618 5091 Christi,
2652 5031 2739 5083 cui
2767 5031 2938 5100 gloria
2978 5047 3031 5090 et
3073 5038 3363 5107 imperium

1781 5102 1837 5156 in
1871 5109 2069 5163 saecula
2104 5112 2451 5170 saeculorum.
2484 5121 2679 5176 Amen.

1839 5288 1911 5349 (α)
1937 5288 2100 5371 Verba
2126 5294 2401 5373 Graeca‘his‘
2418 5302 2619 5373 vocibus
2638 5309 2993 5373 respondentia
3016 5320 3148 5373 sunt,
3174 5334 3254 5367 και
3276 5338 3369 5369 κα-

1774 5349 1921 5439 θάπερ
1934 5356 2304 5439 attollebant
2326 5349 2550 5439 rutulus}
2566 5349 2653 5415 Ini
2672 5349 3265 5439 ’διιΞὲ

1774 5366 1922 5461 υαπὲε
1938 5366 2153 5417 τροχοὺς.
2182 5366 2228 5426 et
2249 5366 2304 5408 ut
2326 5366 2547 5424 rotatas;
2572 5367 2653 5415 καὶ
2672 5366 3016 5433 ὢσὲτραγάλους,
3040 5382 3087 5425 et
3108 5366 3265 5439 talos;
3281 5366 3365 5450 ita!

1772 5414 1996 5495 Egit,
2016 5425 2064 5495 et
2085 5427 2277 5495 capita;
2297 5425 2380 5495 atati
2407 5428 2626 5490 σφαίρας,
2652 5431 2957 5495 stara/ueras.
2988 5437 3037 5484 ln
3070 5452 3169 5488 uno
3193 5443 3365 5492 codice

1840 5466 1850 5473 ‘
1967 5466 1994 5471 η
2092 5466 2100 5467 ,
2144 5466 2165 5481 .-
2183 5466 2239 5468 .-η
2257 5466 2272 5482 ι
2302 5466 2379 5472 --ην
2409 5466 2626 5490 ντ-νγ-νν
2652 5466 2696 5479 νυ
2718 5466 2957 5495 υγηωιασ.
2988 5466 3037 5484 ιιι
3072 5466 3169 5488 υιιυ
3193 5466 3365 5492 υυωυυ

1772 5466 1978 5535 legitur,
1998 5484 2383 5545 περικεφαλαίας,
2407 5500 2514 5549 pro,
2539 5492 2747 5553 κεφαλὰς
2770 5507 2783 5542 :
2814 5500 3154 5560 κερικιφωλαία
3175 5509 3365 5574 autem,

1772 5533 2116 5574 'rhnnnhpultn
2153 5550 2286 5574 ionio
2334 5561 2420 5574 ἰι-Λ
2449 5550 2492 5574 nl
2504 5552 2628 5574 --ιιΙΑ
2677 5568 2737 5574 ---
2751 5568 2771 5574 -
2787 5570 2831 5574 Α-
2847 5572 2853 5574 λ
2914 5572 2924 5574 “
2945 5572 2956 5574 κ
2972 5572 2985 5574 κ
2998 5562 3006 5572 ⁸
3050 5564 3077 5574 ’⁸
3229 5572 3238 5574 “

1772 5533 2116 5625 Ilieolpbras'to
2130 5533 2306 5625 Lt'este,
2332 5533 2429 5625 piri
2444 5533 3364 5625 έιέιέῇἒῒξιῖέιᾶἶὶῖῶἶΐιίῖ,’ἐΐσξὲ

1781 5551 2116 5653 repugnate
2153 5551 2306 5604 teste,
2332 5561 2421 5609 pro
2446 5551 2631 5611 glande
2673 5551 3257 5629 querna'.accipitur,ret
3278 5551 3358 5615 sic:

1771 5595 1886 5648 huic
1998 5660 2002 5669 q
2041 5604 2195 5697 probe
2219 5615 2495 5661 notaretur.
2520 5613 2613 5666 (llr.
2644 5617 2818 5668 Adnot.
2838 5619 3001 5683 Fteld,
3027 5626 3086 5673 ad
3112 5639 3219 5687 pag.
3250 5627 3358 5677 492.

1998 5660 2002 5669 ι
