4154 6324
750 353 846 407 ιΒἹ

1502 349 1557 402 S.
1589 343 1861 400 JOANNIS
1897 338 2370 399 CllllYSOS'I'OMl
2410 334 2726 395 ARCHIEP.
2765 333 3296 394 CONSTANTINOP.

3885 335 3980 390 ιςε

788 454 3980 490 ___________________________.________________________..___

1807 526 2151 588 HOMILIA
2195 524 2480 586 XLVIII.
2535 523 2625 586 al.
2672 521 2900 583 XLIX.

739 683 862 736 (ἸΑΡ.
908 679 996 734 l5.
1040 693 1089 732 v.
1137 677 1224 732 55.
1272 674 1336 729 Et
1376 676 1563 747 factum
1593 680 1696 736 est,
1756 683 1866 722 cum
1923 675 2309 721 consummasset

1010 768 1159 823 Jesus
1187 765 1451 833 parabolas
1478 764 1618 827 istas,
1649 759 1873 814 transivit
1898 758 2032 812 inde.

815 864 865 916 l.
893 859 1001 917 Cur
1020 859 1172 924 dixit,
1206 856 1337 911 Istas
1354 855 1381 909 ?
1404 855 1535 922 Quia
1556 853 1687 906 alias
1713 849 1950 905 dicturus
1974 854 2106 902 eral.
2134 845 2308 915 Quare

737 954 858 1008 inde
890 949 1152 1008 recessit?
1195 947 1265 1004 Ut
1302 946 1525 1001 verbum
1558 942 1752 1013 ubique
1779 939 2168 996 disseminaret.
2210 937 2299 992 54.

737 1045 798 1099 Et
831 1061 946 1100 cum
971 1042 1180 1097 uenisset
1206 1041 1259 1092 in
1285 1037 1501 1108 patriam
1527 1051 1694 1100 suam,
1724 1033 1933 1086 docebat
1953 1046 2034 1085 eos
2074 1030 2124 1083 in
2149 1044 2304 1098 syna-

736 1153 866 1209 goga
892 1151 1082 1190 eorum.
1109 1131 1277 1198 Quam
1303 1137 1456 1182 vocat
1486 1125 1706 1196 patriam
1730 1122 1922 1177 suam?
1959 1121 2180 1176 Nazaret
2199 1160 2215 1185 ,
2249 1127 2304 1172 ut

738 1227 867 1282 mihi
895 1223 1108 1296 quidem
1130 1220 1357 1275 videtur.
1393 1216 1511 1270 Non
1538 1215 1677 1271 enim
1704 1214 1772 1266 ibi
1798 1213 1916 1282 fecit
1941 1213 2143 1264 virtutes
2172 1209 2304 1262 mul-

739 1330 814 1372 tas
843 1315 1051 1389 (Matth.
1085 1313 1170 1368 l5.
1193 1311 1306 1382 58),
1331 1309 1437 1372 ait;
1484 1307 1534 1360 in
1558 1306 1886 1374 Caperuaum
1915 1310 2088 1355 autem
2132 1298 2298 1353 multa

738 1411 860 1466 fecit
897 1409 1078 1477 signa;
1122 1409 1445 1474 quapropter
1477 1397 1724 1453 dicebat:
1753 1393 1821 1449 Et
1865 1403 1916 1447 tu
1945 1391 2260 1464 Capernaum
2285 1430 2301 1455 ,

735 1515 848 1574 qua
873 1513 1028 1568 usque
1064 1494 1132 1549 ad
1163 1493 1342 1548 calum
1381 1489 1603 1544 exaltata
1641 1504 1696 1542 es
1716 1529 1730 1552 ,
1761 1500 1916 1556 usque
1957 1484 2024 1538 ad
2049 1486 2305 1574 infernum

736 1573 1001 1646 descendes
1021 1605 1040 1642 :
1066 1586 1298 1651 quoniam
1327 1584 1370 1637 si
1402 1582 1456 1636 in
1484 1579 1721 1636 Sodomis
1741 1580 1888 1647 facta:
1911 1576 2115 1647 fuissent
2143 1573 2302 1628 virtu-

738 1696 828 1751 tes,
854 1698 965 1752 qua:
992 1681 1142 1751 facta
1166 1686 1280 1731 sunt
1309 1677 1362 1729 in
1392 1685 1439 1729 te
1459 1715 1473 1739 ,
1502 1672 1798 1726 mansissent
1821 1669 1988 1740 utique
2015 1681 2170 1736 usque
2206 1664 2302 1719 Ito-

737 1777 818 1828 die
846 1772 1055 1844 (blank.
1091 1771 1177 1825 l-l.
1202 1769 1316 1839 25).
1349 1766 1481 1821 Cum
1526 1778 1688 1835 porro
1714 1761 1946 1816 venisset
1976 1759 2128 1821 istuc,
2154 1757 2303 1826 signa

735 1865 945 1937 quidem
976 1862 1138 1917 multa
1167 1874 1271 1914 non
1295 1860 1437 1922 fecit,
1461 1873 1526 1910 ne
1551 1856 1604 1910 in
1630 1854 1883 1923 majorem
1909 1852 2029 1906 illos
2054 1849 2301 1904 invidiam

735 1958 1107 2020 inﬂammaret,
1138 1968 1270 2007 neve
1298 1949 1367 2004 ob
1387 1949 1641 2018 majorem
1665 1943 2083 2000 incredulitatem
2106 1942 2159 1995 in
2181 1954 2304 2011 gra-

736 2053 935 2106 viorem
979 2045 1371 2102 damnationem
1416 2040 1727 2096 inciderent.
1781 2035 2082 2092 Doctrinam
2123 2042 2298 2088 autem

736 2142 985 2214 preponit
1010 2154 1115 2194 non
1153 2136 1370 2192 minoris
1412 2147 1568 2204 quam
1611 2132 1758 2200 signa
1805 2124 2190 2183 admirationis.
2231 2123 2302 2178 At

732 2230 1030 2290 stultissimi
1078 2229 1319 2283 homines
1341 2268 1357 2292 ,
1389 2222 1600 2295 quando
1629 2219 1878 2276 admirari
1907 2259 1920 2284 ,
1961 2226 2015 2273 et
2039 2218 2108 2272 ob
2135 2217 2301 2271 dicto-

733 2340 852 2379 rum
893 2323 997 2375 vim
1037 2319 1414 2386 obstupescere
1443 2329 1537 2384 par
1561 2312 1744 2367 fuisset
1770 2351 1785 2376 ,
1813 2311 1885 2364 illi
1915 2318 2097 2363 contra
2129 2308 2298 2377 ipsum

735 2413 1097 2486 parvifaciunt,
1145 2407 1286 2480 quod
1314 2407 1399 2462 tali
1426 2413 1571 2476 patre
1598 2413 1753 2458 natus
1778 2410 2089 2472 putaretur:
2113 2414 2294 2470 quam-

732 2521 888 2578 quam
915 2503 1075 2562 multa
1101 2496 1459 2571 superioribus
1485 2493 1813 2565 temporibus
1836 2490 2077 2560 exempla
2101 2504 2297 2559 suppe-

733 2608 907 2655 terent
934 2610 1116 2658 eorum
1144 2593 1234 2667 qui
1263 2591 1480 2663 ignobili
1524 2599 1670 2660 patre
1697 2587 1802 2641 nati
1845 2586 2165 2640 claruerant.
2197 2583 2297 2638 Da-

734 2692 822 2746 vid
851 2691 1043 2762 quippe
1065 2687 1231 2745 Jessze
1256 2685 1374 2738 vilis
1401 2681 1674 2754 cujusdam
1703 2679 1949 2751 agricolas
1973 2678 2111 2732 [llius
2137 2685 2251 2732 erat
2279 2693 2294 2730 :

728 2792 785 2838 et
825 2785 995 2838 ‘Amos
1040 2777 1269 2850 «:aprarii
1328 2777 1502 2840 ﬁlius,
1557 2774 1671 2844 ipse
1729 2787 1939 2842 quoque
1983 2769 2293 2839 caprarius:

732 2873 935 2947 Moyses
963 2885 1088 2927 vero
1119 2868 1403 2939 legislator,
1431 2865 1586 2935 longe
1606 2878 1665 2918 se
1691 2861 1942 2917 inferiore
1963 2871 2112 2932 patre
2139 2868 2295 2915 natus

729 2972 831 3018 est.
863 2963 993 3017 Cum
1021 2959 1346 3030 oportuisset
1384 2970 1510 3024 ergo
1551 2954 1667 3008 ideo
1696 2953 1925 3007 maxime
1953 2950 2193 3006 venerari
2232 2950 2296 3004 il-

731 3056 837 3108 lum
865 3062 920 3108 et
939 3051 1315 3122 obstupescere
1337 3086 1354 3114 ,
1384 3045 1524 3117 quod
1554 3059 1616 3099 ex
1647 3044 1839 3098 talibus
1867 3051 2015 3096 ortus
2051 3041 2173 3095 talia
2218 3041 2294 3094 lo-

725 3154 979 3219 queretur
1005 3159 1019 3195 :
1050 3139 1386 3196 manifestum
1411 3136 1604 3209 quippe
1628 3143 1743 3190 erat
1769 3133 1818 3187 id
1842 3149 1947 3187 non
1973 3147 2036 3188 ex
2065 3132 2294 3188 humano

726 3235 940 3302 studio,
987 3231 1080 3288 sed
1125 3245 1189 3286 ex
1217 3227 1395 3284 divina
1436 3226 1602 3297 gratia
1645 3225 1936 3298 proficisci;
1982 3224 2106 3280 inde
2147 3225 2292 3280 illum

726 3327 1042 3398 despiciunt,
1073 3321 1212 3378 unde
1238 3320 1418 3376 mirari
1443 3317 1739 3389 Oportebat.
1769 3317 2096 3387 Frequenter
2117 3327 2293 3371 autem

726 3420 790 3476 ad
818 3428 1110 3492 synagogas
1138 3413 1266 3476 ibat.
1299 3425 1364 3465 ne
1384 3410 1428 3465 si
1457 3416 1712 3490 perpetuo
1740 3408 1791 3464 in
1816 3406 2030 3463 deserto
2054 3421 2294 3463 versare-

727 3521 833 3575 tur,
865 3507 1032 3577 magis
1064 3505 1403 3568 incusarent,
1447 3511 1712 3571 tamquam
1743 3498 2054 3570 frequentia:
2081 3508 2134 3553 et
2160 3499 2291 3553 civi-

727 3603 848 3659 tatis
874 3599 1248 3656 adversarium.
1276 3593 1565 3665 Stupentes
1594 3593 1752 3663 igitur
1775 3601 1830 3647 et
1856 3591 2180 3661 ambigentes
2205 3590 2290 3644 di-

726 3698 914 3751 eebant
951 3712 966 3749 :
1015 3689 1161 3748 Unde
1188 3689 1303 3743 huic
1340 3687 1591 3758 sapientia
1637 3686 1742 3740 hac
1769 3694 1813 3738 et
1855 3685 2097 3741 uirtutes!
2131 3682 2291 3754 Signa

728 3790 947 3842 virtutes
991 3783 1281 3847 vocabant,
1323 3781 1436 3834 sive
1463 3779 1629 3848 ipsam
1673 3776 1985 3847 sapientiam
2031 3776 2166 3846 ejus.
2198 3776 2288 3831 55.

733 3879 910 3934 Nonne
937 3877 1016 3931 hic
1041 3885 1110 3930 est
1125 3873 1258 3944 fabri
1284 3869 1458 3940 ﬁlius?
1483 3869 1624 3940 Ergo
1651 3867 1958 3922 miraculum
1988 3867 2156 3936 majus
2181 3883 2294 3921 ma-

729 3972 909 4041 jorque
951 3977 1153 4036 stupor.
1197 3962 1382 4017 Nonne
1415 3971 1574 4014 mater
1615 3963 1722 4032 ejus
1767 3960 1948 4012 dicitur
1992 3959 2205 4015 Maria?
2245 3968 2291 4013 et

730 4067 906 4131 fratres
937 4060 1045 4128 ejus
1068 4056 1286 4109 Iacobus
1312 4063 1362 4108 et
1386 4052 1532 4106 loses
1557 4093 1571 4116 ,
1612 4061 1656 4105 et
1684 4051 1861 4105 Simon
1886 4061 1932 4104 et
1959 4050 2122 4103 Judas
2145 4055 2170 4108 .9
2200 4051 2288 4104 56.

728 4163 774 4205 rt
807 4165 992 4204 sorores
1020 4157 1128 4217 ejus
1157 4160 1323 4198 nonne
1350 4159 1517 4196 omnes
1542 4141 1679 4210 apud
1707 4157 1797 4195 nos
1822 4141 1978 4195 sunt?
2005 4139 2151 4195 Unde
2177 4157 2293 4212 ergo

730 4244 844 4299 buic
871 4240 1038 4295 omnia
1063 4238 1198 4293 ista?
1221 4238 1308 4291 57.
1337 4233 1404 4289 Et
1433 4232 1902 4288 scandalizabantur
1919 4233 1974 4286 in
2001 4248 2078 4286 eo.

801 4332 1009 4389 Invidia
1037 4347 1170 4401 saepe
1188 4345 1354 4383 secum
1379 4327 1489 4397 ipsa
1512 4333 1720 4396 pugnat.
1741 4354 1813 4366 —
1835 4325 2016 4379 Viden’
2049 4325 2099 4378 in
2126 4322 2290 4378 Naza-

731 4438 810 4484 ret
838 4428 934 4480 ista
961 4424 1098 4480 dicta
1125 4421 1330 4475 fuisse?
1359 4419 1543 4474 Nonne
1571 4417 1762 4472 fratres
1787 4415 1922 4484 ejus,
1957 4415 2143 4484 inquit,
2175 4414 2291 4467 talis

729 4529 782 4576 et
803 4518 921 4574 talis
944 4515 1108 4571 sunt?
1138 4513 1204 4568 Et
1230 4511 1353 4583 quid
1385 4513 1519 4565 hoc?
1550 4511 1680 4564 llinc
1708 4510 1935 4563 maxime
1963 4508 2112 4562 vobis
2139 4508 2206 4562 ad
2227 4509 2290 4561 fi-

731 4611 849 4664 dem
879 4607 1049 4660 induci
1079 4620 1173 4676 par
1211 4611 1343 4658 erat.
1377 4601 1570 4656 Verum
1601 4601 1740 4655 mala
1781 4615 1867 4655 res
1893 4601 2088 4654 invidia
2112 4641 2126 4664 ,
2174 4614 2291 4668 qute

731 4701 831 4754 sibi
858 4698 955 4768 ipsi
982 4710 1125 4766 stepe
1154 4702 1425 4763 repugnat.
1455 4692 1585 4746 Nam
1610 4707 1727 4762 qum
1758 4691 2012 4755 inaudita,
2041 4701 2092 4744 et
2120 4689 2290 4744 admi-

731 4792 892 4847 randa
917 4797 1070 4846 erant
1095 4829 1109 4848 .
1152 4801 1374 4857 quaeque
1404 4785 1520 4839 illos
1563 4783 1827 4838 attrahere
1854 4792 2132 4852 poterant,
2181 4781 2292 4835 haec

731 4886 832 4944 illis
877 4880 1192 4938 olleudiculo
1221 4887 1391 4934 erant.
1422 4875 1557 4944 Quid
1599 4877 1756 4945 igitur
1779 4876 2020 4931 Christus
2057 4877 2122 4930 ad
2153 4876 2292 4931 eos?

733 4976 851 5031 Non
881 4983 950 5028 est
976 4971 1252 5044 praplteta,
1287 4969 1491 5038 inquit,
1523 4968 1630 5021 sine
1659 4967 1846 5020 honore
1866 5008 1880 5030 ,
1911 4968 2005 5021 nisi
2047 4968 2096 5020 in
2125 4969 2291 5038 patria

732 5085 854 5134 sua,
887 5076 931 5121 et
968 5066 1022 5119 in
1058 5063 1206 5117 domo
1234 5072 1344 5117 sua.
1373 5059 1461 5116 58.
1509 5058 1573 5112 Et
1602 5075 1699 5112 non
1728 5060 1841 5130 fecit
1871 5059 2071 5113 virtutes
2109 5060 2293 5115 multas

733 5169 933 5230 propter
977 5153 1374 5211 incredulitatem
1417 5169 1605 5206 eorum.
1652 5151 1820 5206 Lucas
1861 5159 2034 5205 autem
2067 5153 2141 5206 ait
2181 5169 2195 5205 :
2230 5151 2295 5206 Et

733 5267 832 5305 non
858 5249 972 5318 fecit
1013 5248 1079 5302 ibi
1106 5248 1247 5318 signa
1274 5245 1450 5299 multa.
1485 5244 1641 5313 Atqui
1672 5243 1845 5299 facere
1869 5243 2170 5311 debuisset,
2215 5245 2292 5299 itt-

733 5343 902 5411 quies.
928 5339 1058 5395 Nam
1086 5339 1128 5392 si
1156 5337 1208 5391 id
1236 5344 1550 5406 assequutus
1580 5345 1658 5388 est
1687 5343 1743 5388 ut
1768 5333 2101 5390 admirationi
2129 5344 2289 5399 esset,

735 5443 791 5487 ut
819 5445 942 5486 vere
971 5429 1065 5484 fuit
1089 5470 1104 5495 ,
1132 5443 1225 5480 cur
1252 5427 1398 5496 signa
1439 5441 1541 5479 non
1574 5424 1730 5480 fecit?
1755 5425 1886 5491 Quia
1927 5441 2029 5479 non
2057 5435 2292 5480 ostenta-

734 5525 951 5585 tionem,
983 5519 1075 5575 sed
1100 5534 1282 5575 eorum
1311 5518 1585 5572 utilitatem
1616 5518 1668 5571 in
1695 5532 1858 5589 scopo
1893 5516 2137 5573 habebat.
2161 5518 2292 5572 Cum

736 5617 890 5686 igitur
918 5613 1029 5667 lucc
1058 5612 1135 5664 via
1166 5627 1267 5664 non
1308 5609 1618 5666 succederet
1638 5651 1652 5674 ,
1694 5612 1761 5666 ab
1789 5626 1855 5666 eo
1881 5610 2020 5680 quod
2049 5627 2079 5665 e
2106 5627 2163 5665 re
2201 5626 2291 5665 sua

735 5719 850 5758 esse
880 5701 1149 5757 videbatur
1179 5702 1448 5766 abstinuit,
1471 5716 1538 5756 ne
1564 5702 1690 5770 ipsis
1717 5701 2029 5772 supplicium
2057 5715 2290 5772 augeret.

737 5796 1057 5863 Quamquam
1089 5801 1204 5851 post
1239 5800 1437 5846 tantum
1471 5801 1708 5864 tempus,
1739 5803 1852 5864 post
1881 5802 1956 5848 tot
1984 5795 2121 5850 edita
2150 5795 2293 5865 signa

2416 665 2482 719 ad
2511 663 2627 719 illos
2655 665 2857 720 venerit
2889 682 2902 717 :
2931 671 2987 718 at
3010 680 3183 734 neque
3212 663 3290 720 sic
3312 665 3459 720 illum
3488 668 3740 732 tulerunt,
3771 667 3875 720 imo
3906 681 3986 721 ar-

2417 756 2614 810 debant
2666 755 2879 810 invidia.
2919 753 3031 810 Cur
3068 770 3195 826 ergo
3228 771 3392 826 pauca
3435 765 3608 812 tamen
3653 757 3776 813 fecit
3803 757 3984 828 signa?

2415 846 2491 901 Ne
2519 846 2775 913 dicerent,
2808 845 3016 912 Medicc,
3045 863 3170 900 cura
3194 857 3241 901 te
3262 849 3427 918 ipsum
3453 845 3600 918 (Lac.
3627 848 3678 903 4.
3711 847 3839 920 23);
3876 849 3978 913 vel,

2416 937 2660 993 Inimicus
2688 948 2868 994 noster
2908 948 2988 994 est
3014 949 3068 994 et
3098 940 3264 995 hostis
3287 981 3302 1006 ,
3332 940 3626 1010 aflinesque
3655 957 3781 996 suos
3807 942 3980 1012 despi-

2410 1029 2514 1094 cit;
2549 1046 2615 1086 ne
2639 1029 2899 1094 dicerent,
2927 1030 2982 1084 Si
3027 1029 3160 1085 facta
3192 1030 3415 1087 fuissent
3438 1031 3584 1102 signa
3606 1073 3622 1098 ,
3659 1047 3758 1088 nos
3776 1048 3981 1103 quoque

2411 1119 2840 1175 eredidissemus.
2868 1121 2988 1177 Ideo
3017 1130 3067 1176 et
3094 1121 3242 1192 signa
3269 1121 3394 1177 fecit
3413 1163 3428 1188 ,
3465 1131 3521 1177 et
3554 1125 3661 1178 cito
3688 1122 3860 1178 facere
3885 1122 3981 1177 de-

2405 1209 2511 1274 siit;
2541 1218 2648 1264 tum
2678 1222 2734 1265 ut
2758 1229 2876 1282 qua:
2905 1229 2996 1267 sua
3017 1225 3170 1268 erant
3198 1214 3471 1282 impleret;
3498 1225 3606 1269 tum
3629 1230 3696 1270 ne
3722 1216 3975 1284 majorem

2407 1301 2534 1371 ipsis
2583 1301 2975 1358 damnationem
3019 1305 3328 1361 attraheret.
3373 1307 3641 1362 Dictorum
3687 1323 3845 1378 porro
3875 1308 3979 1362 rint

2414 1394 2606 1464 cogita.
2644 1394 2814 1450 Etiam
2855 1397 3047 1451 invidia
3087 1400 3351 1468 correpti,
3392 1399 3719 1455 mirabantur
3761 1410 3978 1455 tamen:

2410 1500 2591 1540 verum
2627 1489 2761 1542 sicut
2791 1487 2841 1542 in
2870 1488 3119 1558 Operibus
3145 1507 3248 1544 non
3282 1506 3367 1544 res
3397 1492 3536 1562 ipsas
3568 1492 3978 1559 reprehendunt.

2409 1577 2503 1631 sed
2547 1593 2738 1633 causas
2777 1580 3251 1635 comminiscuntur
3292 1582 3563 1647 dicentes,
3610 1581 3677 1637 In
3706 1581 3982 1637 Beelzebub

2410 1672 2544 1742 ejicit
2590 1671 2839 1726 dwmonia
2887 1672 3034 1746 (Luc.
3081 1676 3167 1729 ll.
3224 1675 3310 1745 l4)
3341 1694 3352 1728 :
3386 1677 3463 1731 sic
3504 1686 3558 1732 et
3587 1677 3687 1733 hoc
3725 1678 3843 1732 loco
3873 1694 3979 1733 non

2409 1761 2700 1817 doctrinam
2722 1765 2955 1834 culpant,
2986 1764 3079 1820 sed
3107 1765 3171 1820 ad
3206 1767 3418 1837 generis
3448 1768 3825 1838 ignobilitatem
3846 1784 3979 1824 con-

2410 1852 2635 1923 fugiunt.
2672 1855 2750 1910 Tu
2781 1871 2907 1910 vero
2936 1857 3061 1911 mihi
3094 1860 3359 1927 perpende
3390 1860 3630 1916 Doctor-is
3657 1862 3975 1918 moderatio-

2407 1961 2550 2009 nem,
2581 1947 2847 2016 quomodo
2875 1963 2979 2002 non
3012 1948 3131 2003 illos
3157 1950 3436 2018 vituperet,
3464 1951 3557 2006 sed
3585 1967 3704 2005 cum
3731 1969 3981 2008 mansue-

2406 2037 2589 2092 tudine
2614 2038 2774 2092 multa
2796 2038 2935 2093 dicat
2961 2057 2974 2093 :
3005 2039 3125 2094 Non
3150 2051 3221 2094 est
3251 2043 3494 2112 praplieta
3518 2045 3626 2097 sine
3647 2045 3850 2108 honore,
3879 2046 3981 2099 nisi

2405 2128 2458 2183 in
2497 2129 2660 2198 patria
2698 2146 2808 2184 sua.
2855 2129 3035 2200 Neque
3076 2130 3160 2186 hic
3199 2136 3364 2198 stetit,
3399 2135 3489 2188 sed
3539 2136 3764 2206 adjecit,
3815 2136 3881 2190 Et
3925 2139 3981 2192 in

2407 2218 2554 2273 domo
2582 2237 2671 2275 sua
2687 2236 2708 2284 ;
2737 2221 2945 2287 fratres,
2972 2231 3028 2276 ut
3049 2224 3174 2277 mihi
3202 2225 3415 2295 quidem
3446 2227 3669 2294 videtur,
3699 2245 3824 2285 suos
3851 2232 3981 2285 sub-

2406 2310 2660 2370 indicans.

2473 2402 2528 2456 9..
2571 2404 2722 2472 Apud
2754 2404 2948 2461 Lucam
2977 2409 3221 2480 exempla
3268 2409 3488 2479 hujusce
3526 2414 3602 2467 rei
3632 2417 3849 2483 apponit
3891 2417 3978 2471 di-

2403 2509 2566 2548 cens:
2597 2494 2780 2566 Neque
2816 2497 2994 2553 Helias
3039 2501 3105 2554 ad
3145 2517 3270 2556 suos
3323 2506 3497 2570 venit,
3530 2505 3625 2561 sed
3668 2507 3732 2560 ad
3765 2509 3980 2564 viduam

2403 2588 2774 2657 alienigenam,
2807 2606 2977 2661 neque
3002 2593 3068 2648 ab
3108 2593 3300 2649 Eliswo
3329 2598 3463 2651 alius
3484 2610 3699 2653 curatus
3731 2601 3978 2669 leprosm

2401 2688 2502 2745 est,
2535 2680 2636 2734 nisi
2669 2680 2898 2736 Necman
2923 2683 3215 2754 alienigena
3248 2685 3393 2758 (Luc.
3427 2689 3480 2742 4.
3507 2689 3596 2744 26.
3639 2691 3730 2760 27)
3757 2709 3768 2744 :
3807 2691 3984 2748 Israeo

2403 2771 2505 2824 lita:
2528 2787 2651 2826 vero
2681 2788 2778 2827 nec
2799 2774 2925 2843 quid
2955 2775 3076 2829 boni
3104 2786 3441 2847 acceperunt,
3477 2796 3574 2835 nec
3595 2783 3718 2850 quid
3747 2784 3870 2837 boni
3897 2785 3982 2838 fe-

2399 2872 2606 2926 cerunt,
2648 2863 2741 2918 sed
2777 2867 3014 2921 extranei
3066 2876 3290 2924 tantum.
3335 2869 3460 2925 Haec
3503 2887 3664 2942 porro
3689 2872 3838 2940 dicit,
3871 2876 3975 2930 im-

2401 2954 2617 3023 probam
2667 2955 2876 3009 illorum
2906 2959 3344 3015 consuetudinem
3376 2963 3533 3031 plane
3558 2965 3845 3021 ostendens
3871 3009 3886 3034 ,
3922 2979 3985 3023 et

2399 3043 2532 3100 nihil
2577 3059 2636 3100 se
2675 3045 2800 3101 novi
2845 3048 3072 3116 experiri
3100 3049 3396 3105 declarans.
3445 3052 3596 3124 (Cap.
3652 3054 3774 3126 l4.)
3815 3057 3867 3112 l.
3907 3057 3981 3115 ιη

2397 3133 2489 3188 illo
2529 3143 2748 3204 tempore
2781 3137 2967 3191 audiuit
3015 3137 3238 3195 Herodes
3281 3145 3539 3214 tetrarcha.
3572 3148 3763 3218 [ainant
3816 3146 3982 3204 Jesu.

2399 3223 2635 3280 Mortuus
2673 3226 2813 3280 enim
2842 3238 2956 3282 erat
2995 3229 3150 3298 hujus
3179 3241 3328 3300 pater
3351 3234 3587 3292 llerodes
3611 3277 3626 3302 ,
3655 3237 3743 3308 qui
3777 3255 3988 3307 pueros

2399 3315 2682 3371 occiderat.
2712 3317 2818 3372 Nec
2861 3319 2977 3374 sine
3014 3335 3174 3376 causa
3218 3333 3425 3394 tempus
3471 3337 3690 3382 annotat
3735 3345 3986 3399 evange-

2397 3408 2517 3464 lista
2539 3449 2556 3478 ,
2584 3410 2678 3466 sed
2709 3425 2766 3466 ut
2791 3414 2998 3484 tyranni
3030 3413 3225 3470 fastum
3254 3425 3310 3472 et
3337 3419 3708 3491 negligentiam
3737 3424 3985 3478 ediscas.

2395 3501 2577 3573 Neque
2600 3510 2740 3559 enim
2770 3507 2918 3560 initio
2958 3507 3042 3561 illa
3071 3507 3249 3564 didicit
3276 3551 3292 3576 ,
3321 3512 3414 3566 sed
3442 3521 3560 3582 post
3584 3515 3804 3569 multum
3836 3525 3993 3572 teut-

2396 3595 2560 3664 poris.
2603 3594 2690 3650 Sic
2714 3597 2853 3650 enim
2886 3599 3149 3668 principes
3189 3599 3382 3657 fastum
3409 3604 3628 3658 multum
3667 3621 3774 3676 pne
3801 3624 3860 3662 se
3891 3607 3991 3664 fe-

2395 3695 2607 3752 rentes,
2657 3702 2743 3742 res
2792 3687 3096 3757 hujusmodi
3144 3693 3344 3748 tardius
3383 3694 3653 3759 ediscunt,
3703 3700 3824 3767 quia
3857 3699 3994 3756 haec

2394 3779 2541 3848 parvi
2568 3777 2786 3834 faciunt.
2828 3779 2909 3834 'l‘u
2939 3796 3062 3835 vero
3090 3783 3216 3837 mihi
3249 3785 3516 3854 perpende
3556 3798 3750 3856 quanta
3790 3805 3878 3844 res
3911 3793 3996 3847 sit

2395 3871 2591 3931 virtus;
2622 3887 2742 3926 nam
2785 3872 2873 3926 ille
2903 3883 3170 3928 mortuum
3230 3876 3482 3943 timebat,
3514 3878 3737 3949 hincque
3763 3879 3830 3935 de
3854 3885 3998 3952 ejus

2395 3964 2782 4018 resurrectione
2811 3951 3304 4035 philosopliabatur.
3330 3968 3383 4023 2.
3416 3966 3558 4023 Dixit
3583 3972 3747 4038 enim,
3778 3951 3994 4043 inquit,

2396 4055 2563 4121 pueris
2589 4054 2693 4106 suis
2720 4069 2738 4106 :
2769 4053 2867 4108 Hic
2892 4065 2962 4108 est
3005 4053 3262 4122 Joannes,
3297 4074 3441 4127 quem
3474 4075 3558 4128 ego
3601 4061 3862 4130 interfeci;
3899 4067 4000 4120 hic

2395 4146 2665 4196 rrsurrexit
2689 4161 2720 4197 a
2759 4147 3008 4210 mortuis;
3055 4157 3102 4200 et
3131 4149 3242 4201 ideo
3269 4149 3471 4204 virtutes
3494 4163 3766 4220 operantur
3803 4154 3856 4208 in
3898 4174 3994 4212 eo.

2399 4232 2582 4287 Viden‘
2603 4235 2856 4303 grandem
2901 4236 3184 4290 timorem?
3212 4237 3393 4308 Neque
3419 4241 3560 4294 enim
3595 4243 3645 4296 id
3675 4243 3726 4296 in
3756 4246 4002 4312 publico

2393 4323 2569 4378 dicere
2596 4340 2755 4379 ausus
2794 4334 2912 4394 est,
2951 4327 3043 4381 sed
3071 4326 3376 4384 domesticis
3406 4340 3609 4386 tantum
3637 4334 3747 4390 suis
3786 4335 3869 4390 sic
3907 4340 4001 4392 lu-

2393 4417 2671 4485 quebatur.
2704 4421 2950 4472 Attamen
2998 4419 3110 4474 haec
3134 4421 3361 4477 absurda
3394 4423 3575 4493 opinio
3619 4427 3841 4482 militem
3889 4448 4004 4486 sa-

2394 4509 2588 4578 piebat.
2620 4509 2768 4564 Multi
2807 4511 2947 4564 enim
2978 4522 3324 4567 surrexerunt
3349 4529 3377 4566 a
3407 4517 3631 4571 mortuis
3656 4559 3670 4582 ,
3711 4528 3764 4574 et
3809 4535 4006 4580 nemo

2395 4615 2463 4654 ex
2505 4601 2582 4654 eis
2626 4601 2912 4669 quidquam
2958 4602 3257 4672 hujusmodi
3301 4602 3443 4660 fecit.
3508 4607 3762 4663 Videntur
3809 4627 4011 4679 porro

2397 4691 2520 4744 mihi
2547 4691 2660 4745 ha-c
2679 4694 2836 4746 verba
2860 4695 3198 4748 ambitionem
3221 4696 3376 4750 simul
3405 4706 3458 4751 et
3481 4699 3723 4754 timorem
3753 4716 4004 4771 sapere.

2395 4780 2482 4837 Sic
2507 4784 2698 4853 quippe
2721 4785 2892 4839 minus
2917 4787 3027 4839 sani
3055 4786 3238 4852 animi,
3267 4790 3655 4844 contrariorum
3683 4791 4013 4856 affectuum

2396 4891 2536 4946 s:epe
2566 4877 2870 4932 mixtionem
2899 4878 3201 4934 admittunt.
3228 4881 3399 4937 Lucas
3421 4899 3544 4938 vero
3571 4899 3748 4940 narrat
3769 4886 4012 4949 dixisse

2398 4969 2645 5039 populum
2673 4987 2685 5023 :
2718 4970 2814 5025 Hic
2837 4979 2917 5025 est
2946 4971 3086 5026 Elias
3109 5014 3124 5038 ,
3166 4983 3258 5027 aut
3283 4973 3539 5030 Jeremias
3558 5019 3573 5043 ,
3605 4986 3695 5031 aut
3720 4994 3870 5033 unus
3928 4999 4016 5041 ex

2398 5060 2663 5116 veteribus
2689 5062 2959 5132 prophetis
2989 5061 3152 5131 (an.
3178 5062 3230 5118 9.
3265 5064 3370 5136 8);
3412 5065 3498 5120 hic
3521 5082 3650 5123 vero
3676 5069 4021 5139 sapientius

2400 5161 2561 5216 quam
2614 5149 2705 5203 alii
2736 5165 2792 5204 se
2825 5154 3044 5219 putabat
3076 5155 3150 5210 ita
3180 5157 3379 5213 dicere.
3442 5159 3745 5218 Verisimile
3773 5179 4007 5228 autem

2404 5246 2484 5293 est
2542 5239 2694 5293 illum
2745 5241 2899 5295 initio
2938 5244 3176 5312 quidem,
3210 5262 3334 5301 cum
3365 5248 3608 5305 dicerent
3636 5268 3766 5308 esse
3792 5253 4015 5315 Joan-

2400 5347 2520 5387 nem
2541 5333 2685 5403 (nam
2743 5334 2891 5388 multi
2926 5335 3004 5390 sic
3045 5337 3336 5411 dicebant),
3378 5341 3428 5394 id
3461 5358 3704 5412 negasse,
3743 5355 3816 5411 et,
3865 5349 4020 5424 Ego

2398 5424 2550 5477 illum
2618 5425 2824 5490 occidi,
2892 5427 3133 5492 dixisse,
3203 5430 3268 5485 de
3314 5433 3458 5488 caede
3511 5435 3600 5489 illa
3663 5436 4020 5502 insolenter

2396 5515 2735 5584 gloriantem.
2776 5515 2889 5573 Hoc
2942 5520 3085 5574 enim
3114 5519 3329 5578 Marcus
3350 5534 3406 5578 et
3460 5523 3636 5583 Lucas
3668 5528 3899 5588 dixisse
3927 5540 4019 5593 it-

2395 5607 2503 5660 lum
2555 5618 2812 5674 narrant,
2847 5609 2959 5680 Ego
3006 5610 3264 5668 Joannem
3295 5617 3566 5673 decollari.
3610 5622 3743 5676 Cum
3776 5638 4018 5687 autem

2398 5698 2538 5751 fama
2587 5700 2918 5766 praevaleret,
2963 5703 3178 5758 demum
3244 5707 3358 5776 ipse
3419 5709 3557 5764 idem
3601 5712 3772 5780 ipsum
3809 5725 4017 5786 quod

2396 5790 2487 5843 alii
2512 5788 2668 5844 dixit.
2690 5789 2888 5846 Deinde
2922 5809 3049 5848 vero
3072 5795 3353 5852 historiam
3382 5800 3527 5855 illam
3554 5803 3708 5858 nobis
3726 5818 4021 5879 evange-
