4154 6324
213 379 296 432 με)
1110 369 1172 423 IN
1216 367 1623 424 ΜᾹΤΤΗᾹΞΗΜ
1664 362 1751 420 lIO

1866 393 1894 416 ι.
1941 362 2165 417 XLVIII.
2208 365 2277 421 al.
2320 365 2507 420 XLIX.

211 501 309 554 lis'ta
337 505 532 552 narrat.
568 495 636 550 Et
665 510 757 549 cur
781 509 882 548 non
910 493 1047 545 illaut
1074 491 1440 560 pra-miserat?
1471 490 1602 554 Quia
1637 489 1687 540 in
1713 503 1777 540 eo

211 601 332 644 tutus
357 599 488 653 erat,
518 598 574 641 ut
605 587 799 642 Christi
830 596 974 654 geSta
1004 584 1334 638 describeret
1361 623 1374 646 ,
1421 582 1659 648 nihilque
1686 595 1767 633 ex-

211 692 275 734 tra
304 695 404 735 rem
433 679 778 747 evangelista:
809 676 1060 730 dicebant
1087 717 1101 739 ,
1144 675 1243 728 nisi
1298 673 1348 727 id
1381 675 1445 727 ad
1477 673 1775 726 institutum

206 788 339 826 suum
369 770 680 826 referretur.
707 769 818 823 Non
841 784 968 838 ergo
991 767 1126 820 hanc
1150 767 1425 819 historiam
1452 780 1779 820 commemo-

208 875 427 928 rassent,
464 866 566 918 nisi
599 875 817 933 propter
843 862 1110 916 Christum
1137 902 1152 925 ,
1199 868 1254 914 et
1279 860 1376 912 nisi
1418 858 1658 912 Herodes
1697 857 1778 910 di-

3380 363 3481 418 ire

1899 491 2071 537 tamen
2113 485 2337 539 maxima
2388 494 2472 540 est
2514 483 2704 538 mortis
2743 483 3042 538 consolatio
3067 522 3082 547 ,
3130 480 3484 537 intolerabilis

1887 574 2060 628 luctus
2102 576 2307 630 futurus
2333 585 2471 630 erat.
2513 575 2637 630 Ideo
2668 575 2940 646 legislator
2977 577 3116 628 bane
3153 571 3483 628 consolatio-

1886 683 2007 720 item
2047 666 2372 736 excogitavit
2418 667 2517 732 iis,
2543 667 2736 737 quibus
2770 675 2957 720 natura
2994 666 3130 721 lilios
3160 674 3444 735 negaverat
3466 707 3479 726 ,

1883 770 1936 812 et
1968 760 2292 814 nasciturum
2325 760 2466 814 illius
2497 760 2713 814 nomine
2743 759 2921 814 vocari
2955 759 3231 829 pra3eepit.
3260 758 3313 814 Si
3352 775 3481 813 vero

1884 861 2126 905 mortuus
2148 849 2311 904 lilium
2340 853 2686 920 relinqueret,
2709 859 2835 907 tunc
2862 865 2967 904 non
2995 849 3194 903 licitum
3214 858 3330 904 erat
3350 865 3481 903 eon-

206 963 352 1014 sisset
389 958 650 1012 Joannem
703 955 1078 1010 resurrexisse.
1123 952 1330 1007 Marcus
1378 950 1528 1022 (Cap.
1574 952 1625 1004 6.
1679 949 1814 1019 9.0):
1884 944 2128 1000 nubium.
2160 944 2227 999 Et
2266 959 2362 1000 cur
2391 944 2415 998 i
2447 945 2701 1013 inquies:
2745 959 2866 998 nam
2906 945 2950 998 si
2979 943 3134 1005 alteri
3163 944 3355 1000 licebat
3381 946 3480 998 du—

207 1068 314 1105 vero
350 1052 420 1104 ait
459 1049 719 1106 Joannem
752 1062 941 1117 magno
985 1047 1035 1099 in
1070 1047 1269 1100 honore
1309 1044 1472 1097 fuisse
1500 1042 1636 1112 apud
1671 1041 1773 1096 Ile-

203 1146 386 1210 rodcm,
432 1143 642 1199 etiamsi
688 1142 776 1197 hic
817 1141 885 1210 ab
917 1141 1005 1193 illo
1035 1139 1458 1208 redargueretnr.
1492 1137 1658 1189 Tanta
1689 1150 1772 1190 res

203 1245 268 1290 est
291 1235 470 1288 virtus.
499 1233 700 1287 Deinde
726 1246 944 1287 narrare
969 1231 1046 1283 sic
1077 1231 1247 1299 pergit
1273 1247 1284 1281 :
1315 1229 1369 1282 5.
1401 1226 1622 1281 Herodes
1641 1226 1773 1280 enim

201 1344 301 1380 cuin
325 1325 562 1380 tenuisset
594 1323 848 1376 Joannem
871 1363 883 1385 ,
915 1322 1088 1391 ligavit
1117 1337 1227 1372 eum
1249 1362 1262 1384 ,
1294 1328 1341 1372 et
1383 1319 1550 1387 posuit
1577 1319 1628 1370 in
1655 1333 1772 1370 car-

201 1434 342 1470 cerein
374 1426 583 1486 propter
607 1413 951 1468 llerodiadem
979 1428 1188 1465 uxorem
1217 1409 1448 1479 Philippi
1475 1409 1649 1480 fratris
1669 1408 1768 1462 sui.

200 1510 244 1563 ι.
273 1508 473 1560 Dicebat
500 1506 632 1559 enim
680 1507 757 1558 illi
783 1503 1008 1557 Joannes
1033 1518 1052 1556 .'
1079 1500 1199 1555 Non
1229 1500 1342 1554 licet
1371 1501 1459 1553 tibi
1489 1500 1671 1553 habere
1709 1499 1745 1552 il
1755 1529 1772 1539 -

200 1600 304 1654 lum.
339 1600 386 1652 5.
423 1596 488 1650 Et
510 1598 679 1650 volens
706 1613 818 1649 eum
849 1595 1149 1661 interﬁcere,
1180 1593 1347 1645 timuit
1378 1591 1629 1653 turbam‘,
1653 1591 1772 1661 quia

199 1691 306 1744 sicut
337 1689 634 1758 praphetam
666 1704 779 1740 eum
807 1686 1073 1739 habebant.
1107 1684 1216 1738 Cur
1245 1701 1351 1739 non
1385 1683 1766 1748 llcrodiadcm,

196 1781 277 1838 scil
305 1782 444 1835 illum
472 1779 798 1850 alloquitur?
845 1779 978 1847 Quia
1020 1779 1320 1848 praecipuus
1350 1777 1439 1831 ille
1467 1785 1602 1832 erat.
1640 1777 1771 1832 Vide

195 1873 441 1946 quantqu
466 1873 867 1928 accasationem
900 1871 1074 1923 minus
1102 1884 1383 1924 onerosam
1414 1869 1589 1934 faciat,
1625 1869 1693 1922 ita
1714 1879 1771 1923 ut

196 1966 595 2035 historia'potius
621 1980 780 2034 quam
812 1963 1081 2018 accusatio
1115 1961 1361 2015 videatur
1392 1976 1532 2015 esse.
1564 1961 1616 2015 ϐ.
1642 1961 1768 2015 Cum

191 2068 338 2110 autem
365 2057 603 2111 natalitia
638 2054 858 2108 Herodis
887 2062 1159 2123 agerentur
1179 2095 1192 2119 ,
1222 2051 1425 2107 saltavit
1453 2053 1564 2121 ﬁlia
1596 2051 1765 2106 Hero-

189 2149 338 2207 diudis
365 2149 418 2201 in
447 2148 615 2201 medio
641 2189 656 2214 ,
702 2156 749 2199 et
779 2147 970 2216 placuit
1008 2144 1220 2198 Herodi.
1246 2144 1291 2199 Ο
1318 2145 1618 2199 convivium
1647 2145 1764 2198 dia-

189 2241 432 2294 bolicum!
466 2256 503 2294 o
534 2239 800 2294 theatrum
831 2238 1161 2292 satanicum!
1196 2255 1228 2290 ο
1261 2238 1493 2308 iniquam
1525 2238 1765 2292 saltatio.

187 2348 324 2396 ueni,
372 2348 438 2389 ac
482 2331 790 2388 mercedem
834 2331 1133 2386 saltationis
1186 2330 1522 2399 iniquiorem.
1576 2329 1763 2385 Caalcs

186 2427 310 2479 enim
337 2425 580 2480 onmium
627 2423 1002 2479 scelestissima
1035 2422 1385 2491 peragebatur
1408 2462 1422 2487 ,
1453 2430 1509 2475 et
1548 2423 1633 2490 qui
1675 2438 1765 2476 co-

184 2519 342 2572 ronari
389 2527 445 2572 et
491 2518 755 2572 celebrari
795 2515 1130 2579 merebatur,
1179 2517 1229 2568 in
1279 2516 1453 2568 medio
1492 2515 1763 2583 jngu'atus

182 2619 252 2663 cst
296 2628 307 2662 :
353 2609 660 2663 dictitonutn
717 2617 972 2676 tropalum
1020 2608 1070 2661 in
1119 2621 1299 2661 mensa
1350 2616 1584 2662 erectum
1644 2607 1759 2660 fuit.

182 2700 410 2756 Victoria:
441 2701 636 2756 modus
658 2700 871 2754 caeteris
900 2700 1064 2769 gestis
1091 2699 1282 2768 dignus
1315 2697 1430 2752 fuit.
1459 2697 1590 2752 Nam
1628 2697 1754 2752 Sut-

181 2796 306 2859 nn-it,
338 2793 534 2863 inquit,
566 2790 676 2857 [ilia
700 2789 1010 2844 Heradiadis
1038 2790 1088 2843 in
1121 2791 1306 2852 medio,
1337 2799 1382 2842 et
1415 2789 1607 2857 placuit
1653 2787 1758 2841 He-

178 2886 292 2938 rodi.
341 2887 392 2938 7.
432 2883 586 2939 Unde
621 2883 964 2953 jurejurando
1004 2883 1266 2953 aﬁit'tnuvit
1306 2899 1359 2935 se
1402 2881 1479 2934 illi
1521 2882 1760 2934 daturum

177 2978 508 3047 quodcumque
541 2977 757 3044 petierit.
789 2976 842 3029 8.
875 2974 979 3028 Illa
1023 2991 1135 3028 vero
1167 2991 1196 3026 a
1230 2984 1388 3026 matre
1421 2974 1716 3041 prannonitu
1743 3015 1755 3035 ,

177 3069 244 3124 De
264 3072 401 3133 mihi,
437 3072 537 3133 ait,
570 3071 653 3123 ltic
681 3071 732 3122 iu
761 3071 899 3121 disco
927 3080 1078 3139 caput
1099 3066 1318 3120 Joannis
1357 3065 1623 3134 Baptista.
1653 3066 1757 3119 Dit-

174 3163 274 3229 plex
298 3165 526 3227 a‘imett,
553 3173 607 3216 et
633 3162 772 3230 quod
801 3161 1024 3223 saltat-it,
1051 3170 1098 3214 et
1127 3161 1264 3229 quod
1297 3160 1572 3228 placuerit,
1601 3169 1756 3227 atque

171 3254 229 3306 ita
258 3255 541 3321 placuerit,
577 3265 630 3306 ut
662 3255 834 3306 caules
864 3253 937 3305 illi
969 3267 1064 3322 pro
1094 3255 1343 3305 ιιιργιειιιὶρ
1369 3263 1530 3305 esset.
1573 3252 1754 3305 Vidrn‘

169 3362 310 3411 quam
339 3346 606 3415 crudelis,
642 3360 807 3414 quam
835 3345 1165 3403 insensatus,
1193 3358 1354 3408 quam
1388 3360 1618 3399 vesanus
1643 3344 1754 3397 sit?

163 3435 466 3495 iuramento
491 3459 557 3495 se
581 3440 871 3494 obnoxium
901 3438 1111 3503 reddit;
1145 3438 1220 3491 illi
1255 3450 1381 3490 vero
1400 3438 1492 3493 dat
1512 3445 1750 3507 potesta-

169 3537 260 3582 tem
288 3529 505 3598 petendi
555 3545 674 3599 qua:
715 3529 862 3582 velit.
893 3526 1026 3582 Cum
1065 3538 1244 3581 autem
1284 3528 1413 3580 vidit
1457 3528 1583 3596 quid
1627 3528 1751 3582 mali

168 3620 276 3675 hinc
302 3624 572 3683 evenerit,
605 3617 942 3675 Contristatus
980 3628 1072 3684 est,
1105 3619 1310 3688 inquit;
1342 3633 1663 3687 quamquam
1686 3621 1753 3674 ab

165 3710 300 3766 initio
326 3714 593 3782 ligaverat
620 3715 812 3780 ipsum.
843 3712 951 3765 Cur
973 3725 1102 3781 ergo
1129 3709 1518 3764 contristatur?
1559 3711 1753 3781 Hujus-

166 3805 288 3860 ntodi
310 3813 396 3862 est
425 3805 603 3858 virtus
627 3820 641 3856 ι
671 3804 830 3857 etiam
859 3801 999 3872 apud
1032 3801 1306 3871 improbos
1335 3802 1673 3858 admirationi
1700 3814 1753 3858 et

166 3896 288 3951 laudi
317 3906 418 3952 est.
455 3895 593 3958 Sed,
623 3914 655 3949 o
683 3895 935 3948 furiosam
963 3894 1265 3957 mulierem,
1298 3910 1417 3962 qua:
1445 3909 1565 3948 cum
1593 3910 1753 3964 opor-

167 3993 284 4045 teret
303 3986 458 4042 illum
501 3984 762 4039 admirari
794 3999 856 4038 ac
885 3983 1130 4038 venerari
1158 4025 1172 4048 ,
1205 3983 1345 4052 quod
1377 3985 1544 4053 ipsam
1574 3985 1642 4040 ab
1673 3987 1753 4040 in-

166 4079 281 4144 iuria
309 4079 642 4142 vindicaret,
670 4071 854 4131 drama
883 4085 1051 4130 totum
1085 4075 1320 4139 ordinat,
1351 4077 1600 4147 laqueum
1636 4087 1752 4131 ten-

162 4171 243 4234 dit,
272 4173 616 4243 gratiamque
647 4172 779 4240 petit
806 4169 1122 4223 satanicam.
1151 4167 1208 4224 9.
1240 4166 1364 4238 Ipse
1387 4178 1553 4222 autem
1583 4169 1748 4222 timuit

163 4274 344 4332 praptcr
360 4261 769 4332 jusjurandum,
801 4260 991 4330 inquit,
1019 4269 1067 4315 et
1095 4260 1250 4315 simul
1277 4260 1634 4315 recumbentes.
1683 4261 1750 4315 Et

163 4367 242 4406 cur
263 4355 400 4424 quod
428 4353 657 4425 gravius
691 4361 808 4406 erat
832 4369 936 4408 non
966 4352 1234 4407 timuisti?
1264 4352 1396 4407 Nam
1426 4355 1470 4407 si
1495 4354 1637 4423 quod
1668 4363 1750 4409 te-

164 4454 254 4498 stes
283 4446 505 4514 perjurii
540 4445 743 4499 habere
775 4442 1128 4509 formidabas,
1161 4445 1328 4498 multo
1355 4445 1521 4515 magis
1545 4446 1746 4501 caedem

165 4536 429 4591 formidare
476 4537 772 4606 oportebat
801 4536 870 4590 ita
898 4535 1155 4606 iniquam,
1185 4549 1306 4590 cum
1341 4545 1417 4591 tot
1444 4545 1606 4592 testes
1634 4538 1749 4609 ejus

164 4627 383 4681 haberes.

219 4718 264 4772 5.
306 4719 439 4786 Quia
481 4733 618 4773 vero
641 4726 768 4787 puto
808 4719 1002 4772 multos
1037 4719 1392 4774 accusationis
1419 4735 1482 4775 ex
1513 4737 1616 4790 qua
1645 4736 1749 4775 cae-

163 4810 240 4864 des
263 4821 376 4867 orta
407 4821 495 4866 est
530 4819 911 4881 argumentum
945 4811 1225 4881 ignorare,
1262 4814 1625 4867 necessarium
1665 4823 1749 4870 est

165 4902 246 4957 hoc
265 4904 423 4958 etiam
456 4904 672 4968 dicere,
709 4913 764 4956 ut
796 4903 1116 4973 legislatoris
1148 4905 1481 4974 prudentiam
1504 4907 1743 4962 dis-catis.

161 4991 391 5058 Quasnam
422 5009 566 5065 ergo
597 5005 750 5048 vetus
784 4994 865 5048 lex
906 4994 992 5048 illa
1020 5003 1172 5059 erat,
1213 5012 1374 5065 quam
1411 4999 1745 5052 conculcavit

164 5083 406 5154 llerodes,
435 5097 495 5142 et
524 5086 824 5141 vindicavit
843 5085 1122 5142 Joannes?
1151 5088 1276 5158 Ejus
1298 5090 1384 5158 qui
1421 5091 1534 5145 sine
1563 5091 1746 5147 liberis

162 5189 435 5233 moreretur
456 5193 693 5233 uxorem
719 5177 864 5231 fratri
893 5177 1008 5230 dari
1035 5179 1315 5246 oportebat
1343 5180 1520 5249 (Deut.
1547 5181 1638 5236 :15.
1664 5183 1743 5251 ὅ).

162 5267 269 5330 Quia
287 5271 428 5323 enim
448 5283 564 5323 non
587 5268 918 5322 consolabile
931 5268 1126 5322 malum
1147 5285 1290 5323 mors
1307 5279 1420 5324 erat
1435 5314 1449 5336 ,
1469 5282 1520 5324 et
1535 5288 1629 5341 pro
1644 5273 1746 5327 vita

160 5364 395 5416 servanda
427 5363 571 5418 nihil
606 5379 711 5415 non
736 5363 930 5431 agitur,
962 5363 1130 5431 legem
1164 5364 1376 5426 statuit,
1414 5375 1471 5418 ut
1499 5368 1586 5434 qui
1621 5365 1749 5420 vivit

163 5466 354 5510 uxorem
390 5455 586 5510 fratris
621 5454 860 5509 defuncti
907 5456 1108 5521 ducat,
1153 5469 1205 5510 et
1251 5457 1418 5512 lilium
1464 5459 1590 5514 hinc
1621 5477 1745 5529 pro-

161 5559 368 5601 creatum
403 5548 616 5602 mortui
642 5548 858 5602 nomine
886 5558 1059 5614 vocet,
1092 5550 1163 5604 ita
1193 5562 1246 5603 ut
1274 5551 1465 5605 domus
1493 5552 1609 5621 ejus
1640 5570 1744 5606 non

162 5639 361 5694 excidat.
390 5641 447 5696 Si
472 5641 631 5696 enim
658 5649 903 5696 mortuus
933 5643 1070 5698 lilios
1098 5659 1206 5698 non
1237 5645 1602 5714 relinquebat,
1627 5662 1746 5714 qum

169 5833 172 5836 ,
213 5776 224 5806 ί
255 5780 444 5837 quidam
475 5779 674 5845 habent
699 5791 712 5845 :_
743 5783 796 5825 at
819 5776 973 5845 tuticus
997 5793 1105 5829 cum
1141 5780 1430 5845 interﬁcere,
1459 5782 1612 5845 posuit
1637 5797 1745 5834 cum

162 5847 419 5901 Incurrere,
445 5841 556 5891 tim:
580 5839 620 5889 it
634 5840 764 5890 cnim
792 5839 995 5890 turbam.

1879 1049 2033 1098 cere,
2069 1035 2240 1091 multo
2283 1037 2454 1106 magis
2504 1036 2675 1090 fratri.
2725 1035 3073 1105 Nequaquam
3116 1050 3130 1088 :
3169 1035 3282 1091 vult
3335 1037 3478 1093 enim

1879 1127 2192 1182 affinitatem
2221 1129 2470 1195 extendi,
2507 1138 2562 1183 et
2595 1128 2790 1182 multas
2823 1128 3004 1183 haberi
3033 1129 3344 1183 occasiones
3382 1146 3478 1183 co-

1877 1221 2142 1288 gnationis
2173 1222 2437 1276 ineundae.
2489 1221 2552 1276 Et
2594 1237 2690 1276 cur
2715 1221 2806 1276 illo
2833 1221 2947 1276 sine
2975 1213 3160 1278 libe‘ris
3195 1221 3469 1288 defuncto,

1879 1328 1981 1366 non
2009 1313 2145 1368 alius
2168 1311 2365 1369 ducere
2394 1316 2650 1384 poterat?
2676 1314 2811 1383 Quia
2840 1315 2917 1370 sic
2949 1331 3054 1370 non
3088 1325 3301 1386 putatus
3339 1317 3474 1370 luis-

1878 1412 1956 1457 set
1995 1419 2115 1459 esse
2158 1405 2352 1460 mortui
2380 1406 2518 1461 lilius
2560 1424 2573 1459 :
2622 1422 2764 1460 nunc
2789 1423 2917 1461 vero
2957 1408 3258 1462 seminante
3286 1407 3472 1473 fratre,

1878 1497 2164 1566 probabilis
2201 1509 2316 1553 erat
2343 1499 2584 1554 inventio
2615 1499 2726 1553 illa.
2751 1500 3000 1570 Alioquin
3033 1515 3159 1554 vero
3183 1509 3474 1555 extrancus

1878 1603 1980 1642 non
2022 1591 2716 1658 putasset‘constituendam
2760 1607 2883 1647 esse
2928 1592 3163 1647 defuncti
3207 1593 3471 1648 domum:

1879 1679 1964 1733 hic
1989 1690 2165 1735 autem
2198 1683 2529 1751 cognationis
2563 1683 2652 1752 jus
2688 1683 2939 1738 habebat.
2981 1684 3114 1750 Quia
3144 1701 3272 1755 ergo
3302 1686 3473 1742 Hero-

1874 1771 1970 1826 des
1999 1788 2218 1828 uxorem
2246 1775 2542 1841 lratrissui,
2563 1791 2681 1844 quae
2707 1776 2909 1845 prolem
2940 1775 3186 1841 habebat,
3207 1776 3470 1850 duxit(a),

1875 1864 1995 1919 ideo
2051 1876 2265 1921 accusat
2331 1867 2478 1921 illum
2541 1867 2806 1937 Joannes,
2870 1877 2924 1924 et
2981 1869 3257 1924 moderate
3314 1871 3473 1927 simul

1872 1966 2032 2026 atque
2074 1957 2239 2011 libere
2280 1966 2514 2013 accusat.
2548 1958 2629 2014 Tu
2669 1975 2795 2014 vero
2839 1959 2968 2014 mihi
3001 1960 3303 2027 considera,
3334 1979 3470 2031 quu-

1873 2047 2032 2102 modo
2079 2049 2341 2103 theatrum
2391 2058 2557 2103 totum
2604 2051 2899 2104 satanicum
2932 2059 2986 2106 et
3025 2051 3347 2107 diabolicum
3377 2054 3468 2108 sit.

1875 2138 2052 2194 Primo
2078 2141 2220 2195 enim
2260 2141 2518 2196 ebrietate
2548 2151 2602 2198 et
2631 2141 2839 2198 deliciis
2868 2143 3178 2210 constabat,
3217 2146 3356 2199 unde
3386 2147 3468 2200 ni-

1871 2230 1947 2286 hil
1973 2247 2160 2286 sanum
2191 2234 2318 2287 oriri
2349 2243 2572 2302 poterat.
2619 2232 2888 2301 Secundo,
2910 2246 3243 2305 spectatores
3285 2253 3470 2293 curru.

1871 2329 1989 2390 ptos
2011 2322 2256 2388 habebat,
2285 2334 2338 2377 et
2360 2323 2712 2394 excipientem
2735 2326 2971 2379 omnium
2995 2327 3246 2383 maxime.
3265 2327 3466 2396 Tertio,

1869 2413 2241 2470 delectationis
2283 2430 2451 2486 genus
2483 2417 2691 2472 ratione
2719 2431 2964 2473 vacuum.
2995 2418 3230 2488 Quarto,
3265 2422 3464 2491 puella.

1872 2521 2088 2578 propter
2121 2525 2278 2580 quam
2319 2511 2643 2566 connubium
2672 2520 2859 2566 contra
2899 2513 3082 2582 legem
3124 2523 3271 2581 erat,
3308 2532 3466 2584 quam

1869 2605 2123 2659 occultari
2169 2606 2479 2675 oportebat,
2539 2615 2724 2676 utpote
2780 2606 2974 2676 injuria
3015 2606 3207 2662 aﬂ'ecta
3258 2619 3463 2674 matre,

1869 2696 2162 2766 ingreditur
2203 2712 2323 2752 sese
2359 2707 2676 2765 ostentans,
2720 2698 2868 2768 virgo
2911 2699 3225 2754 meretrices
3267 2715 3459 2754 omnes

1868 2788 2192 2857 impudentia
2241 2803 2522 2858 superans.
2551 2788 2788 2858 Tempus
2837 2791 2997 2845 etiam
3050 2807 3156 2846 non
3201 2791 3464 2846 modicam

1866 2881 1930 2935 ad
1954 2883 2378 2936 criminationem
2411 2883 2604 2952 iniqum
2648 2883 2725 2937 rei
2753 2897 2941 2937 ansam
2986 2884 3208 2953 pmbet.
3242 2885 3465 2953 Quando

1866 2975 2006 3027 enim
2029 2975 2308 3042 Oportebat
2334 2989 2455 3028 eum
2482 2975 2680 3044 gratias
2698 2973 2899 3030 referre
2925 2976 3053 3042 Deo,
3082 2975 3222 3045 quod
3255 2977 3344 3030 illo
3377 2977 3464 3031 die

1867 3065 2036 3134 ipsum
2081 3067 2129 3118 in
2155 3066 2326 3119 lucem
2357 3067 2714 3134 produxisset,
2750 3076 2876 3122 tunc
2921 3066 3104 3136 iniqua
3152 3067 3238 3120 illa
3270 3083 3462 3138 aggre-

1864 3159 2006 3212 ditur
2039 3177 2049 3210 :
2099 3157 2311 3228 quando
2342 3159 2574 3210 vinctum
2610 3157 2821 3211 solvere.
2848 3159 3151 3227 oportebat,
3183 3168 3308 3212 tunc
3348 3159 3461 3213 vin-

1864 3249 1998 3302 culis
2042 3249 2242 3303 cmdeni
2286 3247 2488 3317 adjicit.
2522 3247 2720 3302 Audite
2763 3255 3028 3317 quotquot
3077 3249 3157 3302 vel
3208 3249 3462 3318 virgines,

1864 3343 1942 3396 vel
1972 3341 2131 3396 etiam
2164 3339 2397 3395 maxime
2435 3347 2638 3407 nuptze,
2687 3340 2891 3398 alienas
2921 3340 3131 3415 nuptias
3164 3340 3242 3400 sic
3267 3341 3458 3400 deliu-

1863 3450 1989 3508 pare
2025 3431 2253 3501 audetis,
2297 3436 2575 3502 saltantes,
2609 3434 2983 3506 tripudiantes,
3028 3445 3082 3492 et
3111 3452 3453 3496 communem

1861 3542 2103 3585 naturam
2132 3529 2566 3584 dehonestantes.
2596 3529 2790 3583 Audite
2811 3529 2993 3595 etiam,
3016 3530 3135 3597 viri,
3179 3533 3268 3602 qui
3307 3548 3459 3588 sum-

1863 3632 2047 3690 ptuosa
2075 3621 2339 3686 convivia,
2358 3621 2617 3675 ebrietate
2641 3619 2794 3690 plena
2816 3621 3094 3675 sectamini
3121 3639 3134 3675 :
3165 3631 3218 3676 et
3239 3624 3458 3681 metuite

1859 3713 2056 3768 diaboli
2106 3711 2438 3766 barathrum.
2494 3711 2626 3767 Nam
2684 3711 2757 3766 ita
2800 3712 3150 3768 vehementer
3193 3715 3454 3769 miserum

1862 3815 1987 3858 tunc
2030 3804 2177 3858 illum
2226 3803 2438 3869 invasit,
2470 3803 2756 3872 utjuraret
2790 3819 2850 3858 se
2890 3804 3173 3862 dimidium
3202 3806 3347 3876 regni
3374 3808 3458 3861 sui

1857 3897 2103 3951 daturum
2134 3911 2274 3952 esse.
2309 3896 2441 3952 Illud
2492 3897 2636 3950 enim
2681 3896 2891 3951 Marcus
2919 3896 3090 3952 dicit:
3127 3898 3328 3952 Juravit
3354 3899 3455 3965 illi,

1862 3989 2224 4058 Quodcumque
2261 3987 2460 4060 petieris
2487 4004 2520 4041 a
2549 4004 2626 4041 me
2665 3987 2795 4041 dabo
2826 3987 2950 4054 tibi,
2998 4004 3153 4058 usque
3193 3990 3262 4042 ad
3297 3988 3457 4043 diuti-

1858 4081 1998 4133 dium
2037 4081 2180 4151 regni
2217 4081 2312 4133 mei
2343 4081 2361 4149 (
2394 4078 2561 4133 Marc.
2595 4078 2647 4134 ϐ.
2681 4077 2752 4133 23
2850 4078 3006 4134 Tanti
3049 4081 3255 4136 scilicet
3292 4080 3456 4137 ditio-

1858 4190 1980 4228 nem
2025 4189 2177 4227 suam
2210 4172 2478 4238 faciebat;
2510 4173 2580 4226 ita
2621 4172 2908 4242 voluptatis
2947 4173 3190 4242 captivus
3230 4184 3367 4239 erat,
3401 4184 3458 4230 ut

1857 4268 2124 4322 Saltationi
2161 4267 2275 4322 haec
2315 4266 2657 4322 concederet.
2698 4265 2904 4337 Ecquid
2955 4267 3199 4336 miraris,
3238 4268 3282 4322 si
3331 4281 3454 4324 tunc

1858 4361 1971 4414 bzec
1998 4359 2136 4413 facta
2159 4367 2299 4423 sunt,
2324 4357 2536 4428 quando
2568 4372 2708 4411 nunc
2738 4358 2900 4412 etiam
2933 4367 3215 4429 postquam
3251 4370 3450 4414 tantam

1857 4452 2106 4507 inivimus
2138 4450 2549 4519 philosophiam,
2596 4449 2665 4504 ob
2710 4449 2951 4504 mollium
2979 4449 3288 4520 hujusmodj
3323 4468 3453 4521 puc-

1855 4559 2036 4598 rorum
2070 4542 2411 4596 saltationem
2458 4541 2608 4594 inulti
2654 4541 2861 4595 animas
2897 4556 3024 4596 suas
3068 4542 3452 4612 prodiderunt,

1857 4636 1981 4690 licet
2003 4635 2291 4704 juramenti
2317 4633 2638 4689 necessitate
2653 4633 2892 4688 adstricti
2926 4650 3031 4687 non
3059 4635 3284 4690 essent?
3315 4636 3450 4691 Nam

1855 4746 1882 4783 a
1924 4729 2195 4799 voluptate
2245 4727 2439 4796 captivi
2488 4726 2709 4781 abducti
2734 4727 2888 4796 quasi
2934 4728 3164 4796 pecudes
3199 4738 3452 4799 aguntur,

1855 4837 1960 4890 quo
2005 4821 2161 4890 lupus
2201 4821 2318 4875 illos
2368 4820 2608 4873 traxerit.
2654 4819 2876 4888 ldquod
2910 4829 3035 4874 tunc
3081 4821 3169 4874 ille
3213 4822 3452 4878 furiusus

1857 4929 2043 4982 passus
2089 4923 2206 4977 est,
2239 4915 2344 4967 duo
2391 4913 2692 4982 turpissima
2737 4921 3074 4982 perpeti-aus,
3127 4926 3181 4970 et
3209 4916 3351 4986 quod
3387 4917 3454 4969 il-

1857 5007 1960 5059 lam
2003 5006 2273 5060 dominam
2305 5004 2494 5060 fecerit
2538 5005 2616 5059 sic
2647 5005 2900 5058 furiosam
2927 5048 2940 5070 ,
2987 5007 3188 5062 ebriam
3219 5017 3275 5062 et
3317 5008 3457 5064 nihil

1857 5099 1978 5152 mali
2016 5109 2351 5152 recusantem
2383 5113 2396 5161 ;
2427 5106 2481 5151 et
2515 5097 2656 5167 quod
2695 5099 3015 5151 necessitate
3047 5097 3342 5166 juramenti
3381 5101 3450 5155 ita

1854 5205 1912 5244 se
1939 5190 2306 5244 obstrinxerit.
2342 5190 2408 5242 At
2452 5189 2577 5243 licet
2623 5190 2711 5243 ille
2742 5199 2847 5242 tam
2883 5190 3094 5259 iniquus
3133 5201 3309 5258 esset,
3348 5195 3456 5247 ini-

1853 5281 2010 5350 quior
2046 5291 2221 5333 tamen
2265 5291 2316 5333 et
2353 5290 2576 5352 tyranno
2621 5289 2674 5334 et
2716 5281 2892 5349 puella
2921 5290 3034 5335 erat
3079 5281 3293 5339 mulier.
3339 5283 3453 5352 Ipsa

1855 5374 1996 5427 enim
2034 5373 2145 5428 hare
2173 5372 2310 5430 mala
2334 5373 2510 5427 onmia
2544 5382 2596 5427 et
2618 5381 2784 5427 totum
2810 5373 2994 5426 drama
3029 5371 3284 5429 fabricata
3315 5385 3448 5441 erat,

1854 5483 1974 5536 qua:
2019 5477 2192 5520 tamen
2235 5466 2458 5536 gratiam
2501 5465 2775 5536 prapheta:
2804 5465 3005 5521 habere
3041 5465 3336 5522 debuisset.
3369 5467 3458 5521 Fi—

1855 5560 1921 5613 lia
1953 5560 2148 5629 quippe
2175 5560 2271 5628 ipsi
2305 5574 2508 5613 tnoretn
2537 5574 2729 5628 gerens
2759 5570 2813 5612 et
2844 5561 3071 5628 turpiter
3098 5560 3226 5629 egit,
3265 5569 3318 5614 et
3346 5563 3452 5612 sal-

1855 5651 2003 5714 tavit,
2053 5659 2107 5704 et
2143 5649 2347 5704 cit-dem
2399 5651 2590 5720 petiit,
2637 5649 2984 5720 Ilcrodesque
3023 5649 3092 5704 ab
3143 5652 3256 5721 ipsa
3291 5652 3442 5722 quasi

1921 5783 1994 5849 tu)
2031 5789 2172 5849 .Iusta
2196 5780 2341 5849 alios_,_
2361 5780 2712 5849 ideotoannes
2744 5789 2981 5849 accusant
3020 5781 3446 5849 ιιιξιζθάριιιμιιιηιὶ1

1861 5843 2077 5908 Philippo
2097 5846 2244 5894 l'ratre
2269 5845 2423 5894 adhuc
2448 5847 2662 5905 vivente,
2683 5844 2834 5908 ipsius
2858 5859 3062 5894 osorem
3085 5847 3324 5893 duxisset.
