4154 6324
709 334 804 393 ιοι

712 465 905 520 sageua
962 455 1148 516 captus
1198 452 1297 498 est.
1339 442 1526 496 Viden’
1552 440 1985 511 quamapposite
2034 438 2277 493 Christus

712 541 905 595 dixerit
936 557 950 591 :
988 539 1087 604 Qui
1114 546 1248 589 amat
1283 544 1472 605 patrem
1499 545 1586 587 aut
1618 543 1825 586 matrem
1853 532 1966 602 plus
1999 547 2149 603 quam
2180 546 2276 593 me,

712 649 812 685 non
840 639 910 683 est
930 647 1006 682 me
1031 628 1210 698 dignus
1235 624 1456 696 (Matth.
1504 626 1587 681 l0.
1621 626 1722 695 ’57)
1750 624 1921 678 ?Nam
1949 623 1990 676 si
2022 621 2109 675 illa
2143 620 2280 674 hanc

713 731 931 792 sequuta
982 727 1124 774 esset
1169 718 1337 788 legem
1363 759 1378 784 ,
1431 732 1534 771 non
1579 725 1654 770 tot
1697 717 1838 786 leges
1874 713 2140 775 violasset,
2174 727 2276 766 non

715 816 849 868 hanc
873 811 1071 867 ca'dem
1113 817 1488 880 perpetrasset.
1519 808 1647 862 Nam
1674 807 1798 875 quid
1828 807 1923 858 hac
1954 804 2278 858 immanitate

714 906 976 968 deterius,
1008 903 1208 958 caedem
1253 911 1309 956 ut
1345 902 1563 970 gratiam
1595 899 1857 967 postulare
1883 937 1898 962 ,
1931 895 2129 951 cmdem
2175 894 2276 947 ini-

714 1014 885 1070 quam,
921 997 1122 1052 caedem
1164 997 1299 1050 inter
1322 995 1522 1063 epulas,
1554 991 1749 1046 cmdem
1777 991 1983 1061 publice
2014 998 2066 1044 et
2105 989 2277 1056 impu-

713 1092 900 1146 denter
934 1089 1150 1159 petitam
1183 1085 1412 1155 lNeque
1456 1084 1595 1139 enim
1634 1096 1873 1138 seorsum
1905 1080 2130 1135 accessit
2167 1078 2279 1132 haec

713 1183 934 1253 petitura
959 1221 973 1246 ,
1005 1179 1098 1235 sed
1142 1176 1372 1249 publice,
1396 1183 1449 1229 et
1489 1173 1654 1243 posita
1695 1173 1860 1236 larva,
1894 1170 2033 1224 nudo
2070 1168 2274 1238 capite,

711 1272 903 1326 diaboli
956 1285 1051 1323 usa
1095 1265 1423 1338 patrocinio,
1456 1264 1571 1318 ha‘c
1614 1263 1704 1316 illo
1734 1264 1890 1316 modo
1934 1260 2149 1331 loquuta
2174 1268 2274 1314 est.

713 1364 841 1418 Nam
875 1362 925 1416 id
969 1360 1212 1415 diabolus
1258 1357 1451 1423 effecit,
1483 1365 1538 1409 ut
1579 1355 1663 1409 illa
1706 1354 1903 1408 saltans
1930 1352 2181 1422 placeret,
2225 1358 2280 1404 ct

719 1455 980 1511 llerodem
1032 1462 1156 1508 tunc
1206 1459 1438 1520 caperet.
1487 1448 1583 1504 Ubi
1624 1447 1764 1502 enim
1793 1445 2036 1509 saltatio,
2066 1443 2134 1498 ibi
2161 1442 2276 1498 dia-

713 1547 887 1601 bolus.
915 1545 1097 1614 Neque
1124 1543 1265 1598 enim
1294 1541 1411 1596 ideo
1442 1540 1603 1610 pedes
1647 1538 1798 1593 nobis
1825 1538 1971 1592 dedit
2011 1537 2178 1602 Deus,
2223 1543 2282 1589 ut

714 1637 778 1692 iis
807 1637 1031 1705 turpiter
1071 1642 1308 1693 utamur.
1337 1631 1429 1685 sed
1470 1638 1525 1684 ut
1552 1639 1695 1685 recte
1720 1628 2025 1699 gradiantur
2052 1644 2066 1692 ;
2097 1641 2200 1681 non
2223 1636 2282 1681 ut

714 1725 935 1796 perinde
964 1734 1121 1794 atque
1163 1722 1350 1778 cameli
1387 1721 1640 1776 saltemus
1681 1719 1700 1790 (
1730 1735 1848 1774 nam
1875 1729 1929 1775 et
1955 1719 2142 1774 cameli
2173 1718 2279 1772 sal-

723 1829 895 1874 tantes
932 1818 1191 1888 ingratum
1223 1813 1580 1884 spectaculum
1630 1813 1827 1879 edunt,
1860 1813 2129 1882 multnqne
2170 1826 2282 1864 ma-

713 1911 792 1978 gis
822 1909 1140 1977 mulieres),
1183 1905 1276 1961 sed
1323 1913 1378 1959 ut
1412 1920 1531 1958 cum
1563 1905 1764 1974 angelis
1792 1904 2014 1959 choreas
2041 1917 2280 1974 agamus.

712 2000 766 2057 Si
811 2001 949 2054 enim
1000 2012 1192 2066 corpus
1245 1995 1293 2049 id
1336 2010 1497 2064 agens
1541 2002 1691 2064 turpe
1739 2002 1848 2057 est,
1897 1993 2060 2047 multo
2117 1993 2281 2060 magis

712 2095 907 2149 anima.
950 2092 1036 2148 Sic
1065 2092 1258 2145 saltant
1286 2089 1557 2144 daemones
1609 2106 1622 2142 :
1669 2088 1745 2143 sic
1768 2087 2050 2142 adulantur
2083 2085 2280 2142 da'mo-

715 2202 840 2240 num
869 2184 1112 2239 ministri.

782 2276 835 2330 4.
866 2276 969 2330 Sed
1002 2275 1303 2344 petitionem
1347 2275 1511 2343 ipsam
1548 2272 1840 2328 considera.
1875 2272 1956 2325 Da
1988 2271 2107 2326 :ni/u'
2126 2313 2141 2336 ,
2173 2273 2279 2335 ait,

716 2368 794 2420 hic
823 2368 874 2420 in
900 2366 1037 2436 disco
1066 2375 1214 2437 caput
1242 2365 1455 2420 Joannis
1486 2363 1744 2434 Baptistae.
1778 2363 1960 2419 Vidett'
2001 2364 2278 2432 impuden-

716 2469 842 2524 tem,
868 2472 985 2528 qnze
1012 2467 1171 2510 totam
1196 2455 1402 2508 diabolo
1431 2470 1489 2509 se
1515 2455 1758 2509 dedidit?
1784 2455 2096 2523 Dignitatem
2123 2453 2284 2508 Joan-

715 2550 796 2601 nis
822 2559 1097 2612 memorat,
1127 2562 1297 2615 neque
1323 2556 1494 2599 tamen
1521 2545 1597 2599 sic
1620 2545 1902 2609 erubescit,
1931 2545 2022 2598 sed
2051 2560 2113 2598 ac
2143 2545 2184 2598 si
2215 2544 2282 2598 de

715 2641 832 2693 tiho
861 2639 1106 2709 quopiam
1138 2639 1459 2707 loqueretur,
1493 2639 1568 2691 sic
1598 2652 1804 2691 sacrum
1829 2646 1882 2691 et
1911 2637 2118 2690 beatum
2150 2635 2279 2689 illud

714 2741 871 2800 caput
911 2732 960 2786 in
999 2730 1146 2786 disco
1186 2729 1358 2784 efferri
1407 2730 1554 2798 petit.
1595 2727 1796 2782 Nullam
1835 2728 1988 2781 affert
2024 2742 2276 2782 causam:

714 2839 884 2893 neque
909 2824 1050 2878 enim
1083 2830 1322 2892 poterat;
1361 2821 1454 2875 sed
1494 2819 1804 2888 simpliciter
1831 2820 2019 2888 qumrit
2058 2820 2279 2872 aliorum

714 2915 1096 2969 calamitatibus
1117 2913 1384 2967 honorari.
1409 2911 1520 2965 Non
1541 2911 1692 2976 dixit,
1717 2911 1962 2965 Introduc
1991 2911 2133 2965 illum
2155 2911 2278 2974 huc,

714 3017 768 3062 et
796 3007 1006 3062 immola
1039 3026 1050 3062 :
1085 3021 1253 3075 neque
1282 3006 1422 3059 enim
1464 3005 1703 3059 morituri
1745 3004 1989 3073 loquendi
2036 3004 2277 3059 ﬁduciam

718 3098 942 3152 tulisset.
973 3095 1104 3151 Nam
1135 3096 1351 3150 timebat
1377 3094 1459 3149 vel
1489 3095 1700 3149 mactati
1739 3109 1924 3149 vocem
1960 3095 2139 3149 audire
2168 3104 2278 3150 ter-

716 3187 917 3242 ribilem
945 3205 956 3240 :
980 3201 1150 3256 neque
1169 3186 1307 3240 enim
1326 3186 1494 3255 capite
1516 3184 1849 3239 mulctandus
1872 3186 2134 3241 tacuisset.
2162 3187 2281 3242 Ideo

715 3277 820 3331 ait:
852 3275 931 3328 Da
953 3276 1073 3329 nu'lu‘
1100 3275 1180 3328 hic
1204 3276 1254 3328 in
1276 3275 1412 3329 disco
1437 3293 1450 3328 :
1481 3290 1600 3328 nam
1626 3274 1853 3344 linguam
1874 3275 2018 3331 illam
2038 3278 2278 3333 silentem

715 3368 892 3422 videre
925 3368 1099 3438 cupio.
1136 3365 1317 3436 Neque
1346 3365 1576 3436 ell'ugere
1603 3366 1771 3420 solum
1812 3367 1949 3422 illius
1987 3369 2277 3437 reprehen-

712 3460 888 3512 siones
913 3458 1139 3524 volebat,
1166 3457 1257 3512 sed
1282 3457 1533 3512 insultare
1551 3457 1741 3525 jacenti
1765 3468 1818 3512 et
1842 3458 2082 3514 deridere
2109 3460 2273 3515 illum.

713 3551 850 3605 Deus
877 3564 1002 3604 vero
1032 3549 1082 3603 id
1115 3549 1369 3618 permisit,
1406 3563 1504 3602 nec
1545 3548 1739 3603 fulmen
1771 3563 1998 3618 superne
2029 3552 2189 3618 misit,
2224 3562 2280 3605 ut

715 3641 1069 3712 impudentem
1110 3639 1250 3694 illam
1287 3638 1472 3694 faciem
1509 3640 1888 3697 combureret:
1923 3657 2091 3712 neque
2123 3643 2280 3712 jussit

715 3741 905 3786 terram
939 3731 1080 3785 hiatu
1118 3740 1284 3785 totum
1317 3731 1440 3785 illud
1483 3731 1718 3800 iniquum
1761 3719 2061 3789 convivium
2091 3735 2276 3790 absor-

712 3823 836 3877 bere
863 3864 876 3884 ,
920 3832 974 3876 ut
1014 3822 1169 3877 simul
1208 3824 1406 3891 justum
1439 3824 1633 3878 clarius
1662 3834 1939 3879 curonaret
1963 3868 1975 3890 ,
2010 3836 2063 3880 et
2096 3827 2158 3880 iis
2188 3829 2274 3897 qui

711 3914 884 3984 iniqua
931 3913 1136 3984 passuri
1181 3925 1359 3984 postea
1407 3925 1622 3980 essent,
1667 3931 1906 3986 magnam
1957 3918 2278 3988 relinqueret

708 4008 1145 4062 consolationem.
1180 4007 1464 4062 Audiamus
1507 4009 1663 4078 igitur
1703 4018 1961 4079 quotquot
1988 4010 2053 4066 ab
2084 4011 2275 4081 iniquis

711 4099 1009 4153 hominibus
1030 4100 1205 4171 gravia
1235 4100 1458 4169 patimur
1482 4099 1603 4154 dum
1634 4112 1775 4155 recte
1801 4102 2042 4156 vivimus.
2067 4103 2273 4158 Etenim

711 4201 836 4246 tunc
861 4192 999 4246 Deus
1028 4206 1212 4261 passus
1242 4203 1322 4246 est
1346 4208 1464 4246 eum
1488 4233 1500 4256 ,
1529 4194 1614 4261 qui
1648 4193 1697 4246 in
1727 4194 2008 4249 solitudine
2035 4196 2235 4262 vixerat
2259 4239 2271 4260 ,

708 4285 796 4352 qui
829 4285 878 4337 iu
907 4299 1036 4339 zona
1069 4285 1306 4353 pellicca,
1337 4285 1424 4354 qui
1469 4285 1518 4338 in
1561 4285 1754 4351 cilicio,
1785 4288 2115 4355 prophetam,
2151 4305 2272 4358 pro-

708 4376 881 4446 phetis
925 4376 1215 4445 majorem,
1254 4391 1358 4446 quo
1407 4377 1579 4430 nullus
1617 4378 1782 4447 major
1827 4395 2072 4448 umquam
2103 4381 2275 4436 fuerat

710 4471 848 4524 inter
873 4478 1026 4524 natos
1054 4468 1332 4523 mulierum
1377 4467 1591 4534 (Matth.
1626 4470 1710 4524 ll.
1753 4470 1884 4538 ll),
1915 4471 2139 4526 interﬁci
2179 4488 2274 4541 per

710 4561 934 4632 puellam
990 4561 1305 4631 impudicam
1356 4570 1411 4616 et
1462 4572 1758 4630 corruptam
1814 4565 2145 4618 meretricem
2181 4575 2274 4619 :et

709 4653 824 4708 lucc
847 4653 972 4708 dum
1001 4653 1204 4708 divinas
1233 4655 1373 4724 leges
1403 4663 1655 4709 tueretur.
1687 4653 1807 4709 Hazc
1837 4655 2012 4725 itaque
2039 4657 2275 4727 cogitan-

707 4755 817 4810 tes,
861 4744 1089 4800 feramus
1129 4759 1384 4814 generose
1422 4746 1595 4799 omnia
1632 4762 1976 4817 quaecumque
2021 4749 2268 4817 patimur.

707 4835 835 4890 Nam
865 4847 918 4892 et
948 4847 1072 4890 tunc
1099 4835 1429 4904 sanguinaria
1471 4836 1557 4888 illa
1599 4846 1651 4889 et
1690 4837 1863 4905 iniqua
1909 4845 2108 4892 tantum
2155 4853 2272 4894 sese

704 4929 769 4983 de
795 4943 879 4993 eo,
907 4929 994 4998 qui
1019 4929 1116 4983 sibi
1139 4929 1378 4982 dolorem
1405 4929 1668 4993 attulerat,
1694 4929 1994 4997 vindicavit,
2019 4939 2270 5001 quantum

702 5023 887 5086 vnluit,
913 5023 1041 5076 iram
1067 5031 1227 5074 totam
1250 5021 1475 5082 satiavit,
1499 5031 1552 5074 et
1577 5021 1710 5074 Deus
1731 5021 1779 5075 id
1804 5022 2072 5090 permisit:
2096 5039 2272 5093 quam-

700 5131 858 5184 quam
885 5115 1014 5170 nihil
1035 5114 1108 5170 illi
1130 5114 1361 5169 Joannes
1382 5113 1607 5176 dixerat,
1632 5129 1728 5168 nec
1748 5115 1888 5168 illam
1910 5125 2267 5179 accusaverat,

702 5207 795 5260 sed
821 5207 988 5261 virum
1016 5216 1236 5260 tantum.
1269 5205 1374 5262 Sed
1402 5205 1720 5261 conscientia
1750 5208 1969 5262 acerbus
1997 5219 2272 5263 accusator

702 5307 840 5352 erat.
871 5297 1096 5368 Ideoque
1119 5299 1169 5351 in
1200 5297 1399 5366 majora
1424 5296 1735 5366 erumpebat
1760 5299 1914 5364 mala,
1941 5298 2149 5366 dolens,
2178 5299 2270 5354 sti-

702 5392 857 5445 mulis
881 5392 1102 5460 agitata;
1124 5392 1392 5461 simulque
1420 5389 1761 5446 dedecoravit
1783 5406 1990 5458 omnes,
2017 5393 2264 5463 seipsam,

702 5483 882 5546 ﬁliam.
902 5483 1175 5538 dimissum
1198 5485 1389 5551 virum,
1413 5485 1674 5539 viventem
1703 5487 1988 5552 moechum,
2017 5496 2068 5540 et
2093 5489 2265 5556 priora

701 5592 948 5646 superare
973 5577 1229 5632 certabat.
1259 5577 1313 5632 Si
1339 5577 1510 5643 doles,
1542 5579 1730 5647 inquit,
1756 5577 1892 5649 quod
1925 5579 2011 5633 ille
2037 5582 2269 5636 nitnchc-

703 5681 815 5732 tur,
843 5686 942 5740 ego
987 5671 1133 5726 illum
1175 5670 1488 5728 homicidam
1519 5671 1701 5728 faciam
1729 5714 1744 5740 ,
1773 5683 1824 5729 ct
1858 5675 2153 5730 accusantis
2185 5675 2262 5729 in~

700 5762 1053 5821 terfectorcm.

1398 331 1452 385 5.
1490 328 1762 386 JOANNIS
1799 319 2267 381 CIIRYSOSTOMI
2309 318 2616 376 ARCHIEP.
2660 323 3185 383 CONS'I‘ANTINUI‘.

3857 332 3957 386 ιειέ

2458 431 2857 504 Imprudentium
2876 440 3279 508 jnramentorum
3308 450 3356 495 et
3383 443 3725 512 fornicationis
3748 456 3958 506 dantna.

2382 555 2451 564 —
2479 526 2668 582 Audite
2693 541 2949 600 quotquot
2976 532 3110 585 ultra
3137 549 3296 602 quam
3323 535 3398 589 fas
3433 545 3516 592 est
3555 541 3806 596 uxoribus
3847 545 3961 612 pls-

2382 634 2501 674 cere
2530 621 2768 674 studetis.
2805 624 2992 679 Audite
3016 635 3273 695 quotquot
3293 629 3432 683 circa
3456 646 3540 684 res
3568 632 3794 688 incertas
3814 636 3963 704 jura-

2385 722 2559 765 menta
2591 714 2855 781 pr:ebetis,
2887 717 3107 785 aliisque
3138 719 3386 785 perniciei
3419 733 3604 776 vestrae
3642 734 3960 792 potestatem

2385 802 2643 867 tribuitis,
2673 819 2734 858 ac
2771 805 2916 859 vobis
2958 805 3258 860 barathrum
3299 809 3553 866 effoditis.
3597 814 3686 868 Sic
3723 815 3962 872 Herodes

2384 892 2555 959 periit.
2590 892 2815 948 Putabat
2852 896 2992 949 enim
3039 897 3203 966 ipsam
3236 899 3504 970 quidpiam
3548 906 3790 959 convivio
3832 922 3965 960 con-

2383 993 2690 1038 sentaneum
2721 986 3000 1052 petituram
3024 1003 3162 1051 esse,
3191 990 3523 1060 puellamque
3547 994 3596 1046 in
3624 997 3964 1051 solemnitate

2383 1084 2434 1127 ct
2472 1073 2610 1126 inter
2643 1077 2844 1144 epulas,
2881 1093 2987 1132 rem
3023 1081 3307 1148 gratiosam
3337 1091 3391 1136 et
3420 1083 3617 1150 betam,
3650 1102 3751 1141 non
3781 1098 3962 1142 autem

2381 1175 2538 1236 caput
2561 1168 2658 1220 viri
2694 1170 3070 1237 postulaturam
3097 1188 3252 1236 esse;
3291 1185 3342 1228 et
3366 1174 3626 1245 deceptus
3650 1189 3748 1232 est.
3804 1183 3962 1235 Atta-

2382 1273 2502 1312 men
2535 1259 2664 1312 nihil
2699 1259 2886 1313 borum
2920 1261 3090 1328 ipsmn
3123 1265 3382 1333 purgabit.
3426 1267 3646 1322 Etiamsi
3689 1271 3829 1324 enirn
3869 1273 3962 1327 illa

2381 1363 2499 1401 cum
2529 1348 2649 1403 feris
2680 1354 3019 1419 pugnantium
3054 1355 3282 1408 virnrnm
3316 1358 3546 1411 animum
3577 1359 3844 1424 habuerit,
3877 1373 3961 1416 at.-

2384 1450 2557 1495 tamen
2589 1457 2690 1495 non
2719 1442 2894 1497 decuit
2924 1446 3065 1498 illum
3098 1461 3154 1500 se
3183 1451 3251 1501 ita
3283 1448 3650 1518 decipiendum
3682 1455 3920 1522 prmbcrc
3943 1497 3957 1519 ,

2385 1548 2485 1587 nec
2513 1535 2789 1603 tyrannica
2814 1536 3028 1606 obsequi
3059 1538 3298 1606 imperio.
3325 1541 3500 1595 Pl‘illlO
3525 1545 3687 1607 enim,
3711 1548 3827 1615 quis
3850 1564 3958 1601 non

2383 1622 2661 1677 exhorruit
2695 1640 2901 1678 sacrmu
2940 1626 3066 1680 illud
3103 1637 3260 1696 caput
3287 1630 3470 1686 videns
3500 1635 3807 1703 sanguinem
3839 1638 3958 1690 stil-

2385 1713 2524 1778 lare,
2555 1723 2607 1768 et
2634 1715 2770 1768 inter
2793 1716 2975 1784 epulas
3004 1719 3234 1785 reponi?
3264 1721 3329 1772 At
3357 1736 3461 1774 non
3500 1721 3709 1792 iniquus
3738 1726 3824 1779 ille
3857 1726 3964 1781 lle-

2385 1803 2574 1870 rodes,
2624 1821 2727 1860 non
2772 1806 3144 1861 exsecrabilior
3187 1809 3274 1863 illo
3319 1812 3527 1866 mulier.
3571 1813 3726 1869 Tales
3764 1817 3964 1886 quippe

2384 1907 2506 1952 sunt
2533 1899 2837 1954 meretrices
2863 1917 2877 1953 :
2902 1901 3135 1955 omnium
3167 1903 3600 1971 petulantissima:
3625 1917 3674 1962 et
3702 1911 3964 1965 crudelis-

2383 1992 2550 2046 simae.
2581 1992 2710 2046 Nam
2736 1993 2777 2045 si
2802 2007 2898 2046 nos
2923 1993 3036 2048 iure
3055 1994 3329 2050 audientes
3355 1999 3825 2066 perhorrescimus,
3851 2019 3962 2072 quo

2382 2084 2560 2139 animo
2585 2083 2748 2140 fuisse
2785 2085 3073 2155 putandum
3113 2097 3195 2140 est
3231 2102 3324 2143 eos
3349 2090 3437 2158 qui
3480 2090 3592 2145 haec
3627 2093 3752 2162 ipsis
3790 2095 3966 2150 oculis

2382 2175 2703 2230 cernerent?
2727 2176 2851 2245 quid
2880 2176 3019 2246 passi
3047 2185 3171 2231 sunt
3196 2180 3432 2233 conviva:
3459 2170 3824 2250 eaput-recens
3845 2199 3967 2239 am-

2384 2274 2620 2334 putatum
2662 2275 2717 2320 et
2763 2268 3074 2337 sanguinem
3119 2267 3361 2324 videntes
3404 2270 3456 2324 in
3497 2272 3672 2327 medio
3714 2275 3966 2330 convivio

2387 2357 2674 2427 repositum
2700 2358 2722 2410 ?
2754 2359 2818 2410 At
2849 2373 2951 2411 non
2981 2359 3315 2427 sanguinaria
3349 2361 3431 2415 illa
3463 2370 3516 2416 et
3546 2363 3673 2432 ipsis
3705 2365 3849 2419 furiis
3880 2366 3966 2420 fe-

2385 2447 2559 2500 rocior
2588 2447 2679 2500 illo
2706 2459 2968 2502 commota
3003 2448 3099 2502 fuit
3125 2452 3430 2518 spectaculo
3449 2495 3463 2513 ,
3495 2453 3587 2508 sed
3614 2456 3915 2510 exsultabat
3947 2477 3963 2512 :

2382 2539 2548 2608 atqui,
2575 2539 2673 2594 etsi
2704 2556 2808 2593 non
2835 2540 3068 2602 aliunde,
3097 2558 3161 2596 ex
3191 2543 3305 2597 solo
3333 2553 3548 2612 aspectu
3580 2547 3766 2601 saltem
3806 2549 3966 2603 fasti-

2382 2630 2524 2683 dium
2564 2645 2917 2701 nauseamque
2958 2633 3252 2702 ingenerari
3293 2650 3388 2704 par
3428 2645 3560 2691 erat.
3594 2639 3787 2694 Verum
3826 2641 3968 2696 nihil

2384 2720 2678 2790 hujusmodi
2711 2737 2864 2792 passa
2895 2733 2976 2777 est
3008 2724 3091 2778 illa
3119 2726 3427 2796 sanguinem
3460 2729 3644 2785 sitiens
3684 2731 3966 2800 propheti-

2384 2827 2524 2863 cum.
2553 2811 2696 2866 Talis
2723 2821 2805 2866 est
2843 2813 3120 2868 fornicatio
3149 2833 3162 2868 :
3197 2831 3298 2869 non
3333 2818 3556 2872 lascivos
3594 2828 3794 2876 tantum
3820 2865 3834 2889 ,
3865 2825 3966 2880 sed

2383 2909 2436 2955 et
2465 2901 2754 2957 homicidas
2799 2904 2980 2959 efﬁcit.
3025 2905 3156 2960 Nam
3196 2908 3436 2964 adulterii
3466 2912 3669 2982 cupida:
3709 2915 3971 2972 mulieres

2381 2992 2448 3046 ad
2477 2993 2674 3048 eadem
2704 3005 2826 3049 sunt
2855 3006 3050 3066 parata:
3079 2999 3309 3054 virorum
3331 3043 3346 3067 ,
3375 3004 3462 3071 qui
3493 3005 3681 3072 injuria
3711 3006 3966 3064 afﬁciun-

2385 3094 2499 3152 tur;
2526 3102 2623 3141 nec
2647 3101 2804 3142 unam
2830 3098 3029 3143 tantum
3059 3091 3138 3146 vel
3167 3091 3317 3160 duas,
3341 3095 3432 3149 sed
3454 3105 3509 3150 et
3531 3097 3829 3154 innumeras
3855 3117 3972 3158 cm-

2382 3176 2477 3232 des
2506 3178 2618 3232 ﬁeri
2655 3177 2808 3236 facile
2833 3182 3151 3237 curaverint.
3185 3183 3444 3240 Similium
3475 3202 3634 3257 pono
3665 3190 3968 3249 facinorum

2383 3267 2535 3321 multi
2574 3277 2736 3324 testes
2772 3279 2913 3326 sunt.
2956 3272 3011 3326 ld
3053 3275 3209 3328 etiam
3259 3276 3346 3330 illa
3387 3287 3510 3334 tunc
3551 3280 3706 3348 fecit,
3739 3299 3974 3352 sperans

2385 3367 2582 3412 tantum
2615 3360 2815 3415 facinus
2844 3363 2896 3417 in
2925 3362 3242 3420 oblivionem
3275 3368 3482 3423 tandem
3508 3386 3626 3427 esse
3654 3384 3966 3431 venturum.

2382 3448 2486 3503 Sed
2525 3451 2848 3505 contrarium
2890 3468 3109 3522 prorsus
3144 3459 3321 3512 evenit
3353 3476 3364 3512 :
3397 3476 3518 3514 nam
3560 3463 3712 3534 longe
3744 3467 3972 3524 clariori

2382 3554 2512 3595 voce
2542 3550 2720 3610 postea
2747 3541 2982 3600 Joannes
3007 3546 3276 3602 clamavit.

2451 3633 2503 3686 5.
2540 3632 2773 3703 Nequitia
2807 3638 2876 3689 ad
2913 3655 3130 3707 praesens
3157 3651 3349 3711 tempus
3373 3645 3534 3698 solum
3572 3650 3793 3717 respicit.
3822 3649 3972 3707 Pec-

2381 3734 2544 3777 catum
2571 3743 2669 3780 non
2697 3730 2877 3798 tegitur
2903 3748 2991 3798 per
3017 3734 3158 3786 aliud
3186 3747 3460 3804 peccatum,
3487 3740 3576 3792 sed
3603 3757 3691 3810 per
3717 3746 3978 3813 pwtiteu-

2381 3814 2521 3867 tt'am.
2547 3816 2780 3872 Convivia
2805 3836 2866 3874 ea:
2888 3823 3078 3891 rapinis
3108 3836 3253 3894 parta
3275 3845 3424 3897 quam
3451 3831 3643 3884 odiosa.
3664 3863 3734 3873 —-
3761 3833 3974 3893 Verum

2380 3908 2608 3976 nequitia
2634 3910 2699 3964 ad
2731 3927 2964 3980 prmsens
2992 3924 3189 3970 tantum
3221 3927 3427 3988 tempus
3451 3922 3682 3991 respicit,
3712 3925 3852 3982 sicut
3880 3929 3974 3984 fe-

2378 3999 2704 4067 bricitantes,
2737 4020 2857 4060 cum
2884 4022 3073 4077 aquam
3105 4008 3345 4078 frigidam
3377 4013 3743 4084 intempestive
3775 4031 3979 4089 postu-

2380 4092 2507 4147 lant.
2533 4095 2738 4149 Etenim
2763 4096 2861 4152 nisi
2883 4110 3243 4156 accusatorem
3262 4104 3572 4174 jugulasset,
3602 4107 3807 4165 facinus
3831 4111 3974 4168 illud

2381 4200 2486 4239 non
2535 4187 2601 4240 ita
2645 4189 2945 4260 evulgatum
2992 4191 3194 4247 fuisset.
3247 4195 3494 4264 Discipuli
3540 4213 3768 4269 namque
3804 4202 3975 4271 ejus.

2379 4280 2590 4359 quando
2621 4282 2670 4335 in
2698 4297 2966 4339 carcerem
3006 4287 3276 4355 conjectus
3316 4287 3406 4342 fuit
3436 4332 3449 4352 ,
3484 4291 3612 4344 nihil
3654 4292 3976 4362 hujusmodi

2379 4372 2626 4429 dixerunt
2656 4393 2667 4428 :
2692 4391 2812 4431 cum
2840 4388 3013 4433 autem
3043 4381 3346 4436 interfectus
3375 4382 3491 4448 fuit,
3523 4393 3630 4437 tum
3664 4386 3808 4439 necis
3834 4403 3981 4442 cau-

2379 4480 2489 4519 sam
2514 4467 2780 4536 publicare
2802 4471 2966 4525 coacti
2994 4481 3135 4526 sunt.
3167 4472 3470 4528 Adulteram
3497 4475 3746 4546 obtegere
3775 4483 3981 4549 cupie-

2379 4558 2538 4624 bant,
2569 4575 2666 4614 nec
2701 4561 2904 4616 alienas
2931 4564 3258 4619 calamitates
3298 4566 3597 4632 publicare;
3629 4582 3749 4621 cum
3777 4581 3978 4628 autem

2380 4652 2429 4706 in
2466 4655 2712 4709 narrandi
2757 4657 3127 4711 necessitatem
3168 4658 3376 4713 deducti
3411 4669 3563 4726 sunt,
3602 4673 3723 4715 tunc
3754 4662 3984 4722 facinus

2379 4759 2534 4800 omne
2566 4755 2863 4802 recensent.
2897 4747 2972 4802 Ne
2999 4749 3117 4818 quis
3146 4749 3285 4803 enim
3317 4765 3531 4804 causam
3561 4753 3721 4806 cwdis
3761 4755 3980 4812 malam

2378 4850 2496 4890 esse
2525 4838 2900 4905 suspicaretur,
2937 4848 2992 4892 ut
3025 4841 3074 4894 in
3107 4840 3319 4895 Theuda
3347 4850 3400 4895 et
3427 4841 3558 4896 Juda
3590 4845 3831 4906 contigit.
3877 4865 3986 4904 vc-

2379 4945 2490 4982 ram
2532 4929 2693 4984 etedis
2733 4945 2944 4985 causam
2992 4931 3188 4986 referre
3226 4945 3503 5004 ceguntur.
3548 4935 3727 5004 Itaque
3757 4952 3986 5005 quanto

2381 5023 2544 5092 magis
2585 5031 2854 5090 peccatum
2884 5024 3155 5080 occultare
3184 5024 3283 5079 hoc
3316 5027 3472 5081 modo
3499 5027 3736 5081 volueris
3759 5069 3773 5093 ,
3811 5037 3988 5087 tanto

2379 5116 2545 5184 magis
2563 5114 2689 5168 illud
2707 5115 2941 5184 evulgas.
2962 5117 3237 5170 Peccatum
3257 5119 3396 5171 enim
3418 5135 3518 5172 non
3540 5135 3633 5189 per
3650 5123 3852 5188 peccati
3873 5126 3983 5178 ad-

2379 5207 2724 5261 ditamentutn
2753 5211 2965 5278 tegitur,
2986 5208 3077 5263 sed
3105 5225 3198 5278 per
3217 5212 3578 5278 paenitentiam
3602 5224 3652 5266 et
3674 5212 3984 5271 confeSsit»

2380 5315 2519 5354 nent.
2551 5298 2826 5367 Perpende
2854 5311 3027 5354 autem
3054 5301 3318 5370 quomodo
3350 5301 3462 5356 hare
3489 5305 3808 5372 evangelista
3843 5322 3987 5359 mo—

2377 5391 2560 5446 derate
2587 5400 2794 5455 narret,
2825 5401 2878 5446 et
2906 5401 3157 5461 quantum
3189 5393 3310 5447 licet
3341 5393 3540 5448 crimen
3574 5395 3794 5448 minuat.
3828 5395 3990 5456 Nam

2379 5483 2637 5539 Herodem
2667 5483 2716 5537 id
2750 5483 2937 5537 fecisse
2965 5482 3091 5537 dicit
3122 5494 3335 5553 propter
3361 5484 3716 5553 juramentunt
3746 5496 3802 5540 et
3826 5503 3989 5546 cen-

2379 5579 2521 5632 vivas
2543 5617 2556 5640 ,
2589 5577 2865 5645 ipsumque
2893 5574 3263 5630 contristamur
3293 5576 3456 5630 fuisse
3488 5594 3501 5628 :
3530 5577 3596 5630 de
3624 5576 3794 5646 puella
3834 5594 3994 5639 vero

2377 5670 2495 5723 dicit
2530 5671 2693 5738 ipsam
2726 5686 2754 5722 a
2785 5680 2952 5724 matre
2981 5668 3349 5737 prtemouitam
3381 5667 3539 5721 fuisse
3561 5705 3576 5729 .
3608 5675 3664 5730 et
3691 5678 3858 5734 caput
3892 5683 3992 5726 at-

2379 5767 2560 5820 tulisse
2589 5765 2757 5828 matri,
2794 5781 2853 5817 ac
2885 5764 2924 5819 si
2958 5764 3178 5822 diceret.
3213 5761 3352 5817 lllius
3375 5761 3520 5832 jussu
3548 5759 3992 5831 exsequebatur,
