4154 6324
238 389 336 443 19-5
1204 381 1267 436 IN
1306 377 1712 434 MATTILEUSI
1756 372 1985 428 ιιυιιιι..
2033 373 2263 428 XLVIII.
2306 376 2376 429 al.
2421 375 2607 431 XLIX.

237 505 347 560 Non
377 503 523 557 enim
559 502 628 556 de
673 502 736 555 iis
773 501 860 569 qui
899 498 1036 552 mala
1083 498 1382 566 patIIInt'ur,
1416 493 1510 549 sed
1546 493 1612 548 de
1652 493 1716 546 iis
1745 491 1834 558 qui

239 598 370 652 Inala
401 594 662 658 inferunt,
693 593 874 646 dolere
901 589 1073 644 solent
1099 587 1221 657 justi
1253 601 1460 651 omnes,
1490 585 1609 654 quia
1644 582 1692 636 hi
1724 599 1836 635 IIIa-

237 693 377 742 xime
415 693 547 741 sunt
581 685 670 754 qui
711 685 845 736 male
889 682 1178 750 patiuntur.
1221 678 1401 748 Neque
1431 677 1571 731 enim
1604 675 1836 729 Joannes

240 781 392 833 laesus
421 777 552 838 fuit,
588 777 682 830 sed
728 776 759 828 ii
801 775 886 844 qui
929 774 1041 826 hage
1081 771 1365 826 machinati
1408 777 1550 822 sunt.
1591 769 1696 820 llos
1738 782 1834 819 nos

239 886 444 938 quoque
468 870 762 932 imitemur,
792 882 962 936 neque
984 865 1300 918 insulteInus
1329 861 1557 929 peccatis
1583 859 1829 928 proximi,

237 967 324 1015 sed
356 974 616 1031 quantum
646 961 722 1014 fus
750 970 829 1013 est
854 959 1180 1011 occultemus
1207 972 1288 1010 ea.
1324 956 1566 1009 Animum
1603 953 1837 1022 philoso-

240 1055 451 1122 lhicnm
481 1068 832 1107 assumamus.
864 1052 1069 1104 Etenim
1102 1048 1424 1118 evangelista
1456 1046 1522 1100 dc
1551 1045 1832 1100 meretrice

237 1156 287 1201 et
324 1146 669 1216 sanguinaria
714 1143 938 1196 muliere
979 1142 1250 1194 moderate
1284 1149 1540 1209 quantum
1574 1138 1716 1190 licuit
1751 1137 1832 1189 lo-

235 1247 428 1308 quutus
454 1247 554 1292 est.
585 1236 700 1290 Non
725 1237 862 1287 enim
886 1235 1037 1296 dixit,
1069 1236 1108 1285 Α
1138 1232 1472 1301 sanguinaria
1500 1241 1552 1284 et
1581 1231 1826 1294 scelesta,

235 1328 346 1391 sed,
376 1331 418 1381 Α
442 1337 606 1380 matre
626 1326 940 1396 pra'monita,
969 1324 1359 1377 honestioribns
1381 1339 1506 1374 usus
1537 1321 1827 1374 vocabulis.

234 1419 310 1473 Tu
339 1434 468 1474 vero
502 1420 800 1487 proximum
828 1415 1148 1470 contumelia
1175 1427 1228 1467 et
1254 1411 1494 1468 comitio
1517 1411 1704 1473 afficis.
1734 1428 1830 1465 nec

235 1514 299 1566 ita
328 1512 574 1566 modeste
605 1523 754 1578 potes
783 1509 847 1562 de
881 1508 1038 1561 fratre
1063 1507 1150 1576 qui
1185 1518 1235 1560 te
1267 1506 1456 1575 injuria
1488 1505 1725 1559 aﬂ‘ecerit
1755 1507 1826 1559 lo-

233 1608 354 1676 qui,
389 1617 441 1660 ut
489 1607 578 1660 ille
615 1604 682 1658 de
729 1603 1009 1658 meretrice
1041 1601 1386 1669 l0qnebatur,
1421 1600 1512 1653 sed
1542 1600 1826 1654 admodum

234 1701 503 1762 ferociter,
533 1711 586 1753 et
611 1713 730 1752 cum
759 1712 844 1764 op,
869 1695 1079 1758 robriis,
1109 1695 1395 1747 scelestum
1423 1709 1599 1755 vocas,
1632 1694 1833 1761 impro-

235 1791 353 1847 bum
382 1835 396 1852 .
430 1793 636 1845 vafrum
662 1833 674 1852 ,
719 1790 974 1854 stultum,
1004 1798 1069 1842 et
1096 1786 1286 1840 similia
1329 1787 1551 1840 adhibes
1591 1786 1825 1839 nomina.

232 1885 356 1940 Nam
381 1883 670 1938 efferamur
697 1883 915 1936 omnino
941 1890 993 1934 et
1020 1880 1167 1949 quasi
1196 1879 1263 1933 de
1289 1879 1582 1948 alienigena
1616 1877 1830 1932 homine

231 1979 520 2046 loquimur,
552 1974 956 2036 maledicentes,
986 1971 1237 2024 conviciis
1264 1982 1315 2023 et
1342 1969 1679 2023 contumeliis
1708 1966 1829 2021 affi-

230 2071 451 2124 cientes.
478 2069 546 2122 At
569 2083 672 2120 non
699 2067 767 2120 ita
791 2076 936 2120 certe
961 2064 1128 2118 sancti
1154 2081 1166 2116 :
1197 2062 1289 2117 sed
1317 2062 1495 2133 potius
1521 2068 1829 2131 peccatores

230 2164 431 2230 lugent,
459 2174 620 2229 quam
653 2158 780 2225 ipsis
813 2155 1153 2209 maledicam.
1181 2152 1294 2208 Hoc
1324 2162 1377 2206 ct
1403 2167 1502 2207 nos
1531 2151 1784 2206 faciamus
1811 2170 1824 2205 :

231 2254 507 2322 lugeamus
550 2247 939 2312 Herodiadem,
974 2256 1028 2301 et
1062 2261 1156 2300 eos
1201 2246 1289 2315 qui
1340 2245 1483 2298 illam
1530 2244 1824 2298 imitantur.

230 2344 387 2399 Multa
424 2359 658 2412 namque
687 2340 846 2396 etiam
878 2336 1363 2406 nunc‘hujusmodi
1397 2335 1643 2390 convivia
1674 2336 1825 2391 cele-

230 2434 473 2489 brantur.
502 2436 677 2503 Atque
701 2431 906 2486 etiamsi
936 2429 1170 2484 Joannes
1197 2443 1305 2482 non
1331 2428 1697 2493 interficiatur,
1730 2429 1825 2483 sed

229 2525 427 2580 Christi
463 2524 707 2579 membra
737 2523 893 2592 longe
919 2524 1136 2592 gravius
1163 2520 1510 2590 impetuntur.
1537 2520 1653 2575 Non
1682 2524 1825 2577 enim

229 2628 382 2687 caput
412 2618 466 2671 in
495 2617 645 2672 disco
671 2625 858 2685 petunt
891 2614 924 2668 ii
948 2614 1037 2684 qui
1064 2629 1206 2668 nunc
1234 2610 1557 2683 tripudiant,
1584 2610 1678 2672 sed
1705 2618 1825 2671 ani-

229 2729 341 2768 mas
365 2715 531 2769 simul
573 2712 1019 2769 recumbentium.
1044 2711 1176 2767 Cum
1207 2723 1383 2768 autem
1423 2713 1541 2767 illos
1572 2714 1622 2768 in
1654 2714 1824 2790 servi—

231 2817 394 2867 Intern
427 2808 732 2878 redegerint
755 2849 769 2869 ,
801 2817 853 2860 et
887 2806 951 2859 ad
987 2807 1196 2876 iniquos
1239 2807 1547 2860 induxerint
1575 2821 1822 2875 amores,

230 2901 650 2970 tueretricesque
701 2898 1080 2962 adhibuerim,
1124 2913 1229 2952 non
1274 2907 1430 2967 caput
1470 2893 1822 2964 abscindunt,

230 2993 317 3048 sed
341 2992 581 3046 animam
599 2991 860 3062 jugulant,
887 2991 1012 3044 dum
1034 2991 1160 3045 illos
1182 2989 1443 3054 moechos,
1467 2989 1822 3056 effeminatos,

229 3091 278 3138 et
299 3084 546 3138 exoletos
572 3082 819 3136 reddunt.
849 3081 1029 3148 Neque
1052 3080 1194 3136 enim
1224 3080 1351 3133 mihi
1377 3081 1598 3144 dixeris,
1626 3092 1674 3134 te
1703 3082 1825 3134 vino

229 3183 436 3245 captum
467 3184 522 3227 et
549 3173 757 3227 ebrium
792 3173 1070 3226 mulierem
1098 3173 1402 3236 saltantem,
1427 3187 1545 3238 qure
1573 3173 1823 3226 obscmna

229 3265 491 3336 loquitur,
526 3266 641 3319 sine
671 3265 776 3318 ullo
807 3264 1255 3332 concupiscentia
1296 3272 1441 3316 motu
1475 3263 1655 3316 videre
1677 3304 1690 3327 ,
1727 3279 1823 3316 ne-

230 3378 326 3431 que
364 3363 636 3432 voluptate
678 3363 872 3415 victum
911 3360 976 3413 ad
1020 3361 1288 3413 lasciviam
1330 3358 1476 3412 ferri.
1514 3357 1646 3413 Illud
1677 3369 1824 3412 certe

227 3455 482 3509 horribile
515 3455 744 3523 pateris,
777 3463 831 3507 ut
872 3453 1111 3506 membra
1141 3449 1341 3505 Christi
1384 3447 1547 3503 facias
1584 3449 1822 3502 membra

227 3546 543 3601 meretricis.
571 3543 703 3599 Nam
742 3545 839 3597 etsi
882 3559 987 3598 non
1024 3541 1164 3595 adsit
1204 3541 1308 3594 filia
1347 3538 1694 3604 llerodiadis,
1729 3537 1823 3593 sed

226 3639 310 3709 qui
343 3654 439 3707 per
475 3637 619 3691 illam
657 3645 783 3690 tunc
823 3635 1040 3688 saltavit
1077 3633 1322 3687 diabolus
1348 3673 1360 3694 ,
1403 3647 1495 3700 per
1530 3632 1644 3685 illas
1684 3645 1825 3686 nunc

227 3731 450 3784 choreas
489 3729 635 3798 agit,
667 3728 881 3796 abitque
925 3725 1131 3778 animas
1171 3723 1618 3777 discumbentium
1660 3737 1822 3792 agens

227 3824 480 3892 captivas.
516 3820 666 3889 Quod
710 3821 753 3873 si
797 3835 890 3871 vos
932 3818 1155 3886 potestis
1184 3815 1500 3870 ebrietatem
1537 3815 1704 3868 vitare
1727 3855 1741 3878 ,
1771 3823 1825 3868 at

228 3915 444 3971 alterius
483 3914 683 3983 peccati
722 3911 1017 3983 gravissimi
1053 3909 1336 3978 participes
1375 3906 1503 3960 estis
1538 3925 1549 3960 :
1583 3907 1824 3976 plurimis

229 4025 454 4082 namque
483 4009 688 4079 rapinis
729 4004 1030 4075 IiIIjIISIIioIli
1062 4002 1304 4056 convivia
1333 4009 1600 4054 Constant.
1629 3998 1706 4053 Ne
1731 4015 1823 4068 ap-

229 4104 424 4172 positas
446 4115 637 4155 carnes
662 4098 976 4166 respexeris.
1004 4110 1101 4148 nec
1121 4095 1420 4169 placentas;
1440 4092 1532 4146 sed
1558 4091 1820 4145 undenam

228 4195 339 4250 luce
363 4195 588 4250 collecta
620 4193 727 4246 sint
755 4191 947 4258 cogita,
978 4199 1030 4242 et
1060 4187 1264 4241 videbis
1293 4187 1379 4240 illa
1410 4201 1474 4241 ex
1499 4185 1740 4251 avaritia,
1769 4195 1820 4240 et

228 4289 296 4346 vi.
329 4297 384 4343 et
416 4287 600 4354 rapina
635 4283 916 4353 proﬁcisci.
952 4280 1171 4343 Verum,
1206 4279 1432 4348 inquies,
1465 4279 1580 4332 hace
1616 4294 1718 4332 non
1753 4279 1820 4332 ita

229 4389 372 4447 parta
403 4386 566 4441 sunt;
596 4374 774 4429 absit!
823 4373 874 4427 id
914 4388 1013 4441 ego
1055 4372 1275 4426 minime
1316 4371 1491 4425 velim.
1540 4369 1736 4424 Verum
1775 4371 1821 4424 si

229 4473 323 4528 hac
350 4473 402 4526 in
430 4481 582 4542 parte
613 4469 858 4524 convivia
889 4466 995 4520 sint
1019 4480 1146 4534 pura
1169 4504 1184 4528 ,
1215 4481 1319 4517 non
1351 4471 1528 4518 tamen
1561 4462 1647 4516 illa
1673 4478 1821 4516 suin-

230 4578 412 4637 ptnosa
459 4562 702 4619 cenvivia
747 4576 964 4629 prorsus
1011 4569 1136 4614 sunt
1182 4558 1408 4612 crimine
1451 4571 1635 4610 vacua.
1687 4555 1820 4608 Audi

229 4660 364 4712 enim
409 4653 682 4727 quomodo
725 4653 815 4706 illa
859 4651 941 4706 vel
988 4649 1306 4718 supradictis
1353 4663 1516 4701 vacua
1564 4645 1823 4717 propheta

231 4748 588 4820 reprehendat
615 4746 699 4809 his
729 4744 908 4799 verbis
939 4761 952 4796 :
992 4741 1080 4796 νω
1107 4743 1190 4812 qui
1217 4742 1382 4795 bibitis
1417 4740 1717 4812 defwcatum
1746 4741 1824 4793 ui-

229 4858 364 4903 uum,
391 4851 436 4895 et
462 4837 732 4910 unguentis
759 4835 934 4906 primis
967 4833 1212 4903 ungimini
1236 4832 1413 4897 (Amos
1457 4835 1510 4886 6.
1543 4830 1620 4901 6).
1661 4829 1824 4886 Vides

225 4933 453 5004 qualiter
476 4931 562 4986 hic
579 4929 799 4985 delicias
819 4924 1177 4996 reprehendat
1197 4924 1218 4977 ?
1238 4922 1423 4992 Neque
1439 4923 1580 4976 enim
1605 4921 1688 4975 bis
1713 4938 1823 4978 vero

226 5023 306 5079 bis
333 5022 613 5079 avaritiam
643 5021 932 5073 insectatur
951 5060 964 5080 ,
994 5016 1087 5070 sed
1117 5015 1311 5070 effusas
1337 5014 1560 5069 delicias
1593 5022 1816 5068 tantum.

295 5118 349 5169 fi.
393 5116 470 5170 Tu
502 5112 741 5168 comedis
770 5110 909 5165 ultra
954 5123 1256 5162 mensoram
1281 5149 1295 5168 ,
1326 5122 1446 5161 cum
1477 5106 1722 5160 Christus
1756 5122 1822 5159 ne

226 5208 440 5277 quidem
485 5204 786 5261 necessaria
817 5201 1038 5264 habeat;
1076 5210 1130 5251 tu
1161 5201 1432 5268 placentas
1467 5197 1670 5250 affatim
1691 5237 1704 5260 ,
1735 5197 1822 5251 ille

229 5315 294 5354 ne
323 5314 513 5368 panem
548 5297 765 5366 quidem
813 5292 1059 5356 aridum;
1113 5300 1165 5342 tu
1207 5284 1460 5361 Thasium
1500 5288 1680 5340 vinum
1713 5288 1819 5353 (α),

227 5390 327 5460 ipsi
361 5405 492 5444 vero
535 5405 602 5443 ne
648 5387 872 5440 calicem
915 5383 1127 5452 quidem
1173 5397 1327 5451 aqua:
1374 5380 1579 5449 frigidae
1623 5379 1820 5440 sitienti

227 5481 456 5545 dedisti;
488 5490 541 5535 tu
572 5480 623 5534 in
659 5479 801 5534 lceto
843 5475 988 5529 molli
1041 5484 1095 5526 et
1135 5481 1326 5526 ornato
1352 5471 1493 5540 iaces
1518 5511 1532 5533 ,
1577 5471 1663 5522 ille
1695 5486 1823 5523 vero

228 5575 324 5629 sub
349 5574 538 5644 frigido
567 5587 696 5628 aere
718 5569 885 5638 alget.
920 5565 1126 5621 Idcirco
1143 5564 1352 5619 etiamsi
1397 5563 1619 5614 avaritia
1659 5578 1822 5616 vacua

291 5729 368 5790 (ιι)
403 5730 549 5778 Thasii
575 5727 674 5777 vini
701 5725 820 5775 olim
841 5721 1151 5790 celeberrimi
1168 5718 1378 5790 “mentio
1412 5715 1646 5790 frequens
1671 5715 1824 5790 habet

231 5779 310 5902 alii"
347 5779 467 5854 apud
511 5793 810 5856 scriptores,
847 5784 1092 5844 Plautum,
1136 5781 1364 5842 Plinium,
1413 5779 1727 5837 Athenaeum,
1773 5785 1825 5828 et

233 5865 364 5903 alis.

3434 384 3535 440 ιβι

1945 500 2123 542 essent
2153 490 2393 543 convivia
2423 499 2530 553 tua,
2557 501 2730 545 tamen
2763 491 2884 546 ideo
2909 491 3164 562 flagitiosa
3212 505 3370 563 sunt,
3395 501 3537 569 quod

1946 592 1999 636 tu
2039 598 2200 652 supra
2253 585 2624 638 necessitatem
2686 585 2863 640 omnia
2923 585 3117 654 facias,
3167 589 3240 643 illi
3295 605 3421 644 vero
3473 609 3539 646 ne

1943 673 2157 743 quidem
2187 675 2483 729 necessaria
2518 676 2778 744 praebeas,
2809 692 2929 730 eum
2983 694 3044 731 ex
3096 680 3260 748 ipsius
3291 680 3443 737 bonis
3486 682 3537 736 in

1942 767 2151 822 deliciis
2182 769 2345 821 vivas.
2377 767 2537 825 Certe
2578 771 2619 821 si
2653 770 2803 838 pueri
2835 771 3130 841 cujmpiam
3175 775 3319 831 tutor
3346 791 3494 832 esses
3520 819 3537 841 ,

1943 858 2180 929 etipsius
2213 860 2348 916 bona
2370 863 2772 924 administrans.
2801 865 2970 933 ipsum
3002 867 3051 918 in
3090 870 3350 923 extremis
3389 872 3538 938 posi-

1943 963 2053 1006 tum
2101 955 2440 1023 despiceres,
2493 968 2778 1012 sexcentos
2828 960 3054 1014 haberes
3082 974 3442 1028 accusatores,
3476 980 3540 1019 ac

1943 1049 2235 1102 secundum
2288 1048 2433 1118 leges
2479 1065 2666 1119 painas
2710 1051 2870 1106 dares
2905 1069 2916 1104 :
2950 1068 3071 1107 cum
3108 1066 3287 1109 autem
3317 1072 3377 1110 ea
3418 1072 3538 1126 quae

1940 1139 2139 1194 Christi
2171 1150 2293 1195 sunt
2316 1141 2612 1210 acceperis,
2644 1151 2696 1200 et
2732 1144 2808 1198 sic
2836 1141 3030 1198 frustra
3060 1145 3296 1200 insunias
3316 1188 3330 1212 ,
3358 1163 3535 1202 annon

1944 1244 2096 1302 putas
2125 1243 2177 1288 te
2209 1236 2470 1290 rationem
2508 1236 2842 1290 redditurum
2875 1238 3041 1292 esse?
3071 1238 3197 1294 "me
3244 1256 3403 1309 porro
3430 1257 3534 1296 non

1939 1326 2006 1381 de
2057 1326 2159 1380 illis
2187 1326 2327 1393 dico,
2379 1328 2467 1398 qui
2508 1329 2821 1384 meretrices
2860 1331 2926 1383 ad
2985 1349 3222 1386 mensam
3276 1332 3541 1390 inducunt-

1941 1418 2067 1488 (illis
2107 1419 2303 1490 quippe
2331 1436 2435 1472 non
2482 1421 2652 1491 magis
2686 1437 2845 1492 quam
2882 1425 3103 1478 canibus
3151 1426 3528 1498 loquendum),

1943 1527 2038 1563 nec
2069 1511 2134 1564 de
2166 1513 2466 1578 raptouibus
2490 1514 2578 1580 qui
2606 1514 2832 1567 aliorum
2875 1524 3090 1571 ventres
3118 1517 3340 1587 implent
3363 1520 3379 1587 (
3404 1519 3536 1574 nihil

1938 1605 2081 1656 enim
2115 1617 2399 1657 commune
2444 1620 2565 1659 cum
2610 1606 2714 1660 illis
2748 1605 2919 1661 habeo
2944 1651 2957 1671 ,
2987 1616 3042 1660 ut
3070 1624 3167 1664 nec
3204 1626 3326 1664 eum
3356 1613 3535 1681 porcis

1937 1693 2020 1748 vel
2044 1694 2234 1766 lupis),
2272 1695 2366 1748 sed
2395 1694 2462 1749 de
2484 1695 2587 1749 illis
2608 1699 2783 1768 agitur
2810 1699 2899 1766 qui
2927 1699 3082 1754 bonis
3108 1700 3357 1756 fruuntur
3378 1705 3488 1760 suis
3514 1746 3531 1770 ,

1938 1804 2037 1844 nec
2062 1789 2183 1844 aliis
2228 1790 2554 1860 largiuntur;
2597 1791 2666 1845 de
2691 1790 2756 1846 iis
2777 1792 2866 1862 qni
2897 1803 3117 1862 paterna
3157 1795 3296 1850 bona
3339 1796 3532 1853 frustra

1936 1891 2277 1938 consumunt.
2306 1882 2490 1953 Neque
2513 1884 2655 1938 enim
2686 1883 2738 1937 hi
2780 1884 3005 1942 crimine
3032 1889 3182 1943 vacui
3214 1897 3358 1944 sunt.
3399 1891 3532 1945 Nam

1935 1984 2227 2044 quomoao,
2261 1991 2469 2045 quteso,
2506 1977 2876 2032 accusationes
2914 1987 2970 2034 et
3019 1980 3231 2050 culpam
3283 1981 3528 2054 effugias,

1935 2069 2151 2138 quando
2199 2070 2462 2138 parasitus
2493 2078 2734 2125 ventrem
2781 2073 2983 2142 implet,
3030 2083 3087 2128 ut
3133 2087 3186 2129 et
3222 2077 3392 2142 canis,
3435 2081 3526 2146 qui

1934 2161 2140 2225 adstat;
2164 2161 2288 2216 dum
2318 2161 2563 2217 Christus
2593 2179 2659 2218 ne
2691 2164 2793 2219 hoc
2813 2164 3026 2234 quidem
3050 2167 3310 2222 beneficio
3340 2168 3530 2240 dignus

1934 2257 2075 2328 apud
2107 2267 2156 2312 te
2181 2256 2449 2311 habetur?
2475 2257 2688 2327 quando
2718 2257 2781 2323 is,
2807 2259 2896 2328 qui
2924 2261 3088 2315 risum
3120 2270 3298 2317 movet
3325 2304 3341 2328 ,
3385 2274 3529 2318 tanta

1933 2351 2157 2420 accipit;
2187 2350 2274 2405 ille
2295 2362 2495 2418 autem,
2525 2351 2614 2421 qui
2638 2366 2860 2420 regnum
2877 2353 3131 2408 calorum
3150 2354 3201 2407 in
3228 2356 3528 2412 mercedem

1934 2443 2110 2506 offert,
2139 2458 2206 2498 ne
2228 2490 2234 2495 .
2260 2444 2536 2498 minimam
2579 2444 2794 2512 quidem
2824 2445 3014 2500 horum
3069 2447 3315 2516 partem?
3353 2449 3443 2503 ille
3471 2459 3530 2504 ut

1936 2535 2104 2590 facete
2144 2535 2343 2606 aliquid
2386 2535 2548 2600 dicat,
2595 2536 2820 2591 satiatus
2859 2536 2999 2602 abit;
3031 2538 3118 2595 hic
3161 2554 3292 2595 vero
3337 2540 3424 2608 qui
3461 2556 3528 2594 ea

1934 2628 2110 2690 docet,
2143 2642 2262 2695 quin
2293 2627 2397 2690 nisi
2428 2625 2810 2694 didicerimus,
2842 2627 2971 2681 nihil
3007 2645 3034 2681 II
3066 2631 3288 2684 canibus
3316 2629 3531 2685 differe-

1935 2736 2075 2778 mus.
2106 2734 2212 2774 non
2242 2719 2431 2784 eodem
2470 2735 2576 2787 quo
2605 2721 2695 2775 ille
2725 2719 2988 2776 beneficio
3015 2722 3294 2792 dignatur?
3327 2724 3527 2780 Horro-

1932 2815 2039 2868 scis
2066 2811 2180 2867 bare
2195 2810 2503 2868 audiendo?
2529 2812 2794 2868 Horrcsee
2813 2827 2942 2884 ergo
2970 2813 3036 2871 de
3065 2813 3237 2869 factis.
3264 2815 3409 2885 Ejice
3431 2833 3525 2886 pa-

1933 2907 2150 2972 rasitos,
2180 2916 2233 2960 et
2254 2905 2338 2961 fac
2364 2916 2538 2960 tecum
2563 2905 2886 2962 accumbere
2919 2907 3210 2964 Christum.
3240 2909 3307 2965 Si
3341 2911 3451 2966 cale
3475 2922 3529 2967 et

1933 3014 2117 3054 mensa
2149 3011 2321 3054 tecum
2350 3000 2852 3066 communicaverit,
2882 3011 3193 3059 mansuetus
3234 3002 3336 3058 tibi
3362 3002 3528 3072 jndex

1932 3092 2035 3144 erit
2065 3110 2078 3144 :
2111 3091 2250 3145 solet
2273 3092 2508 3146 revereri
2557 3106 2820 3162 mensam.
2851 3091 2913 3146 Si
2951 3108 3181 3161 namque
3212 3094 3263 3148 id
3292 3096 3530 3151 latrones

1932 3183 2166 3246 faciant,
2199 3194 2399 3253 quanto
2429 3185 2598 3254 magis
2636 3185 2936 3240 Dominus?
2974 3185 3160 3257 Cogita
3199 3188 3342 3243 enim
3389 3205 3528 3257 quo-

1934 3278 2093 3332 niodo
2110 3279 2449 3332 meretricem
2477 3277 2620 3332 illam
2639 3293 2670 3332 a
2687 3291 2873 3332 mensa
2894 3287 2952 3333 ut
2958 3278 3159 3347 justam
3179 3280 3526 3349 laudaverit‘,

1931 3384 1994 3422 ac
2015 3368 2218 3423 Simoni
2260 3368 2668 3438 exprobraverit
2714 3370 2904 3424 dicens
2940 3389 2953 3424 :
2988 3369 3240 3426 Osculum
3267 3375 3396 3429 mihi
3423 3391 3527 3428 non

1932 3461 2114 3515 dedisti
2143 3459 2162 3534 (
2195 3458 2320 3515 an.
2356 3462 2406 3514 7.
2436 3462 2506 3518 45
2531 3462 2574 3532 δ.
2598 3461 2749 3527 Quod
2779 3461 2823 3516 si
2853 3470 2904 3516 te
2932 3459 3048 3518 hinc
3087 3479 3197 3519 uim
3241 3462 3528 3524 facientem

1932 3554 2121 3616 nutrit,
2159 3555 2327 3607 multo
2360 3554 2528 3623 magis
2573 3552 2859 3608 facientem
2892 3554 3144 3612 mercede
3183 3555 3429 3611 donabit.
3451 3556 3530 3614 Ne

1933 3648 2144 3716 inopem
2165 3647 2453 3715 despicias,
2477 3645 2620 3716 quod
2646 3645 2894 3706 sordidus
2912 3659 2965 3702 et
2988 3647 3262 3717 squalidus
3275 3649 3528 3716 accedat;

1932 3740 2029 3796 sed
2055 3739 2253 3810 cogita,
2280 3739 2553 3794 Christum
2585 3754 2680 3808 per
2707 3737 2879 3808 ipsum
2905 3739 3130 3793 domum
3164 3749 3309 3796 tuam
3338 3740 3488 3812 adire
3509 3785 3528 3810 ,

1934 3849 2001 3889 ne
2031 3848 2222 3904 pergas
2249 3833 2394 3886 illum
2429 3833 2735 3887 inhumanis
2779 3834 2958 3887 verbis
2998 3833 3267 3889 incessere
3288 3877 3303 3901 ,
3334 3835 3530 3905 quibus

1932 3927 2249 3983 accedentes
2298 3927 2564 3983 lacessere
2620 3926 2800 3990 soles,
2851 3925 3188 3995 importunus
3246 3928 3528 3995 vocando,

1933 4022 2139 4075 otiosos
2160 4061 2174 4083 ,
2203 4019 2652 4090 gravioribusque
2695 4019 2817 4074 aliis
2845 4019 3153 4074 nominibus
3184 4021 3528 4089 appellando.

1932 4113 2144 4183 Cogites
2174 4113 2333 4167 velim
2365 4112 2579 4182 quando
2603 4112 2721 4166 hare
2749 4113 2904 4176 dicis,
2931 4128 3051 4182 quin
3079 4113 3169 4167 tibi
3189 4129 3351 4182 opera
3381 4130 3534 4184 para-

1931 4209 2017 4262 siti
2043 4208 2258 4273 faciant,
2290 4222 2355 4258 an
2385 4205 2436 4259 in
2477 4205 2656 4275 aliquo
2694 4203 2940 4259 familiari
2977 4206 3051 4260 rei
3087 4213 3189 4258 tua:
3214 4206 3321 4260 sint
3351 4206 3527 4260 utiles.

1933 4299 2244 4362 Prandium,
2301 4299 2530 4367 inquies,
2579 4297 2795 4350 suavius
2844 4296 3093 4351 reddunt.
3145 4297 3211 4351 Et
3260 4297 3532 4366 quomodo

1931 4391 2166 4454 suavius,
2192 4389 2316 4444 dum
2341 4387 2510 4457 alapis
2533 4386 2813 4441 etcduntur
2828 4401 2890 4442 ac
2917 4387 3088 4456 turpia
3110 4388 3440 4458 loquuntur?
3467 4390 3532 4443 Et

1930 4485 2055 4551 quid
2088 4483 2184 4535 hac
2214 4497 2271 4534 re
2301 4480 2576 4534 insuavius
2604 4520 2617 4542 ,
2664 4477 2879 4548 quando
2919 4477 2964 4532 is
3002 4479 3091 4547 qui
3135 4480 3202 4533 ad
3242 4480 3530 4552 imaginem

1933 4577 2024 4630 Dei
2059 4576 2226 4628 factus
2258 4583 2341 4627 est
2360 4572 2603 4635 caeditur,
2629 4579 2764 4625 etex
2785 4570 2883 4624 hac
2900 4571 3224 4626 contumelia
3255 4573 3531 4643 voluptate

1932 4665 2184 4729 afficeris,
2217 4663 2360 4718 cedes
2379 4671 2496 4717 tnas
2518 4663 2568 4715 in
2602 4661 2865 4716 theatrum
2893 4671 3235 4729 convertens,
3261 4680 3322 4718 ac
3351 4659 3531 4719 mimis

1934 4755 2185 4809 convivia
2196 4770 2243 4805 ιιι
2262 4753 2492 4821 replens.
2509 4751 2862 4820 scenicosque
2876 4767 3034 4806 rasos
3047 4751 3422 4816 lmitaI-is,cmn
3440 4766 3529 4805 no-

1937 4845 2061 4899 bilis
2075 4844 2317 4911 liberque
2339 4843 2411 4895 sis
2425 4840 2589 4895 ?Nam
2610 4842 2681 4895 ibi
2701 4841 2846 4896 risus
2859 4842 3093 4912 etalapm
3106 4842 3530 4898 visunturleee-

1936 4937 2077 5000 eine,
2103 4950 2310 5004 quazso,
2341 4934 2668 5003 voluptatem
2702 4936 2963 5004 appellas,
2993 4951 3115 5005 qua“:
3149 4936 3335 4989 multis
3366 4936 3526 5004 digna

1938 5037 2068 5081 sunt
2092 5028 2365 5097 lacrymis,
2383 5027 2597 5081 ﬂetibus
2613 5069 2626 5092 ,
2647 5028 2974 5097 gemitibus?
2989 5045 3111 5083 rum
3136 5038 3412 5099 oporteret
3433 5043 3526 5083 eos

1932 5130 1997 5183 ad
2028 5130 2184 5181 vitam
2221 5125 2442 5194 probam
2474 5137 2748 5187 revocare,
2777 5121 2841 5176 ad
2869 5121 3104 5176 officium
3135 5122 3358 5186 hortari,
3386 5134 3437 5174 III
3461 5122 3529 5176 ad

1934 5224 2189 5292 pcI-juria,
2225 5221 2496 5286 verbaque
2539 5218 2709 5285 turpia
2759 5230 3040 5286 provocas,
3070 5215 3260 5270 ethoc
3285 5215 3533 5284 volupta-

1933 5328 2037 5369 tem
2065 5314 2340 5384 appellas?
2367 5311 2614 5381 quodque
2635 5309 2700 5362 ad
2730 5307 3030 5379 gehennam
3048 5307 3214 5373 ducit,
3247 5304 3535 5376 voluptatis

1932 5417 2303 5478 argumentum
2328 5421 2446 5457 esse
2476 5403 2666 5472 putas?
2688 5402 2819 5454 Cum
2840 5401 2982 5455 enim
3013 5401 3185 5456 facete
3206 5399 3332 5471 quid
3354 5399 3535 5454 dicere

1935 5499 2150 5569 parasiti
2197 5515 2299 5551 non
2335 5505 2590 5564 pOSsunl,
2635 5493 2957 5561 juramentis
3005 5507 3068 5546 ac
3116 5492 3366 5562 perjurlis
3415 5505 3536 5545 sese

1935 5591 2059 5644 hinc
2084 5587 2390 5657 expediunt.
2439 5585 2684 5641 llaeccine
2734 5584 2844 5638 risu
2893 5583 3095 5654 digna?
3135 5600 3316 5638 annon
3363 5581 3537 5653 potius

1953 5873 1956 5878 .
2005 5835 2014 5862 ι
2039 5838 2180 5882 Juxta
2200 5829 2338 5879 savii.
2364 5829 2626 5892 legendum
2655 5836 2808 5888 esset,
2829 5839 2859 5875 (ι
2877 5838 3040 5877 numsa
3063 5835 3225 5877 niuem
3247 5823 3501 5876 I'eddider.
