4154 6324
640 329 739 382 J95

640 441 885 512 lacrymis
910 449 960 493 et
979 435 1221 492 ﬂetibus?
1249 434 1311 488 Et
1342 432 1455 502 quis
1494 439 1671 485 mente
1706 427 1888 483 valens
1917 428 1994 483 sic
2021 424 2206 496 loqua-

639 535 761 588 tur?

712 626 762 678 7.
806 623 927 678 [lace
951 635 1107 690 porro
1150 618 1290 683 dico,
1334 632 1436 671 non
1462 629 1567 686 quo
1608 612 1911 683 prohibeam
1956 611 2205 666 alimenta

645 717 768 783 ipsis
793 712 1134 783 suppeditari,
1163 710 1255 765 sed
1284 725 1349 764 ne
1371 708 1468 769 hac
1496 707 1563 762 de
1583 721 1738 761 causa
1765 703 2164 772 suppeditentur
2189 719 2200 753 :

644 803 999 867 lnnnauitatis,
1021 817 1124 855 non
1155 799 1491 853 immanitatis
1512 811 1666 851 causa
1695 796 2022 858 nutriantur;
2049 794 2206 847 mise-

645 893 865 950 ricordia
897 893 1054 958 adsit,
1084 908 1186 946 non
1216 890 1554 945 contumelia.
1589 888 1847 941 Alimenta
1881 885 1976 955 ipsi
2006 884 2201 954 praebe,

639 990 759 1058 quia
802 1002 1000 1057 pauper
1033 994 1113 1041 est
1137 1025 1151 1050 ,
1202 995 1256 1039 et
1284 985 1403 1054 quia
1444 983 1494 1037 in
1527 981 1616 1036 illo
1657 979 1924 1036 Christum
1948 978 2069 1042 alis,
2101 991 2203 1030 non

641 1090 815 1135 autem
855 1080 975 1148 quia
1022 1078 1254 1133 satanica
1284 1075 1482 1130 inducit
1523 1074 1703 1138 verba,
1753 1088 2008 1143 suamque
2044 1072 2204 1126 vitam

640 1172 902 1238 detnrpat.
930 1169 1045 1224 Noli
1069 1168 1378 1237 conspicere
1406 1164 1687 1230 ridentem,
1715 1164 1807 1220 sed
1828 1161 2205 1219 conscientiam

640 1261 755 1329 ejus
784 1260 1018 1329 explora,
1047 1267 1100 1314 et
1123 1267 1244 1312 tune
1268 1255 1469 1311 videbis
1500 1256 1670 1326 ipsum
1701 1270 1818 1310 sese
1833 1255 2024 1308 millies
2045 1253 2206 1307 male-

639 1353 921 1414 dicentem,
952 1358 1247 1421 gementem
1269 1359 1423 1415 atque
1445 1348 1799 1417 plangentem.
1832 1347 1999 1413 Quam
2030 1361 2139 1400 rem
2162 1343 2208 1399 si

640 1444 887 1509 occultat,
913 1453 1123 1512 propter
1150 1453 1199 1495 te
1216 1441 1461 1496 Occultat.
1494 1438 1752 1494 Convivas
1787 1437 2037 1492 adhibeto
2065 1438 2208 1491 viros

648 1549 903 1603 pauperes
949 1533 1270 1602 liberosque,
1321 1547 1425 1585 non
1471 1531 1713 1601 perjuros
1766 1531 1847 1585 vel
1896 1530 2107 1584 mimos.
2150 1527 2208 1583 Si

644 1623 774 1678 velis
795 1633 968 1677 autem
998 1633 1053 1677 ut
1077 1623 1304 1692 aliquam
1329 1621 1423 1676 tibi
1449 1623 1615 1676 vicem
1639 1621 1928 1691 rependant
1949 1663 1962 1685 ,
1982 1619 2129 1689 jube,
2162 1620 2206 1673 si

643 1717 765 1786 quid
792 1715 1017 1770 viderint
1043 1715 1371 1778 indecorum,
1414 1714 1708 1783 increpare,
1740 1728 1959 1767 monere
1983 1753 1995 1777 ,
2027 1727 2208 1767 curam

644 1807 830 1862 donms
852 1817 906 1861 et
933 1805 1144 1861 faerias
1166 1807 1380 1860 habere.
1422 1805 1582 1859 Filios
1625 1803 1829 1859 habes?
1869 1804 1986 1857 Sint
2036 1812 2208 1856 tecum

647 1912 820 1970 patres
851 1898 1106 1968 ipsorum,
1135 1904 1190 1952 et
1211 1897 1467 1966 magistri,
1486 1897 1628 1951 lucra
1662 1895 1752 1949 tibi
1796 1902 2066 1965 reportent
2103 1895 2212 1949 Deo

646 1994 856 2063 placita.
904 1991 962 2045 In
1011 1990 1415 2061 negotiationem
1445 1988 1769 2058 spiritualem
1814 1988 1932 2042 illos
1964 1987 2205 2041 immitte.

645 2083 701 2138 Si
733 2090 973 2150 egentem
1023 2080 1316 2152 patrocinio
1347 2079 1561 2144 videris,
1607 2079 1806 2148 impera
1850 2089 1907 2132 ut
1957 2077 2208 2131 auxilium

646 2181 897 2243 praestent
930 2185 984 2229 et
1009 2171 1429 2227 subministrent.
1461 2170 1658 2225 Horum
1692 2169 1986 2224 ministerio
2016 2184 2212 2224 venare

648 2264 971 2335 peregrinos,
998 2263 1167 2318 nudos
1196 2263 1355 2318 indue
1380 2302 1395 2328 ,
1430 2263 1483 2317 in
1506 2277 1772 2317 carcerem
1801 2261 1950 2316 mitte
1975 2303 1988 2326 ,
2013 2262 2213 2316 alienas

646 2357 794 2411 solve
823 2355 1183 2410 necessitates.
1216 2353 1364 2409 Hanc
1384 2353 1479 2408 tibi
1507 2353 1576 2407 ob
1604 2352 1992 2422 suppeditatam
2030 2352 2215 2406 alimo-

647 2447 786 2502 niam
817 2448 983 2501 vicem
1016 2445 1327 2516 rependant,
1359 2460 1477 2516 quaa
1518 2453 1574 2499 et
1601 2443 1693 2498 tibi
1721 2453 1775 2498 et
1799 2444 1900 2498 illis
1929 2443 2131 2512 prosit,
2163 2451 2218 2497 et

646 2552 764 2608 quae
793 2536 1076 2608 improbari
1109 2551 1391 2605 numquam
1418 2542 1611 2605 potest.
1645 2534 1777 2588 Hinc
1800 2534 2063 2588 strictiore
2083 2534 2217 2588 ami-

647 2631 786 2685 citia:
812 2630 1018 2685 vinculo
1041 2627 1353 2700 jungemini.
1376 2627 1524 2683 Nune
1544 2628 1708 2692 enim,
1730 2626 1933 2681 etiamsi
1959 2634 2140 2694 putent
2158 2640 2216 2680 se

650 2722 839 2787 atuari,
868 2730 1098 2776 attamen
1129 2719 1450 2775 erubescunt
1484 2717 1635 2788 quasi
1663 2718 1827 2787 gratis
1872 2715 2010 2786 apud
2057 2725 2111 2770 te
2139 2716 2218 2769 vi-

654 2823 874 2880 ventes;
906 2814 950 2869 si
977 2824 1153 2868 autem
1176 2813 1290 2867 hac
1317 2810 1658 2882 perfecerint,
1696 2808 1913 2865 liberius
1941 2819 2097 2880 agent
2121 2849 2135 2874 ,
2165 2820 2220 2864 et

649 2914 708 2961 tu
736 2906 987 2961 libentius
1019 2919 1254 2959 mensam
1286 2904 1579 2974 praebebis,
1623 2911 1803 2972 utpote
1839 2902 1925 2972 qui
1976 2912 2219 2970 sumptus

651 3012 756 3052 non
794 2998 910 3052 sine
957 2995 1129 3050 fructu
1172 2993 1459 3065 profundas
1487 3010 1501 3045 :
1533 2993 1608 3048 illi
1649 3007 1768 3048 cum
1799 2992 1986 3046 fiducia
2043 3003 2216 3046 tecum

653 3089 852 3154 vivent,
878 3096 1075 3142 etcum
1098 3086 1305 3142 decenti
1335 3085 1598 3149 libertate,
1625 3083 1917 3152 domusque
1945 3093 2030 3136 tua
2054 3125 2068 3148 ,
2101 3099 2217 3153 quae

657 3179 918 3232 theatrum
948 3185 1085 3242 erat,
1109 3176 1333 3233 ecclesia
1356 3175 1576 3240 evadet,
1604 3174 1844 3230 diabolus
1869 3173 2102 3243 aufugiet
2125 3216 2139 3238 ,
2168 3176 2220 3229 in

653 3285 767 3324 eam
787 3269 1026 3324 Christus
1054 3283 1170 3324 eum
1200 3267 1506 3337 angelorum
1531 3267 1695 3322 choro
1726 3264 1957 3320 intrabit.
1985 3265 2113 3319 Nam
2133 3265 2221 3320 ubi

652 3363 914 3428 Christus,
957 3352 1026 3417 ibi
1053 3362 1223 3432 angeli
1256 3362 1271 3393 ⁸
1309 3380 1322 3415 :
1353 3360 1439 3415 ubi
1469 3375 1594 3415 vero
1629 3358 1869 3418 Christus
1919 3371 1974 3414 et
2012 3359 2219 3429 angeli,

655 3452 723 3507 ibi
749 3452 958 3516 cadum,
989 3452 1057 3507 ibi
1088 3452 1174 3506 lux
1203 3451 1361 3507 solari
1391 3450 1736 3521 splendidior.
1769 3450 1825 3504 Si
1852 3459 2026 3504 autem
2064 3451 2220 3504 aliam

653 3541 811 3596 abiis
839 3543 965 3612 ipsis
1003 3542 1416 3596 consolationem
1457 3542 1534 3595 vis
1561 3541 1652 3594 tibi
1678 3555 1882 3610 parere,
1927 3556 2020 3610 per
2057 3542 2221 3596 otium

653 3632 776 3703 iube
803 3632 920 3688 illos
939 3633 1169 3687 divinam
1197 3632 1364 3702 legem
1394 3632 1445 3686 iu‘
1477 3631 1611 3686 libro
1647 3632 1843 3703 legere.
1873 3632 2147 3687 Libentius
2169 3633 2223 3687 iu

722 3839 734 3859 ι
773 3835 896 3889 Ilaec,
934 3837 1050 3891 Num
1089 3827 1168 3878 ubi
1196 3814 1431 3888 Christus,
1466 3826 1535 3891 ibi
1571 3827 1747 3891 angeli,
1783 3829 1962 3881 desunt
1992 3842 2040 3877 m
2080 3829 2219 3880 Savil.

653 3897 814 3949 Itmw,
840 3899 893 3940 ut
915 3889 1121 3949 videtur,
1145 3904 1232 3953 per
1254 3888 1681 3940 homteoteleuwu.

1995 4029 2090 4036 ...-

1372 318 1423 373 S.
1467 311 1739 371 JOANNIS
1772 303 2243 366 CHRYSOSTOMI
2282 308 2592 366 ARCIIIEP.
2634 311 3160 371 CONSTANTINOP.

3778 323 3881 378 N6

2313 424 2393 479 his
2423 427 2513 479 tibi
2543 443 2744 483 merent
2765 440 2968 499 gerent,
2989 447 3147 501 quam
3179 431 3230 486 in
3258 432 3392 487 aliis.
3424 431 3547 490 llaec
3572 438 3712 491 enim
3755 449 3809 492 et
3833 450 3885 494 te

2310 527 2363 573 et
2392 519 2507 573 illos
2547 519 2880 576 honestiores
2924 522 3190 592 efﬁciunt;
3233 524 3322 578 illa
3367 541 3513 589 vero.
3563 543 3681 596 qua:
3723 545 3885 597 supra

2311 610 2534 664 diximus
2555 651 2570 675 ,
2600 626 2786 666 omnes
2828 611 2986 667 simul
3025 613 3351 670 dedecorant
3383 636 3396 672 :
3430 625 3480 672 te
3513 627 3569 671 ut
3604 627 3887 675 contume-

2311 703 2500 758 liosum
2520 713 2573 760 et
2604 706 2967 773 temulentum,
2994 707 3114 764 illos
3145 718 3202 763 ut
3230 711 3452 765 miseros
3481 721 3534 766 et
3567 715 3730 767 ventri
3764 729 3887 768 ser-

2309 796 2532 851 vieutes.
2562 795 2690 850 Nam
2734 799 2778 851 si
2827 798 2892 851 ad
2919 801 3292 855 contumeliam
3325 803 3524 857 nutrias
3545 845 3558 868 ,
3583 804 3632 857 id
3673 807 3890 874 gravius

2309 898 2410 954 est,
2442 904 2596 958 quam
2618 889 2663 944 si
2685 889 2989 955 occideres;
3046 893 3125 946 sin
3157 893 3224 946 ad
3273 895 3549 949 utilitatem
3579 904 3632 948 ct
3658 896 3889 962 lucrum,

2311 977 2362 1033 id
2389 977 2706 1034 fructuosius
2731 989 2832 1044 est,
2864 996 3021 1049 quam
3039 982 3085 1036 si
3112 982 3179 1036 ad
3205 993 3430 1039 mortem
3461 986 3716 1040 abductos
3748 988 3888 1043 libe-

2311 1085 2477 1125 rares.
2507 1071 2655 1127 Nunc
2671 1081 2845 1126 autem
2874 1073 2993 1127 illos
3008 1074 3175 1142 magis
3195 1090 3350 1143 qnam
3365 1091 3554 1131 servos
3574 1077 3889 1145 dedecoras,

2310 1171 2364 1216 et
2389 1162 2528 1216 servi
2556 1160 2741 1232 majori
2771 1163 2908 1233 apud
2938 1171 2991 1219 te
3018 1163 3208 1220 ﬁducia
3234 1181 3294 1220 ac
3331 1167 3575 1223 libertate
3615 1168 3887 1235 fruuntur;

2311 1254 2402 1308 illo
2427 1265 2602 1309 autem
2629 1255 2787 1310 modo
2815 1256 2933 1310 illos
2957 1257 3159 1326 angelis
3187 1274 3339 1328 pares
3368 1258 3522 1315 facis.
3557 1260 3622 1314 Et
3653 1271 3702 1316 te
3729 1262 3891 1331 igitur

2312 1354 2366 1400 et
2394 1344 2513 1400 illos
2540 1346 2704 1401 libera
2730 1388 2746 1412 ,
2789 1348 3138 1416 parasitorum
3172 1364 3362 1404 nomen
3414 1349 3481 1406 de
3521 1351 3699 1406 medio
3727 1352 3896 1418 tolle.

2311 1438 2567 1492 convivas
2595 1438 2820 1507 appella,
2849 1448 2904 1493 et
2931 1439 3082 1508 pulso
3110 1440 3443 1496 adulatorum
3471 1443 3685 1498 nomine
3704 1486 3718 1510 ,
3745 1445 3885 1498 ami-

2313 1546 2496 1587 corum
2526 1532 2683 1587 induc
2703 1533 3128 1602 appellationem.
3159 1533 3282 1589 Ideo
3297 1535 3556 1590 amicitias
3578 1536 3701 1592 fecit
3726 1537 3893 1601 Deus.

2316 1639 2419 1678 non
2464 1623 2516 1678 in
2550 1622 2801 1678 damnum
2853 1624 3164 1679 dilectorum
3209 1634 3262 1679 et
3302 1627 3652 1697 diligentium,
3685 1627 3777 1683 sed
3818 1627 3890 1682 ad

2315 1730 2498 1770 eorum
2529 1714 2723 1770 bonum
2748 1723 2907 1785 atque
2928 1716 3226 1771 utilitatem.
3275 1716 3382 1772 lllze
3428 1729 3602 1774 autem
3645 1719 3897 1775 amicitia

2319 1807 2590 1864 inimicitia
2626 1809 2770 1863 omni
2813 1817 2937 1863 sunt
2964 1810 3238 1879 graviores
3268 1825 3280 1861 :
3313 1824 3433 1864 nam
3472 1811 3541 1865 ab
3569 1811 3816 1880 inimicis,
3849 1813 3898 1868 si

2317 1901 2562 1967 velimus,
2584 1900 2778 1971 aliquid
2801 1901 2933 1956 lucri
2955 1901 3155 1955 referre
3172 1916 3484 1970 possumus;
3512 1902 3580 1956 ab
3608 1902 3689 1957 his
3716 1912 3899 1957 autem

2317 1993 2619 2048 necessario
2643 1992 2912 2047 laedimur.
2927 1991 3004 2048 Ne
3031 1993 3264 2050 retineas
3282 1992 3484 2049 amicos
3512 1992 3691 2048 damni
3722 1995 3896 2064 magi-

2317 2090 2487 2146 stros;
2516 2099 2583 2138 ne
2610 2082 2841 2138 retineas
2863 2083 3086 2150 amicos,
3117 2083 3207 2153 qui
3234 2099 3472 2139 mensam
3498 2085 3667 2155 magis
3701 2092 3899 2141 curant

2316 2189 2473 2244 quam
2502 2173 2808 2230 amicitiam.
2830 2174 2894 2230 Hi
2915 2174 3107 2245 quippe
3132 2189 3338 2239 omnes,
3370 2175 3412 2230 si
3441 2190 3639 2231 mensre
3669 2176 3894 2231 delicias

2319 2267 2516 2334 solvas,
2545 2267 2830 2322 amicitiam
2867 2268 3102 2323 solvunt.
3135 2267 3233 2333 Qui
3269 2276 3445 2324 autem
3485 2270 3697 2325 virtutis
3739 2285 3904 2326 causa

2323 2371 2493 2416 tecum
2523 2370 2825 2426 versantur,
2855 2371 3070 2417 manent
3100 2369 3378 2431 perpetuo,
3427 2377 3642 2417 omnem
3672 2361 3908 2418 ferentes

2322 2455 2543 2509 fortuna:
2563 2453 3049 2522 inaequabilitatem.
3079 2453 3441 2508 Parasitorum
3482 2469 3608 2508 vero
3641 2468 3809 2525 genus
3851 2464 3911 2509 te

2321 2561 2463 2617 smpe
2481 2547 2638 2602 etiam
2663 2546 2953 2610 ulciscitur,
2977 2555 3032 2601 et
3059 2547 3247 2600 malam
3273 2545 3342 2602 de
3369 2555 3420 2601 te
3455 2545 3910 2600 existimationem

2322 2639 2539 2709 spargit.
2570 2636 2698 2693 Novi
2729 2646 2874 2693 certe
2897 2637 3088 2692 multos
3116 2635 3374 2707 ingenuos
3397 2636 3561 2700 viros,
3593 2636 3680 2706 qui
3706 2635 3910 2690 malam

2325 2732 2446 2787 inde
2467 2732 2658 2785 famam
2687 2729 2786 2784 sibi
2831 2739 3173 2798 pepererunt,
3203 2737 3257 2784 et
3284 2727 3376 2782 alii
3395 2728 3462 2783 de
3490 2727 3746 2782 maleﬁcis
3769 2727 3910 2781 arti—

2327 2824 2443 2886 bus,
2490 2823 2577 2876 alii
2612 2822 2678 2876 de
2724 2820 3004 2886 adulterio,
3035 2819 3124 2873 alii
3165 2819 3233 2875 de
3282 2834 3564 2888 puerorum
3603 2817 3911 2887 corruptela

2324 2913 2553 2967 accusati
2582 2920 2722 2965 sunt.
2753 2909 2884 2964 Cum
2919 2910 3060 2964 enim
3103 2908 3232 2963 nihil
3271 2908 3450 2980 operis
3491 2909 3573 2963 vel
3611 2907 3770 2968 ofﬁcii
3807 2907 3915 2962 ba-

2325 3005 2506 3070 heant,
2533 3003 2627 3057 sed
2654 3012 2712 3056 ut
2741 3017 2897 3057 casus
2926 3002 3026 3056 fert
3049 3001 3212 3055 vitam
3241 3010 3424 3071 agant,
3456 3002 3506 3055 in
3547 3001 3911 3070 suspicionem

2327 3097 2564 3162 veniunt,
2592 3093 2734 3166 quod
2777 3091 2916 3146 idem
2944 3105 3007 3144 ae
3031 3091 3183 3159 pueri
3212 3091 3579 3146 ministerium
3596 3091 3914 3146 exhibeant.

2325 3187 2508 3243 Talem
2538 3199 2665 3256 ergo
2687 3185 2876 3236 tamam
2915 3190 2972 3236 ut
3019 3181 3412 3251 propulsemus,
3434 3178 3485 3232 in
3522 3177 3707 3247 primis
3729 3186 3786 3230 ut
3829 3180 3915 3231 luo

2330 3287 2504 3332 turam
2551 3275 2845 3344 gehennam
2876 3273 3124 3336 vitemus,
3157 3279 3211 3326 et
3241 3271 3347 3326 Deo
3398 3270 3588 3338 placita
3626 3266 3911 3332 faciamus,

2331 3368 2468 3422 hanc
2497 3365 2810 3422 diabolicam
2851 3360 3291 3416 consuetudinem
3337 3361 3629 3423 solvamus;
3666 3367 3721 3412 ut
3755 3372 3915 3410 man-

2330 3460 2586 3515 ducantes
2605 3466 2660 3513 et
2687 3457 2928 3512 bibentes
2950 3453 3121 3508 omnia
3146 3453 3211 3507 ad
3241 3453 3461 3523 gloriam
3506 3451 3596 3506 Dei
3629 3451 3916 3517 faciamus,

2330 3562 2383 3608 et
2406 3553 2571 3622 ipsius
2595 3549 2778 3621 glorire
2829 3549 2996 3602 simus
3029 3555 3306 3601 consertes
3350 3544 3447 3615 (2.
3480 3543 3595 3598 Cor.
3633 3543 3719 3596 lO.
3745 3543 3806 3596 3i
3846 3541 3862 3610 )
3901 3559 3914 3594 :

2329 3661 2485 3717 quam
2514 3659 2609 3698 nos
2633 3655 2818 3696 omnes
2846 3639 3055 3708 assequi
3083 3638 3369 3706 contingat,
3401 3634 3565 3705 gratia
3589 3644 3642 3689 et
3663 3633 3918 3702 benigni-

2333 3747 2439 3792 tate
2466 3733 2672 3790 Domini
2708 3731 2875 3788 noSIri
2908 3730 3034 3786 Jesn
3081 3729 3312 3793 Christi,
3335 3728 3418 3783 cui
3447 3727 3616 3798 gloria
3655 3735 3710 3781 et
3738 3726 3916 3794 impc-

2277 3887 2292 3906 ,
2331 3834 2464 3887 rium
2490 3847 2628 3885 nunc
2657 3839 2960 3897 etsemper,
2979 3834 3032 3880 et
3059 3825 3109 3879 in
3135 3823 3328 3879 saecula
3354 3821 3691 3878 sweulorum.
3712 3823 3919 3873 Amen.

1839 4100 2176 4162 HOMILIA
2226 4102 2456 4161 XLIX.
2506 4100 2590 4160 δι.
2647 4099 2719 4158 L.

657 4243 784 4298 Car.
837 4245 915 4296 li.
962 4260 1010 4296 v.
1044 4243 1131 4297 15.
1177 4243 1385 4296 Etcum
1424 4240 1643 4293 audisset
1669 4239 1837 4306 Iesus,
1881 4244 2078 4297 recessit
2115 4243 2233 4296 inde

732 4335 781 4385 in
808 4333 1039 4387 navicula
1062 4374 1075 4393 ,
1105 4333 1157 4384 in
1184 4332 1431 4384 desertum
1455 4331 1618 4383 locum
1639 4346 1859 4383 seorsum
1889 4346 1908 4384 .°
1933 4341 1980 4384 et
2001 4348 2114 4385 cum
2142 4350 2233 4383 au-

727 4425 910 4478 dissent
939 4423 1124 4488 turbae,
1154 4436 1372 4493 sequuta:
1419 4432 1533 4475 sunt
1576 4409 1689 4475 eum
1735 4421 1940 4491 pedibus
1974 4422 2035 4477 de
2062 4424 2234 4477 civita-

733 4517 880 4571 tibus.

737 4613 786 4664 l.
819 4610 949 4667 Vide
992 4611 1139 4664 illum
1179 4623 1322 4680 smpe
1368 4607 1742 4672 secedentem,
1769 4617 1822 4662 et
1847 4623 1966 4662 cum
2012 4609 2234 4662 traditus

662 4713 743 4757 est
763 4701 1013 4768 Joannes,
1035 4711 1089 4757 et
1115 4716 1235 4755 cum
1273 4701 1479 4754 occisus
1516 4707 1615 4761 est,
1639 4706 1692 4751 et
1715 4713 1836 4751 cum
1858 4697 2026 4752 Jude
2055 4699 2236 4754 audie-

666 4801 804 4856 runt,
835 4792 1003 4861 ipsum
1039 4791 1289 4862 plurimos
1320 4791 1493 4844 facere
1534 4790 1838 4858 discipulos.
1896 4789 2055 4843 Multa
2093 4805 2234 4844 enim

670 4884 880 4938 volebat
929 4885 1159 4938 humano
1185 4898 1334 4938 more
1380 4897 1650 4952 peragere,
1683 4898 1801 4936 cum
1835 4882 2066 4936 nondum
2101 4893 2234 4938 tem-

665 4994 760 5046 pus
793 4976 1095 5031 advenisset
1120 4991 1224 5044 quo
1263 4975 1512 5030 deitatem
1543 4989 1688 5026 suam
1717 4973 1908 5027 clarius
1955 4975 2234 5028 revelaret.

668 5070 788 5124 Ideo
817 5067 1089 5138 discipulis
1116 5065 1325 5121 dicebat
1348 5106 1362 5129 ,
1392 5064 1590 5119 nemini
1636 5072 1693 5117 ut
1729 5063 1985 5127 dicerent,
2016 5079 2076 5118 se
2121 5079 2240 5119 esse

667 5161 935 5213 Christum
962 5177 974 5212 :
1005 5173 1124 5212 nam
1165 5167 1280 5227 post
1308 5156 1748 5211 resurrectionem
1784 5171 1934 5209 suam
1976 5154 2027 5208 id
2057 5163 2236 5209 notum

674 5251 785 5304 lieri
811 5249 1020 5304 volebat
1051 5268 1063 5303 :
1096 5257 1416 5318 quapropter
1445 5261 1549 5300 non
1571 5262 1788 5301 severus
1817 5245 1908 5300 fuit
1946 5246 1997 5299 in
2027 5246 2239 5302 Judaaos

670 5341 758 5410 qui
789 5351 909 5396 ante
939 5341 1062 5395 illud
1087 5350 1292 5410 tempus
1323 5354 1424 5394 non
1445 5338 1742 5402 crederent,
1769 5340 1861 5393 sed
1891 5339 1939 5393 id
1963 5340 2066 5394 illis
2087 5341 2241 5397 facile

673 5431 1024 5487 condonabat.
1048 5431 1310 5487 "accedens
1341 5444 1501 5499 porro
1527 5444 1630 5483 non
1659 5429 1708 5483 in
1736 5430 2002 5484 civitatem
2029 5444 2087 5485 se
2113 5447 2242 5485 con-

672 5524 788 5587 lert,
807 5522 898 5577 sed
922 5522 972 5575 in
987 5521 1275 5586 desertum,
1292 5532 1447 5589 atque
1465 5522 1516 5574 in
1535 5521 1769 5575 navicula
1786 5520 1996 5588 trajicit,
2011 5531 2068 5575 ut
2084 5537 2241 5576 nemo

672 5625 1003 5684 sequeretur.
1026 5613 1103 5669 'l‘u
1132 5630 1255 5668 vero
1281 5614 1404 5668 mihi
1431 5613 1703 5669 censidera
1733 5614 1998 5684 quomodo
2024 5615 2241 5671 Joannis

675 5705 916 5778 discipuli
945 5705 1198 5776 deinceps
1227 5705 1347 5761 Jesu
1376 5707 1539 5776 magis
1572 5706 1838 5761 mcscrint.
1888 5704 1987 5778 Ipsi
2016 5722 2242 5777 namque

2345 4245 2652 4298 ninniurunt
2700 4243 2771 4306 ei,
2813 4242 2938 4310 quid
2990 4241 3131 4297 circa
3173 4240 3432 4296 Joannem
3477 4249 3684 4309 gestum
3721 4250 3868 4294 esset
3907 4260 3921 4292 :

2340 4339 2692 4406 (lintribusque
2737 4336 2936 4391 relictis
2963 4336 3030 4391 ad
3058 4338 3230 4406 ipsum
3271 4335 3445 4389 solum
3473 4335 3801 4403 confugiunt.
3835 4335 3928 4391 Sic

2341 4447 2450 4486 rem
2474 4447 2576 4484 non
2598 4430 2855 4484 modicam
2877 4443 2993 4499 post
3010 4429 3362 4484 calamitatem
3381 4428 3544 4491 illam,
3567 4438 3618 4481 et
3642 4438 3926 4497 postquam

2340 4541 2404 4578 ex
2437 4523 2777 4592 responsione
2809 4539 2965 4592 supra
2996 4523 3152 4576 allata
3177 4532 3343 4576 toturr.
3370 4530 3515 4577 recte
3536 4520 3874 4592 disposuerat
3903 4565 3919 4586 .

2341 4623 2590 4684 operatus
2618 4623 2719 4666 est.
2751 4611 2855 4667 Sed
2895 4628 2990 4666 cur
3016 4627 3121 4666 non
3153 4613 3374 4666 recessit
3413 4621 3693 4682 antequam
3742 4611 3792 4665 id
3847 4613 3926 4667 illi

2343 4704 2668 4768 nuntiarent,
2695 4703 2785 4773 qui
2823 4717 2935 4756 rem
2969 4701 3201 4756 nondum
3253 4701 3542 4755 nuntiatam
3587 4702 3751 4771 probe
3777 4703 3929 4758 scie-

2345 4794 2432 4848 bat
2456 4795 2478 4848 ?
2503 4794 2573 4850 Ut
2601 4810 2693 4863 per
2721 4794 2896 4848 omnia
2925 4794 3236 4848 oeconomia:
3271 4794 3547 4848 veritatem
3588 4792 3929 4849 demonstra-

2343 4895 2445 4939 ret.
2471 4885 2585 4940 Non
2613 4885 2754 4939 cnim
2784 4900 2849 4940 ex
2879 4887 2992 4940 visu
3022 4894 3245 4949 tantmn,
3277 4884 3368 4938 sed
3395 4885 3553 4938 etiam
3577 4901 3638 4939 ex
3670 4885 3931 4953 operibus

2346 4975 2394 5029 id
2427 4974 2727 5030 conﬁrmari
2759 4975 2990 5040 volebat,
3010 4976 3151 5044 quod
3181 4975 3375 5029 diaboli
3407 4975 3692 5029 versutiam
3718 4985 3925 5044 nosset,

2345 5067 2431 5137 qui
2457 5067 2585 5121 nihil
2613 5083 2714 5120 non
2737 5066 2923 5136 agebat
2951 5077 3005 5120 ut
3032 5067 3169 5121 hanc
3201 5065 3410 5120 tolleret
3434 5065 3756 5134 opinionem.
3800 5065 3936 5122 Ideo

2347 5157 2500 5226 igitur
2523 5158 2608 5212 ille
2629 5157 2868 5212 secessit.
2895 5156 3085 5211 Turba:
3114 5165 3290 5211 autem
3322 5172 3492 5226 neque
3514 5158 3589 5212 sic
3609 5157 3929 5223 abscedunt,

2346 5249 2440 5303 sed
2467 5259 2758 5318 sequuntur
2786 5248 3048 5301 haerentes
3075 5235 3195 5317 ipsi,
3231 5263 3400 5317 neque
3429 5248 3619 5302 terruit
3647 5264 3741 5303 eos
3764 5247 3935 5303 Joan-

2347 5339 2429 5393 nis
2459 5339 2722 5394 interitus.
2751 5339 2893 5393 Talis
2914 5349 2993 5392 est
3018 5338 3251 5403 dilectio,
3276 5338 3394 5392 talis
3419 5351 3592 5405 amor,
3615 5339 3705 5408 qui
3746 5341 3931 5395 omnia

2346 5430 2524 5499 gravia
2564 5439 2781 5500 superet
2811 5439 2864 5485 et
2905 5431 3167 5500 expulset.
3225 5430 3350 5485 Ideo
3395 5430 3574 5484 statim
3627 5430 3934 5486 mercedem

2347 5536 2664 5591 acceperunt
2691 5539 2703 5575 :
2730 5520 2814 5575 14.
2839 5519 2963 5574 Cum
2984 5520 3125 5575 enim
3149 5521 3347 5585 exisset,
3371 5521 3462 5580 ait.
3491 5518 3660 5583 Iesus.
3687 5521 3806 5574 cidit
3829 5531 3936 5573 tur-

2348 5613 2462 5668 bam
2509 5614 2718 5666 multum
2744 5653 2758 5677 ,
2787 5621 2832 5666 rt
2875 5613 3102 5666 misertus
3136 5621 3206 5666 est
3237 5612 3327 5676 cis,
3354 5621 3398 5665 et
3441 5613 3630 5665 curavit
3664 5612 3935 5683 languidos

2348 5725 2536 5761 corum.
2596 5708 2812 5762 Etiamsi
2861 5707 3004 5762 cnim
3057 5702 3249 5776 magno
3292 5704 3368 5760 illi
3421 5704 3595 5762 studio
3642 5706 3936 5775 lia-rerent,
