4154 6324
195 395 287 451 ἰςῦῖ

192 526 419 569 attamen
448 525 515 567 ea
545 524 707 583 quam
735 522 764 562 a
794 504 1008 561 Christo
1032 502 1372 572 excipiebant
1402 514 1629 566 merces,
1676 508 1787 553 stu-

192 609 327 661 dium
371 620 565 660 eorum
601 602 758 671 longe
782 598 1083 667 superabat.
1118 592 1322 649 Idcirco
1354 593 1510 662 hujus
1556 592 1790 647 curatio.

192 702 263 754 nis
293 713 515 751 causam
551 696 701 765 ponit
727 734 741 755 ,
772 705 965 759 nempe
1017 687 1415 742 miserationem
1443 726 1458 750 ,
1485 682 1787 738 miseratio-

191 806 324 854 nem,
356 790 581 858 inquam
610 828 625 851 ,
657 784 1026 839 vehementem
1076 801 1090 835 :
1134 792 1429 846 omnesque
1476 784 1647 831 enrat.
1693 774 1790 829 llic

192 884 336 935 fidem
368 898 478 935 non
507 879 728 949 expetit.
760 876 887 930 Nam
906 871 1047 943 quod
1081 869 1357 932 accedant,
1381 866 1522 938 quod
1546 866 1788 921 civitates

191 973 509 1043 relinquant,
538 969 682 1041 quod
710 968 989 1036 diligenter
1012 964 1183 1032 ipsum
1212 969 1473 1030 quarrant,
1497 959 1636 1029 quod
1666 973 1785 1011 eum

190 1067 272 1121 illo
300 1072 579 1128 maneant,
614 1061 892 1130 ingruente
917 1056 1075 1120 fame,
1112 1054 1269 1107 fidem
1296 1053 1505 1106 illorum
1531 1051 1783 1105 declarat.

191 1160 449 1213 Alimenta
486 1168 646 1224 porro
680 1152 782 1204 illis
825 1147 1258 1217 suppeditaturus
1284 1154 1384 1198 est.
1421 1142 1475 1197 Id
1518 1156 1647 1195 vero
1677 1154 1783 1194 non

189 1268 213 1304 τι
232 1251 410 1319 seipso
436 1246 584 1308 facit,
607 1244 699 1299 sed
730 1230 1001 1311 exspectat
1022 1237 1194 1292 donec
1223 1243 1461 1305 rogetur,
1495 1232 1623 1287 illud
1646 1248 1788 1286 sem-

190 1359 273 1412 per
300 1342 622 1401 observans,
662 1346 716 1389 ut
742 1335 850 1404 jam
879 1331 1010 1396 dixi,
1044 1344 1111 1383 ne
1132 1329 1279 1398 prior
1308 1326 1373 1380 ad
1405 1324 1661 1379 miracula
1692 1338 1786 1391 pa-

189 1432 373 1487 tranda
402 1446 464 1485 se
494 1429 753 1489 conterat,
783 1424 873 1478 sed
903 1432 1120 1493 rogatus
1148 1428 1371 1472 tantum.
1408 1418 1479 1471 At
1502 1431 1787 1471 curnemo

189 1540 246 1578 es
279 1522 435 1577 turba
457 1520 721 1576 accedens
747 1515 1017 1570 Christum
1042 1527 1139 1582 pro
1165 1511 1293 1573 ipsis
1321 1508 1573 1579 rogavit?
1596 1508 1785 1562 Mirum

193 1615 237 1667 in
286 1612 505 1666 modum
536 1606 919 1664 reverebantur
961 1605 1154 1673 ipsum,
1184 1614 1343 1670 atque
1372 1616 1434 1654 ex
1481 1598 1648 1668 ipsius
1692 1614 1788 1651 au-

188 1706 356 1761 diendi
379 1713 431 1757 et
452 1700 712 1772 sequendi
729 1696 1014 1760 desiderio,
1039 1710 1108 1749 ne
1127 1693 1319 1748 famem
1340 1692 1554 1761 quidem
1584 1692 1783 1745 sentie-

192 1803 328 1852 bam.
356 1796 544 1865 Neque
572 1792 815 1863 discipuli
845 1806 940 1860 pro
965 1790 1116 1843 turba
1142 1788 1342 1858 precati
1374 1797 1516 1850 sunt,
1544 1796 1600 1839 ut
1624 1787 1790 1840 aleret

189 1905 301 1956 eos,
321 1888 445 1959 quia
474 1885 651 1941 adhuc
686 1881 1105 1954 imperfectiores
1160 1887 1332 1934 erant.
1386 1877 1525 1946 Quid
1576 1878 1781 1945 igitur?

192 1983 269 2036 l5.
315 1980 534 2050 Vespere
559 1988 728 2031 autem
756 1980 891 2047 facto
915 2015 930 2037 ,
960 1972 1168 2043 inquit,
1198 1978 1515 2024 accesserunt
1545 1968 1784 2034 discipuli

188 2076 287 2144 ejus
312 2072 533 2126 dicentes
562 2086 581 2124 :
610 2069 844 2123 Desertus
872 2075 945 2120 est
974 2066 1134 2130 locus,
1172 2073 1219 2118 et
1260 2064 1385 2116 hora
1416 2064 1532 2133 jam
1564 2072 1779 2131 prwter—

188 2166 284 2218 iit:
310 2164 505 2216 dimitte
565 2159 759 2225 turbas,
790 2167 842 2211 ut
876 2168 1049 2212 euntes
1090 2164 1256 2209 emant
1301 2154 1399 2208 sibi
1438 2170 1595 2208 escas.
1655 2153 1785 2207 Nam

188 2260 225 2311 si
274 2267 393 2327 post
436 2254 632 2309 factum
690 2250 1000 2306 miraculum
1052 2249 1177 2318 ejus
1211 2246 1363 2301 obliti
1403 2255 1548 2308 sunt,
1579 2244 1622 2298 si
1671 2256 1788 2313 post

190 2363 389 2423 sportas
416 2351 534 2405 illas
584 2347 836 2419 putabant
887 2346 1037 2399 illum
1090 2343 1157 2397 de
1203 2340 1427 2411 panibus
1459 2339 1625 2408 loqui,
1662 2352 1783 2391 cmn

192 2442 474 2495 ῑιιιιΊΓῘΙιτιιιι
500 2439 891 2494 Pharisreorum
917 2434 1238 2489 fermentum
1266 2430 1551 2501 appellavit
1572 2428 1783 2500 (Matth.

192 2534 270 2589 I6.
301 2536 354 2605 6)
390 2549 406 2587 :
435 2533 605 2586 multo
650 2532 825 2584 minus
850 2570 863 2594 ,
894 2543 1016 2582 cum
1077 2525 1182 2579 tale
1231 2525 1439 2593 signum
1498 2510 1784 2590 numquam

191 2629 483 2692 vidissent,
535 2623 823 2694 quidquam
878 2618 1180 2689 hujusmodi
1233 2614 1554 2687 snspicaturi
1608 2620 1784 2668 erant.

194 2718 402 2774 Etiamsi
449 2718 597 2786 prius
645 2716 845 2769 multos
879 2720 1122 2767 curasset
1156 2710 1429 2774 infirmos,
1454 2722 1561 2760 non
1610 2716 1785 2758 tamen

194 2815 301 2867 ideo
330 2812 469 2882 quod
497 2812 563 2866 de
595 2810 818 2879 panibus
849 2809 1081 2859 futurum
1110 2811 1229 2858 erat
1257 2799 1680 2871 exspectabant:
1714 2798 1784 2850 ita

194 2912 334 2960 erant
354 2903 531 2957 adhuc
554 2898 870 2970 imperfecti.
888 2897 966 2952 Tn
988 2912 1116 2950 vero
1142 2894 1269 2948 mihi
1301 2891 1543 2946 Doctoris
1570 2888 1783 2958 sapien-

195 2998 308 3051 tiam
348 2993 640 3066 perpende,
674 2989 941 3061 quomodo
969 2989 1114 3057 ipsos
1142 2986 1289 3040 clare
1316 2984 1383 3038 ad
1411 2983 1566 3037 fidem
1606 2989 1783 3036 vocet.

192 3088 364 3157 Neque
390 3086 535 3141 enim
562 3084 739 3138 statim
766 3081 919 3146 dixit,
946 3081 1097 3134 Alam
1123 3092 1218 3132 eos
1247 3094 1259 3129 :
1287 3092 1462 3147 neque
1483 3075 1625 3129 enim
1659 3073 1787 3129 illud

193 3179 338 3236 facile
366 3176 623 3233 credituri
666 3184 839 3230 erant.
872 3170 974 3224 Sed
1008 3168 1136 3237 quid
1169 3168 1339 3222 di\i:?
1378 3165 1460 3218 Ili.
1494 3160 1648 3217 Jcsns
1680 3177 1777 3213 an-

196 3262 590 3331 tem,ittquit,di
603 3264 669 3314 rit
684 3264 793 3314 eis:
819 3258 941 3314 Non
972 3255 1153 3311 habent
1185 3270 1383 3311 necesse
1411 3256 1499 3317 ire,
1532 3252 1647 3305 date
1684 3250 1787 3303 illis

195 3376 270 3414 ros
294 3358 623 3413 manducare.
665 3355 782 3410 Non
808 3354 974 3420 dixit,
1010 3351 1158 3405 Dabo
1201 3350 1312 3414 eis;
1342 3346 1434 3403 sed
1456 3389 1471 3414 ,
1504 3345 1611 3400 Vos
1639 3345 1785 3399 date.

193 3452 317 3506 Nam
344 3451 493 3507 illum
531 3449 706 3503 adhuc
742 3457 800 3502 ut
826 3444 1099 3500 hominem
1129 3441 1416 3496 habebant.
1448 3437 1527 3492 Illi
1562 3452 1688 3490 vero
1719 3450 1787 3490 ne

197 3554 312 3600 tunc
338 3542 548 3615 quidem
571 3540 636 3595 ad
658 3540 847 3595 altiora
874 3536 1170 3606 eriguntur,
1198 3532 1290 3588 sed
1312 3530 1487 3584 adhuc
1514 3528 1787 3582 ntbomini

193 3635 518 3709 reSpondent
555 3652 569 3687 :
614 3634 701 3688 Π.
736 3630 858 3685 Non
886 3629 1127 3682 habemus
1154 3626 1251 3679 nisi
1276 3624 1493 3694 quinque
1518 3638 1673 3693 panes
1695 3660 1710 3687 ,
1741 3630 1789 3673 et

196 3730 315 3784 duos
346 3730 517 3797 pisces.
551 3726 672 3781 Ideo
698 3723 902 3778 Marcus
928 3720 1076 3793 (Cap.
1097 3716 1255 3788 8.17)
1278 3716 1371 3776 ait,
1404 3715 1548 3783 ipsos
1580 3728 1684 3767 non
1710 3713 1790 3766 in-

198 3820 455 3874 tellexisse
494 3818 546 3872 id
577 3816 718 3886 quod
769 3812 1076 3874 dicebatur,
1106 3818 1223 3863 erat
1271 3807 1413 3861 enim
1467 3820 1562 3858 cor
1600 3819 1787 3859 eorum

188 3921 533 3968 ,ocemeatum.
589 3909 721 3977 Quia
771 3906 929 3976 igitur
972 3903 1147 3957 adhuc
1174 3900 1318 3954 lmmi
1364 3898 1639 3969 repebant,
1671 3912 1788 3967 qua:

198 4019 284 4057 sua
340 4013 491 4057 erant
522 4000 634 4070 jam
679 3997 880 4053 inducit
907 4006 960 4050 et
986 3998 1101 4047 ait:
1137 3992 1224 4047 18.
1271 3990 1462 4059 Aﬂ'erte
1501 3990 1617 4044 illos
1660 3989 1783 4042 mihi

200 4097 312 4151 huc.
336 4096 558 4151 Etiamsi
588 4093 730 4147 enim
756 4091 999 4145 desertus
1026 4097 1109 4142 est
1132 4087 1302 4145 locus,
1334 4084 1427 4139 sed
1474 4085 1518 4137 is
1566 4084 1655 4153 qui
1700 4099 1790 4137 or-

201 4188 316 4243 bem
344 4189 433 4241 alit
462 4186 548 4239 hic
572 4184 762 4249 adest;
798 4182 897 4236 etsi
953 4196 1078 4235 vero
1123 4177 1253 4232 hora
1305 4177 1547 4241 transiit,
1581 4183 1675 4230 sed
1708 4177 1785 4241 is,

200 4280 281 4347 qui
312 4280 456 4332 horae
476 4276 751 4344 subjectus
779 4287 884 4326 non
908 4281 1009 4336 est,
1030 4270 1138 4340 jam
1166 4283 1262 4323 vos
1290 4268 1597 4337 alloquitur.
1617 4248 1801 4320 «Ιοειιιὀ

207 4371 340 4442 tzes(
371 4374 497 4438 (.‘np.
528 4369 582 4423 6.
611 4367 682 4436 9)
742 4379 872 4419 vero
899 4364 971 4417 ait
1017 4376 1179 4431 panes
1218 4359 1543 4414 hordeaceos
1590 4358 1790 4425 fuisse;

204 4477 368 4531 neque
394 4463 512 4514 sine
534 4473 691 4512 causa
724 4455 940 4524 adjicit,
968 4453 1060 4509 sed
1093 4462 1149 4506 ut
1174 4466 1271 4506 nos
1300 4451 1539 4504 instituat
1577 4449 1641 4503 ad
1675 4449 1791 4503 lau-

208 4564 306 4608 tam
334 4567 575 4607 mensam
606 4545 1046 4605 couculeandam.
1087 4545 1233 4599 Talis
1281 4558 1473 4612 nempe
1510 4550 1627 4595 erat
1670 4556 1787 4610 pro-

206 4647 476 4715 phetarum
528 4660 735 4701 mensa.
766 4642 851 4699 I9.
909 4641 1036 4697 Cum
1062 4640 1214 4710 igitur
1258 4640 1530 4706 accepisset
1575 4638 1794 4707 quinque

206 4756 357 4808 partes
375 4780 388 4800 ,
420 4748 464 4792 et
495 4739 621 4790 duos
652 4738 811 4804 pisces
837 4775 852 4799 ,
885 4742 929 4786 et
967 4732 1203 4803 jussisset
1231 4730 1399 4783 turbas
1428 4730 1714 4783 recumbere
1741 4729 1796 4781 in

208 4830 359 4896 (mna.
385 4829 659 4897 respiciens
685 4828 737 4880 in
776 4828 952 4879 cretum
985 4822 1232 4877 benedixit
1264 4838 1281 4875 :
1310 4837 1520 4891 cumque
1545 4821 1793 4891 fregisset,

206 4922 337 4975 dedit
381 4921 645 4993 discipulis
684 4919 787 4973 suis
812 4958 829 4982 ,
859 4914 1097 4983 discipuli
1144 4924 1310 4968 autem
1354 4913 1511 4968 turbis
1552 4930 1570 4969 :
1618 4914 1708 4969 ΞΟ.
1750 4924 1797 4968 et

205 5014 623 5066 niandncarerunt
651 5026 841 5074 onmes,
868 5020 913 5063 et
937 5007 1152 5063 saturati
1177 5016 1293 5061 sunt
1324 5022 1342 5059 :
1362 5014 1408 5060 et
1436 5006 1653 5060 tulerunt
1674 5007 1799 5060 reli-

208 5106 347 5166 quias
400 5109 799 5177 fragmentorum
851 5100 1115 5155 duodecim
1161 5099 1410 5169 cophinos
1466 5099 1661 5166 plenos.
1704 5097 1794 5152 21.

211 5197 622 5252 Μαηάιιωιιιὶιιηι
652 5204 820 5248 autem
865 5194 959 5263 fuit
986 5208 1219 5245 numeras
1243 5191 1399 5259 ferme
1425 5190 1641 5259 quinque
1677 5189 1792 5243 mil-

210 5290 275 5343 lia
303 5292 521 5344 virorum
546 5332 561 5354 ,
589 5286 809 5357 exceptis
856 5284 1148 5338 mulieribus
1173 5294 1219 5336 et
1251 5282 1439 5352 pueris.

272 5383 327 5437 2.
354 5381 578 5436 Christus
608 5380 757 5433 modo
784 5394 898 5441 suo,
928 5374 1281 5435 modo_Patris
1312 5376 1511 5429 nomine
1538 5391 1691 5445 agens
1712 5417 1724 5434 ,
1754 5386 1801 5427 et

211 5485 403 5530 natura
435 5485 481 5528 et
510 5472 764 5528 missionis
792 5470 1101 5524 divinitatem
1129 5467 1375 5538 probavit.
1407 5468 1536 5520 Ante
1578 5484 1799 5519 mensam

213 5569 387 5636 gratiis
424 5565 649 5638 agendas.
684 5562 875 5618 Contra
908 5561 1218 5615 Marcionem
1254 5571 1301 5613 et
1344 5559 1706 5614 Manichwam.
1731 5591 1801 5602 —

213 5659 317 5712 Cur
336 5660 565 5729 respexit
592 5659 643 5713 in
675 5656 868 5711 czelum
894 5662 949 5709 et
975 5653 1246 5707 benedixit
1270 5652 1292 5705 ’ἶ
1322 5652 1390 5707 Ut
1415 5654 1746 5717 crederetur,
1773 5670 1799 5704 a

212 5750 367 5807 Patre
412 5753 575 5821 ipsum
620 5749 887 5813 csivisse,
930 5747 1135 5817 ipsique
1177 5746 1435 5815 ecqualem
1475 5761 1613 5803 esse.
1657 5748 1802 5813 Qua-

217 5860 327 5901 rum
372 5862 536 5902 rerum
580 5845 935 5919 probationes
972 5856 1210 5912 pugnare
1253 5852 1438 5896 mutuo
1468 5841 1799 5896 videbantur.

1228 385 1292 439 IN
1332 381 1735 438 MATTII-A‘Ilill
1781 382 1990 439 1101111⁴
2058 387 2239 442 XLIX.
2295 389 2362 442 al.
2407 387 2468 443 L.

3388 393 3492 448 ,1118

1895 500 2271 573 xEquatitatem
2297 505 2715 569 demonstrabat,
2747 506 2888 577 quod
2911 508 3089 562 ouiniu
3114 515 3236 564 cum
3254 518 3489 578 potesta-

1897 606 1947 651 te
1975 596 2205 661 f'aceret;
2231 613 2261 653 a
2290 597 2446 652 Patre
2475 614 2601 654 vero
2636 600 2808 669 ipsum
2841 614 2960 655 esse
2980 642 2995 668 ,
3029 616 3136 657 non
3181 600 3289 656 alio
3333 603 3490 659 modo

1892 691 2267 759 credidissent,
2296 709 2455 764 quam
2485 695 2529 749 si
2557 710 2677 749 cum
2710 695 3011 751 humilitate
3036 696 3203 751 multa
3233 707 3287 752 et
3312 701 3493 753 omnia

1891 785 1957 838 ad
1991 785 2160 855 ipsum
2206 785 2444 842 referens
2481 798 2836 858 operaretur,
2869 798 2926 844 et
2971 798 3187 845 vocaret
3224 790 3290 845 ad
3329 806 3494 863 opera

1891 892 2009 946 qua:
2029 877 2246 936 fiebant.
2274 878 2395 934 Ideo
2416 894 2589 950 neque
2610 881 2733 947 hoc,
2764 896 2938 951 neque
2961 880 3090 936 illud
3115 889 3317 936 tantum
3344 881 3493 948 facit,

1891 980 1949 1025 ut
1979 981 2262 1041 utrumque
2302 973 2692 1041 confirmetur;
2720 974 2817 1029 sed
2854 974 3017 1030 modo
3055 990 3178 1029 cum
3208 984 3499 1044 potestate,

1890 1066 2051 1120 modo
2080 1066 2292 1122 Patrem
2338 1068 2615 1135 invocans,
2645 1069 2897 1124 miracula
2930 1068 3060 1124 edit.
3091 1068 3294 1124 Deinde
3322 1084 3388 1123 ne
3418 1070 3500 1124 vi-

1890 1157 2107 1212 deretur
2129 1157 2226 1213 hac
2248 1158 2299 1212 in
2324 1174 2381 1213 re
2402 1174 2575 1229 pugna
2606 1159 2849 1229 qua‘dam
2868 1175 3008 1225 esse,
3030 1159 3080 1213 in
3101 1158 3399 1214 minoribus
3430 1157 3498 1217 ad

1890 1250 2077 1304 cmlnm
2106 1250 2340 1319 reSpicit;
2358 1251 2406 1304 in
2428 1251 2717 1320 majoribus
2741 1266 2866 1306 vero
2886 1265 3007 1306 cum
3035 1260 3299 1320 poteState
3315 1248 3499 1305 omnia

1890 1342 2035 1405 facit,
2071 1353 2125 1399 nt
2150 1344 2326 1399 discas
2354 1346 2513 1399 etiam
2549 1345 2600 1398 in
2633 1346 2930 1400 minoribus
2960 1344 3111 1400 illum
3142 1361 3248 1400 non
3276 1344 3498 1400 aliunde

1892 1446 2208 1503 potestatem
2235 1438 2500 1506 accipere,
2522 1438 2613 1492 sed
2638 1438 2904 1494 honorare
2922 1439 3133 1493 Patrem
3156 1453 3335 1499 suum.
3359 1437 3497 1492 Cum

1889 1529 2031 1583 enim
2066 1538 2282 1597 peccata
2310 1530 2532 1595 dimisit,
2561 1540 2614 1585 et
2644 1530 2947 1600 paradisum
2977 1532 3208 1601 aperuit,
3235 1540 3293 1585 ut
3319 1546 3384 1586 eo
3415 1529 3498 1585 la-

1892 1631 2097 1675 tronem
2127 1623 2508 1690 introduceret,
2543 1632 2598 1678 et
2623 1640 2743 1677 eum
2775 1623 2944 1693 legem
2972 1632 3209 1679 veterem
3238 1639 3359 1679 cutn
3389 1624 3492 1678 im«

1891 1714 2038 1781 perio
2061 1712 2353 1782 abrogavit,
2374 1728 2603 1782 cumque
2623 1725 2913 1770 sescentos
2933 1724 3173 1769 mortuos
3193 1715 3494 1780 suscitavit,

1890 1823 2039 1862 mare
2085 1806 2350 1872 frenavit,
2397 1817 2604 1861 secreta
2658 1806 2934 1861 hominum
2979 1807 3235 1877 aperuit,
3273 1807 3492 1862 oculum

1890 1899 2090 1953 ereavit
2112 1941 2124 1963 ,
2154 1915 2271 1968 qum
2303 1899 2393 1953 Dei
2435 1898 2599 1951 solius
2629 1912 2791 1968 opera
2820 1906 2945 1952 sunt
2972 1937 2988 1964 ,
3016 1908 3071 1952 et
3098 1913 3204 1952 non
3229 1897 3451 1953 alterius
3472 1937 3490 1964 ,

1892 2006 2179 2057 munquam
2211 2004 2436 2059 prec-aus
2464 1989 2733 2044 inducitur
2757 2006 2769 2041 :
2793 2004 2913 2043 cum
2943 2004 3071 2044 vero
3106 2002 3270 2059 panes
3299 2004 3492 2059 super-

1889 2081 2162 2135 abundare
2187 2080 2412 2145 curavit,
2442 2080 2583 2151 quod
2614 2080 2677 2134 iis
2702 2080 2954 2135 omnibus
2983 2080 3138 2150 longe
3165 2082 3344 2135 minus
3370 2090 3490 2151 est,

1890 2182 2015 2229 tunc
2047 2176 2097 2228 in
2125 2174 2313 2228 caelum
2348 2174 2600 2245 respicit:
2626 2174 2784 2227 simul
2816 2174 2929 2228 hare
2947 2188 3065 2243 qua:
3092 2172 3199 2228 dixi
3232 2172 3491 2243 probans,

1890 2268 2153 2337 simulque
2182 2266 2438 2322 erudiens
2463 2281 2589 2332 nos,
2615 2276 2831 2321 ueante
2859 2280 3101 2321 mensam
3129 2268 3449 2336 attingamus
3471 2306 3489 2333 ,

1889 2373 2046 2428 quam
2070 2358 2271 2428 gratias
2298 2356 2567 2427 egerimus
2594 2357 2642 2411 ei
2670 2357 2762 2427 qui
2794 2356 2950 2412 nobis
2972 2371 3149 2412 escam
3178 2358 3401 2423 prazbet.
3424 2357 3493 2413 Et

1889 2465 1986 2504 Cur
2015 2466 2177 2519 panes
2209 2466 2314 2505 non
2344 2450 2467 2505 fecit
2490 2466 2557 2504 ex
2578 2464 2682 2503 non
2711 2449 3090 2505 exstantibus?
3111 2448 3179 2505 Ut
3208 2449 3492 2505 Marcionis

1888 2554 1944 2597 et
1973 2544 2250 2598 Manichaii
2280 2558 2372 2598 ora
2397 2543 2718 2608 Obstrueret,
2743 2543 2831 2613 qui
2854 2557 2976 2597 eum
3000 2559 3105 2597 non
3132 2557 3251 2597 esse
3276 2551 3491 2597 creato-

1892 2648 1997 2692 tem
2026 2636 2439 2703 asseverabant,
2471 2645 2526 2691 et
2556 2651 2650 2704 per
2680 2636 2793 2706 ipsa
2826 2650 2991 2705 opera
3019 2634 3273 2701 doceret,
3302 2634 3489 2689 visibi~

1891 2730 1958 2783 lia
1986 2730 2162 2783 omnia
2191 2729 2306 2797 ejus
2336 2744 2455 2783 esse
2479 2737 2533 2783 et
2566 2742 2732 2797 opera
2770 2736 2824 2782 et
2857 2736 3134 2783 creaturas
3157 2729 3173 2758 ¹
3201 2769 3216 2793 ,
3242 2726 3494 2781 ostende-

1890 2831 2077 2889 retque
2108 2835 2167 2873 se
2198 2818 2400 2873 fructus
2420 2818 2569 2884 dare,
2595 2819 2683 2888 qui
2710 2818 2777 2873 ab
2806 2818 2958 2872 initio
2986 2818 3214 2872 dixerit:
3238 2816 3492 2870 Germinet

1889 2917 2031 2962 terra
2055 2908 2269 2962 herbam
2294 2909 2455 2977 fwni;
2486 2916 2557 2967 et,
2588 2906 2833 2960 Educaut
2856 2921 3007 2975 aqute
3025 2904 3235 2973 reptilia
3264 2901 3479 2954 anima-

1891 3018 2009 3055 rum
2032 3002 2348 3055 viventium‘
2376 2997 2527 3063 (Gen.
2556 3000 2609 3053 1.
2632 3001 2692 3055 11
2715 3011 2763 3053 et
2787 2998 2903 3068 20).
2922 2998 3110 3066 Neque
3131 2995 3276 3049 enim
3297 2992 3482 3046 minus

1892 3093 1995 3149 hoc
2024 3104 2105 3147 est
2147 3093 2257 3146 illo.
2288 3091 2420 3145 Nam
2450 3090 2550 3145 etsi
2583 3088 2669 3143 illa
2710 3089 2817 3144 sint
2853 3104 2920 3144 cx
2962 3102 3072 3142 non
3113 3085 3447 3141 exstantibus
3470 3123 3490 3151 ,

1890 3197 2122 3241 attamen
2153 3202 2219 3239 ex
2247 3176 2381 3254 aqua
2409 3193 2571 3249 sunt;
2601 3198 2773 3252 neque
2818 3181 2996 3235 minus
3037 3189 3119 3234 est
3147 3195 3212 3233 ex
3253 3179 3491 3249 quinque

1892 3274 2117 3347 panibus
2143 3285 2219 3329 tot
2248 3290 2412 3345 panes
2444 3275 2759 3343 producere,
2783 3280 2837 3326 et
2862 3272 3035 3342 pisces
3063 3270 3246 3325 itidem
3272 3284 3491 3337 augere,

1891 3384 2050 3439 quam
2091 3385 2154 3423 ex
2184 3378 2325 3423 terra
2355 3366 2600 3438 proferre
2631 3364 2891 3432 fructum,
2922 3372 2975 3417 et
3002 3376 3069 3417 ex
3102 3363 3254 3433 aquis
3280 3360 3491 3432 reptilia

1888 3463 2154 3525 viventia;
2184 3462 2325 3532 quod
2371 3462 2579 3529 signum
2625 3468 2739 3513 erat
2769 3459 2941 3528 ipsum
2978 3466 3034 3513 et
3064 3466 3219 3511 terra:
3262 3464 3317 3510 et
3357 3453 3493 3510 mari

1892 3557 2172 3624 imperare.
2198 3555 2329 3623 Quia
2358 3544 2499 3608 enim
2528 3554 2581 3607 in
2615 3552 2838 3606 infirmis
2861 3565 3073 3620 semper
3102 3550 3248 3620 signa
3278 3548 3493 3617 edebat,

1890 3652 2097 3705 confert
2121 3660 2175 3705 et
2199 3649 2497 3704 universale
2527 3648 2863 3709 beneficium,
2890 3661 2958 3701 ne
2988 3645 3139 3700 multi
3167 3652 3496 3715 spectatores

1895 3750 2098 3796 tantum
2140 3750 2321 3795 essent
2347 3755 2532 3794 eorum
2574 3755 2692 3809 qua:
2722 3738 2840 3792 aliis
2870 3736 3287 3807 contingebant,
3318 3734 3413 3791 sed
3440 3744 3497 3790 et

1893 3834 1993 3903 ipsi
2021 3832 2162 3887 d0n0
2186 3830 2508 3887 fruerentur.
2541 3830 2607 3883 Et
2632 3829 2772 3900 quod
2798 3828 3042 3884 mirabile
3067 3828 3267 3883 Judteis
3288 3827 3496 3882 videba-

1895 3934 1980 3978 tur
2009 3924 2060 3978 iu
2087 3923 2301 3978 deserto
2326 3963 2340 3988 ,
2369 3938 2489 3977 cum
2518 3920 2760 3976 dicerent
2784 3938 2796 3973 :
2825 3919 3091 3990 Numquid
3114 3928 3161 3973 et
3188 3935 3373 3988 partem
3404 3934 3497 3988 po-

1894 4018 2005 4071 terit
2034 4018 2177 4081 dare,
2206 4024 2292 4069 aut
2314 4032 2497 4085 parare
2517 4030 2742 4069 mensam
2769 4014 2819 4067 in
2847 4014 3042 4067 deserto
3062 4010 3233 4083 (Psal.
3255 4011 3340 4066 77.
3362 4009 3498 4082 ‘20)?

1896 4110 1997 4164 hoc
2022 4111 2135 4179 ipse
2161 4108 2416 4177 aperibus
2446 4105 2708 4160 exhibuit.
2736 4103 2966 4174 Ideoque
2994 4104 3045 4158 in
3076 4103 3347 4157 desertum
3377 4102 3496 4156 illos

1894 4199 2155 4262 adduxit,
2187 4208 2239 4251 ut
2271 4199 2387 4252 sine
2427 4197 2532 4251 ulla
2580 4210 2799 4266 prorsus
2841 4194 3149 4263 suspicione
3182 4192 3496 4247 miraculum

1894 4290 2065 4354 ﬁeret,
2092 4304 2355 4359 nemoque
2384 4296 2610 4357 putaret,
2636 4285 2919 4357 quemdam
2949 4285 3178 4340 vicinqu
3205 4285 3379 4339 vicum
3408 4297 3497 4353 pa-

1897 4399 2017 4438 nem
2046 4385 2096 4436 in
2139 4397 2379 4437 mensam
2424 4379 2684 4435 intulisse.
2716 4378 2920 4433 Idcirco
2948 4393 3052 4431 non
3096 4377 3269 4431 locum
3299 4373 3459 4429 modo
3480 4416 3496 4439 ,

1898 4475 1989 4531 sed
2039 4476 2199 4529 etiam
2248 4474 2430 4527 horam
2482 4482 2763 4526 memorat.
2796 4471 2955 4526 Aliud
3000 4470 3158 4525 etiam
3206 4468 3495 4534 discimus,

1898 4585 2091 4640 nempe
2120 4569 2499 4637 discipulorum
2526 4566 2943 4636 philosophiam,
2975 4580 3132 4635 quam
3155 4564 3236 4619 vel
3266 4564 3317 4617 in
3339 4564 3499 4619 rebus

1901 4663 2218 4718 necessariis
2245 4660 2568 4716 exhibebant
2594 4702 2608 4724 ,
2638 4671 2689 4714 et
2718 4668 2974 4730 quantum
3010 4658 3227 4713 delicias
3275 4672 3499 4727 sperne.

1898 4766 2039 4812 rent.
2070 4756 2199 4811 Nam
2227 4755 2505 4810 duodecim
2532 4770 2651 4809 cum
2682 4763 2884 4820 essent,
2918 4755 3152 4823 quinque
3184 4768 3348 4821 panes
3380 4762 3500 4806 ιτιιισ⁸

1906 4860 2014 4904 tum
2044 4850 2281 4918 duosque
2314 4849 2485 4918 pisces
2530 4847 2824 4910 habebant;
2855 4863 3023 4915 nstjue
3067 4846 3203 4900 adeo
3240 4860 3497 4916 corporea

1900 4942 2301 5011 despiciebant,
2329 4940 2729 5011 spiritualiaque
2758 4939 2931 4995 solum
2964 4939 3253 5005 curabant;
3284 4941 3390 4993 imo
3433 4956 3501 4995 ne

1904 5052 2067 5103 pauca
2097 5035 2181 5088 illa
2212 5044 2339 5104 "qua:
2369 5034 2635 5088 habebant
2664 5034 2937 5089 retinuere
2958 5076 2971 5096 ,
3001 5032 3095 5087 sed
3128 5033 3294 5103 rogati
3335 5031 3502 5087 dede-

1904 5140 2047 5184 runt.
2081 5128 2211 5184 Inde
2238 5129 2506 5183 discamus
2532 5170 2545 5191 ,
2574 5128 2673 5181 etsi
2705 5142 2872 5198 pauca
2905 5127 3059 5182 nobis
3079 5128 3185 5181 sint
3208 5168 3223 5193 ,
3253 5127 3339 5180 illa
3369 5142 3499 5196 ege-

1904 5225 1987 5277 nis
2025 5238 2146 5278 esse
2193 5221 2534 5292 proferenda.
2562 5221 2705 5276 Iussi
2746 5236 2874 5289 ergo
2922 5229 3127 5290 septem
3174 5221 3291 5273 illos
3340 5236 3505 5289 panes

1904 5314 2124 5380 eﬂ‘erre,
2156 5332 2261 5369 non
2291 5315 2475 5368 dicunt
2498 5331 2510 5366 ε
2534 5313 2652 5381 Quo
2696 5314 2854 5383 igitur
2881 5313 3001 5367 cibo
3035 5321 3217 5381 postea
3248 5315 3502 5367 utemur?

1906 5411 2049 5463 umle
2077 5407 2271 5462 famem
2299 5408 2489 5461 sedare
2506 5406 2840 5476 poterimus?
2864 5406 2957 5462 sed
2986 5406 3163 5459 statim
3189 5415 3500 5475 paruerunt.

1905 5500 2109 5553 Prmter
2142 5514 2202 5553 ea
2246 5515 2364 5568 qua:
2401 5512 2559 5572 supra
2587 5496 2819 5552 diximus
2842 5539 2854 5562 ,
2882 5497 2999 5551 ideo
3028 5496 3233 5551 videtur
3259 5496 3504 5552 Christus

1973 5788 1990 5820 ι
2026 5787 2225 5845 Quidam
2250 5798 2358 5834 cum
2382 5785 2571 5843 5torel.,
2594 5790 2639 5835 et
2663 5797 2811 5842 opera
2832 5790 2877 5835 et
2899 5784 3257 5846 possessionem.

1972 5850 1991 5880 ¹
2026 5843 2239 5909 Quidam,
2263 5850 2469 5897 educant
2490 5859 2629 5910 aqua:
2649 5846 2860 5895 animum
2884 5843 3125 5910 reptit‘imn
3150 5843 3406 5895 rit-entiam
