4154 6324
669 389 772 446 499

665 523 692 557 ιε
704 524 724 557 ι
753 505 834 558 bis
850 501 1070 572 panibus
1087 499 1290 571 signum
1313 501 1491 565 cdere,
1510 511 1566 555 ut
1587 501 1728 570 ipsos
1745 499 1810 555 ad
1829 497 1983 554 ftdem
2000 496 2230 554 deduce-

664 607 744 651 ret
767 616 779 650 :
802 594 970 650 adhuc
995 595 1135 649 enim
1163 594 1480 648 inlirmiores
1500 603 1667 648 erant.
1691 593 2022 663 Quapropter
2051 593 2102 646 in
2128 608 2231 646 cae-

665 689 766 740 lum
793 687 1022 756 reSpicit.
1049 687 1284 740 Aliorum
1308 687 1498 756 quippe
1523 688 1789 756 signorum
1808 689 1969 742 multa
1986 687 2226 756 exempla

661 777 940 842 habebant;
964 777 1117 847 hujus
1145 786 1317 831 autem
1347 779 1564 832 nullum.
1594 779 1853 846 Acceptos
1879 779 2037 847 igitur
2065 794 2226 848 panes

659 868 840 935 fregit,
860 878 913 921 et
941 883 1035 936 per
1060 867 1345 936 discipulos
1368 868 1540 930 dedit,
1566 868 1665 921 hoc
1692 868 1883 922 collato
1908 869 2036 938 ipsis
2061 869 2224 924 hono-

659 973 742 1019 re;
772 973 866 1011 nec
893 958 1108 1012 henoris
1142 966 1341 1012 tantum
1376 974 1530 1013 causa
1560 959 1708 1021 fecit,
1739 959 1829 1013 sed
1863 968 1937 1024 ut,
1979 974 2098 1014 cum
2123 960 2226 1015 mi-

656 1051 888 1103 raenlum
914 1060 1208 1116 cernerent,
1233 1066 1402 1120 neque
1429 1049 1584 1105 ﬁdem
1614 1061 1885 1121 negarent,
1917 1051 1999 1106 vel
2043 1062 2220 1121 postea

656 1141 817 1207 ipsius
847 1133 1302 1205 obliviscerentur,
1333 1155 1453 1196 cum
1484 1141 1609 1211 ipsm
1636 1157 1822 1196 manus
1847 1157 2029 1196 eorum
2063 1151 2221 1196 testes

651 1241 846 1285 essent.
892 1232 1221 1302 QuaprOpler
1263 1232 1406 1302 prius
1459 1233 1694 1301 permisit
1746 1241 1803 1286 ut
1855 1233 2020 1287 turba:
2069 1233 2219 1287 famis

651 1337 807 1377 sensu
832 1324 1156 1388 laborarent,
1187 1325 1609 1392 exspectavitque
1637 1334 1692 1378 ut
1722 1324 1794 1378 illi
1825 1323 2140 1380 accederent
2166 1334 2219 1379 et

652 1415 1054 1484 interrogarent.
1070 1415 1173 1470 Per
1187 1416 1328 1484 ipsos
1349 1417 1470 1470 item
1488 1417 1646 1485 jussit
1664 1417 1864 1484 plebem
1885 1417 2210 1482 recumbere,

655 1522 748 1573 per
769 1507 911 1575 ipsos
938 1522 1146 1576 quoque
1170 1507 1464 1572 distribuit,
1495 1507 1730 1577 singulos
1756 1509 1964 1576 propria
2002 1509 2213 1563 confes-

650 1599 797 1652 sione
825 1608 879 1653 et
906 1600 1151 1666 operibus
1179 1602 1358 1654 volens
1382 1616 1768 1669 praeoccupare.
1798 1600 1996 1655 Idcirco
2023 1602 2214 1656 abillis

650 1705 808 1758 panes
836 1692 1041 1759 accipit,
1069 1700 1125 1746 ut
1144 1694 1305 1746 multa
1335 1696 1404 1746 rei
1435 1693 1726 1746 testimonia
1751 1703 1946 1757 essent,
1972 1709 2034 1749 ac
2057 1695 2213 1749 mira-

645 1782 748 1834 culi
796 1791 1132 1836 monumenta
1174 1782 1448 1837 baberent.
1473 1782 1604 1836 Nam
1632 1785 1673 1836 si
1706 1783 1786 1837 his
1826 1786 1895 1838 ita
1936 1787 2096 1854 gestis
2135 1786 2208 1838 rei

644 1872 793 1925 obliti
820 1881 961 1937 sunt,
990 1873 1112 1942 quid
1142 1874 1406 1938 fecissent,
1435 1875 1476 1927 si
1505 1890 1617 1928 rem
1643 1889 1746 1927 non
1775 1875 1844 1929 ita
1870 1877 2211 1931 adornasset?

642 1962 798 2017 .lubet
825 1965 982 2018 etiam
1014 1965 1130 2018 illos
1160 1965 1210 2018 in
1243 1968 1382 2020 anno
1406 1965 1756 2031 discumbere,
1786 1967 1966 2020 turbas
1991 1967 2055 2020 ad
2089 1969 2207 2034 phi-

645 2055 1022 2124 losophandum
1051 2057 1124 2127 (ιι)
1147 2058 1444 2112 instituens.
1470 2057 1581 2111 Non
1604 2058 1742 2112 enim
1774 2067 1974 2113 tantum
2001 2059 2208 2114 volebat

641 2147 707 2198 ali
740 2160 979 2214 corpora,
1012 2147 1103 2202 sed
1131 2148 1357 2201 animam
1386 2164 1590 2218 quoque
1623 2148 1841 2203 institui.

712 2239 764 2290 5.
809 2241 881 2292 Ex
920 2240 1036 2293 loco
1086 2241 1276 2309 igitur,
1306 2257 1370 2295 ex
1414 2257 1478 2295 eo
1508 2242 1644 2310 quod
1691 2243 1897 2297 nonnisi
1948 2258 2108 2313 panes
2151 2255 2205 2299 et

643 2328 812 2394 pisces
854 2328 1042 2394 daret,
1071 2329 1312 2398 quodque
1355 2331 1537 2386 cadent
1583 2342 1636 2385 et
1686 2333 1736 2386 in
1781 2334 2047 2387 communi
2092 2333 2203 2389 dari

637 2420 868 2486 jusserit,
895 2437 990 2475 nec
1015 2422 1146 2475 alius
1170 2423 1283 2490 plus
1311 2439 1466 2492 quam
1493 2424 1627 2478 alius
1653 2424 1913 2491 habuerit,
1943 2426 2204 2482 humilita-

637 2522 763 2577 tem,
791 2514 1209 2581 temperantiam,
1237 2515 1614 2585 caritatemque
1636 2516 1832 2583 docuit,
1860 2519 2125 2588 voluitque
2147 2529 2202 2573 ut

638 2603 747 2670 pari
770 2614 947 2657 essent
961 2619 1146 2660 omnes
1166 2620 1287 2675 erga
1310 2607 1440 2660 alios
1459 2606 1670 2672 allec-tu,
1685 2619 1737 2663 et
1761 2611 1934 2664 omnia
1956 2611 2200 2666 omnibus

634 2697 930 2748 communia
975 2711 1096 2750 esse
1143 2705 1404 2765 putarent.
1437 2699 1501 2752 Et
1542 2700 1720 2754 fractis
1767 2701 2025 2770 panibus,
2055 2702 2199 2756 dedit

633 2799 727 2838 eos
763 2786 1066 2855 discipulis,
1096 2787 1337 2859 discipuli
1388 2804 1511 2844 vero
1551 2792 1706 2860 plebi.
1752 2792 1991 2863 Quinque
2037 2808 2198 2862 panes

633 2874 824 2930 fractos
849 2876 1013 2941 dedit,
1043 2889 1095 2931 et
1126 2879 1194 2932 illi
1219 2882 1449 2951 quinque
1480 2883 1528 2936 iu
1559 2885 1799 2937 manibus
1820 2885 2193 2954 discipulorum

631 2968 681 3022 in
711 2968 867 3024 fontis
893 2986 1092 3026 morem
1123 2973 1495 3029 scaturiebant.
1525 2974 1703 3045 Neque
1729 2975 1813 3030 hic
1849 2978 1993 3032 stetit
2037 2979 2197 3032 mira-

629 3062 805 3114 culum
831 3077 844 3114 :
868 3062 959 3116 sed
1001 3062 1048 3117 id
1095 3063 1216 3118 fecit
1256 3075 1309 3118 ut
1339 3066 1495 3119 etiam
1528 3067 2052 3135 super-abundarent,
2087 3085 2190 3124 non

631 3153 786 3205 modo
818 3169 995 3222 panes,
1027 3155 1118 3208 sed
1148 3165 1201 3208 et
1232 3155 1550 3224 fragmenta;
1585 3166 1641 3210 ut
1666 3159 1962 3212 ostenderet
1987 3160 2189 3214 illorum

629 3262 818 3315 panum
866 3247 959 3300 has
995 3261 1112 3302 esse
1161 3249 1439 3318 reliquias,
1472 3258 1630 3320 utque
1671 3251 1914 3306 absentes
1934 3267 2142 3322 quoque
2174 3255 2186 3285 ¹

627 3347 842 3408 possent
879 3338 927 3392 id
958 3339 1094 3408 quod
1126 3347 1327 3409 gestum
1357 3350 1470 3394 erat
1496 3340 1751 3396 ediscere.
1789 3341 1985 3396 Idcirco
2013 3343 2190 3398 turbas

624 3432 827 3484 esurire
876 3431 1149 3500 permisit,
1179 3446 1244 3485 ne
1273 3433 1389 3501 quis
1433 3434 1752 3502 putaret,id
1796 3435 1934 3503 quod
1979 3446 2185 3505 gestum

624 3521 1221 3592 eratessepbautasiam.
1244 3523 1466 3590 lde‘oque
1487 3524 1763 3579 duodecim
1793 3526 2046 3595 cophinos
2069 3528 2190 3584 red-

625 3614 822 3669 undare
854 3615 1120 3683 permisit,
1155 3623 1211 3668 ut
1253 3625 1304 3680 et
1345 3615 1506 3670 Judas
1546 3633 1698 3670 suum
1733 3629 1980 3685 portaret.
2013 3620 2188 3676 Potuit

621 3709 778 3756 etiam
807 3705 971 3773 ipsam
997 3704 1185 3760 sedare
1213 3705 1400 3760 famem
1426 3748 1438 3770 ,
1472 3707 1562 3761 sed
1589 3709 1704 3776 ejus
1731 3713 2014 3776 potentiam
2052 3726 2184 3782 apo-

621 3799 741 3853 stoli
789 3813 892 3852 non
938 3798 1394 3871 novisseutgnatn
1439 3811 1490 3853 et
1542 3801 1639 3854 sub
1684 3801 1794 3856 Elia
1844 3801 1944 3856 hoc
1989 3801 2181 3858 factum

624 3893 809 3947 fuerat.
837 3894 911 3947 De
940 3893 1034 3947 hac
1062 3894 1130 3947 ita
1152 3893 1428 3963 stupefacti
1459 3904 1581 3948 sunt
1609 3895 1774 3950 Judaei
1793 3937 1806 3958 ,
1839 3907 1895 3951 ut
1921 3897 2065 3952 illum
2096 3915 2181 3953 re-

618 4002 736 4056 gem
764 3988 1083 4042 constituere
1113 3988 1339 4052 vellent;
1369 3988 1457 4056 qui
1498 4000 1670 4042 tamen
1703 3990 1753 4044 in
1793 3990 1910 4045 aliis
1943 3992 2106 4060 signis
2131 3993 2181 4048 id

618 4096 900 4150 numquam
937 4089 1284 4135 tentaverant.
1314 4081 1438 4148 Quis
1469 4097 1594 4150 ergo
1636 4083 1809 4136 verbis
1837 4085 2178 4152 expresserit,

616 4186 722 4240 quo
760 4180 912 4238 pacto
939 4187 1100 4240 panes
1135 4171 1292 4224 fontis
1318 4185 1463 4224 more
1502 4173 1855 4226 scaturirent?
1880 4188 1986 4244 quo
2031 4185 2182 4242 pacto

617 4264 667 4316 iu
708 4261 990 4316 solitudine
1029 4261 1282 4317 fluerent?
1311 4261 1574 4331 quomodo
1619 4271 1694 4316 tot
1738 4263 2036 4319 hominibus
2064 4264 2179 4320 lue-

615 4358 715 4410 rint
742 4356 870 4410 satis
892 4356 914 4408 ?
938 4355 1065 4409 Nam
1093 4355 1366 4425 quinquies
1397 4354 1538 4409 mille
1562 4366 1728 4422 erant,
1760 4371 1862 4412 non
1892 4361 2179 4414 numeratis

615 4447 921 4502 mulieribus
949 4456 1001 4501 et
1026 4447 1276 4517 parvulis,
1297 4462 1413 4516 qua:
1436 4447 1661 4501 tuaxima
1689 4448 1864 4516 pepuli
1885 4449 2017 4512 laus,
2037 4451 2176 4520 quod

611 4548 662 4589 et
678 4538 926 4590 mulieres
943 4548 996 4591 et
1017 4537 1109 4590 viri
1130 4537 1339 4590 Christo
1357 4536 1638 4591 Inererent.
1654 4537 1926 4603 Quomodo
1945 4539 2177 4609 reliquiis:

613 4630 798 4684 fuere?
826 4629 1033 4683 Etenim
1061 4629 1163 4683 hoc
1184 4631 1354 4698 priore
1378 4645 1481 4682 non
1506 4631 1680 4684 minus
1705 4641 1804 4683 est.
1838 4631 1903 4684 Et
1929 4641 2002 4686 tot
2031 4632 2177 4688 fuere

613 4719 900 4786 fragmenta
921 4761 936 4784 ,
969 4728 1026 4771 ut
1053 4718 1263 4788 cephiui
1303 4718 1573 4789 discipulis
1613 4736 1763 4788 pares
1791 4737 2010 4775 nttmero
2033 4764 2048 4789 ,
2080 4739 2177 4778 uec

612 4809 810 4878 plures,
830 4826 926 4864 nec
943 4810 1214 4880 pauciores
1234 4822 1428 4865 essent.
1446 4814 1669 4881 Accepta
1690 4813 1844 4883 igitur
1860 4814 2172 4886 fragmenta,

608 4918 711 4955 non
742 4902 926 4968 turbis,
961 4904 1049 4957 sed
1081 4904 1346 4973 discipulis
1375 4905 1762 4961 deditzetenim
1796 4907 1959 4963 turba:
1988 4910 2176 4978 imper-

609 4996 849 5050 lectiores
876 5005 1026 5049 erant
1053 4997 1325 5066 discipulis

677 5089 860 5143 Christi
896 5090 945 5143 in
974 5091 1217 5145 miraculo
1248 5092 1674 5160 multiplicatiouis
1702 5109 1885 5161 panum
1915 5094 2169 5148 sinceritas

603 5194 647 5235 et
689 5183 945 5236 modestia.
978 5183 1252 5238 Ostentatto
1302 5185 1557 5256 fugienda.
1592 5186 1667 5237 Ad
1715 5203 1906 5240 sacram
1950 5206 2167 5241 mensam

602 5290 700 5342 quo
749 5286 892 5342 pacto
938 5276 1293 5330 accedendum.
1326 5308 1395 5317 -—-
1431 5276 1592 5348 Signo
1641 5289 1812 5333 autem
1869 5281 2043 5348 facto,
2075 5280 2163 5334 92.

605 5365 787 5417 Statim
817 5370 971 5433 coegit
1000 5366 1270 5436 discipulos
1296 5369 1484 5420 intrare
1512 5369 1562 5421 iu
1593 5370 1839 5437 navigium
1864 5413 1878 5436 ,
1907 5381 1953 5423 et
1978 5388 2166 5439 prwce-

600 5461 716 5510 (li-re
755 5476 865 5512 etim
909 5460 974 5512 ad
1022 5461 1300 5514 ulteriorem
1349 5463 1510 5531 ripam
1539 5504 1554 5528 ,
1587 5464 1740 5515 [Ιοηρε
1770 5464 1873 5532 ipse
1901 5465 2167 5518 dimitteret

663 5647 675 5676 ι
708 5641 789 5692 Αἱίἱ
815 5642 990 5700 ferunt,
1016 5657 1189 5708 anates,
1216 5658 1317 5706 pro,
1340 5644 1550 5708 absentes
1572 5658 1786 5708 quoque;
1811 5646 1967 5708 minus
1987 5654 2140 5695 recte.

657 5709 727 5768 (α)
764 5720 990 5766 Asperum
1016 5707 1201 5755 vivendi
1226 5720 1409 5768 genus,
1440 5706 1592 5768 quale
1625 5706 1698 5756 est
1726 5709 1772 5755 in
1815 5707 1940 5757 farno
1962 5708 2165 5756 discum-

598 5768 734 5825 bare,
759 5770 851 5832 eihi
874 5769 1094 5817 sumendi
1120 5783 1276 5829 causa,
1305 5769 1645 5832 philosophiam
1672 5772 1766 5824 hic,
1795 5776 1844 5818 ut
1874 5782 2004 5832 sape
2027 5769 2160 5830 alias,

600 5839 731 5879 vorat
753 5831 1126 5892 Chrysostomus.

1393 383 1449 439 S.
1474 382 1749 440 JOANNIS
1782 375 2253 437 CHRYSOSTOMI
2285 375 2595 431 AllClllEP.
2634 377 3164 435 CUNSTANTINOI’.

3808 383 3905 437 διϊο

2339 493 2526 548 turbas.
2559 494 2689 549 Nam
2727 496 2770 550 si
2801 511 3034 564 praesens
3060 494 3330 552 videretur
3357 497 3405 551 id
3448 511 3542 566 per
3578 498 3903 568 phantasiam

2335 582 2554 648 fecisse,
2586 600 2688 638 non
2734 587 3020 639 secundum
3063 588 3138 640 rei
3187 589 3499 655 veritatem,
3529 589 3720 642 absens
3758 602 3903 646 certe

2333 691 2435 729 non
2465 675 2610 728 item.
2646 676 2872 746 Ideoque
2909 687 3156 731 accurato
3185 680 3412 732 examini
3457 679 3649 733 tactum
3682 685 3902 748 permit-

2333 776 2446 820 tens
2466 809 2480 833 ,
2511 783 2633 830 eos,
2663 768 2752 836 qui
2783 780 3127 823 monumenta
3157 779 3211 823 et
3240 770 3602 838 probationem
3634 773 3900 841 signorum

2327 866 2656 927 acceperant,
2683 858 2841 926 jussit
2871 859 2937 912 ab
2963 875 3019 912 se
3046 861 3298 929 separari.
3328 861 3573 932 Alioquin
3606 877 3752 930 vero,
3779 879 3899 917 cum

2327 964 2512 1018 magna
2557 961 2806 1018 operatus
2853 951 3055 1017 fuerat,
3093 953 3271 1008 turbas
3309 963 3364 1007 et
3403 955 3691 1024 discipulos
3734 956 3802 1009 ab
3844 970 3901 1010 se

2328 1041 2669 1105 removebat,
2715 1051 2773 1094 ut
2823 1042 2975 1096 nobis
3025 1043 3270 1097 suaderet
3313 1060 3568 1114 nusquam
3615 1046 3896 1100 humanam

2322 1131 2544 1198 gloriam
2565 1141 2615 1186 et
2637 1148 2819 1186 auram
2849 1147 2968 1186 esse
2994 1135 3432 1202 persequendam,
3470 1152 3642 1206 neque
3670 1139 3896 1192 multitu-

2322 1221 2497 1276 dinem
2529 1225 2914 1280 attrahendum.
2933 1227 3065 1281 Cum
3088 1237 3262 1281 autem
3282 1229 3427 1293 dicit,
3452 1229 3642 1301 Coegit,
3663 1232 3896 1288 declarat

2321 1315 2608 1385 discipulos
2644 1318 2759 1386 ejus
2789 1335 3081 1387 prresenus‘.
3109 1321 3329 1377 multum
3377 1321 3612 1378 harsisse.
3648 1323 3712 1378 Et
3751 1327 3895 1380 misit

2320 1420 2411 1459 eos
2436 1448 2450 1471 ,
2482 1407 2647 1462 turba:
2675 1418 2731 1462 ut
2759 1411 2968 1464 videtur
2997 1413 3221 1466 vitandre
3259 1428 3411 1467 causa
3437 1456 3452 1480 ,
3483 1416 3594 1484 ipse
3622 1429 3797 1472 autem
3841 1419 3890 1474 iu

2321 1508 2552 1553 montem
2569 1500 2777 1554 volebat
2792 1503 3096 1569 ascendere,
3118 1515 3174 1556 ut
3201 1520 3298 1559 nos
3313 1505 3547 1573 doceret,
3570 1509 3772 1562 turbam
3793 1527 3891 1565 nec

2317 1590 2526 1646 assidue
2543 1592 2992 1662 frequentandam,
3019 1611 3188 1665 neque
3204 1611 3415 1666 semper
3432 1597 3727 1668 fugiendam
3746 1617 3885 1667 esse,

2316 1684 2408 1736 sed
2441 1693 2718 1755 utrumque
2743 1686 2807 1739 ad
2831 1688 3104 1742 utilitatem
3136 1688 3450 1757 faciendum,
3484 1700 3534 1745 et
3563 1691 3885 1758 alternatim,

2318 1786 2471 1842 prout
2499 1775 2682 1843 decet,
2705 1778 2984 1846 agendum.
3015 1779 3286 1834 Discamus
3313 1790 3366 1835 et
3390 1796 3485 1836 nos
3511 1798 3721 1852 quoque
3761 1785 3886 1838 Jesu

2313 1867 2528 1922 Christo
2557 1869 2780 1935 haerere,
2809 1886 2913 1924 non
2946 1886 3041 1938 pro
3071 1872 3414 1940 impetrandis
3441 1875 3767 1930 sensibilium
3795 1891 3887 1932 re-

2312 1977 2427 2014 rum
2469 1961 2622 2016 donis
2646 2004 2662 2028 ,
2694 1978 2760 2017 ne
2805 1963 2853 2016 id
2884 1963 3036 2018 nobis
3075 1964 3270 2033 probro
3307 1964 3462 2019 detur
3487 1966 3624 2020 sicut
3663 1966 3881 2023 Judaais.

2314 2052 2547 2116 Qum-itis
2573 2069 2651 2106 me
2673 2095 2688 2120 ,
2723 2054 2929 2124 inquit,
2961 2071 3062 2108 non
3087 2056 3204 2126 quia
3229 2057 3373 2126 signa
3399 2058 3591 2111 vidistis
3609 2099 3621 2121 ,
3655 2059 3744 2113 sed
3765 2061 3885 2129 quia

2309 2160 2370 2195 ea:
2414 2144 2626 2213 panibus
2673 2146 2951 2198 comedistis
2996 2156 3041 2199 et
3084 2149 3295 2199 saturati
3324 2148 3441 2202 estis
3474 2147 3646 2217 (Joan.
3680 2151 3732 2204 6.
3763 2150 3882 2220 26).

2310 2234 2430 2290 Ideo
2454 2252 2556 2290 non
2584 2235 2885 2306 frequenter
2914 2240 3012 2293 hoc
3035 2240 3241 2309 signum
3271 2239 3410 2302 facit,
3436 2243 3528 2296 sed
3553 2244 3631 2296 bis
3655 2255 3882 2311 tantum,

2308 2336 2366 2379 ut
2403 2327 2664 2382 discerent
2697 2345 2799 2382 non
2829 2331 2997 2384 ventri
3029 2346 3148 2386 esse
3189 2332 3524 2387 serviendum
3546 2374 3560 2400 ,
3589 2335 3680 2388 sed
3721 2337 3883 2403 spiri-

2310 2418 2537 2472 tualibus
2573 2420 2783 2472 assidue
2822 2420 3147 2475 hatrendutn.
3180 2421 3270 2476 His
3297 2437 3394 2476 nos
3421 2439 3631 2494 quoque
3673 2425 3880 2480 han-ra-

2307 2525 2422 2563 mus
2447 2550 2462 2576 ,
2491 2521 2542 2564 et
2587 2527 2886 2579 quaeramus
2934 2529 3120 2580 panem
3167 2514 3429 2570 czelestem
3455 2559 3469 2584 ,
3517 2533 3620 2587 quo
3660 2531 3881 2588 accepto

2304 2619 2516 2656 omnem
2551 2605 2857 2658 saecularem
2903 2620 3083 2660 curam
3129 2607 3418 2676 ejiciamus.
3450 2609 3580 2666 Nam
3623 2611 3666 2664 si
3711 2612 3783 2666 iili
3825 2622 3881 2666 et

2302 2693 2485 2748 domos
2506 2706 2558 2749 et
2597 2694 2838 2750 civitates
2862 2704 2916 2750 et
2940 2705 3189 2765 cognatos
3230 2708 3283 2752 et
3319 2702 3495 2754 omnia
3525 2700 3875 2765 dimiserunt,

2299 2795 2456 2854 atque
2500 2786 2550 2839 in
2595 2787 2878 2842 solitudine
2925 2789 3301 2855 versabantur,
3351 2790 3688 2862 iustanteque
3737 2793 3880 2848 fame

2300 2893 2403 2930 non
2431 2877 2745 2931 recedebant
2768 2896 2782 2936 :
2806 2879 2970 2933 multo
2992 2880 3156 2950 magis
3183 2896 3278 2934 nos
3303 2896 3422 2935 cum
3447 2882 3512 2936 ad
3542 2883 3696 2936 talem
3725 2900 3879 2937 tuen-

2297 2985 2409 3025 sam
2441 2971 2742 3026 accedimus
2768 3014 2780 3033 ,
2815 2972 3067 3042 majorem
3097 2973 3350 3029 exhibere
3387 2984 3596 3043 oportet
3642 2977 3878 3045 philoso-

2297 3062 2471 3132 phiam
2504 3070 2558 3116 et
2595 3061 2944 3132 spiritualium
2973 3080 3207 3120 amorem
3229 3105 3242 3130 ,
3279 3066 3652 3137 sensibiliaque
3690 3079 3875 3137 postea

2297 3169 2552 3224 quaarere.
2587 3155 2716 3208 Nam
2746 3164 2800 3208 et
2828 3156 2899 3208 illi
2928 3157 3330 3223 accusabantur,
3364 3173 3469 3211 non
3496 3159 3633 3228 quod
3661 3176 3876 3228 quaere-

2295 3257 2413 3302 rent
2439 3248 2608 3317 ipsum
2640 3257 2853 3318 propter
2881 3264 3099 3318 panem;
3128 3249 3220 3303 sed
3248 3249 3391 3318 quod
3403 3259 3680 3318 propterea
3697 3252 3873 3306 solum

2293 3348 2608 3408 qmererent,
2637 3350 2690 3394 et
2719 3349 2932 3409 propter
2961 3339 3058 3393 hoc
3085 3339 3367 3409 praecipue.
3393 3339 3521 3393 Nam
3547 3341 3591 3394 si
3619 3341 3735 3410 quis
3758 3357 3872 3394 tua-

2292 3447 2392 3498 gna
2419 3431 2555 3486 dona
2585 3431 2860 3500 deSpiciat,
2886 3433 3061 3500 parvis
3084 3440 3259 3484 autem
3287 3429 3506 3497 luercat,
3528 3447 3644 3501 qua:
3667 3431 3873 3502 despici

2292 3526 2401 3579 vult
2427 3525 2470 3579 is
2499 3524 2586 3595 qui
2617 3524 2726 3590 dat,
2753 3524 2820 3579 ab
2841 3525 2940 3579 illis
2969 3525 3126 3579 etiam
3157 3523 3353 3578 excidit
3376 3542 3388 3576 :
3415 3531 3472 3577 ut
3499 3525 3751 3587 contra,si
3780 3524 3872 3580 illa

2289 3618 2670 3680 desideremus,
2701 3618 2810 3672 ham
2835 3618 2990 3671 etiam
3017 3617 3194 3685 adjicit
3216 3634 3229 3665 :
3249 3633 3367 3670 nam
3393 3616 3504 3671 haec
3529 3616 3581 3670 in
3608 3619 3876 3673 accessio-

2285 3687 2411 3763 nem
2439 3709 2664 3775 dantur;
2688 3710 2758 3764 ita
2791 3723 2978 3777 nempe
3004 3709 3126 3762 vilia
3165 3719 3325 3773 sunt,
3355 3709 3399 3763 si
3424 3724 3544 3762 cum
3577 3708 3679 3763 illis
3719 3724 3875 3762 cotu-

2291 3809 2578 3870 parentur,
2611 3801 2820 3864 etiamsi
2869 3815 3055 3870 magna
3101 3800 3398 3855 videantur.
3447 3802 3559 3857 Non
3606 3817 3732 3872 ergo
3786 3802 3874 3858 his

2291 3892 2614 3958 studeamus,
2647 3902 2803 3961 atque
2830 3907 3015 3946 eorum
3045 3892 3156 3947 sive
3187 3894 3595 3961 possessionem,
3629 3897 3740 3949 sive
3769 3897 3877 3964 pri-

2287 3986 2550 4040 vationem
2599 3985 2987 4041 indifferentem
3039 3987 3394 4041 arbitremur:
3419 3988 3871 4057 quemadmodum

2286 4087 2340 4132 et
2378 4079 2515 4143 Job,
2557 4078 2644 4146 qui
2689 4094 2786 4132 nec
2831 4077 3181 4147 przesentibus
3233 4077 3499 4145 Ιιίειιριιειι,
3548 4094 3645 4135 nec
3691 4081 3872 4137 ablata

2288 4170 2576 4238 quazrebat.
2605 4169 2735 4224 Nam
2769 4181 2995 4238 χρήματα
3022 4185 3124 4222 non
3150 4169 3227 4223 sic
3253 4179 3524 4235 vocantur,
3555 4181 3609 4225 ut
3638 4187 3697 4226 ea
3724 4172 3875 4227 defo-

2285 4263 2491 4316 diamus
2517 4303 2531 4328 ,
2559 4261 2650 4316 sed
2682 4270 2736 4315 ut
2767 4263 2830 4314 iis
2871 4269 3125 4330 quantum
3166 4260 3320 4315 decet
3350 4272 3577 4316 utamur.
3609 4265 3687 4318 Ac
3729 4265 3875 4320 sicut

2284 4354 2472 4408 artifex
2494 4355 2715 4424 quisque
2742 4367 2888 4408 suam
2913 4352 3066 4407 habet
3087 4365 3274 4417 artem,
3294 4355 3370 4407 sic
3387 4353 3556 4419 dives,
3580 4354 3667 4424 qui
3696 4359 3875 4412 nescit

2285 4446 2522 4499 aerariam
2545 4455 2738 4509 artem,
2767 4460 2862 4499 nec
2893 4445 3064 4498 navim
3097 4433 3376 4507 fabricari,
3407 4459 3506 4499 nec
3536 4454 3734 4510 texere,
3765 4463 3872 4502 nec

2283 4525 2566 4604 aadilicare,
2590 4555 2687 4595 nec
2715 4540 2853 4594 aliud
2886 4539 3060 4594 simile
3085 4539 3374 4609 quidpiam,
3397 4539 3565 4595 discat
3589 4541 3788 4597 divitiis
3813 4556 3872 4598 ut

2283 4633 2432 4687 decet
2452 4634 2545 4698 uti,
2575 4643 2628 4688 et
2654 4633 2834 4704 egenis
2856 4633 3052 4704 largiri,
3078 4634 3456 4706 melioremque
3483 4636 3587 4692 illis
3614 4638 3871 4693 omnibus

2281 4740 2449 4782 artem
2479 4727 2708 4782 callebit.

2338 4824 2387 4876 4.
2408 4821 2752 4875 Misericordia
2771 4822 2818 4873 iu
2835 4838 3074 4892 pauperes
3095 4839 3178 4874 ars
3196 4822 3549 4891 pretiOsissima
3566 4832 3653 4877 est.
3673 4821 3870 4879 Contra

2278 4913 2580 4982 voluptatem
2625 4913 2844 4966 ciborum
2889 4921 2932 4965 et
2975 4913 3170 4966 luxum.
3204 4913 3425 4966 ——Nam
3474 4914 3586 4967 hare
3628 4927 3709 4968 est
3757 4915 3870 4971 ἰΙΙίς

2279 5005 2522 5060 omnibus
2571 5005 2771 5058 artibus
2816 5005 3111 5058 sublimior.
3162 5006 3325 5074 llujus
3367 5006 3575 5062 ofliciua
3631 5008 3682 5062 in
3726 5010 3873 5064 ca-lo

2278 5106 2475 5152 structa
2499 5104 2598 5151 est.
2630 5097 2752 5150 Haec
2787 5112 2892 5148 non
2923 5111 2985 5149 ex
3039 5097 3178 5151 ferro
3213 5098 3295 5152 vel
3341 5113 3448 5152 tere
3483 5098 3737 5153 adornata
3767 5116 3871 5154 or-

2276 5205 2408 5259 gana
2447 5189 2606 5242 habet
2630 5230 2643 5253 ,
2672 5188 2763 5240 sed
2807 5204 2869 5242 ex
2899 5189 3218 5258 benignitate
3243 5199 3296 5243 et
3325 5191 3594 5243 voluntate
3624 5193 3664 5242 ¹.
3691 5191 3871 5261 Hujus

2279 5281 2404 5334 artis
2427 5280 2670 5334 Christus
2699 5279 2883 5334 doctor
2904 5290 3003 5341 est,
3024 5295 3228 5334 necnon
3252 5282 3366 5347 ejus
3394 5281 3568 5336 Pater.
3602 5281 3732 5337 Nam
3761 5285 3866 5350 ait,

2279 5372 2448 5425 Estote
2475 5372 2816 5425 misericordes
2842 5375 2967 5424 sicut
2993 5383 3037 5424 et
3071 5370 3225 5424 Pater
3250 5386 3404 5426 vester
3426 5375 3510 5443 qui
3539 5383 3611 5426 est
3640 5375 3692 5426 in
3719 5378 3870 5431 celis

2277 5463 2426 5535 (Luc.
2451 5462 2505 5516 6.
2537 5460 2651 5529 56).
2678 5462 2934 5531 Quodque
2959 5463 3199 5519 mirabile
3227 5473 3308 5517 est
3329 5505 3342 5525 ,
3371 5479 3491 5519 cum
3532 5465 3601 5518 ita
3632 5473 3870 5522 exteras

2274 5557 2593 5621 antecellat,
2639 5572 2743 5610 non
2789 5556 2969 5610 labore
3013 5556 3094 5610 vel
3149 5566 3386 5626 tempore
3429 5571 3564 5626 opus
3602 5557 3763 5612 habet
3803 5570 3868 5614 ut

2275 5657 2620 5705 exerceatur:
2646 5647 2838 5702 sullicit
2875 5647 3015 5702 enim
3055 5647 3188 5702 velle
3212 5687 3225 5713 ,
3260 5659 3314 5704 et
3345 5659 3512 5704 totum
3555 5649 3865 5720 perlectum

2340 5834 2357 5864 ³
2395 5829 2503 5879 Duo
2528 5838 2653 5891 stss.,
2679 5829 2762 5878 sed
2782 5842 2845 5878 ex
2869 5827 2988 5879 bona
3012 5828 3258 5880 uoluntate.
