4154 6324
208 481 295 525 est.
327 465 599 523 Videamus
624 472 840 533 quoque
859 500 872 519 .
904 456 1022 529 quis
1056 455 1176 511 linis
1202 454 1345 510 illius
1368 452 1461 508 sit.
1488 451 1622 520 Quis
1651 458 1773 505 tan-

206 568 311 619 dem
336 559 447 615 linis
473 544 621 613 illiub
647 552 767 610 est?
792 550 994 609 Caelum
1012 590 1031 618 ,
1060 559 1115 605 et
1142 546 1377 603 cmiestia
1392 545 1542 617 bona
1570 541 1779 615 :gioria

206 652 281 709 illa
301 647 591 711 ineii‘ahilis,
610 642 917 717 spirituaies
933 641 1174 705 thalami,
1194 637 1459 710 fulgentes
1474 632 1774 707 lampades,

208 742 433 799 habitatio
467 752 593 794 cum
628 749 863 807 sponso;
895 733 998 790 alia
1027 747 1148 802 quae
1178 729 1357 785 nullus
1384 741 1588 793 sermo,
1629 724 1775 781 nulla

206 847 335 890 mens
348 829 618 888 declarare
636 837 833 899 potest;
849 826 919 881 ita
941 836 1001 881 ut
1021 824 1123 879 hac
1140 823 1193 877 in
1212 828 1364 892 parte
1387 819 1546 891 longe
1561 817 1630 873 ab
1656 815 1778 873 aliis

202 922 402 981 diﬂcrat.
413 922 544 978 Nam
568 921 764 977 artium
789 919 1062 990 pleraeque
1080 914 1150 971 ad
1175 928 1414 986 praesens
1436 911 1613 968 solum
1636 920 1775 967 tem-

202 1032 282 1087 pus
293 1014 434 1070 utiles
445 1021 573 1068 sunt
594 1010 768 1076 nobis,
792 1012 908 1066 haec
928 1023 1059 1065 vero
1074 1009 1234 1064 etiam
1250 1005 1317 1062 ad
1332 1004 1567 1060 futuram
1587 1002 1771 1059 vitam.

197 1110 245 1167 Si
266 1120 434 1166 autem
457 1107 530 1163 ita
564 1104 744 1165 dill'ert
769 1103 839 1160 ab
867 1103 933 1158 iis
958 1101 1163 1157 artibus
1201 1114 1322 1171 quae
1355 1096 1512 1153 nobis
1540 1096 1595 1151 in
1628 1110 1772 1165 prae-

197 1199 313 1257 seuti
339 1199 443 1254 vita
465 1205 597 1253 sunt
620 1193 963 1267 necessariae,
987 1202 1105 1248 uta
1131 1189 1413 1254 medicina,
1442 1187 1773 1244 architecto-

196 1294 292 1348 nica
316 1301 367 1347 et
396 1290 665 1347 similibus
687 1331 702 1352 ,
728 1288 899 1344 multo
936 1285 1109 1357 magis
1133 1283 1202 1341 ab
1226 1283 1347 1339 aliis
1366 1323 1383 1348 ,
1412 1281 1621 1351 quassi
1648 1280 1772 1352 quis

194 1392 415 1441 accurate
456 1372 744 1455 exploret,
775 1395 950 1451 neque
988 1389 1135 1434 artes
1181 1391 1305 1433 esse
1346 1375 1563 1431 dixerit.
1592 1374 1772 1444 Quare

189 1491 274 1547 ego
298 1475 425 1531 alias
451 1472 755 1545 superﬂuas
782 1488 891 1526 nutt
936 1484 1032 1541 pro
1059 1468 1265 1525 artibus
1302 1467 1496 1522 habeo.
1525 1466 1606 1522 Ad
1637 1465 1766 1537 quid

188 1567 311 1621 enim
349 1564 659 1635 coquinaria
703 1572 760 1619 et
797 1560 1200 1618 salsamentaria
1244 1558 1401 1614 nobis
1446 1556 1646 1612 utiles?
1684 1557 1767 1613 Ad

188 1658 298 1715 nihil
318 1667 460 1715 certe
482 1676 499 1712 :
525 1657 638 1713 imo
667 1654 822 1712 valde
849 1652 1068 1709 inutiles
1096 1662 1153 1710 et
1177 1652 1355 1709 noxia:
1380 1661 1536 1715 sunt,
1562 1665 1685 1722 quae
1713 1660 1769 1706 et

186 1766 356 1822 corpus
382 1761 435 1807 et
457 1750 696 1806 animam
726 1748 1066 1816 labefactant,
1098 1746 1241 1819 quod
1268 1745 1580 1802 morborum
1610 1744 1767 1816 (egri-

184 1844 507 1915 tudiuumque
534 1843 775 1899 omnium
802 1850 1029 1898 matrem
1063 1840 1390 1911 voluptatem
1414 1854 1537 1892 cum
1570 1852 1764 1909 pompa

184 1950 348 2007 magna
375 1935 651 1991 inducant.
664 1931 781 1989 Imo
800 1948 901 1989 nec
925 1932 1212 2002 picturam,
1228 1945 1331 1986 nec
1358 1928 1763 2001 phrygionicam

179 2038 304 2084 artes
342 2027 562 2099 proprie
600 2026 852 2082 dixerim.
897 2023 1034 2080 Nam
1082 2025 1138 2079 in
1178 2021 1483 2093 superﬂuos
1517 2029 1764 2091 sumptus

182 2136 264 2177 nos
303 2120 612 2192 conjiciunt.
645 2121 804 2175 Artes
842 2132 973 2175 vero
1018 2116 1350 2173 necessarias
1374 2157 1390 2180 ,
1432 2130 1555 2187 quae
1596 2114 1761 2171 vitam

179 2222 394 2269 nostram
411 2219 740 2277 sustentant,
762 2210 918 2266 nobis
947 2211 1250 2266 necessaria
1278 2208 1556 2279 praebeant
1581 2219 1645 2264 ει.
1662 2223 1761 2280 ap-

177 2314 342 2373 parent
362 2311 598 2375 oportet.
631 2302 758 2359 Ideo
782 2316 1014 2373 namque
1037 2301 1352 2373 sapientium
1384 2299 1576 2355 indidit
1603 2300 1763 2356 nobis

179 2395 315 2462 Deus,
336 2403 393 2459 ut
418 2394 757 2451 inveniamus
786 2392 1093 2459 methodos,
1121 2391 1276 2463 queis
1301 2392 1569 2462 possimus
1596 2394 1758 2448 vitam

172 2504 468 2546 conservare
486 2499 729 2546 nostram
755 2505 770 2544 :
792 2488 1112 2544 animalcuia
1134 2502 1263 2542 vero
1284 2498 1375 2543 aut
1394 2486 1446 2541 in
1467 2485 1759 2557 parietibus

169 2594 247 2639 aut
266 2583 318 2639 in
336 2584 580 2640 vestibus
606 2591 995 2652 reprmsentare
1010 2582 1075 2638 ad
1092 2581 1242 2653 quid,
1262 2594 1469 2650 quaso,
1489 2580 1617 2636 utile
1637 2579 1760 2636 est?

169 2676 275 2732 Ideo
298 2690 358 2731 ex
385 2675 781 2731 calceariorum
822 2683 879 2730 et
925 2689 992 2729 ex
1037 2682 1306 2729 textorum
1345 2673 1551 2729 artibus
1591 2670 1757 2727 multa

169 2769 437 2826 resecanda
467 2778 660 2825 essent
684 2786 698 2821 :
723 2783 845 2823 nam
873 2766 941 2822 ad
981 2767 1165 2822 luxum
1196 2766 1362 2820 multa
1392 2764 1754 2832 deduxerunt,

161 2872 213 2917 et
243 2863 377 2933 quod
407 2863 783 2918 necessarium
804 2870 924 2917 erat
963 2858 1357 2915 labefactarunt
1381 2899 1397 2924 ,
1422 2857 1525 2912 arti
1556 2856 1755 2912 malum

165 2955 424 3010 artificium
471 2954 873 3017 admiscentes;
922 2953 1066 3023 quod
1114 2952 1277 3008 etiam
1324 2950 1756 3007 architectonica

162 3046 351 3101 accidit.
379 3046 490 3101 Sed
525 3055 583 3100 ut
611 3046 779 3108 hanc,
810 3044 983 3099 donec
1008 3044 1173 3109 mdes,
1202 3059 1308 3099 non
1339 3053 1518 3098 autem
1544 3042 1755 3098 theatra

164 3145 493 3202 :edillcaverit
522 3186 535 3208 .
582 3142 646 3200 a’e
704 3143 1047 3210 necessaria,
1097 3156 1204 3196 non
1255 3150 1433 3195 autem
1484 3139 1755 3209 superﬂua

160 3240 417 3307 struxerit,
448 3247 627 3294 artem
658 3235 866 3291 vocabo
890 3254 903 3290 :
924 3234 1005 3291 sic.
1033 3244 1086 3291 et
1113 3235 1398 3291 textoriam
1418 3274 1432 3297 ,
1464 3233 1637 3289 donec
1664 3249 1754 3289 ve-

162 3331 389 3385 sumenta
431 3329 624 3386 iecerit
651 3338 707 3385 et
742 3337 1053 3383 assumenta
1074 3369 1087 3391 ,
1122 3341 1221 3382 nec
1249 3340 1477 3381 araneas
1509 3327 1709 3382 imitata
1734 3368 1751 3391 ,

160 3422 361 3477 multum
389 3410 567 3479 risum
594 3420 910 3476 excitaverit
930 3434 997 3475 ac
1021 3418 1301 3474 mollitiem
1331 3421 1603 3489 ingentem
1623 3461 1635 3483 ,
1660 3433 1750 3473 ar-

159 3521 249 3568 tem
284 3529 440 3569 voco.
468 3512 693 3569 Necnon
728 3497 1047 3568 caiceairiam
1086 3521 1256 3566 artem
1281 3552 1295 3575 ,
1324 3510 1499 3565 donec
1542 3510 1753 3566 calceos

158 3606 357 3672 fecerit,
380 3608 522 3663 artis
552 3607 772 3662 nomine
800 3622 907 3661 non
953 3605 1206 3675 privabo;
1230 3620 1350 3659 cum
1382 3614 1561 3659 autem
1609 3605 1754 3659 viros

156 3699 201 3753 in
222 3702 503 3756 mulierum
538 3702 764 3756 formam
796 3698 1092 3754 traduxerit
1121 3738 1137 3763 ,
1168 3698 1359 3752 molles
1384 3706 1440 3753 et
1468 3695 1759 3752 eil'emim»

156 3804 225 3845 tos
246 3808 308 3848 ex
335 3793 653 3849 calceorum
681 3791 849 3846 forma
881 3789 1098 3853 fecerit,
1125 3804 1247 3845 cum
1274 3789 1453 3852 noxiis
1477 3796 1533 3843 et
1560 3803 1751 3856 super-

156 3882 258 3938 ﬂuis
282 3884 424 3939 illam
456 3885 780 3939 locabimus.
812 3884 937 3940 Scio
968 3899 1055 3939 me
1081 3884 1262 3938 multis
1293 3881 1461 3937 videri
1503 3881 1555 3936 in
1587 3881 1750 3935 mini-

154 3977 237 4033 mis
253 3980 476 4035 nimium
495 3979 803 4034 immorari:
821 3994 992 4050 neque
1008 3988 1186 4033 tamen
1200 3978 1477 4033 absistam.
1497 3975 1748 4032 Omnium

154 4071 327 4138 quippe
355 4071 634 4126 malorum
663 4086 823 4127 causa
872 4070 985 4126 haec
1017 4079 1100 4126 est
1127 4111 1142 4135 ,
1168 4085 1235 4125 eo
1276 4068 1419 4139 quod
1466 4069 1613 4137 parvi
1660 4069 1748 4123 illa

156 4173 345 4227 incurata
374 4164 643 4219 momenti
677 4179 799 4219 esse
830 4162 1131 4223 videantur.
1156 4172 1207 4217 et
1235 4160 1356 4218 ideo
1388 4161 1745 4230 negligantur.

155 4252 211 4306 Et
232 4254 355 4324 quid
386 4253 500 4310 hoc
527 4255 735 4319 levius,
768 4255 1008 4324 inquies,
1038 4264 1316 4323 peceatum
1345 4267 1598 4322 umquam
1631 4252 1747 4308 luc-

152 4346 223 4407 rit,
252 4362 372 4403 cum
403 4348 535 4420 quis
562 4348 777 4404 calceos
802 4347 965 4403 habet
994 4360 1214 4401 ornatos
1238 4362 1302 4401 ac
1330 4344 1618 4415 fulgentes,
1648 4359 1746 4414 pe-

150 4437 286 4494 dibus
312 4440 630 4510 aptatos,'si
654 4450 833 4495 tamen
863 4440 963 4494 hoc
995 4448 1269 4509 peccatum
1294 4437 1594 4493 vocandum
1622 4437 1747 4492 est?

154 4528 303 4586 Vultis
348 4533 519 4603 igitur
560 4532 707 4587 illum
753 4531 1073 4602 aggrediar,
1122 4533 1211 4600 qui
1256 4532 1335 4586 sic
1389 4530 1621 4601 loquitur
1648 4572 1662 4596 ,
1694 4538 1747 4585 et

148 4632 326 4689 quanta
359 4624 444 4678 rei
484 4623 617 4677 insit
652 4622 934 4693 turpitudo
961 4623 1288 4678 ostendam?
1329 4637 1507 4678 annon
1540 4623 1743 4677 irasce-

152 4712 260 4766 tnini
282 4713 445 4769 “tuo
473 4713 687 4768 etiamsi
730 4713 1033 4769 irascamini
1068 4756 1082 4779 ,
1119 4730 1222 4767 non
1253 4712 1477 4767 multum
1520 4712 1743 4771 curatio.

145 4799 260 4855 Nam
298 4819 398 4860 vos
438 4814 605 4859 tantae
635 4804 957 4873 insipientire
1000 4820 1160 4859 eausa
1198 4805 1328 4859 estis
1353 4846 1368 4869 ,
1399 4805 1487 4873 qui
1519 4819 1630 4858 rem
1678 4819 1747 4859 ne

146 4904 408 4961 promtum
446 4893 667 4965 quidem
711 4910 833 4949 etse
871 4898 1109 4965 putatis,
1142 4911 1347 4967 nosque
1390 4896 1513 4951 ideo
1554 4896 1747 4967 cogitis

146 4982 189 5037 in
211 4984 523 5055 bujusmodi
554 4987 737 5042 luxum
771 4988 973 5042 invehi.

204 5075 253 5130 5.
294 5077 495 5132 Contra
520 5078 699 5134 luxum
726 5080 780 5133 in
808 5078 1014 5134 calceis.
1040 5109 1108 5121 -—-
1134 5082 1247 5150 Age
1278 5082 1439 5150 igitur
1470 5081 1521 5135 id
1554 5082 1743 5151 explo-

142 5180 303 5223 remus
326 5211 342 5233 ,
374 5169 773 5239 videamusque
800 5182 1059 5242 quantum
1086 5173 1155 5226 sit
1180 5172 1402 5227 malum.
1434 5172 1568 5227 Cum
1600 5173 1741 5226 enim

147 5258 298 5313 serit:
346 5258 439 5314 illa
469 5300 487 5325 ,
520 5276 640 5330 qua:
681 5278 749 5315 ne
786 5261 841 5315 in
884 5262 1218 5317 vestimentis
1247 5262 1462 5331 quidem
1505 5264 1743 5320 inserere

144 5348 417 5405 honestum
440 5360 550 5414 est,
579 5354 631 5405 in
658 5352 856 5407 calceis
883 5353 1152 5419 inseratis,
1176 5364 1372 5423 quanta
1396 5355 1739 5421 contumelia,

144 5453 322 5503 quanto
348 5445 470 5499 risu
496 5447 610 5499 hac
629 5444 788 5515 digna
809 5457 935 5501 sunt
949 5452 973 5501 ?
999 5446 1055 5502 Si
1078 5462 1203 5506 vero
1222 5449 1543 5503 sententiam
1566 5464 1743 5504 meam

144 5536 381 5609 despicis,
412 5537 542 5592 audi
573 5539 794 5594 Paulum
821 5555 943 5594 cum
968 5555 1159 5611 magna
1182 5540 1515 5597 vehementia
1540 5542 1590 5597 id
1618 5558 1743 5612 pro-

144 5624 402 5683 hibentem
432 5670 449 5689 ,
497 5643 545 5684 et
596 5640 722 5686 tunc
764 5631 1042 5687 ridiculam
1090 5647 1201 5687 rem
1249 5648 1371 5687 esse
1416 5634 1735 5699 comperies.

140 5721 258 5784 Quid
289 5739 427 5793 erga
466 5724 541 5776 ait
580 5723 669 5779 ille
688 5727 713 5778 ἲ
751 5722 870 5777 Non
905 5726 959 5777 in
990 5726 1134 5779 tortis
1160 5726 1384 5781 crinibus
1405 5770 1417 5790 ,
1452 5737 1540 5780 aut
1572 5743 1695 5780 auro
1718 5771 1731 5791 ,

141 5820 217 5863 aut
239 5814 543 5887 mergariii:
566 5856 581 5879 ,
614 5817 691 5869 vel
716 5823 847 5868 ueste
871 5816 1090 5883 pretiosa
1113 5814 1132 5887 (
1156 5818 1206 5869 i.
1244 5814 1378 5871 Tim.
1405 5818 1459 5872 2.
1495 5817 1590 5889 9).
1624 5818 1739 5886 Qua

502 5927 768 5987 Parmae.
806 5926 925 5985 Gn.
975 5926 1188 5987 LVIII.

1178 336 1246 396 1N
1284 332 1697 395 summatm
1738 332 1970 391 unum.
2004 325 2202 391 χιιι.
2247 304 2317 392 at.
2363 334 2423 391 ιδ.

3403 334 3512 392 503

1894 449 2054 523 igitur
2081 449 2240 505 venia
2264 448 2457 520 dignus
2498 445 2665 503 fueris
2690 490 2705 513 ,
2745 446 2965 520 quando
2992 445 3188 503 Paulus
3215 448 3372 503 uxori
3403 457 3510 503 tua:

1890 559 1998 599 non
2037 543 2298 615 permittit
2326 550 2478 599 veste
2506 540 2741 613 pretiosa
2772 538 2849 595 uti
2874 580 2889 604 ,
2928 540 2975 596 si
3006 549 3061 595 tu
3099 540 3284 596 luxum
3314 538 3506 609 hujus-

1887 638 2034 696 modi
2082 639 2138 696 iu
2184 637 2398 695 calceos
2443 633 2707 703 inducas,
2757 635 3014 706 milieque
3056 634 3232 690 modis
3273 648 3508 707 appares

1884 746 2003 788 rem
2046 730 2120 787 ita
2156 728 2608 787 contumeliosam
2636 737 2695 785 et
2724 726 3009 783 ridiculam
3029 727 3056 781 ?
3092 726 3228 784 Nam
3260 726 3406 785 illam
3433 726 3507 783 ob

1850 834 2105 883 A’causam
2133 825 2287 881 navis
2310 822 2665 889 construitur,
2695 822 2930 894 remiges
2953 820 3349 888 conducuntur,
3379 837 3506 892 pru-

1883 934 1959 975 m
1977 919 2171 976 ductor
2195 925 2253 985 et
2273 917 2605 988 gubernator
2625 915 3000 981 instituuntur,
3034 915 3214 971 velum
3240 913 3505 986 expendi-

1881 1020 1990 1079 tur,
2015 1013 2232 1083 pelagus
2254 1010 2541 1082 trajicitur,
2565 1008 2771 1067 relictis
2790 1022 2983 1074 uxore,
3008 1007 3195 1063 liberis
3213 989 3270 1063 et
3289 1008 3462 1079 patria
3479 1049 3496 1071 ,

1880 1113 2155 1162 mercator
2191 1104 2355 1159 vitam
2402 1100 2652 1158 ﬂuctibus
2684 1100 2970 1157 conmittit
2996 1142 3013 1168 ,
3044 1100 3209 1171 inqtte
3245 1100 3502 1156 barbaro-

1880 1214 2000 1255 rum
2030 1198 2306 1271 regionem
2337 1195 2694 1267 proﬁciscitur
2714 1235 2732 1262 ,
2758 1192 2911 1250 mille
2938 1191 3193 1262 periculis
3220 1193 3502 1263 expositus

1877 1291 1948 1348 ad
1992 1290 2111 1361 hac
2155 1290 2241 1345 tiia
2279 1286 2643 1361 comparanda
2666 1328 2685 1353 ,
2718 1294 2779 1341 ut
2814 1295 2936 1355 post
2974 1285 3093 1341 haec
3117 1286 3300 1341 omnia
3343 1295 3402 1341 tu
3444 1286 3498 1343 in

1876 1384 2075 1440 calceis
2101 1382 2191 1439 illa
2218 1396 2404 1438 assnas
2424 1388 2482 1437 et
2501 1379 2711 1436 corium
2732 1391 2919 1435 ornes.
2948 1376 3154 1449 Ecquid
3175 1386 3326 1433 tanta
3351 1377 3500 1434 insa-

1876 1475 1964 1531 nia
1990 1472 2275 1531 deterius?
2300 1473 2369 1529 At
2403 1480 2649 1528 veterum
2675 1470 2845 1527 calcei
2884 1484 2992 1526 non
3030 1468 3167 1525 tales
3193 1478 3368 1537 erant,
3396 1469 3497 1525 sed

1873 1566 2063 1640 quales
2097 1565 2332 1623 decebat
2364 1566 2531 1620 viros.
2556 1562 2927 1633 Quatuohrem
2954 1576 3168 1641 vereor,
3200 1575 3270 1618 ne
3298 1575 3495 1633 proce-

1871 1658 2037 1715 dente
2067 1667 2342 1729 tempore,
2369 1656 2744 1712 adolescentes
2771 1653 2914 1725 apud
2943 1666 3039 1709 vos
3068 1652 3359 1709 mulierum
3378 1654 3497 1710 cal-

1871 1754 1985 1809 ceis
2008 1761 2253 1819 utantur,
2275 1751 2440 1823 idque
2458 1749 2578 1807 sine
2602 1748 2830 1821 pudore.
2852 1747 3127 1820 Quodque.
3142 1746 3362 1819 gravius
3385 1758 3490 1811 est,

1872 1845 1990 1903 haec
2017 1845 2265 1902 videntes
2292 1852 2476 1915 patres
2504 1858 2612 1899 non
2642 1833 3014 1914 indignantur,
3046 1840 3143 1898 sed
3174 1857 3289 1899 rem
3313 1851 3376 1898 ut
3403 1842 3491 1899 iu-

1869 1937 2209 1996 diii‘erentetn
2253 1937 2471 1994 habent.
2520 1936 2767 1993 Vnitisne
2799 1946 2861 1992 ut
2888 1933 3018 2007 quid
3062 1935 3225 1992 etiam
3271 1934 3492 2009 gravius

1867 2022 2125 2087 aﬂ'eram?
2148 2030 2279 2086 Haec
2301 2029 2373 2085 ita
2400 2028 2534 2085 (lunt
2552 2028 2682 2085 dum
2707 2028 2859 2083 multi
2877 2037 3122 2100 egestate
3143 2039 3483 2099 premuntur.

1868 2122 2043 2179 Vultis
2071 2124 2126 2179 in
2154 2120 2681 2198 medium’adducam
2704 2119 2981 2177 Christum
3006 2122 3359 2187 esurientem,
3386 2137 3489 2176 nu-

1866 2214 2019 2281 dum,
2052 2214 2287 2286 undique
2311 2206 2529 2285 captum
2550 2256 2566 2274 .
2601 2212 2884 2269 vinctum?
2912 2212 2984 2268 Et
3011 2223 3142 2285 quot
3169 2212 3487 2270 fulminibus

1865 2306 2015 2378 digni
2040 2321 2148 2362 non
2171 2306 2346 2372 eritis,
2368 2304 2496 2360 dum
2520 2304 2673 2360 illum
2696 2303 2963 2375 negligitis
2990 2304 3300 2361 necessario
3322 2320 3488 2375 egen-

1866 2410 1975 2457 tem
2004 2399 2131 2456 cibo
2153 2440 2170 2467 ,
2196 2409 2255 2455 et
2289 2397 2463 2470 pelles
2491 2413 2613 2454 cum
2646 2405 2797 2453 tanto
2824 2397 3004 2453 studio
3026 2398 3347 2454 exornatis?
3390 2397 3488 2454 llie

1864 2492 2083 2564 quidem
2112 2507 2237 2548 cum
2265 2490 2545 2562 discipulis
2586 2490 2719 2562 iege,
2738 2508 2760 2545 ,l
2792 2489 2987 2556 daret,
3016 2505 3086 2545 ne
3117 2490 3482 2546 calceamcuta
3542 2516 3547 2564 ι

1862 2584 2081 2660 quidem
2122 2583 2327 2641 habere
2354 2582 2603 2654 permisit
2646 2601 2659 2637 :
2704 2597 2804 2637 nos
2829 2597 2959 2638 vero
2984 2597 3091 2637 non
3134 2581 3296 2639 modo
3324 2581 3483 2638 nudis

1864 2678 2092 2749 pedibus
2116 2675 2370 2733 incedere
2391 2691 2499 2732 non
2520 2676 2875 2741 sustinemus,
2903 2674 2997 2731 sed
3027 2690 3204 2746 neque
3225 2675 3484 2731 calceatis

1863 2770 1957 2825 illo
1980 2784 2090 2840 quo
2112 2777 2390 2840 oporteret
2418 2766 2601 2823 modo.
2625 2768 2765 2837 Quid
2794 2767 2896 2823 hac
2919 2766 3254 2822 absurditate
3285 2767 3438 2839 pejus
3457 2769 3482 2819 ?

1858 2864 1989 2937 quid
2037 2864 2209 2936 magis
2251 2862 2580 2920 ridiculum?
2626 2861 2760 2918 illud
2800 2870 2952 2918 certe
2989 2861 3155 2917 animi
3180 2860 3479 2918 ell‘eminati

1861 2965 1964 3021 est,
1998 2956 2300 3023 inhumani,
2330 2954 2495 3011 nimis
2521 2954 2723 3021 curiosi
2743 2994 2760 3018 ,
2789 2955 3090 3010 vanissimi.
3119 2954 3482 3022 Quandonam

1860 3050 2057 3120 poterit
2088 3049 2407 3105 necessariae
2434 3048 2513 3104 rei
2538 3036 2895 3114 incumbere,
2920 3047 3009 3116 qui
3040 3047 3122 3101 his
3148 3062 3477 3117 supervaca-

1860 3141 1980 3197 neis
2016 3140 2229 3195 deditus
2266 3140 2394 3195 est?
2441 3139 2659 3210 quando
2696 3140 2915 3207 juvenis
2941 3139 3253 3209 lmjusmodi
3283 3142 3480 3197 anitum

1858 3247 2045 3288 curam
2069 3230 2309 3298 habebit,
2330 3230 2413 3288 vel
2434 3231 2692 3303 cogitabit
2712 3233 2875 3288 etiam
2897 3247 2960 3289 se
2980 3233 3216 3289 animum
3241 3232 3443 3292 habere
3454 3236 3480 3288 ἒ·

1858 3325 1991 3382 Nam
2021 3327 2344 3382 vanissimas
2368 3330 2593 3382 omnino
2621 3326 2728 3383 erit
2751 3326 2841 3397 qui
2870 3326 2987 3382 haec
3016 3327 3199 3382 mirari
3232 3328 3476 3398 compel-

1862 3420 2037 3483 letur,
2069 3428 2129 3476 et
2170 3420 2594 3475 immanissimus
2618 3463 2634 3487 ,
2666 3420 2756 3491 qui
2806 3420 2890 3476 bis
2933 3421 3172 3478 intentus
3214 3437 3479 3493 pauperes

1860 3512 2128 3585 negligct;
2158 3513 2356 3569 virtute
2379 3528 2601 3572 vacuus.
2634 3512 2727 3585 qui
2752 3521 2922 3569 totam
2952 3513 3114 3569 vitam
3143 3514 3195 3569 in
3229 3515 3332 3570 hoc
3358 3523 3479 3570 stu-

1857 3607 1949 3662 dio
1977 3606 2257 3678 impendit.
2290 3605 2423 3661 Nam
2450 3606 2541 3678 qui
2570 3606 2784 3663 ﬁiorum
2815 3609 3205 3677 praestantiam,
3230 3608 3475 3685 colorum

1858 3699 2047 3754 liorem
2073 3741 2088 3765 ,
2136 3698 2459 3770 hederteque
2499 3698 2735 3769 speciem
2780 3714 2810 3754 a
2851 3700 2943 3755 tali
2978 3709 3191 3758 textura
3219 3701 3475 3756 emissam

1856 3794 2072 3847 curiose
2100 3791 2382 3862 perquirit,
2410 3789 2755 3862 quandouam
2788 3792 2990 3863 poterit
3019 3794 3209 3847 caelum
3239 3795 3476 3865 respice-

1857 3885 1955 3942 re?
1983 3885 2198 3955 quando
2224 3899 2515 3957 supernam
2542 3883 2687 3939 illam
2712 3883 3173 3956 pulchritudinem
3193 3885 3477 3940 mirabitur

1856 3980 1936 4044 is,
1987 3979 2078 4050 qui
2135 3993 2337 4049 pronus
2391 3978 2444 4032 in
2494 3986 2695 4033 terram
2746 3976 2966 4048 pellium
3020 3976 3474 4047 pulchritudinem

1856 4071 2123 4127 miratur?
2150 4072 2293 4127 Deus
2317 4070 2541 4142 quidem
2567 4070 2814 4127 extendit
2841 4070 3057 4135 malum,
3083 4070 3254 4125 solem
3280 4086 3445 4127 acccn
3461 4104 3474 4113 .

1854 4165 1967 4229 dit,
2000 4165 2291 4233 oculosque
2319 4174 2441 4220 tuos
2470 4178 2684 4219 sursum
2720 4162 2880 4219 trahit
2902 4205 2917 4230 ,
2961 4172 3018 4219 tu
3052 4178 3181 4219 vero
3210 4172 3264 4220 te
3295 4164 3472 4234 ipsum

1854 4258 2002 4327 cogis
2044 4271 2234 4312 versus
2276 4265 2474 4312 terram
2512 4271 2799 4327 porcorum
2839 4256 3011 4312 instar
3036 4256 3326 4325 respicere,
3359 4256 3476 4310 dia.

1854 4348 2085 4420 boloque
2136 4364 2341 4403 moan
2386 4348 2554 4419 geris.
2604 4348 2735 4403 Nam
2784 4348 2901 4418 ipse
2943 4347 3212 4420 malignus
3258 4348 3470 4403 dtcuton

1854 4439 1993 4495 hanc
2019 4430 2403 4509 turpitudinem
2429 4440 2785 4511 excogitavit,
2810 4449 2870 4495 ut
2908 4447 2961 4495 te
2997 4439 3068 4495 ab
3107 4439 3194 4494 illa
3234 4439 3476 4510 pulchri-

1856 4532 2038 4587 tudine
2062 4541 2365 4599 averteret;
2409 4533 2529 4588 ideo
2561 4543 2614 4587 te
2650 4534 2787 4589 istuc
2816 4533 3037 4588 attraxit
3058 4574 3071 4595 ,
3103 4534 3471 4604 postponitur-

1852 4640 1956 4694 que
1977 4625 2138 4690 Deus,
2157 4626 2346 4679 uarium
2366 4626 2679 4692 ostendens,
2696 4625 2912 4680 diabolo
2929 4626 3096 4696 pelles
3113 4630 3436 4681 monstranti
3453 4646 3470 4694 ;

1854 4715 1965 4769 imo
1992 4730 2097 4770 non
2127 4715 2319 4785 pelles,
2354 4715 2436 4770 ita:
2460 4718 2659 4787 quippe
2687 4726 2815 4772 sunt
2844 4716 2937 4772 Dei
2964 4731 3137 4787 opus;
3170 4718 3267 4773 sed
3296 4720 3475 4774 molli-

1854 4808 1979 4863 tiem
2004 4809 2287 4879 quamdam
2312 4817 2366 4863 et
2388 4810 2680 4879 pessimum
2704 4809 3014 4865 artiﬁcium.
3040 4810 3133 4865 Sic
3154 4810 3472 4867 adolescens

1853 4915 2054 4969 pronus
2080 4915 2266 4956 versus
2296 4910 2495 4957 terram
2524 4901 2771 4956 circumit
2795 4943 2810 4968 ,
2838 4904 2928 4972 qui
2955 4904 3191 4957 caelestia
3222 4903 3468 4974 philoso-

1856 4992 2005 5062 phari
2034 4992 2216 5063 jussus
2244 5002 2329 5047 est
2351 5034 2363 5057 ,
2400 4994 2679 5063 magisque
2704 4993 2774 5048 de
2806 4994 2890 5049 his
2913 4995 3205 5064 gloriatur,
3236 5012 3394 5066 quatn
3423 4997 3467 5049 si

1851 5083 1980 5151 quid
2018 5099 2270 5153 magnum
2302 5095 2558 5152 operatus
2592 5094 2776 5151 esset,
2807 5087 2992 5155 sicque
3024 5087 3257 5141 molliter
3285 5099 3341 5140 et
3369 5086 3467 5142 dc-

1856 5178 2012 5231 licate
2037 5192 2134 5247 per
2160 5176 2331 5231 lorum
2370 5177 2609 5242 incedit,
2638 5194 2932 5235 mmrorem
2974 5180 3074 5234 sibi
3111 5180 3495 5251 doloremque.

1851 5271 2180 5334 concilians,
2224 5286 2292 5326 ne
2336 5271 2514 5327 hieme
2556 5274 2768 5328 calceos
2815 5274 2928 5328 luto
2968 5274 3362 5338 commaculet,
3397 5290 3467 5327 ne

1850 5374 2037 5420 aestate
2059 5366 2279 5434 pulvere
2303 5366 2533 5435 aperiat.
2561 5366 2698 5432 Quid
2726 5365 2882 5432 dicis,
2910 5382 2943 5418 o
2971 5367 3173 5421 homo?
3200 5367 3465 5423 animati»

1853 5474 1920 5514 ne
1952 5468 2117 5514 totam
2160 5460 2212 5513 in
2253 5459 2424 5515 lutum
2456 5460 2735 5527 coniecisti
2770 5476 2866 5531 per
2897 5460 3204 5531 hujusmodi
3237 5458 3418 5516 luxum
3445 5506 3461 5528 ,

1851 5568 1977 5605 num
2024 5553 2166 5606 illam
2213 5554 2358 5607 humi
2403 5554 2708 5609 devolutum
2754 5555 3019 5627 negiigis,
3066 5565 3121 5611 et
3160 5555 3229 5611 de
3268 5557 3465 5610 calceis

1852 5655 1958 5698 tam
1991 5644 2148 5701 anxie
2176 5646 2424 5718 cogitas?
2468 5647 2625 5703 Disce
2666 5664 2823 5702 usum
2859 5665 3047 5704 eorum
3074 5693 3086 5714 ,
3118 5658 3174 5704 et
3200 5650 3466 5705 erubesco.

1853 5736 1993 5805 quod
2027 5738 2155 5791 tanti
2186 5737 2271 5791 illa
2305 5738 2487 5793 facias.
2533 5738 2665 5793 Nam
2695 5740 2861 5795 calcei
2907 5740 3027 5796 ideo
3066 5741 3265 5797 inventi
3295 5751 3418 5794 sunt
3446 5782 3461 5798 .

1856 5832 1912 5875 ut
1944 5820 2111 5876 lutum
2140 5830 2193 5877 et
2223 5838 2435 5879 caenum
2464 5822 2666 5879 calcent
2699 5866 2712 5891 ,
2746 5840 2843 5879 nec
2878 5842 2981 5880 non
3011 5825 3244 5880 maculas
3270 5837 3460 5879 omnes

3126 5931 3165 5994 3

3537 2640 3544 2704 Ι
