4154 6324
666 359 770 413 5θῦ

663 486 780 540 qtae
823 469 878 524 in
927 466 1226 538 pavimento
1268 465 1525 517 visuntur.
1573 461 1630 516 Si
1670 471 1850 516 autem
1887 460 1939 514 id
1971 459 2108 513 ferre
2139 473 2246 512 non

592 582 596 586 -
668 571 816 628 [uites
840 600 855 624 ,
886 560 1033 613 solve
1060 557 1181 611 illos
1209 566 1261 611 et
1291 571 1317 609 a
1347 556 1485 610 collo
1513 552 1779 624 suspende
1803 594 1817 621 ,
1845 553 1928 608 vel
1954 552 2110 621 capiti
2140 550 2247 608 cir-

664 664 944 719 compone.

731 741 784 797 ϐ.
829 741 933 796 Vos
958 740 1170 811 quidem
1196 739 1384 795 ridetis
1419 745 1532 794 haec
1558 737 1869 802 audientes;
1917 751 2016 806 ego
2040 751 2167 790 vero
2192 752 2245 789 ιιι

661 833 920 903 lacrymas
943 847 1168 904 erumpe
1197 833 1380 888 videns
1416 833 1628 886 illorum
1658 829 1955 897 insaniam,
1986 838 2040 884 et
2066 828 2245 898 hujus-

661 923 804 978 modi
831 939 1036 980 curam.
1061 924 1192 981 Nam
1221 925 1468 980 libentius
1496 925 1570 978 illi
1597 937 1792 992 corpus
1813 923 1924 978 luto
1947 935 2246 976 commacu-

661 1018 829 1074 larent
854 1060 868 1082 ,
897 1035 1054 1089 quam
1083 1019 1382 1089 huiusmodi
1414 1019 1642 1073 calceos.
1693 1017 1827 1071 Hinc
1858 1017 1934 1071 illi
1967 1016 2247 1070 levissimis

657 1111 820 1164 dediti
865 1111 1033 1176 fiunt,
1066 1120 1224 1182 atque
1261 1112 1359 1164 alia
1394 1111 1599 1165 ratione
1631 1110 1870 1179 pecunia:
1907 1108 2069 1163 avidi.
2114 1106 2244 1161 Nam

656 1205 748 1272 qui
781 1203 831 1257 in
861 1203 977 1260 haec
1011 1207 1198 1258 insano
1222 1204 1398 1258 studio
1426 1203 1552 1258 ferri
1581 1204 1776 1257 assueti
1803 1213 1928 1256 sunt
1951 1242 1965 1264 ,
1999 1201 2052 1254 in
2082 1201 2246 1254 vesti-

659 1293 760 1347 bus
785 1294 836 1348 in
861 1294 1086 1364 aliisque
1105 1295 1351 1348 omnibus
1373 1294 1537 1349 multa
1564 1295 1833 1349 insumant
1859 1303 1912 1347 et
1939 1291 2246 1362 impendant

660 1394 889 1454 oportet.
934 1384 1035 1452 Qui
1079 1385 1123 1440 si
1167 1386 1505 1441 ambitiosum
1535 1393 1736 1455 patrem
1765 1383 1959 1438 habeat
1982 1424 1996 1446 ,
2024 1391 2246 1453 augetur

657 1476 773 1545 ejus
799 1478 1027 1533 absurda
1055 1479 1348 1548 cupiditas;
1382 1481 1426 1534 si
1453 1495 1692 1544 avarum,
1721 1478 1929 1548 cogitur
1952 1478 2052 1532 alia
2079 1479 2247 1548 turpi-

662 1576 744 1621 tcr
787 1569 1036 1639 aggredi,
1071 1578 1126 1624 ut
1167 1587 1352 1625 aurum
1393 1571 1458 1626 ad
1507 1572 1644 1626 hunc
1682 1582 1947 1641 sumptum
1978 1573 2242 1627 corradat.

657 1659 791 1714 Hinc
819 1662 969 1715 inulti
995 1662 1237 1731 juvenes,
1272 1672 1324 1718 et
1351 1664 1572 1718 fortnam
1604 1680 1752 1718 suam
1780 1665 2163 1730 vendiderunt,
2192 1677 2245 1720 et

657 1752 870 1819 parasiti
898 1752 1118 1807 divitum
1161 1754 1333 1809 effecti
1368 1765 1524 1820 sunt,
1558 1757 1765 1826 aliaque
1796 1758 2008 1812 servilia
2035 1758 2246 1813 subiere

657 1843 949 1899 ministeria
976 1888 990 1911 ,
1037 1855 1093 1900 ut
1135 1847 1222 1902 his
1269 1849 1570 1902 facultatem
1621 1849 1898 1919 explenda:
1942 1849 2244 1920 cupiditatis

656 1945 917 1992 (niterent.
958 1938 1108 2003 Quod
1141 1939 1300 2008 igitur
1332 1940 1418 1996 hic
1458 1942 1695 2011 pecunia:
1722 1958 1906 1998 amans
1945 1944 2150 2001 futurus
2175 1949 2244 2000 sit

658 2037 712 2080 et
756 2027 1054 2085 levissimus
1095 2042 1254 2101 atque
1295 2034 1360 2086 ad
1412 2035 1708 2089 necessaria
1759 2037 1978 2090 omnino
2019 2053 2240 2102 socors;

659 2118 886 2191 hincque
919 2123 1148 2178 futurum
1186 2126 1256 2179 sit
1295 2135 1351 2180 ut
1387 2127 1488 2180 alia
1530 2127 1810 2184 admittere
1842 2140 2052 2199 peccata
2087 2147 2244 2202 coga-

657 2219 762 2275 tur,
793 2226 858 2266 ex
888 2212 1046 2268 dictis
1076 2214 1411 2273 manifestum
1440 2229 1522 2274 est
1553 2237 1567 2274 :
1596 2222 1735 2290 quod
1767 2222 1891 2277 item
1917 2221 2244 2278 inhumanus

658 2305 729 2357 sit
753 2304 957 2360 futurus
983 2317 1036 2361 et
1060 2323 1210 2362 vanae
1231 2311 1414 2378 gloria:
1438 2312 1690 2381 cupidus,
1720 2329 1877 2369 nemo
1904 2315 2110 2372 inficias
2135 2328 2240 2372 eat.

660 2395 982 2454 lnhumanus
1026 2417 1182 2466 cum,
1224 2403 1338 2456 viso
1380 2418 1645 2474 paupere,
1685 2421 1868 2462 amore
1897 2417 2125 2463 ornatus
2162 2413 2242 2464 sui

658 2487 860 2552 ductus,
889 2505 954 2544 ne
982 2491 1248 2560 respicere
1272 2493 1486 2562 quidem
1514 2495 1837 2565 dignabitur,
1867 2497 1964 2554 sed
1985 2499 2110 2553 dum
2137 2502 2245 2554 cal-

657 2594 783 2634 ceos
810 2596 941 2637 auro
968 2593 1190 2638 exornat
1217 2626 1231 2650 ,
1273 2585 1419 2641 illum
1450 2585 1591 2643 fame
1621 2601 1934 2659 pereuntem
1963 2593 2241 2663 despiciet.

660 2668 821 2726 Van-.e
869 2673 1052 2742 gloria:
1096 2675 1355 2744 cupidus,
1406 2677 1531 2732 dum
1575 2679 1628 2732 in
1673 2681 1907 2737 minimis
1951 2682 2243 2738 videntium

657 2763 1102 2822 existimationem
1133 2770 1310 2823 venari
1352 2770 1540 2827 doctus
1574 2772 2020 2844 deprehendetur.
2063 2778 2244 2847 Neque

659 2855 798 2909 enim
830 2867 957 2925 puto
984 2857 1176 2914 ducem
1206 2859 1276 2915 de
1313 2864 1633 2919 exercitibus
1674 2873 1728 2919 et
1773 2868 1987 2936 tropaeis
2024 2872 2134 2923 suis
2173 2869 2242 2924 ita

656 2945 910 3012 gloriari,
950 2957 1005 3002 ut
1041 2949 1289 3018 juvenem
1333 2953 1481 3007 illum
1532 2955 1795 3024 perditum
1833 2958 1903 3014 de
1941 2961 2240 3015 calceorum

657 3045 871 3103 ornatu,
901 3038 966 3094 de
996 3041 1324 3097 vestimentis
1349 3043 1725 3115 deﬂuentibus,
1748 3049 1817 3104 de
1842 3064 1993 3104 coma
2016 3052 2240 3121 capitis:

657 3142 974 3200 quamquam
1014 3131 1126 3187 hinc
1153 3136 1328 3190 omnia
1367 3138 1628 3195 artificum
1657 3141 1880 3197 aliorum
1909 3159 2071 3214 opera
2097 3160 2238 3203 sunt.

656 3217 806 3284 Quod
833 3222 875 3274 si
899 3222 965 3276 de
991 3223 1178 3278 alienis
1199 3241 1303 3279 non
1333 3226 1584 3284 desinunt
1608 3247 1742 3287 vane
1766 3234 2004 3304 gloriari,
2029 3241 2243 3307 quando

655 3312 724 3365 de
751 3314 861 3367 suis
887 3313 1176 3370 desinent?
1201 3317 1319 3372 Alia
1349 3334 1560 3392 quoque
1587 3322 1819 3380 dicerem
1851 3327 1930 3380 his
1954 3330 2197 3398 graviora
2227 3351 2240 3386 :

655 3411 708 3455 at
734 3402 848 3458 Inec
877 3405 1025 3460 vobis
1053 3409 1181 3462 satis
1215 3420 1355 3464 sunt.
1390 3410 1486 3467 llic
1515 3428 1640 3481 ergo
1668 3416 1824 3470 linem
1851 3418 2034 3474 orandi
2063 3419 2241 3478 facere

655 3503 906 3562 oportet:
939 3497 1052 3552 haec
1090 3499 1285 3568 quippe
1328 3500 1437 3556 dixi
1477 3515 1662 3560 contra
1708 3510 2105 3578 contentiosos,
2150 3518 2239 3584 qui

657 3598 767 3639 rem
807 3585 935 3641 nihil
979 3589 1194 3645 absurdi
1243 3592 1437 3648 habere
1475 3593 1742 3652 dicebant.
1784 3599 1849 3654 Et
1885 3602 1997 3656 scio
2025 3603 2237 3672 quidem

654 3678 850 3734 mullos
878 3694 946 3736 ex
983 3681 1272 3750 juvenibus
1297 3701 1364 3740 ne
1393 3687 1549 3743 dictis
1576 3689 1788 3759 quidem
1819 3694 2096 3751 attendere
2118 3739 2132 3762 ,
2168 3698 2236 3751 ita

655 3779 778 3824 sunt
814 3772 947 3826 ebrii
974 3815 987 3829 .
1020 3783 1074 3829 et
1113 3773 1237 3831 huic
1274 3777 1462 3833 inorbo
1491 3780 1726 3846 addicti;
1757 3799 1926 3855 neque
1955 3795 2128 3842 tamen
2160 3791 2227 3844 si.

654 3862 867 3917 lendum
903 3875 1035 3919 erat.
1072 3865 1202 3921 Nam
1241 3878 1416 3937 patres
1445 3883 1622 3927 mente
1647 3875 1761 3929 sani
1788 3917 1802 3940 ,
1853 3877 1994 3946 ipsos
2023 3879 2089 3934 ad
2120 3897 2234 3936 mo-

651 3955 872 4010 destiam
923 3959 1175 4016 inducere
1219 3971 1490 4030 poterunt.
1535 3965 1629 4043 με
1672 3968 1816 4022 dicas
1859 3970 2051 4040 igitur,
2095 3971 2234 4026 Nihil

655 4045 793 4112 hinc,
828 4048 955 4103 nihil
984 4050 1105 4108 inde
1132 4051 1208 4123 (a)
1234 4072 1246 4106 :
1273 4054 1373 4110 hoc
1398 4057 1592 4127 quippe
1611 4099 1626 4125 ,
1657 4060 1756 4116 hoc
1783 4063 1958 4116 omnia
1988 4077 2230 4132 pessum-

713 4179 1513 4261 .Iiietu’mahuadol‘escentibus
1549 4189 1670 4261 illis,
1694 4206 1818 4261 quos
1857 4195 2234 4261 ca_rpit_Chryso-

650 4245 849 4298 sturnus,
879 4244 962 4304 qui
978 4242 1146 4293 luxum
1171 4259 1398 4309 magnum
1425 4252 1473 4298 in
1492 4242 1670 4302 calceis
1692 4242 1808 4315 ipsis
1832 4242 2148 4308 exhibebant:

1375 354 1431 404 S.
1463 349 1741 407 JOANNIS
1778 343 2248 405 CHRYSOSTOMI
2276 346 2613 402 AliClllEP.
2656 345 3186 404 CONSTANTINOP.

3844 355 3941 408 5οι

2355 457 2518 513 dedit.
2551 460 2841 530 Oportebat
2869 464 3011 516 enim
3043 464 3160 517 illos
3193 463 3504 524 inStitucrc».
3533 476 3580 538 et
3604 467 3663 521 'in
3689 468 3756 521 iis
3777 507 3793 532 ,
3827 485 3945 538 quzr.

2353 550 2572 603 minima
2598 550 2914 606 videbantur
2939 568 3060 607 esse
3085 595 3099 618 ,
3135 553 3389 609 honestos
3427 532 3656 611 reddere
3680 600 3693 623 ,
3729 573 3946 627 magna-

2353 641 2528 695 nimos
2553 682 2566 707 ,
2599 652 3033 698 ornamentorum
3064 653 3497 715 contemptores;
3543 649 3621 702 sic
3651 648 3793 702 enim
3827 649 3946 703 illos

2353 734 2405 787 in
2449 734 2651 802 magnis
2689 738 2846 789 etiam
2881 737 3170 806 prmelaros
3211 753 3598 793 inveniremus.
3631 739 3767 808 Quid
3799 742 3945 794 enim

2351 825 2739 880 elementorum
2767 825 3041 896 disciplina
3071 827 3268 882 vilius?
3298 828 3545 884 Attamen
3577 846 3643 884 ex
3673 847 3733 885 ea
3764 830 3950 886 rheto-

2350 931 2458 982 res,
2481 916 2752 985 sophistaz,
2779 927 2832 972 et
2856 919 3156 990 philosophi
3177 921 3428 975 evadunt.
3454 921 3509 978 Si
3533 921 3650 977 haec
3672 923 3945 992 ignorent,

2351 1005 2436 1057 illa
2466 1021 2751 1077 numquam
2785 1009 2972 1063 scient.
3007 1009 3131 1064 Hwe
3157 1020 3334 1065 autem
3364 1013 3597 1066 diximus
3629 1029 3731 1067 non
3763 1014 3947 1081 pueris

2353 1107 2554 1151 tantum
2577 1141 2591 1162 ,
2624 1099 2717 1153 sed
2743 1101 2904 1154 etiam
2931 1102 3241 1156 mulieribus
3266 1112 3320 1156 et
3350 1104 3564 1172 puellis.
3611 1103 3717 1157 Ille
3745 1105 3947 1174 quippe

2349 1200 2474 1243 sunt
2521 1191 2706 1246 iisdem
2756 1193 3000 1247 obnoxiae
3043 1197 3314 1264 peccatis;
3378 1198 3486 1250 imo
3533 1205 3678 1251 tanto
3730 1199 3944 1266 magis,

2349 1293 2548 1351 quanto
2578 1284 2955 1340 modestiorem
2985 1286 3138 1341 decet
3166 1301 3285 1341 esse
3313 1289 3594 1372 virginem.
3625 1291 3753 1354 Quae
3781 1289 3948 1358 igitur

2348 1376 2454 1432 illis
2489 1379 2627 1432 dicta
2662 1390 2814 1446 sunt,
2846 1382 2994 1437 vobis
3024 1384 3183 1437 etiam
3221 1382 3358 1439 dicta
3397 1395 3609 1454 putate,
3649 1399 3714 1438 ne
3747 1384 3940 1438 eadem

2349 1479 2670 1539 repetamus.
2718 1473 2850 1528 Nam
2893 1483 3101 1543 tempus
3137 1487 3221 1530 est
3260 1487 3317 1532 ut
3353 1493 3654 1534 sermonem
3691 1477 3945 1548 precibus

2352 1558 2808 1614 claudamus.V0s
2821 1576 2948 1628 ergo
2965 1563 3248 1615 nobiscum
3271 1565 3430 1615 simul
3447 1573 3616 1626 orate,
3635 1565 3943 1628 utjuvenes

2354 1651 2445 1720 qui
2471 1652 2534 1705 ad
2563 1650 2867 1707 Ecclesiam
2894 1654 3188 1723 pertinent,
3228 1654 3474 1707 modeste
3497 1653 3676 1707 vivere
3697 1653 3943 1707 maxime

2356 1744 2587 1813 possint,
2628 1752 2682 1798 et
2712 1745 2778 1799 ad
2825 1754 3162 1800 senectutem
3208 1743 3596 1800 condecentem
3632 1745 3942 1815 pervenire.

2349 1834 2478 1890 Nam
2505 1835 2583 1891 eis
2607 1837 2693 1906 qui
2738 1853 2844 1893 non
2879 1847 3236 1908 temperanter
3260 1842 3444 1895 vivunt
3469 1885 3482 1907 ,
3513 1859 3614 1895 non
3645 1842 3942 1911 optandum

2349 1935 2402 1981 ut
2443 1936 2772 1983 senectutem
2804 1942 3190 2000 assequuntur,
3233 1935 3352 1987 illos
3386 1949 3515 1989 vero
3544 1935 3632 2004 qui
3667 1933 3717 1986 in
3744 1934 3946 2002 juven-

2350 2026 2461 2072 tute
2486 2032 2642 2073 senes
2667 2022 2941 2076 imitantur
2964 2067 2978 2088 ,
3012 2037 3202 2092 precor
3228 2035 3521 2080 extremam
3550 2026 3813 2095 attingere
3842 2039 3944 2078 ca—

2347 2111 2552 2178 nitiem,
2573 2121 2627 2166 et
2646 2114 2934 2182 praeclaros
2958 2115 3092 2170 ﬁlios
3112 2117 3348 2186 gignere,
3372 2118 3462 2188 qui
3487 2118 3722 2187 patribus
3742 2117 3948 2188 gaudio

2347 2208 2495 2271 sint,
2542 2208 2596 2261 in
2635 2208 2926 2278 primisque
2970 2209 3080 2264 Deo
3119 2211 3355 2264 omnium
3399 2211 3702 2278 conditori,
3747 2226 3949 2281 precor

2348 2298 2474 2353 item
2515 2309 2574 2353 ut
2615 2299 2860 2354 morbum
2903 2301 3062 2356 animi
3109 2316 3326 2357 omnem
3367 2303 3583 2373 abigat,
3627 2318 3733 2358 non
3774 2303 3948 2358 modo

2349 2405 2470 2446 eum
2501 2389 2590 2459 qui
2620 2391 2673 2445 in
2699 2391 2893 2446 calceis
2919 2401 2973 2447 et
3001 2395 3329 2449 vesdmentis
3357 2395 3776 2464 deprehenditur
3796 2439 3811 2459 ,
3842 2397 3948 2453 sed

2349 2489 2404 2535 et
2443 2482 2604 2536 alium
2652 2499 3060 2555 quemcumque.
3111 2485 3244 2541 Nam
3288 2489 3647 2543 adolescentia
3695 2489 3949 2559 neglecta

2347 2573 2534 2628 similis
2561 2582 2644 2628 est
2671 2576 2884 2630 incultae
2916 2585 3090 2640 terrae,
3120 2593 3238 2648 quae
3270 2579 3466 2632 multas
3495 2580 3728 2650 undique
3752 2581 3950 2651 spinas

2345 2667 2529 2735 gignit.
2578 2665 2934 2724 lmmittamus
2971 2686 3096 2741 ergo
3136 2673 3306 2728 sancti
3348 2673 3576 2742 Spiritus
3623 2675 3796 2746 ignem
3827 2719 3841 2742 ,
3887 2687 3949 2735 et

2348 2759 2514 2813 malas
2558 2757 2718 2816 hasce
2758 2763 3072 2832 cupiditates
3104 2779 3349 2829 oramus;
3393 2766 3587 2820 inculta
3616 2782 3740 2822 arva
3770 2783 3949 2824 exco-

2349 2852 2539 2918 lamus,
2559 2864 2617 2907 ut
2635 2869 2818 2909 semen
2841 2857 3047 2926 possint
3067 2857 3367 2925 suscipere;
3391 2870 3444 2914 et
3459 2861 3701 2929 juniores
3724 2872 3951 2918 nostros

2348 2943 2535 2998 alienis
2562 2945 2779 3000 senibus
2818 2947 3167 3016 sapientiores
3197 2949 3562 3005 exhibeamus.
3610 2950 3742 3005 Nam
3773 2954 3951 3006 mira-

2347 3034 2455 3089 bile
2485 3034 2641 3104 plane
2671 3037 2795 3090 illud
2827 3047 2942 3103 est,
2977 3053 3096 3092 cum
3126 3039 3178 3092 in
3209 3039 3490 3108 juventnte
3518 3042 3766 3111 splendet
3800 3051 3949 3099 tem-

2348 3129 2585 3198 perantia
2607 3171 2622 3196 ,
2649 3145 2770 3183 cum
2799 3141 2984 3185 contra
3018 3132 3062 3185 is
3083 3173 3097 3198 ,
3126 3133 3212 3202 qui
3245 3135 3297 3188 in
3330 3145 3604 3190 senectute
3631 3144 3952 3206 temperans

2346 3229 2429 3275 est
2451 3262 2466 3287 ,
2509 3237 2611 3276 non
2655 3223 2725 3276 ita
2767 3238 3010 3294 magnam
3043 3225 3238 3280 referat
3268 3228 3571 3282 mercedem
3594 3270 3609 3293 ,
3644 3229 3733 3298 qui
3764 3231 3952 3285 aetatis

2347 3311 2637 3365 subsidium
2661 3311 2871 3367 habeat.
2902 3314 3031 3368 lllud
3061 3325 3236 3369 autem
3264 3316 3454 3370 mirum
3479 3327 3580 3382 est,
3612 3319 3663 3372 in
3687 3317 3954 3375 ﬂuctibus

2347 3405 2724 3476 tranquillitate
2751 3405 2851 3459 frui
2876 3448 2891 3470 ,
2928 3417 2983 3459 et
3013 3407 3066 3460 in
3093 3407 3308 3462 fornace
3334 3423 3439 3463 non
3469 3409 3746 3475 comburi,
3775 3421 3954 3482 atque

2348 3498 2398 3551 in
2420 3497 2697 3565 juventute
2719 3513 2827 3552 non
2856 3499 3118 3556 lascivire.
3144 3499 3269 3555 Haec
3293 3499 3470 3569 itaque
3495 3503 3672 3557 animo
3693 3504 3956 3558 recolen-

2348 3598 2464 3652 tes,
2505 3589 2775 3644 imitemur
2814 3591 3023 3645 beatmn
3070 3591 3218 3646 illum
3257 3591 3546 3662 Josephum
3575 3634 3590 3660 ,
3628 3594 3716 3664 qui
3757 3593 3812 3648 in
3855 3594 3954 3650 his

2343 3671 2934 3752 omnibus‘conspicuus
2959 3682 3078 3750 fuit,
3108 3695 3167 3739 ut
3194 3685 3409 3741 easdem
3436 3700 3570 3756 quas
3594 3685 3681 3740 ille
3705 3699 3956 3743 coronas

2343 3788 2688 3845 assequamur
2717 3792 2732 3829 :
2763 3777 2953 3846 quibus
2982 3779 3180 3831 utinam
3210 3792 3399 3833 omnes
3433 3779 3730 3847 potiamur,
3762 3779 3956 3848 gratia

2343 3876 2397 3922 et
2441 3868 2765 3937 benignitate
2811 3869 3016 3922 Domini
3062 3870 3227 3924 nostri
3266 3870 3391 3925 Jesu
3433 3870 3670 3936 Christi,
3715 3871 3955 3940 quicum

2343 3959 2486 4015 Patri
2512 3960 2676 4030 gloria
2705 3968 2761 4016 et
2785 3961 2942 4015 simul
2970 3961 3189 4032 Spiritui
3215 3974 3419 4029 sancto,
3449 3980 3588 4019 nunc
3615 3973 3671 4020 et
3695 3978 3954 4034 semper,

2342 4063 2394 4108 et
2430 4054 2481 4107 in
2511 4053 2704 4109 szecula
2734 4055 3069 4110 szeculorum.
3098 4056 3285 4111 Amen.

652 4383 3943 4425 -———______________________________________

1874 4528 2216 4593 HOMILIA
2268 4533 2338 4592 L.
2371 4532 2456 4594 al.
2491 4531 2589 4592 LI.

650 4679 774 4734 CAP.
816 4683 902 4737 Η.
951 4700 1002 4736 v.
1044 4685 1134 4742 25.
1170 4685 1240 4741 Et
1279 4689 1488 4746 dimissa
1528 4692 1692 4758 turba,
1726 4695 1949 4749 ascendit
1987 4697 2039 4750 in
2088 4715 2231 4753 mon-

721 4784 814 4824 tem
845 4775 980 4828 solus
1006 4793 1169 4832 orare.
1205 4777 1422 4850 Vespere
1449 4793 1616 4837 autem
1648 4787 1802 4854 facta,
1835 4787 1972 4842 solus
2005 4799 2112 4842 erat
2138 4791 2226 4846 ibi.

716 4862 805 4917 24.
843 4862 1094 4920 Nanicula
1123 4880 1290 4925 autem
1328 4874 1443 4941 jam
1482 4874 1535 4928 in
1579 4876 1742 4929 medio
1772 4878 1902 4930 mari
1939 4880 2230 4949 jactabntur

715 4956 953 5024 ﬂuctibus
983 4974 1002 5012 :
1030 4970 1137 5013 erat
1168 4963 1297 5014 enim
1319 4967 1601 5020 contrarius
1629 4977 1820 5022 ventus.

719 5050 767 5101 l.
803 5047 1040 5104 Solitudo
1067 5055 1444 5122 tranquillitatis
1485 5069 1659 5112 mater.
1690 5091 1760 5100 —
1779 5061 1887 5117 Cur
1912 5064 1962 5117 in
1992 5074 2226 5120 montem

647 5141 917 5195 ascendit?
961 5142 1029 5198 Ut
1057 5160 1152 5199 nos
1178 5145 1388 5214 doceat,
1425 5151 1760 5206 commodum
1789 5169 1907 5208 esse
1932 5155 2223 5222 desertum,

649 5232 978 5286 commodam
1008 5235 1369 5302 solitudinem,
1401 5253 1520 5292 cum
1552 5241 1658 5294 Deo
1685 5244 2084 5313 supplicandum
2124 5257 2224 5303 est.

649 5320 770 5376 ideo
794 5338 935 5393 saepe
963 5323 1182 5403 deserta.
1219 5330 1368 5396 petit,
1416 5330 1590 5400 ibique
1632 5344 1902 5400 pernoctat
1945 5351 2123 5405 orans,
2172 5352 2228 5394 ut

648 5427 746 5476 nos
771 5425 1005 5478 moneat,
1037 5425 1092 5471 et
1131 5427 1337 5488 tempus
1376 5430 1428 5474 et
1466 5421 1636 5476 locum
1679 5424 1744 5477 ad
1785 5429 2062 5496 tranquille
2104 5447 2226 5499 pre-

647 5503 871 5560 candum
893 5521 1246 5577 opportunum
1273 5527 1392 5567 esse
1419 5514 1787 5583 quaerendum.
1819 5518 2059 5576 Solitudo
2083 5523 2225 5577 enim

646 5598 1037 5669 tranquillitatis
1076 5612 1246 5656 mater
1276 5614 1378 5670 est,
1410 5607 1711 5675 quietisque
1748 5618 1947 5676 portus,
1977 5613 2044 5665 ab
2079 5614 2224 5667 omni

648 5703 742 5744 nos
773 5690 998 5744 tumultu
1022 5691 1271 5749 liberans.
1304 5693 1393 5749 Ille
1424 5696 1635 5765 quidem
1681 5696 1762 5751 his
1795 5697 1862 5752 de
1901 5704 2073 5755 causis
2103 5702 2226 5758 illnc

647 5787 881 5838 ascendit
912 5801 924 5836 :
956 5784 1197 5853 discipuli
1243 5802 1368 5842 vero
1409 5803 1617 5845 rursum
1655 5788 1901 5846 fluctibus
1937 5793 2218 5862 agitantur,

2335 4707 2391 4754 et
2416 4707 2732 4765 tempestate
2769 4707 2826 4752 ut
2857 4707 2981 4753 ante
3019 4701 3307 4770 jactantur.
3355 4701 3460 4757 Sed
3506 4712 3632 4758 tunc
3677 4705 3831 4762 illum
3888 4708 3963 4764 in

2333 4793 2572 4846 navicula
2609 4793 2864 4848 habentes
2891 4793 3005 4849 haec
3036 4795 3400 4864 patiebantur;
3444 4812 3584 4853 nunc
3609 4811 3786 4856 autem
3830 4808 3965 4864 soli

2333 4895 2456 4936 sunt
2484 4894 2537 4936 ct
2561 4885 2784 4938 seorsim
2815 4885 2991 4953 positi.
3041 4886 3247 4940 Etenim
3283 4887 3401 4941 illos
3441 4888 3694 4958 pautatim
3735 4901 3788 4946 et
3834 4910 3967 4964 per

2330 4979 2525 5046 gradus
2577 4977 2641 5030 ad
2683 4978 2881 5047 majora
2927 4979 3144 5041 inducit,
3175 4988 3233 5032 ut
3261 4982 3436 5034 omnia
3482 4981 3689 5037 fortiter
3728 4983 3962 5047 ferant.

2335 5069 2552 5131 Idcirco,
2583 5085 2702 5123 cum
2748 5071 3090 5138 periclitatnri
3122 5071 3350 5140 primum
3389 5085 3562 5139 erant,
3590 5075 3776 5130 aderat
3801 5083 3968 5147 qui-

2331 5159 2474 5225 dem,
2505 5161 2597 5214 sed
2621 5160 2938 5227 dormiebat,
2971 5171 3027 5214 ut
3048 5172 3243 5232 praesto
3263 5177 3403 5220 esset
3423 5164 3487 5219 ad
3509 5166 3762 5222 auxilium
3787 5184 3972 5238 pra-

2331 5251 2576 5304 standum
2616 5269 2627 5304 :
2661 5266 2800 5304 nunc
2828 5267 2955 5305 vero
2984 5261 3042 5306 ut
3084 5255 3272 5321 majori
3315 5255 3433 5310 illos
3477 5257 3729 5326 patientia
3761 5274 3971 5319 exet-

2330 5352 2467 5406 ceat,
2520 5357 2624 5395 non
2675 5342 2724 5395 id
2781 5342 2937 5409 facit,
2988 5345 3080 5398 sed
3119 5329 3312 5407 abest,
3373 5357 3425 5400 et
3466 5347 3516 5401 in
3567 5349 3744 5404 medio
3784 5359 3969 5414 mari

2332 5433 2588 5498 permittit
2613 5442 2982 5501 tempestatem
3015 5436 3255 5500 excitari,
3288 5445 3343 5490 ut
3365 5437 3506 5491 nulla
3543 5439 3651 5495 fere
3682 5455 3806 5509 spes
3835 5461 3971 5501 sa-

2330 5523 2452 5577 lutis
2480 5535 2805 5593 superesset,
2841 5535 2894 5579 et
2921 5535 3024 5579 tota
3055 5538 3211 5581 nocte
3244 5528 3366 5581 sinit
3406 5544 3499 5584 eos
3524 5529 3781 5586 ﬂuctibus
3812 5541 3975 5607 agi-

2331 5616 2450 5680 tari,
2486 5624 2544 5668 ut
2570 5630 2776 5682 eorum,
2808 5625 2955 5684 puto,
2987 5627 3310 5677 excmcatum
3352 5633 3445 5673 cor
3482 5620 3745 5675 incitaret.
3775 5621 3976 5687 Talis

2328 5706 2521 5774 quippe
2546 5721 2631 5760 res
2652 5715 2733 5760 est
2764 5707 2944 5774 timor,
2973 5724 3131 5778 quem
3160 5720 3213 5764 et
3239 5719 3526 5780 tempestas
3554 5719 3608 5766 et
3648 5727 3752 5766 nox
3786 5715 3977 5777 infe.

2327 5795 2533 5851 rcbant.
2557 5796 2689 5853 Cum
2733 5802 3138 5869 compnnctione
3174 5812 3349 5857 autem
3394 5802 3477 5857 illa
3524 5803 3602 5857 sui
3648 5803 3981 5871 desiderio
