  <div class='ocr_page' id='page_1' title='image "/cluster/home/n/w/nwhite01/storage/ocr_20150623/58/pst.000005712571/048.png"; bbox 0 0 4154 6324; ppageno 0'>
   <div class='ocr_carea' id='block_1_1' title="bbox 211 385 310 443">
    <p class='ocr_par' dir='ltr' id='par_1_1' title="bbox 211 385 310 443">
     <span class='ocr_line' id='line_1_1' title="bbox 211 385 310 443; baseline 0.04 -3"><span class='ocrx_word' id='word_1_1' title='bbox 211 385 310 443; x_wconf 75' lang='lat' dir='ltr'><strong>ms</strong></span> 
     </span>
    </p>
   </div>
   <div class='ocr_carea' id='block_1_2' title="bbox 208 502 1830 582">
    <p class='ocr_par' dir='ltr' id='par_1_2' title="bbox 208 502 1830 582">
     <span class='ocr_line' id='line_1_2' title="bbox 208 502 1830 582; baseline 0.007 -28"><span class='ocrx_word' id='word_1_2' title='bbox 208 503 376 572; x_wconf 70' lang='lat' dir='ltr'><strong>magis</strong></span> <span class='ocrx_word' id='word_1_3' title='bbox 408 502 540 561; x_wconf 79' lang='lat' dir='ltr'><strong>illos</strong></span> <span class='ocrx_word' id='word_1_4' title='bbox 567 505 955 582; x_wconf 70' lang='lat' dir='ltr'><strong>inflammavit,</strong></span> <span class='ocrx_word' id='word_1_5' title='bbox 973 517 1045 564; x_wconf 87' lang='lat' dir='ltr'><strong>ut-</strong></span> <span class='ocrx_word' id='word_1_6' title='bbox 1064 511 1144 565; x_wconf 86' lang='lat' dir='ltr'><strong>sui</strong></span> <span class='ocrx_word' id='word_1_7' title='bbox 1172 525 1484 582; x_wconf 82' lang='lat' dir='ltr'><strong>perpetuam</strong></span> <span class='ocrx_word' id='word_1_8' title='bbox 1514 514 1830 568; x_wconf 81' lang='lat' dir='ltr'><strong>memoriam</strong></span> 
     </span>
    </p>
   </div>
   <div class='ocr_carea' id='block_1_3' title="bbox 206 575 1829 663">
    <p class='ocr_par' dir='ltr' id='par_1_3' title="bbox 206 575 1829 663">
     <span class='ocr_line' id='line_1_3' title="bbox 206 575 1829 663; baseline 0.007 -15"><span class='ocrx_word' id='word_1_9' title='bbox 206 596 528 652; x_wconf 81' lang='lat' dir='ltr'><strong>retinerent.</strong></span> <span class='ocrx_word' id='word_1_10' title='bbox 561 575 690 654; x_wconf 72' lang='lat' dir='ltr'><strong>ldeti</strong></span> <span class='ocrx_word' id='word_1_11' title='bbox 717 617 821 656; x_wconf 90' lang='lat' dir='ltr'><strong>non</strong></span> <span class='ocrx_word' id='word_1_12' title='bbox 857 575 1036 657; x_wconf 87' lang='lat' dir='ltr'><strong>statim</strong></span> <span class='ocrx_word' id='word_1_13' title='bbox 1069 605 1174 658; x_wconf 82' lang='lat' dir='ltr'><strong>illis</strong></span> <span class='ocrx_word' id='word_1_14' title='bbox 1201 605 1372 660; x_wconf 88' lang='lat' dir='ltr'><strong>adfuit</strong></span> <span class='ocrx_word' id='word_1_15' title='bbox 1401 625 1412 661; x_wconf 93' lang='lat'>:</span> <span class='ocrx_word' id='word_1_16' title='bbox 1450 623 1572 661; x_wconf 89' lang='lat' dir='ltr'><strong>nam</strong></span> <span class='ocrx_word' id='word_1_17' title='bbox 1602 608 1678 662; x_wconf 88' lang='lat' dir='ltr'><strong>ait</strong></span> <span class='ocrx_word' id='word_1_18' title='bbox 1702 625 1715 662; x_wconf 95' lang='lat'><strong>:</strong></span> <span class='ocrx_word' id='word_1_19' title='bbox 1738 606 1829 663; x_wconf 78' lang='lat'><strong>25.</strong></span> 
     </span>
    </p>
   </div>
   <div class='ocr_carea' id='block_1_4' title="bbox 209 687 1832 772">
    <p class='ocr_par' dir='ltr' id='par_1_4' title="bbox 209 687 1832 772">
     <span class='ocr_line' id='line_1_4' title="bbox 209 687 1832 772; baseline 0.009 -32"><span class='ocrx_word' id='word_1_20' title='bbox 209 687 409 754; x_wconf 84' lang='lat' dir='ltr'><strong>Quarta</strong></span> <span class='ocrx_word' id='word_1_21' title='bbox 461 692 698 747; x_wconf 84' lang='lat' dir='ltr'><strong>custodia</strong></span> <span class='ocrx_word' id='word_1_22' title='bbox 740 696 903 750; x_wconf 88' lang='lat' dir='ltr'><strong>noctis</strong></span> <span class='ocrx_word' id='word_1_23' title='bbox 946 698 1078 750; x_wconf 80' lang='lat' dir='ltr'><strong>uenit</strong></span> <span class='ocrx_word' id='word_1_24' title='bbox 1121 699 1189 750; x_wconf 87' lang='lat' dir='ltr'><strong>ad</strong></span> <span class='ocrx_word' id='word_1_25' title='bbox 1226 716 1312 754; x_wconf 87' lang='lat' dir='ltr'><strong>eos</strong></span> <span class='ocrx_word' id='word_1_26' title='bbox 1355 700 1628 754; x_wconf 76' lang='lat' dir='ltr'><strong>ambulans</strong></span> <span class='ocrx_word' id='word_1_27' title='bbox 1673 717 1832 772; x_wconf 85' lang='lat' dir='ltr'><strong>supra</strong></span> 
     </span>
    </p>
   </div>
   <div class='ocr_carea' id='block_1_5' title="bbox 203 783 1829 864">
    <p class='ocr_par' dir='ltr' id='par_1_5' title="bbox 203 783 1829 864">
     <span class='ocr_line' id='line_1_5' title="bbox 203 783 1829 864; baseline 0.009 -31"><span class='ocrx_word' id='word_1_28' title='bbox 203 797 382 849; x_wconf 81' lang='lat' dir='ltr'><strong>mare;</strong></span> <span class='ocrx_word' id='word_1_29' title='bbox 415 794 477 838; x_wconf 88' lang='lat' dir='ltr'><strong>ut</strong></span> <span class='ocrx_word' id='word_1_30' title='bbox 504 783 727 840; x_wconf 89' lang='lat' dir='ltr'><strong>doceret</strong></span> <span class='ocrx_word' id='word_1_31' title='bbox 752 787 871 842; x_wconf 89' lang='lat' dir='ltr'><strong>illos</strong></span> <span class='ocrx_word' id='word_1_32' title='bbox 903 804 970 843; x_wconf 88' lang='lat' dir='ltr'><strong>ne</strong></span> <span class='ocrx_word' id='word_1_33' title='bbox 992 789 1254 846; x_wconf 88' lang='lat' dir='ltr'><strong>malorum</strong></span> <span class='ocrx_word' id='word_1_34' title='bbox 1286 793 1448 846; x_wconf 77' lang='lat' dir='ltr'><strong>tinem</strong></span> <span class='ocrx_word' id='word_1_35' title='bbox 1482 793 1592 847; x_wconf 88' lang='lat' dir='ltr'><strong>cito</strong></span> <span class='ocrx_word' id='word_1_36' title='bbox 1615 808 1829 864; x_wconf 69' lang='lat' dir='ltr'><strong>quiera-</strong></span> 
     </span>
    </p>
   </div>
   <div class='ocr_carea' id='block_1_6' title="bbox 206 876 1830 954">
    <p class='ocr_par' dir='ltr' id='par_1_6' title="bbox 206 876 1830 954">
     <span class='ocr_line' id='line_1_6' title="bbox 206 876 1830 954; baseline 0.007 -26"><span class='ocrx_word' id='word_1_37' title='bbox 206 882 348 939; x_wconf 87' lang='lat' dir='ltr'><strong>rent,</strong></span> <span class='ocrx_word' id='word_1_38' title='bbox 393 876 493 930; x_wconf 83' lang='lat' dir='ltr'><strong>sed</strong></span> <span class='ocrx_word' id='word_1_39' title='bbox 534 894 659 948; x_wconf 61' lang='lat' dir='ltr'><strong>quae</strong></span> <span class='ocrx_word' id='word_1_40' title='bbox 699 881 1016 937; x_wconf 82' lang='lat' dir='ltr'><strong>accidebant</strong></span> <span class='ocrx_word' id='word_1_41' title='bbox 1065 882 1278 940; x_wconf 73' lang='lat' dir='ltr'><strong>fortiter</strong></span> <span class='ocrx_word' id='word_1_42' title='bbox 1327 885 1548 941; x_wconf 86' lang='lat' dir='ltr'><strong>ferrent.</strong></span> <span class='ocrx_word' id='word_1_43' title='bbox 1600 887 1830 954; x_wconf 90' lang='lat' dir='ltr'><strong>Quando</strong></span> 
     </span>
    </p>
   </div>
   <div class='ocr_carea' id='block_1_7' title="bbox 202 967 1825 1045">
    <p class='ocr_par' dir='ltr' id='par_1_7' title="bbox 202 967 1825 1045">
     <span class='ocr_line' id='line_1_7' title="bbox 202 967 1825 1045; baseline 0.01 -26"><span class='ocrx_word' id='word_1_44' title='bbox 202 967 366 1038; x_wconf 85' lang='lat' dir='ltr'><strong>igitur</strong></span> <span class='ocrx_word' id='word_1_45' title='bbox 394 971 789 1040; x_wconf 62' lang='lat' dir='ltr'><strong>exspectabant</strong></span> <span class='ocrx_word' id='word_1_46' title='bbox 827 990 888 1030; x_wconf 88' lang='lat' dir='ltr'><strong>se</strong></span> <span class='ocrx_word' id='word_1_47' title='bbox 937 976 1244 1032; x_wconf 86' lang='lat' dir='ltr'><strong>liberandos</strong></span> <span class='ocrx_word' id='word_1_48' title='bbox 1283 995 1426 1045; x_wconf 80' lang='lat' dir='ltr'><strong>esse,</strong></span> <span class='ocrx_word' id='word_1_49' title='bbox 1461 991 1572 1034; x_wconf 90' lang='lat' dir='ltr'><strong>tum</strong></span> <span class='ocrx_word' id='word_1_50' title='bbox 1612 992 1825 1036; x_wconf 90' lang='lat' dir='ltr'><strong>auctum</strong></span> 
     </span>
    </p>
   </div>
   <div class='ocr_carea' id='block_1_8' title="bbox 203 1063 1826 1144">
    <p class='ocr_par' dir='ltr' id='par_1_8' title="bbox 203 1063 1826 1144">
     <span class='ocr_line' id='line_1_8' title="bbox 203 1063 1826 1144; baseline 0.012 -34"><span class='ocrx_word' id='word_1_51' title='bbox 203 1069 285 1114; x_wconf 81' lang='lat' dir='ltr'><strong>est</strong></span> <span class='ocrx_word' id='word_1_52' title='bbox 313 1063 621 1130; x_wconf 88' lang='lat' dir='ltr'><strong>periculum</strong></span> <span class='ocrx_word' id='word_1_53' title='bbox 646 1075 703 1122; x_wconf 89' lang='lat' dir='ltr'><strong>et</strong></span> <span class='ocrx_word' id='word_1_54' title='bbox 737 1067 898 1122; x_wconf 88' lang='lat' dir='ltr'><strong>timor</strong></span> <span class='ocrx_word' id='word_1_55' title='bbox 923 1071 1132 1139; x_wconf 83' lang='lat' dir='ltr'><strong>major:</strong></span> <span class='ocrx_word' id='word_1_56' title='bbox 1165 1087 1289 1126; x_wconf 82' lang='lat' dir='ltr'><strong>nam</strong></span> <span class='ocrx_word' id='word_1_57' title='bbox 1322 1073 1493 1144; x_wconf 86' lang='lat' dir='ltr'><strong>inquit</strong></span> <span class='ocrx_word' id='word_1_58' title='bbox 1525 1075 1650 1130; x_wconf 71' lang='lat'><strong>:26.</strong></span> <span class='ocrx_word' id='word_1_59' title='bbox 1698 1076 1826 1129; x_wconf 85' lang='lat' dir='ltr'><strong>Cum</strong></span> 
     </span>
    </p>
   </div>
   <div class='ocr_carea' id='block_1_9' title="bbox 199 1153 1826 1236">
    <p class='ocr_par' dir='ltr' id='par_1_9' title="bbox 199 1153 1826 1236">
     <span class='ocr_line' id='line_1_9' title="bbox 199 1153 1826 1236; baseline 0.01 -31"><span class='ocrx_word' id='word_1_60' title='bbox 199 1153 434 1208; x_wconf 72' lang='lat' dir='ltr'><strong>riderent</strong></span> <span class='ocrx_word' id='word_1_61' title='bbox 462 1159 843 1230; x_wconf 83' lang='lat' dir='ltr'><strong>eum-discipuli</strong></span> <span class='ocrx_word' id='word_1_62' title='bbox 867 1163 1215 1218; x_wconf 76' lang='lat' dir='ltr'><strong>ambulantem</strong></span> <span class='ocrx_word' id='word_1_63' title='bbox 1257 1183 1416 1236; x_wconf 90' lang='lat' dir='ltr'><strong>supra</strong></span> <span class='ocrx_word' id='word_1_64' title='bbox 1448 1185 1608 1230; x_wconf 83' lang='lat' dir='ltr'><strong>mare,</strong></span> <span class='ocrx_word' id='word_1_65' title='bbox 1637 1170 1826 1222; x_wconf 90' lang='lat' dir='ltr'><strong>turbati</strong></span> 
     </span>
    </p>
   </div>
   <div class='ocr_carea' id='block_1_10' title="bbox 197 1244 1824 1326">
    <p class='ocr_par' dir='ltr' id='par_1_10' title="bbox 197 1244 1824 1326">
     <span class='ocr_line' id='line_1_10' title="bbox 197 1244 1824 1326; baseline 0.012 -31"><span class='ocrx_word' id='word_1_66' title='bbox 197 1254 337 1308; x_wconf 76' lang='lat' dir='ltr'><strong>sunt,</strong></span> <span class='ocrx_word' id='word_1_67' title='bbox 374 1244 602 1302; x_wconf 80' lang='lat' dir='ltr'><strong>dicentes</strong></span> <span class='ocrx_word' id='word_1_68' title='bbox 629 1253 932 1318; x_wconf 72' lang='lat' dir='ltr'><strong>phantasma</strong></span> <span class='ocrx_word' id='word_1_69' title='bbox 971 1271 1100 1322; x_wconf 76' lang='lat' dir='ltr'><strong>esse,</strong></span> <span class='ocrx_word' id='word_1_70' title='bbox 1133 1266 1180 1310; x_wconf 85' lang='lat' dir='ltr'><strong>et</strong></span> <span class='ocrx_word' id='word_1_71' title='bbox 1205 1273 1315 1326; x_wconf 80' lang='lat' dir='ltr'><strong>pne</strong></span> <span class='ocrx_word' id='word_1_72' title='bbox 1353 1258 1538 1312; x_wconf 80' lang='lat' dir='ltr'><strong>timore</strong></span> <span class='ocrx_word' id='word_1_73' title='bbox 1571 1259 1824 1315; x_wconf 81' lang='lat' dir='ltr'><strong>clamave-</strong></span> 
     </span>
    </p>
   </div>
   <div class='ocr_carea' id='block_1_11' title="bbox 199 1339 1823 1411">
    <p class='ocr_par' dir='ltr' id='par_1_11' title="bbox 199 1339 1823 1411">
     <span class='ocr_line' id='line_1_11' title="bbox 199 1339 1823 1411; baseline 0.014 -22"><span class='ocrx_word' id='word_1_74' title='bbox 199 1347 339 1393; x_wconf 81' lang='lat' dir='ltr'><strong>runt.</strong></span> <span class='ocrx_word' id='word_1_75' title='bbox 375 1339 608 1411; x_wconf 86' lang='lat' dir='ltr'><strong>Semper</strong></span> <span class='ocrx_word' id='word_1_76' title='bbox 633 1345 776 1400; x_wconf 90' lang='lat' dir='ltr'><strong>enim</strong></span> <span class='ocrx_word' id='word_1_77' title='bbox 816 1344 918 1402; x_wconf 88' lang='lat' dir='ltr'><strong>hoc</strong></span> <span class='ocrx_word' id='word_1_78' title='bbox 958 1347 1085 1404; x_wconf 87' lang='lat' dir='ltr'><strong>facit</strong></span> <span class='ocrx_word' id='word_1_79' title='bbox 1115 1367 1129 1403; x_wconf 90' lang='lat'>:</span> <span class='ocrx_word' id='word_1_80' title='bbox 1159 1364 1281 1407; x_wconf 90' lang='lat' dir='ltr'><strong>cum</strong></span> <span class='ocrx_word' id='word_1_81' title='bbox 1305 1367 1577 1409; x_wconf 66' lang='lat' dir='ltr'><strong>aerumnas</strong></span> <span class='ocrx_word' id='word_1_82' title='bbox 1617 1355 1823 1411; x_wconf 88' lang='lat' dir='ltr'><strong>solutu-</strong></span> 
     </span>
    </p>
   </div>
   <div class='ocr_carea' id='block_1_12' title="bbox 117 1419 1819 1521">
    <p class='ocr_par' dir='ltr' id='par_1_12' title="bbox 117 1419 1819 1521">
     <span class='ocr_line' id='line_1_12' title="bbox 117 1419 1819 1521; baseline 0.014 -37"><span class='ocrx_word' id='word_1_83' title='bbox 117 1419 126 1434; x_wconf 90' lang='grc'><em>’</em></span> <span class='ocrx_word' id='word_1_84' title='bbox 199 1447 290 1486; x_wconf 89' lang='lat' dir='ltr'><strong>rus</strong></span> <span class='ocrx_word' id='word_1_85' title='bbox 320 1442 431 1499; x_wconf 80' lang='lat' dir='ltr'><strong>est,</strong></span> <span class='ocrx_word' id='word_1_86' title='bbox 466 1436 602 1490; x_wconf 86' lang='lat' dir='ltr'><strong>alias</strong></span> <span class='ocrx_word' id='word_1_87' title='bbox 629 1439 906 1507; x_wconf 77' lang='lat' dir='ltr'><strong>graviores</strong></span> <span class='ocrx_word' id='word_1_88' title='bbox 948 1442 1112 1499; x_wconf 80' lang='lat' dir='ltr'><strong>infert</strong></span> <span class='ocrx_word' id='word_1_89' title='bbox 1156 1458 1210 1501; x_wconf 90' lang='lat' dir='ltr'><strong>et</strong></span> <span class='ocrx_word' id='word_1_90' title='bbox 1251 1447 1604 1506; x_wconf 87' lang='lat' dir='ltr'><strong>lerribiliores</strong></span> <span class='ocrx_word' id='word_1_91' title='bbox 1632 1467 1646 1505; x_wconf 92' lang='lat'><strong>:</strong></span> <span class='ocrx_word' id='word_1_92' title='bbox 1676 1452 1819 1521; x_wconf 89' lang='lat' dir='ltr'><strong>quod</strong></span> 
     </span>
    </p>
   </div>
   <div class='ocr_carea' id='block_1_13' title="bbox 195 1524 1820 1608">
    <p class='ocr_par' dir='ltr' id='par_1_13' title="bbox 195 1524 1820 1608">
     <span class='ocr_line' id='line_1_13' title="bbox 195 1524 1820 1608; baseline 0.015 -33"><span class='ocrx_word' id='word_1_93' title='bbox 195 1524 364 1579; x_wconf 79' lang='lat' dir='ltr'><strong>etiam</strong></span> <span class='ocrx_word' id='word_1_94' title='bbox 401 1535 531 1582; x_wconf 88' lang='lat' dir='ltr'><strong>tunc</strong></span> <span class='ocrx_word' id='word_1_95' title='bbox 570 1530 816 1601; x_wconf 82' lang='lat' dir='ltr'><strong>contigit.</strong></span> <span class='ocrx_word' id='word_1_96' title='bbox 861 1534 992 1588; x_wconf 84' lang='lat' dir='ltr'><strong>Nam</strong></span> <span class='ocrx_word' id='word_1_97' title='bbox 1033 1545 1089 1591; x_wconf 86' lang='lat' dir='ltr'><strong>et</strong></span> <span class='ocrx_word' id='word_1_98' title='bbox 1135 1549 1448 1608; x_wconf 85' lang='lat' dir='ltr'><strong>tempestas,</strong></span> <span class='ocrx_word' id='word_1_99' title='bbox 1498 1558 1598 1598; x_wconf 92' lang='lat' dir='ltr'><strong>nec</strong></span> <span class='ocrx_word' id='word_1_100' title='bbox 1643 1545 1820 1600; x_wconf 91' lang='lat' dir='ltr'><strong>minus</strong></span> 
     </span>
    </p>
   </div>
   <div class='ocr_carea' id='block_1_14' title="bbox 197 1616 1816 1703">
    <p class='ocr_par' dir='ltr' id='par_1_14' title="bbox 197 1616 1816 1703">
     <span class='ocr_line' id='line_1_14' title="bbox 197 1616 1816 1703; baseline 0.016 -38"><span class='ocrx_word' id='word_1_101' title='bbox 197 1616 377 1670; x_wconf 80' lang='lat' dir='ltr'><strong>visum</strong></span> <span class='ocrx_word' id='word_1_102' title='bbox 409 1620 560 1683; x_wconf 83' lang='lat' dir='ltr'><strong>illud,</strong></span> <span class='ocrx_word' id='word_1_103' title='bbox 596 1621 742 1690; x_wconf 91' lang='lat' dir='ltr'><strong>ipsos</strong></span> <span class='ocrx_word' id='word_1_104' title='bbox 770 1625 1022 1694; x_wconf 84' lang='lat' dir='ltr'><strong>turbavit,</strong></span> <span class='ocrx_word' id='word_1_105' title='bbox 1058 1628 1183 1684; x_wconf 87' lang='lat' dir='ltr'><strong>ideo</strong></span> <span class='ocrx_word' id='word_1_106' title='bbox 1223 1647 1399 1703; x_wconf 90' lang='lat' dir='ltr'><strong>neque</strong></span> <span class='ocrx_word' id='word_1_107' title='bbox 1426 1636 1678 1692; x_wconf 85' lang='lat' dir='ltr'><strong>tenebras</strong></span> <span class='ocrx_word' id='word_1_108' title='bbox 1705 1638 1816 1691; x_wconf 86' lang='lat' dir='ltr'><strong>sol-</strong></span> 
     </span>
    </p>
   </div>
   <div class='ocr_carea' id='block_1_15' title="bbox 196 1710 1820 1792">
    <p class='ocr_par' dir='ltr' id='par_1_15' title="bbox 196 1710 1820 1792">
     <span class='ocr_line' id='line_1_15' title="bbox 196 1710 1820 1792; baseline 0.015 -31"><span class='ocrx_word' id='word_1_109' title='bbox 196 1710 289 1777; x_wconf 80' lang='lat' dir='ltr'><strong>vit,</strong></span> <span class='ocrx_word' id='word_1_110' title='bbox 323 1728 508 1782; x_wconf 89' lang='lat' dir='ltr'><strong>neque</strong></span> <span class='ocrx_word' id='word_1_111' title='bbox 533 1715 772 1786; x_wconf 87' lang='lat' dir='ltr'><strong>seipsnm</strong></span> <span class='ocrx_word' id='word_1_112' title='bbox 812 1723 990 1775; x_wconf 83' lang='lat' dir='ltr'><strong>statim</strong></span> <span class='ocrx_word' id='word_1_113' title='bbox 1014 1724 1271 1792; x_wconf 88' lang='lat' dir='ltr'><strong>ostendit,</strong></span> <span class='ocrx_word' id='word_1_114' title='bbox 1300 1741 1562 1784; x_wconf 77' lang='lat' dir='ltr'><strong>exercens</strong></span> <span class='ocrx_word' id='word_1_115' title='bbox 1591 1729 1730 1788; x_wconf 87' lang='lat' dir='ltr'><strong>illos.</strong></span> <span class='ocrx_word' id='word_1_116' title='bbox 1761 1739 1820 1785; x_wconf 91' lang='lat' dir='ltr'><strong>nt</strong></span> 
     </span>
    </p>
   </div>
   <div class='ocr_carea' id='block_1_16' title="bbox 193 1803 1820 1893">
    <p class='ocr_par' dir='ltr' id='par_1_16' title="bbox 193 1803 1820 1893">
     <span class='ocr_line' id='line_1_16' title="bbox 193 1803 1820 1893; baseline 0.012 -38"><span class='ocrx_word' id='word_1_117' title='bbox 193 1803 323 1869; x_wconf 77' lang='lat' dir='ltr'><strong>dixi,</strong></span> <span class='ocrx_word' id='word_1_118' title='bbox 355 1821 456 1874; x_wconf 93' lang='lat' dir='ltr'><strong>per</strong></span> <span class='ocrx_word' id='word_1_119' title='bbox 484 1815 752 1865; x_wconf 86' lang='lat' dir='ltr'><strong>terrorum</strong></span> <span class='ocrx_word' id='word_1_120' title='bbox 789 1812 1263 1884; x_wconf 87' lang='lat' dir='ltr'><strong>assiduitatem,.et</strong></span> <span class='ocrx_word' id='word_1_121' title='bbox 1291 1821 1494 1876; x_wconf 79' lang='lat' dir='ltr'><strong>docens</strong></span> <span class='ocrx_word' id='word_1_122' title='bbox 1520 1833 1577 1876; x_wconf 91' lang='lat' dir='ltr'><strong>ut</strong></span> <span class='ocrx_word' id='word_1_123' title='bbox 1611 1825 1820 1893; x_wconf 75' lang='lat' dir='ltr'><strong>patien-</strong></span> 
     </span>
    </p>
   </div>
   <div class='ocr_carea' id='block_1_17' title="bbox 195 1898 1814 1974">
    <p class='ocr_par' dir='ltr' id='par_1_17' title="bbox 195 1898 1814 1974">
     <span class='ocr_line' id='line_1_17' title="bbox 195 1898 1814 1974; baseline 0.017 -27"><span class='ocrx_word' id='word_1_124' title='bbox 195 1905 272 1949; x_wconf 88' lang='lat' dir='ltr'><strong>tes</strong></span> <span class='ocrx_word' id='word_1_125' title='bbox 294 1904 508 1952; x_wconf 86' lang='lat' dir='ltr'><strong>essent.</strong></span> <span class='ocrx_word' id='word_1_126' title='bbox 535 1898 647 1955; x_wconf 84' lang='lat' dir='ltr'><strong>lloe</strong></span> <span class='ocrx_word' id='word_1_127' title='bbox 669 1903 806 1958; x_wconf 79' lang='lat' dir='ltr'><strong>etin</strong></span> <span class='ocrx_word' id='word_1_128' title='bbox 833 1904 971 1961; x_wconf 85' lang='lat' dir='ltr'><strong>Jobo</strong></span> <span class='ocrx_word' id='word_1_129' title='bbox 1005 1907 1164 1974; x_wconf 88' lang='lat' dir='ltr'><strong>fecit;</strong></span> <span class='ocrx_word' id='word_1_130' title='bbox 1194 1926 1317 1966; x_wconf 91' lang='lat' dir='ltr'><strong>cum</strong></span> <span class='ocrx_word' id='word_1_131' title='bbox 1355 1915 1498 1968; x_wconf 84' lang='lat' dir='ltr'><strong>enim</strong></span> <span class='ocrx_word' id='word_1_132' title='bbox 1533 1927 1734 1972; x_wconf 89' lang='lat' dir='ltr'><strong>metum</strong></span> <span class='ocrx_word' id='word_1_133' title='bbox 1762 1931 1814 1974; x_wconf 90' lang='lat' dir='ltr'><strong>et</strong></span> 
     </span>
    </p>
   </div>
   <div class='ocr_carea' id='block_1_18' title="bbox 194 1989 1815 2076">
    <p class='ocr_par' dir='ltr' id='par_1_18' title="bbox 194 1989 1815 2076">
     <span class='ocr_line' id='line_1_18' title="bbox 194 1989 1815 2076; baseline 0.017 -37"><span class='ocrx_word' id='word_1_134' title='bbox 194 1989 552 2046; x_wconf 71' lang='lat' dir='ltr'><strong>mutationem</strong></span> <span class='ocrx_word' id='word_1_135' title='bbox 586 1995 858 2051; x_wconf 87' lang='lat' dir='ltr'><strong>soluturus</strong></span> <span class='ocrx_word' id='word_1_136' title='bbox 883 2009 1019 2066; x_wconf 89' lang='lat' dir='ltr'><strong>erat,</strong></span> <span class='ocrx_word' id='word_1_137' title='bbox 1059 2010 1186 2057; x_wconf 67' lang='lat' dir='ltr'><strong>tunc:</strong></span> <span class='ocrx_word' id='word_1_138' title='bbox 1235 2004 1395 2060; x_wconf 89' lang='lat' dir='ltr'><strong>ﬁnem</strong></span> <span class='ocrx_word' id='word_1_139' title='bbox 1425 2009 1665 2076; x_wconf 75' lang='lat' dir='ltr'><strong>permisit</strong></span> <span class='ocrx_word' id='word_1_140' title='bbox 1692 2025 1815 2067; x_wconf 88' lang='lat' dir='ltr'><strong>esse</strong></span> 
     </span>
    </p>
   </div>
   <div class='ocr_carea' id='block_1_19' title="bbox 189 2079 1820 2168">
    <p class='ocr_par' dir='ltr' id='par_1_19' title="bbox 189 2079 1820 2168">
     <span class='ocr_line' id='line_1_19' title="bbox 189 2079 1820 2168; baseline 0.018 -37"><span class='ocrx_word' id='word_1_141' title='bbox 189 2079 499 2148; x_wconf 73' lang='lat' dir='ltr'><strong>graviorem</strong></span> <span class='ocrx_word' id='word_1_142' title='bbox 525 2098 540 2147; x_wconf 92' lang='lat'><strong>;</strong></span> <span class='ocrx_word' id='word_1_143' title='bbox 582 2100 691 2139; x_wconf 93' lang='lat' dir='ltr'><strong>non</strong></span> <span class='ocrx_word' id='word_1_144' title='bbox 736 2103 801 2142; x_wconf 83' lang='lat' dir='ltr'><strong>ex</strong></span> <span class='ocrx_word' id='word_1_145' title='bbox 829 2101 1004 2146; x_wconf 89' lang='lat' dir='ltr'><strong>morte</strong></span> <span class='ocrx_word' id='word_1_146' title='bbox 1033 2092 1288 2161; x_wconf 88' lang='lat' dir='ltr'><strong>filiorum,</strong></span> <span class='ocrx_word' id='word_1_147' title='bbox 1319 2113 1494 2168; x_wconf 84' lang='lat' dir='ltr'><strong>neque</strong></span> <span class='ocrx_word' id='word_1_148' title='bbox 1525 2116 1589 2155; x_wconf 76' lang='lat' dir='ltr'><strong>ex</strong></span> <span class='ocrx_word' id='word_1_149' title='bbox 1627 2104 1820 2160; x_wconf 79' lang='lat' dir='ltr'><strong>uxoris</strong></span> 
     </span>
    </p>
   </div>
   <div class='ocr_carea' id='block_1_20' title="bbox 188 2168 1818 2252">
    <p class='ocr_par' dir='ltr' id='par_1_20' title="bbox 188 2168 1818 2252">
     <span class='ocr_line' id='line_1_20' title="bbox 188 2168 1818 2252; baseline 0.02 -31"><span class='ocrx_word' id='word_1_150' title='bbox 188 2168 366 2234; x_wconf 86' lang='lat' dir='ltr'><strong>dictis,</strong></span> <span class='ocrx_word' id='word_1_151' title='bbox 413 2171 514 2227; x_wconf 85' lang='lat' dir='ltr'><strong>sed</strong></span> <span class='ocrx_word' id='word_1_152' title='bbox 545 2188 611 2230; x_wconf 82' lang='lat' dir='ltr'><strong>ex</strong></span> <span class='ocrx_word' id='word_1_153' title='bbox 639 2179 945 2248; x_wconf 87' lang='lat' dir='ltr'><strong>opprobriis</strong></span> <span class='ocrx_word' id='word_1_154' title='bbox 984 2199 1268 2244; x_wconf 81' lang='lat' dir='ltr'><strong>servorum</strong></span> <span class='ocrx_word' id='word_1_155' title='bbox 1310 2199 1367 2247; x_wconf 90' lang='lat' dir='ltr'><strong>et</strong></span> <span class='ocrx_word' id='word_1_156' title='bbox 1399 2194 1716 2251; x_wconf 84' lang='lat' dir='ltr'><strong>amicorum.</strong></span> <span class='ocrx_word' id='word_1_157' title='bbox 1745 2198 1818 2252; x_wconf 82' lang='lat' dir='ltr'><strong>Et.</strong></span> 
     </span>
    </p>
   </div>
   <div class='ocr_carea' id='block_1_21' title="bbox 186 2260 1811 2357">
    <p class='ocr_par' dir='ltr' id='par_1_21' title="bbox 186 2260 1811 2357">
     <span class='ocr_line' id='line_1_21' title="bbox 186 2260 1811 2357; baseline 0.02 -44"><span class='ocrx_word' id='word_1_158' title='bbox 186 2275 303 2314; x_wconf 90' lang='lat' dir='ltr'><strong>cum</strong></span> <span class='ocrx_word' id='word_1_159' title='bbox 335 2261 608 2321; x_wconf 84' lang='lat' dir='ltr'><strong>Jacobum</strong></span> <span class='ocrx_word' id='word_1_160' title='bbox 641 2260 1010 2344; x_wconf 52' lang='lat' dir='ltr'><strong>in’peregrina</strong></span> <span class='ocrx_word' id='word_1_161' title='bbox 1038 2284 1184 2334; x_wconf 81' lang='lat' dir='ltr'><strong>terra</strong></span> <span class='ocrx_word' id='word_1_162' title='bbox 1212 2296 1243 2336; x_wconf 92' lang='lat' dir='ltr'><strong>a</strong></span> <span class='ocrx_word' id='word_1_163' title='bbox 1280 2283 1508 2340; x_wconf 83' lang='lat' dir='ltr'><strong>miseria.</strong></span> <span class='ocrx_word' id='word_1_164' title='bbox 1524 2297 1811 2357; x_wconf 89' lang='lat' dir='ltr'><strong>erepturus</strong></span> 
     </span>
    </p>
   </div>
   <div class='ocr_carea' id='block_1_22' title="bbox 186 2362 1810 2452">
    <p class='ocr_par' dir='ltr' id='par_1_22' title="bbox 186 2362 1810 2452">
     <span class='ocr_line' id='line_1_22' title="bbox 186 2362 1810 2452; baseline 0.018 -43"><span class='ocrx_word' id='word_1_165' title='bbox 186 2365 319 2424; x_wconf 80' lang='lat' dir='ltr'><strong>erat,</strong></span> <span class='ocrx_word' id='word_1_166' title='bbox 355 2362 626 2432; x_wconf 80' lang='lat' dir='ltr'><strong>exagitari</strong></span> <span class='ocrx_word' id='word_1_167' title='bbox 657 2365 807 2420; x_wconf 89' lang='lat' dir='ltr'><strong>illum</strong></span> <span class='ocrx_word' id='word_1_168' title='bbox 839 2380 894 2423; x_wconf 88' lang='lat' dir='ltr'><strong>et</strong></span> <span class='ocrx_word' id='word_1_169' title='bbox 920 2371 1180 2440; x_wconf 86' lang='lat' dir='ltr'><strong>majorem</strong></span> <span class='ocrx_word' id='word_1_170' title='bbox 1207 2380 1412 2446; x_wconf 82' lang='lat' dir='ltr'><strong>perpeti</strong></span> <span class='ocrx_word' id='word_1_171' title='bbox 1446 2378 1572 2434; x_wconf 81' lang='lat' dir='ltr'><strong>sivit</strong></span> <span class='ocrx_word' id='word_1_172' title='bbox 1600 2392 1810 2452; x_wconf 85' lang='lat' dir='ltr'><strong>pertur-</strong></span> 
     </span>
    </p>
   </div>
   <div class='ocr_carea' id='block_1_23' title="bbox 185 2449 1809 2536">
    <p class='ocr_par' dir='ltr' id='par_1_23' title="bbox 185 2449 1809 2536">
     <span class='ocr_line' id='line_1_23' title="bbox 185 2449 1809 2536; baseline 0.018 -33"><span class='ocrx_word' id='word_1_173' title='bbox 185 2449 483 2508; x_wconf 84' lang='lat' dir='ltr'><strong>bationem.</strong></span> <span class='ocrx_word' id='word_1_174' title='bbox 535 2454 671 2511; x_wconf 85' lang='lat' dir='ltr'><strong>Nam</strong></span> <span class='ocrx_word' id='word_1_175' title='bbox 728 2474 884 2516; x_wconf 88' lang='lat' dir='ltr'><strong>socer</strong></span> <span class='ocrx_word' id='word_1_176' title='bbox 942 2463 1060 2534; x_wconf 88' lang='lat' dir='ltr'><strong>ejus</strong></span> <span class='ocrx_word' id='word_1_177' title='bbox 1109 2467 1506 2536; x_wconf 88' lang='lat' dir='ltr'><strong>apprehensum</strong></span> <span class='ocrx_word' id='word_1_178' title='bbox 1561 2475 1809 2532; x_wconf 84' lang='lat' dir='ltr'><strong>occidere</strong></span> 
     </span>
    </p>
   </div>
   <div class='ocr_carea' id='block_1_24' title="bbox 187 2541 1805 2632">
    <p class='ocr_par' dir='ltr' id='par_1_24' title="bbox 187 2541 1805 2632">
     <span class='ocr_line' id='line_1_24' title="bbox 187 2541 1805 2632; baseline 0.019 -38"><span class='ocrx_word' id='word_1_179' title='bbox 187 2541 519 2611; x_wconf 82' lang='lat' dir='ltr'><strong>minabatur,</strong></span> <span class='ocrx_word' id='word_1_180' title='bbox 547 2559 604 2604; x_wconf 92' lang='lat' dir='ltr'><strong>et</strong></span> <span class='ocrx_word' id='word_1_181' title='bbox 649 2563 768 2620; x_wconf 88' lang='lat' dir='ltr'><strong>post</strong></span> <span class='ocrx_word' id='word_1_182' title='bbox 809 2553 955 2609; x_wconf 90' lang='lat' dir='ltr'><strong>illum</strong></span> <span class='ocrx_word' id='word_1_183' title='bbox 1005 2557 1173 2614; x_wconf 84' lang='lat' dir='ltr'><strong>frater</strong></span> <span class='ocrx_word' id='word_1_184' title='bbox 1202 2564 1499 2632; x_wconf 87' lang='lat' dir='ltr'><strong>excipiens,</strong></span> <span class='ocrx_word' id='word_1_185' title='bbox 1531 2566 1582 2621; x_wconf 90' lang='lat' dir='ltr'><strong>in</strong></span> <span class='ocrx_word' id='word_1_186' title='bbox 1623 2581 1805 2625; x_wconf 77' lang='lat' dir='ltr'><strong>extre-</strong></span> 
     </span>
    </p>
   </div>
   <div class='ocr_carea' id='block_1_25' title="bbox 186 2638 1805 2730">
    <p class='ocr_par' dir='ltr' id='par_1_25' title="bbox 186 2638 1805 2730">
     <span class='ocr_line' id='line_1_25' title="bbox 186 2638 1805 2730; baseline 0.019 -44"><span class='ocrx_word' id='word_1_187' title='bbox 186 2648 328 2688; x_wconf 87' lang='lat' dir='ltr'><strong>mum</strong></span> <span class='ocrx_word' id='word_1_188' title='bbox 358 2638 666 2707; x_wconf 89' lang='lat' dir='ltr'><strong>periculum</strong></span> <span class='ocrx_word' id='word_1_189' title='bbox 693 2645 939 2715; x_wconf 82' lang='lat' dir='ltr'><strong>conjecit.</strong></span> <span class='ocrx_word' id='word_1_190' title='bbox 967 2647 1101 2717; x_wconf 83' lang='lat' dir='ltr'><strong>Quia</strong></span> <span class='ocrx_word' id='word_1_191' title='bbox 1123 2654 1268 2708; x_wconf 88' lang='lat' dir='ltr'><strong>enim</strong></span> <span class='ocrx_word' id='word_1_192' title='bbox 1298 2671 1403 2710; x_wconf 86' lang='lat' dir='ltr'><strong>non</strong></span> <span class='ocrx_word' id='word_1_193' title='bbox 1436 2662 1805 2730; x_wconf 88' lang='lat' dir='ltr'><strong>possuntjusti</strong></span> 
     </span>
    </p>
   </div>
   <div class='ocr_carea' id='block_1_26' title="bbox 182 2726 1808 2818">
    <p class='ocr_par' dir='ltr' id='par_1_26' title="bbox 182 2726 1808 2818">
     <span class='ocr_line' id='line_1_26' title="bbox 182 2726 1808 2818; baseline 0.022 -39"><span class='ocrx_word' id='word_1_194' title='bbox 182 2726 442 2784; x_wconf 80' lang='lat' dir='ltr'><strong>diuturno</strong></span> <span class='ocrx_word' id='word_1_195' title='bbox 471 2740 718 2803; x_wconf 86' lang='lat' dir='ltr'><strong>tempore</strong></span> <span class='ocrx_word' id='word_1_196' title='bbox 744 2740 1098 2800; x_wconf 87' lang='lat' dir='ltr'><strong>vehementer</strong></span> <span class='ocrx_word' id='word_1_197' title='bbox 1128 2749 1346 2818; x_wconf 86' lang='lat' dir='ltr'><strong>tentari,</strong></span> <span class='ocrx_word' id='word_1_198' title='bbox 1375 2726 1496 2806; x_wconf 88' lang='lat' dir='ltr'><strong>cum</strong></span> <span class='ocrx_word' id='word_1_199' title='bbox 1528 2771 1592 2809; x_wconf 78' lang='lat' dir='ltr'><strong>ex</strong></span> <span class='ocrx_word' id='word_1_200' title='bbox 1634 2767 1808 2813; x_wconf 82' lang='lat' dir='ltr'><strong>certa-</strong></span> 
     </span>
    </p>
   </div>
   <div class='ocr_carea' id='block_1_27' title="bbox 185 2822 1808 2916">
    <p class='ocr_par' dir='ltr' id='par_1_27' title="bbox 185 2822 1808 2916">
     <span class='ocr_line' id='line_1_27' title="bbox 185 2822 1808 2916; baseline 0.021 -43"><span class='ocrx_word' id='word_1_201' title='bbox 185 2822 328 2876; x_wconf 87' lang='lat' dir='ltr'><strong>mine</strong></span> <span class='ocrx_word' id='word_1_202' title='bbox 357 2827 578 2880; x_wconf 75' lang='lat' dir='ltr'><strong>evasuri</strong></span> <span class='ocrx_word' id='word_1_203' title='bbox 605 2839 754 2899; x_wconf 73' lang='lat' dir='ltr'><strong>sunt,</strong></span> <span class='ocrx_word' id='word_1_204' title='bbox 794 2843 851 2886; x_wconf 91' lang='lat' dir='ltr'><strong>ut</strong></span> <span class='ocrx_word' id='word_1_205' title='bbox 877 2835 1051 2906; x_wconf 87' lang='lat' dir='ltr'><strong>majus</strong></span> <span class='ocrx_word' id='word_1_206' title='bbox 1081 2837 1290 2895; x_wconf 81' lang='lat' dir='ltr'><strong>lucrum</strong></span> <span class='ocrx_word' id='word_1_207' title='bbox 1323 2855 1623 2916; x_wconf 79' lang='lat' dir='ltr'><strong>reportent,</strong></span> <span class='ocrx_word' id='word_1_208' title='bbox 1652 2865 1808 2906; x_wconf 81' lang='lat' dir='ltr'><strong>exer-</strong></span> 
     </span>
    </p>
   </div>
   <div class='ocr_carea' id='block_1_28' title="bbox 180 2915 1806 3015">
    <p class='ocr_par' dir='ltr' id='par_1_28' title="bbox 180 2915 1806 3015">
     <span class='ocr_line' id='line_1_28' title="bbox 180 2915 1806 3015; baseline 0.022 -49"><span class='ocrx_word' id='word_1_209' title='bbox 180 2915 471 2973; x_wconf 86' lang='lat' dir='ltr'><strong>citationes</strong></span> <span class='ocrx_word' id='word_1_210' title='bbox 496 2930 680 2992; x_wconf 85' lang='lat' dir='ltr'><strong>auget.</strong></span> <span class='ocrx_word' id='word_1_211' title='bbox 728 2924 786 2980; x_wconf 85' lang='lat' dir='ltr'><strong>Id</strong></span> <span class='ocrx_word' id='word_1_212' title='bbox 831 2929 994 2984; x_wconf 89' lang='lat' dir='ltr'><strong>etiam</strong></span> <span class='ocrx_word' id='word_1_213' title='bbox 1027 2931 1080 2986; x_wconf 89' lang='lat' dir='ltr'><strong>in</strong></span> <span class='ocrx_word' id='word_1_214' title='bbox 1109 2934 1420 2993; x_wconf 80' lang='lat' dir='ltr'><strong>Abrahamo</strong></span> <span class='ocrx_word' id='word_1_215' title='bbox 1464 2915 1613 3009; x_wconf 87' lang='lat' dir='ltr'><strong>fecit,</strong></span> <span class='ocrx_word' id='word_1_216' title='bbox 1652 2947 1806 3015; x_wconf 88' lang='lat' dir='ltr'><strong>cujus</strong></span> 
     </span>
    </p>
   </div>
   <div class='ocr_carea' id='block_1_29' title="bbox 183 3017 1801 3106">
    <p class='ocr_par' dir='ltr' id='par_1_29' title="bbox 183 3017 1801 3106">
     <span class='ocr_line' id='line_1_29' title="bbox 183 3017 1801 3106; baseline 0.02 -46"><span class='ocrx_word' id='word_1_217' title='bbox 183 3017 522 3075; x_wconf 80' lang='lat' dir='ltr'><strong>postremum</strong></span> <span class='ocrx_word' id='word_1_218' title='bbox 559 3022 838 3073; x_wconf 86' lang='lat' dir='ltr'><strong>certamen</strong></span> <span class='ocrx_word' id='word_1_219' title='bbox 891 3021 1254 3083; x_wconf 89' lang='lat' dir='ltr'><strong>immolandus</strong></span> <span class='ocrx_word' id='word_1_220' title='bbox 1305 3029 1448 3087; x_wconf 86' lang='lat' dir='ltr'><strong>ﬁlius</strong></span> <span class='ocrx_word' id='word_1_221' title='bbox 1495 3043 1612 3090; x_wconf 92' lang='lat' dir='ltr'><strong>erat</strong></span> <span class='ocrx_word' id='word_1_222' title='bbox 1646 3035 1801 3106; x_wconf 88' lang='lat' dir='ltr'><strong>(Gen.</strong></span> 
     </span>
    </p>
   </div>
   <div class='ocr_carea' id='block_1_30' title="bbox 178 3097 1800 3196">
    <p class='ocr_par' dir='ltr' id='par_1_30' title="bbox 178 3097 1800 3196">
     <span class='ocr_line' id='line_1_30' title="bbox 178 3097 1800 3196; baseline 0.021 -44"><span class='ocrx_word' id='word_1_223' title='bbox 178 3097 265 3153; x_wconf 70' lang='lat'><strong>2:2.</strong></span> <span class='ocrx_word' id='word_1_224' title='bbox 297 3102 372 3171; x_wconf 80' lang='grc' dir='ltr'><strong>Ι).</strong></span> <span class='ocrx_word' id='word_1_225' title='bbox 405 3101 562 3160; x_wconf 81' lang='lat' dir='ltr'><strong>Tunc</strong></span> <span class='ocrx_word' id='word_1_226' title='bbox 588 3107 732 3162; x_wconf 86' lang='lat' dir='ltr'><strong>enim</strong></span> <span class='ocrx_word' id='word_1_227' title='bbox 762 3110 1118 3171; x_wconf 88' lang='lat' dir='ltr'><strong>intolerabilia</strong></span> <span class='ocrx_word' id='word_1_228' title='bbox 1141 3119 1360 3176; x_wconf 88' lang='lat' dir='ltr'><strong>tolerari</strong></span> <span class='ocrx_word' id='word_1_229' title='bbox 1386 3135 1657 3196; x_wconf 77' lang='lat' dir='ltr'><strong>poti-runt,</strong></span> <span class='ocrx_word' id='word_1_230' title='bbox 1678 3146 1800 3186; x_wconf 91' lang='lat' dir='ltr'><strong>cum</strong></span> 
     </span>
    </p>
   </div>
   <div class='ocr_carea' id='block_1_31' title="bbox 181 3191 1798 3291">
    <p class='ocr_par' dir='ltr' id='par_1_31' title="bbox 181 3191 1798 3291">
     <span class='ocr_line' id='line_1_31' title="bbox 181 3191 1798 3291; baseline 0.022 -46"><span class='ocrx_word' id='word_1_231' title='bbox 181 3191 230 3246; x_wconf 89' lang='lat' dir='ltr'><strong>in</strong></span> <span class='ocrx_word' id='word_1_232' title='bbox 254 3193 464 3263; x_wconf 70' lang='lat' dir='ltr'><strong>ianuis,</strong></span> <span class='ocrx_word' id='word_1_233' title='bbox 507 3209 565 3253; x_wconf 90' lang='lat' dir='ltr'><strong>ut</strong></span> <span class='ocrx_word' id='word_1_234' title='bbox 612 3201 682 3255; x_wconf 90' lang='lat' dir='ltr'><strong>ita</strong></span> <span class='ocrx_word' id='word_1_235' title='bbox 714 3202 911 3274; x_wconf 85' lang='lat' dir='ltr'><strong>dicam,</strong></span> <span class='ocrx_word' id='word_1_236' title='bbox 946 3207 1272 3280; x_wconf 88' lang='lat' dir='ltr'><strong>inferuntur,</strong></span> <span class='ocrx_word' id='word_1_237' title='bbox 1318 3191 1516 3287; x_wconf 21' lang='lat' dir='ltr'><strong>ettjam</strong></span> <span class='ocrx_word' id='word_1_238' title='bbox 1550 3226 1798 3291; x_wconf 79' lang='lat' dir='ltr'><strong>proxima</strong></span> 
     </span>
    </p>
   </div>
   <div class='ocr_carea' id='block_1_32' title="bbox 177 3287 1799 3380">
    <p class='ocr_par' dir='ltr' id='par_1_32' title="bbox 177 3287 1799 3380">
     <span class='ocr_line' id='line_1_32' title="bbox 177 3287 1799 3380; baseline 0.022 -42"><span class='ocrx_word' id='word_1_239' title='bbox 177 3296 259 3341; x_wconf 83' lang='lat' dir='ltr'><strong>est</strong></span> <span class='ocrx_word' id='word_1_240' title='bbox 287 3287 566 3347; x_wconf 88' lang='lat' dir='ltr'><strong>liberatio.</strong></span> <span class='ocrx_word' id='word_1_241' title='bbox 601 3293 713 3350; x_wconf 89' lang='lat' dir='ltr'><strong>Hoc</strong></span> <span class='ocrx_word' id='word_1_242' title='bbox 735 3305 791 3351; x_wconf 90' lang='lat' dir='ltr'><strong>et</strong></span> <span class='ocrx_word' id='word_1_243' title='bbox 820 3306 947 3356; x_wconf 89' lang='lat' dir='ltr'><strong>tunc</strong></span> <span class='ocrx_word' id='word_1_244' title='bbox 971 3302 1118 3372; x_wconf 90' lang='lat' dir='ltr'><strong>fecit,</strong></span> <span class='ocrx_word' id='word_1_245' title='bbox 1152 3322 1253 3362; x_wconf 90' lang='lat' dir='ltr'><strong>nec</strong></span> <span class='ocrx_word' id='word_1_246' title='bbox 1279 3310 1429 3380; x_wconf 91' lang='lat' dir='ltr'><strong>prius</strong></span> <span class='ocrx_word' id='word_1_247' title='bbox 1459 3287 1706 3372; x_wconf 75' lang='lat' dir='ltr'><strong>Christus</strong></span> <span class='ocrx_word' id='word_1_248' title='bbox 1740 3335 1799 3376; x_wconf 90' lang='lat' dir='ltr'><strong>se</strong></span> 
     </span>
    </p>
   </div>
   <div class='ocr_carea' id='block_1_33' title="bbox 176 3375 1793 3468">
    <p class='ocr_par' dir='ltr' id='par_1_33' title="bbox 176 3375 1793 3468">
     <span class='ocr_line' id='line_1_33' title="bbox 176 3375 1793 3468; baseline 0.021 -34"><span class='ocrx_word' id='word_1_249' title='bbox 176 3379 307 3449; x_wconf 81' lang='lat' dir='ltr'><strong>ipsis</strong></span> <span class='ocrx_word' id='word_1_250' title='bbox 346 3375 787 3454; x_wconf 83' lang='lat' dir='ltr'><strong>cognoscendum</strong></span> <span class='ocrx_word' id='word_1_251' title='bbox 843 3395 1112 3466; x_wconf 72' lang='lat' dir='ltr'><strong>prcebuit,</strong></span> <span class='ocrx_word' id='word_1_252' title='bbox 1171 3375 1350 3460; x_wconf 76' lang='lat' dir='ltr'><strong>donec</strong></span> <span class='ocrx_word' id='word_1_253' title='bbox 1403 3407 1793 3468; x_wconf 86' lang='lat' dir='ltr'><strong>elamaverunt.</strong></span> 
     </span>
    </p>
   </div>
   <div class='ocr_carea' id='block_1_34' title="bbox 169 3472 1797 3576">
    <p class='ocr_par' dir='ltr' id='par_1_34' title="bbox 169 3472 1797 3576">
     <span class='ocr_line' id='line_1_34' title="bbox 169 3472 1797 3576; baseline 0.023 -50"><span class='ocrx_word' id='word_1_254' title='bbox 169 3472 387 3540; x_wconf 85' lang='lat' dir='ltr'><strong>Quanto</strong></span> <span class='ocrx_word' id='word_1_255' title='bbox 409 3479 559 3534; x_wconf 90' lang='lat' dir='ltr'><strong>enim</strong></span> <span class='ocrx_word' id='word_1_256' title='bbox 592 3482 766 3553; x_wconf 89' lang='lat' dir='ltr'><strong>major</strong></span> <span class='ocrx_word' id='word_1_257' title='bbox 793 3497 908 3542; x_wconf 91' lang='lat' dir='ltr'><strong>erat</strong></span> <span class='ocrx_word' id='word_1_258' title='bbox 941 3491 1247 3564; x_wconf 85' lang='lat' dir='ltr'><strong>trepidatio,</strong></span> <span class='ocrx_word' id='word_1_259' title='bbox 1277 3507 1426 3555; x_wconf 89' lang='lat' dir='ltr'><strong>tanto</strong></span> <span class='ocrx_word' id='word_1_260' title='bbox 1453 3505 1659 3572; x_wconf 80' lang='lat' dir='ltr'><strong>gratior</strong></span> <span class='ocrx_word' id='word_1_261' title='bbox 1677 3507 1797 3576; x_wconf 89' lang='lat' dir='ltr'><strong>ejus</strong></span> 
     </span>
    </p>
   </div>
   <div class='ocr_carea' id='block_1_35' title="bbox 173 3572 1792 3667">
    <p class='ocr_par' dir='ltr' id='par_1_35' title="bbox 173 3572 1792 3667">
     <span class='ocr_line' id='line_1_35' title="bbox 173 3572 1792 3667; baseline 0.022 -47"><span class='ocrx_word' id='word_1_262' title='bbox 173 3572 469 3636; x_wconf 64' lang='lat' dir='ltr'><strong>presentia</strong></span> <span class='ocrx_word' id='word_1_263' title='bbox 518 3573 804 3633; x_wconf 83' lang='lat' dir='ltr'><strong>videbatur</strong></span> <span class='ocrx_word' id='word_1_264' title='bbox 850 3581 1001 3652; x_wconf 88' lang='lat' dir='ltr'><strong>ipsis.</strong></span> <span class='ocrx_word' id='word_1_265' title='bbox 1053 3587 1186 3642; x_wconf 89' lang='lat' dir='ltr'><strong>Cum</strong></span> <span class='ocrx_word' id='word_1_266' title='bbox 1240 3593 1387 3647; x_wconf 92' lang='lat' dir='ltr'><strong>enim</strong></span> <span class='ocrx_word' id='word_1_267' title='bbox 1435 3572 1792 3667; x_wconf 81' lang='lat' dir='ltr'><strong>clamassent,</strong></span> 
     </span>
    </p>
   </div>
   <div class='ocr_carea' id='block_1_36' title="bbox 170 3661 1792 3767">
    <p class='ocr_par' dir='ltr' id='par_1_36' title="bbox 170 3661 1792 3767">
     <span class='ocr_line' id='line_1_36' title="bbox 170 3661 1792 3767; baseline 0.027 -58"><span class='ocrx_word' id='word_1_268' title='bbox 170 3661 241 3714; x_wconf 82' lang='lat' dir='ltr'><strong>ait</strong></span> <span class='ocrx_word' id='word_1_269' title='bbox 273 3680 287 3715; x_wconf 89' lang='lat'><strong>:</strong></span> <span class='ocrx_word' id='word_1_270' title='bbox 318 3664 413 3718; x_wconf 77' lang='lat'><strong>27.</strong></span> <span class='ocrx_word' id='word_1_271' title='bbox 442 3665 630 3722; x_wconf 82' lang='lat' dir='ltr'><strong>Statim</strong></span> <span class='ocrx_word' id='word_1_272' title='bbox 659 3671 895 3744; x_wconf 76' lang='lat' dir='ltr'><strong>loquutus</strong></span> <span class='ocrx_word' id='word_1_273' title='bbox 930 3689 1003 3732; x_wconf 86' lang='lat' dir='ltr'><strong>est</strong></span> <span class='ocrx_word' id='word_1_274' title='bbox 1031 3681 1136 3737; x_wconf 81' lang='lat' dir='ltr'><strong>illis</strong></span> <span class='ocrx_word' id='word_1_275' title='bbox 1171 3683 1325 3741; x_wconf 84' lang='lat' dir='ltr'><strong>Jesus</strong></span> <span class='ocrx_word' id='word_1_276' title='bbox 1369 3689 1541 3747; x_wconf 83' lang='lat' dir='ltr'><strong>dicens</strong></span> <span class='ocrx_word' id='word_1_277' title='bbox 1568 3711 1587 3748; x_wconf 90' lang='lat'><strong><em>:</em></strong></span> <span class='ocrx_word' id='word_1_278' title='bbox 1615 3661 1792 3767; x_wconf 39' lang='lat' dir='ltr'><strong>Con/ii-</strong></span> 
     </span>
    </p>
   </div>
   <div class='ocr_carea' id='block_1_37' title="bbox 170 3756 1794 3847">
    <p class='ocr_par' dir='ltr' id='par_1_37' title="bbox 170 3756 1794 3847">
     <span class='ocr_line' id='line_1_37' title="bbox 170 3756 1794 3847; baseline 0.025 -40"><span class='ocrx_word' id='word_1_279' title='bbox 170 3756 292 3824; x_wconf 84' lang='lat' dir='ltr'><strong>dite,</strong></span> <span class='ocrx_word' id='word_1_280' title='bbox 324 3775 421 3830; x_wconf 77' lang='lat' dir='ltr'><strong>ego</strong></span> <span class='ocrx_word' id='word_1_281' title='bbox 453 3777 588 3830; x_wconf 85' lang='lat' dir='ltr'><strong>sum,</strong></span> <span class='ocrx_word' id='word_1_282' title='bbox 618 3767 775 3821; x_wconf 83' lang='lat' dir='ltr'><strong>nolite</strong></span> <span class='ocrx_word' id='word_1_283' title='bbox 804 3770 998 3828; x_wconf 88' lang='lat' dir='ltr'><strong>timere.</strong></span> <span class='ocrx_word' id='word_1_284' title='bbox 1032 3774 1144 3832; x_wconf 83' lang='lat' dir='ltr'><strong>[loc</strong></span> <span class='ocrx_word' id='word_1_285' title='bbox 1173 3778 1373 3836; x_wconf 88' lang='lat' dir='ltr'><strong>dictmn</strong></span> <span class='ocrx_word' id='word_1_286' title='bbox 1413 3786 1660 3844; x_wconf 85' lang='lat' dir='ltr'><strong>timorem</strong></span> <span class='ocrx_word' id='word_1_287' title='bbox 1700 3809 1794 3847; x_wconf 85' lang='lat' dir='ltr'><strong>ex-</strong></span> 
     </span>
    </p>
   </div>
   <div class='ocr_carea' id='block_1_38' title="bbox 169 3850 1792 3946">
    <p class='ocr_par' dir='ltr' id='par_1_38' title="bbox 169 3850 1792 3946">
     <span class='ocr_line' id='line_1_38' title="bbox 169 3850 1792 3946; baseline 0.026 -46"><span class='ocrx_word' id='word_1_288' title='bbox 169 3850 359 3915; x_wconf 87' lang='lat' dir='ltr'><strong>cussit,</strong></span> <span class='ocrx_word' id='word_1_289' title='bbox 395 3859 456 3904; x_wconf 93' lang='lat' dir='ltr'><strong>et</strong></span> <span class='ocrx_word' id='word_1_290' title='bbox 481 3851 730 3913; x_wconf 85' lang='lat' dir='ltr'><strong>ﬁduciam</strong></span> <span class='ocrx_word' id='word_1_291' title='bbox 765 3859 972 3918; x_wconf 90' lang='lat' dir='ltr'><strong>indidit.</strong></span> <span class='ocrx_word' id='word_1_292' title='bbox 1005 3867 1140 3933; x_wconf 87' lang='lat' dir='ltr'><strong>Quia</strong></span> <span class='ocrx_word' id='word_1_293' title='bbox 1177 3873 1320 3928; x_wconf 88' lang='lat' dir='ltr'><strong>enim</strong></span> <span class='ocrx_word' id='word_1_294' title='bbox 1364 3876 1536 3946; x_wconf 89' lang='lat' dir='ltr'><strong>ipsum</strong></span> <span class='ocrx_word' id='word_1_295' title='bbox 1575 3890 1701 3940; x_wconf 90' lang='lat' dir='ltr'><strong>tunc</strong></span> <span class='ocrx_word' id='word_1_296' title='bbox 1723 3885 1792 3942; x_wconf 90' lang='lat' dir='ltr'><strong>de</strong></span> 
     </span>
    </p>
   </div>
   <div class='ocr_carea' id='block_1_39' title="bbox 169 3941 1786 4048">
    <p class='ocr_par' dir='ltr' id='par_1_39' title="bbox 169 3941 1786 4048">
     <span class='ocr_line' id='line_1_39' title="bbox 169 3941 1786 4048; baseline 0.028 -58"><span class='ocrx_word' id='word_1_297' title='bbox 169 3941 297 3995; x_wconf 85' lang='lat' dir='ltr'><strong>faeie</strong></span> <span class='ocrx_word' id='word_1_298' title='bbox 326 3959 438 3998; x_wconf 82' lang='lat' dir='ltr'><strong>non</strong></span> <span class='ocrx_word' id='word_1_299' title='bbox 469 3959 750 4017; x_wconf 79' lang='lat' dir='ltr'><strong>noverant,</strong></span> <span class='ocrx_word' id='word_1_300' title='bbox 785 3963 839 4010; x_wconf 88' lang='lat' dir='ltr'><strong>et</strong></span> <span class='ocrx_word' id='word_1_301' title='bbox 862 3956 934 4011; x_wconf 87' lang='lat' dir='ltr'><strong>ob</strong></span> <span class='ocrx_word' id='word_1_302' title='bbox 956 3958 1251 4020; x_wconf 85' lang='lat' dir='ltr'><strong>inauditum</strong></span> <span class='ocrx_word' id='word_1_303' title='bbox 1271 3969 1578 4029; x_wconf 87' lang='lat' dir='ltr'><strong>ambulandi</strong></span> <span class='ocrx_word' id='word_1_304' title='bbox 1596 3992 1786 4048; x_wconf 83' lang='lat' dir='ltr'><strong>genus,</strong></span> 
     </span>
    </p>
   </div>
   <div class='ocr_carea' id='block_1_40' title="bbox 164 4033 1784 4137">
    <p class='ocr_par' dir='ltr' id='par_1_40' title="bbox 164 4033 1784 4137">
     <span class='ocr_line' id='line_1_40' title="bbox 164 4033 1784 4137; baseline 0.027 -53"><span class='ocrx_word' id='word_1_305' title='bbox 164 4041 217 4085; x_wconf 86' lang='lat' dir='ltr'><strong>et</strong></span> <span class='ocrx_word' id='word_1_306' title='bbox 244 4033 320 4088; x_wconf 85' lang='lat' dir='ltr'><strong>ob</strong></span> <span class='ocrx_word' id='word_1_307' title='bbox 349 4038 528 4093; x_wconf 87' lang='lat' dir='ltr'><strong>noctis</strong></span> <span class='ocrx_word' id='word_1_308' title='bbox 563 4050 789 4112; x_wconf 84' lang='lat' dir='ltr'><strong>tempus,</strong></span> <span class='ocrx_word' id='word_1_309' title='bbox 840 4064 870 4102; x_wconf 89' lang='lat' dir='ltr'><strong>a</strong></span> <span class='ocrx_word' id='word_1_310' title='bbox 916 4066 1048 4108; x_wconf 89' lang='lat' dir='ltr'><strong>voce</strong></span> <span class='ocrx_word' id='word_1_311' title='bbox 1087 4069 1147 4110; x_wconf 92' lang='lat' dir='ltr'><strong>se</strong></span> <span class='ocrx_word' id='word_1_312' title='bbox 1188 4063 1519 4121; x_wconf 87' lang='lat' dir='ltr'><strong>noscendum</strong></span> <span class='ocrx_word' id='word_1_313' title='bbox 1559 4071 1784 4137; x_wconf 70' lang='lat' dir='ltr'><strong>prtebi-t.</strong></span> 
     </span>
    </p>
   </div>
   <div class='ocr_carea' id='block_1_41' title="bbox 166 4121 1787 4228">
    <p class='ocr_par' dir='ltr' id='par_1_41' title="bbox 166 4121 1787 4228">
     <span class='ocr_line' id='line_1_41' title="bbox 166 4121 1787 4228; baseline 0.03 -54"><span class='ocrx_word' id='word_1_314' title='bbox 166 4121 299 4187; x_wconf 86' lang='lat' dir='ltr'><strong>Quid</strong></span> <span class='ocrx_word' id='word_1_315' title='bbox 345 4128 512 4197; x_wconf 83' lang='lat' dir='ltr'><strong>igitur</strong></span> <span class='ocrx_word' id='word_1_316' title='bbox 554 4131 762 4200; x_wconf 87' lang='lat' dir='ltr'><strong>Petrus,</strong></span> <span class='ocrx_word' id='word_1_317' title='bbox 819 4153 1035 4211; x_wconf 82' lang='lat' dir='ltr'><strong>semper</strong></span> <span class='ocrx_word' id='word_1_318' title='bbox 1089 4145 1358 4218; x_wconf 88' lang='lat' dir='ltr'><strong>fervidus,</strong></span> <span class='ocrx_word' id='word_1_319' title='bbox 1404 4121 1787 4228; x_wconf 31' lang='lat' dir='ltr'><strong>semperﬂavnt-e</strong></span> 
     </span>
    </p>
   </div>
   <div class='ocr_carea' id='block_1_42' title="bbox 162 4216 1788 4328">
    <p class='ocr_par' dir='ltr' id='par_1_42' title="bbox 162 4216 1788 4328">
     <span class='ocr_line' id='line_1_42' title="bbox 162 4216 1788 4328; baseline 0.03 -63"><span class='ocrx_word' id='word_1_320' title='bbox 162 4216 294 4270; x_wconf 84' lang='lat' dir='ltr'><strong>alios</strong></span> <span class='ocrx_word' id='word_1_321' title='bbox 325 4222 676 4289; x_wconf 74' lang='lat' dir='ltr'><strong>prazsiliens?</strong></span> <span class='ocrx_word' id='word_1_322' title='bbox 705 4229 795 4285; x_wconf 73' lang='grc'><strong>28.</strong></span> <span class='ocrx_word' id='word_1_323' title='bbox 827 4229 1066 4304; x_wconf 86' lang='lat' dir='ltr'><strong>Domine,</strong></span> <span class='ocrx_word' id='word_1_324' title='bbox 1115 4242 1162 4295; x_wconf 91' lang='lat' dir='ltr'><strong>si</strong></span> <span class='ocrx_word' id='word_1_325' title='bbox 1205 4253 1260 4297; x_wconf 87' lang='lat' dir='ltr'><strong>tu</strong></span> <span class='ocrx_word' id='word_1_326' title='bbox 1306 4263 1379 4311; x_wconf 75' lang='lat' dir='ltr'><strong>es,</strong></span> <span class='ocrx_word' id='word_1_327' title='bbox 1426 4250 1616 4321; x_wconf 88' lang='lat' dir='ltr'><strong>inquit,</strong></span> <span class='ocrx_word' id='word_1_328' title='bbox 1657 4259 1788 4328; x_wconf 86' lang='lat' dir='ltr'><strong>jube</strong></span> 
     </span>
    </p>
   </div>
   <div class='ocr_carea' id='block_1_43' title="bbox 162 4313 1789 4419">
    <p class='ocr_par' dir='ltr' id='par_1_43' title="bbox 162 4313 1789 4419">
     <span class='ocr_line' id='line_1_43' title="bbox 162 4313 1789 4419; baseline 0.029 -58"><span class='ocrx_word' id='word_1_329' title='bbox 162 4325 238 4362; x_wconf 82' lang='lat' dir='ltr'><strong>me</strong></span> <span class='ocrx_word' id='word_1_330' title='bbox 264 4313 443 4367; x_wconf 73' lang='lat' dir='ltr'><strong>venire</strong></span> <span class='ocrx_word' id='word_1_331' title='bbox 487 4318 559 4369; x_wconf 89' lang='lat' dir='ltr'><strong>ad</strong></span> <span class='ocrx_word' id='word_1_332' title='bbox 582 4327 630 4372; x_wconf 89' lang='lat' dir='ltr'><strong>te</strong></span> <span class='ocrx_word' id='word_1_333' title='bbox 668 4336 821 4391; x_wconf 83' lang='lat' dir='ltr'><strong>super</strong></span> <span class='ocrx_word' id='word_1_334' title='bbox 850 4342 1028 4392; x_wconf 83' lang='lat' dir='ltr'><strong>aquas.</strong></span> <span class='ocrx_word' id='word_1_335' title='bbox 1073 4331 1187 4387; x_wconf 87' lang='lat' dir='ltr'><strong>Non</strong></span> <span class='ocrx_word' id='word_1_336' title='bbox 1229 4337 1364 4394; x_wconf 87' lang='lat' dir='ltr'><strong>dixit</strong></span> <span class='ocrx_word' id='word_1_337' title='bbox 1393 4359 1406 4393; x_wconf 90' lang='lat'><strong>:</strong></span> <span class='ocrx_word' id='word_1_338' title='bbox 1437 4313 1542 4399; x_wconf 68' lang='lat' dir='ltr'><strong>(ira</strong></span> <span class='ocrx_word' id='word_1_339' title='bbox 1573 4313 1625 4402; x_wconf 79' lang='lat' dir='ltr'><strong>ct</strong></span> <span class='ocrx_word' id='word_1_340' title='bbox 1657 4313 1789 4419; x_wconf 67' lang='lat' dir='ltr'><strong>pre-</strong></span> 
     </span>
    </p>
   </div>
   <div class='ocr_carea' id='block_1_44' title="bbox 158 4404 1785 4506">
    <p class='ocr_par' dir='ltr' id='par_1_44' title="bbox 158 4404 1785 4506">
     <span class='ocr_line' id='line_1_44' title="bbox 158 4404 1785 4506; baseline 0.031 -54"><span class='ocrx_word' id='word_1_341' title='bbox 158 4415 303 4469; x_wconf 86' lang='lat' dir='ltr'><strong>care,</strong></span> <span class='ocrx_word' id='word_1_342' title='bbox 336 4404 439 4461; x_wconf 82' lang='lat' dir='ltr'><strong>sed</strong></span> <span class='ocrx_word' id='word_1_343' title='bbox 469 4406 623 4463; x_wconf 63' lang='lat' dir='ltr'><strong>lube.</strong></span> <span class='ocrx_word' id='word_1_344' title='bbox 655 4411 845 4471; x_wconf 84' lang='lat' dir='ltr'><strong>Viden‘</strong></span> <span class='ocrx_word' id='word_1_345' title='bbox 868 4433 1104 4490; x_wconf 87' lang='lat' dir='ltr'><strong>quantus</strong></span> <span class='ocrx_word' id='word_1_346' title='bbox 1134 4426 1349 4486; x_wconf 78' lang='lat' dir='ltr'><strong>fervor?</strong></span> <span class='ocrx_word' id='word_1_347' title='bbox 1375 4447 1574 4506; x_wconf 89' lang='lat' dir='ltr'><strong>quanta</strong></span> <span class='ocrx_word' id='word_1_348' title='bbox 1610 4404 1785 4501; x_wconf 58' lang='lat' dir='ltr'><strong>ﬁdes&quot;?</strong></span> 
     </span>
    </p>
   </div>
   <div class='ocr_carea' id='block_1_45' title="bbox 158 4493 1784 4598">
    <p class='ocr_par' dir='ltr' id='par_1_45' title="bbox 158 4493 1784 4598">
     <span class='ocr_line' id='line_1_45' title="bbox 158 4493 1784 4598; baseline 0.03 -53"><span class='ocrx_word' id='word_1_349' title='bbox 158 4493 498 4568; x_wconf 81' lang='lat' dir='ltr'><strong>Quamquam</strong></span> <span class='ocrx_word' id='word_1_350' title='bbox 539 4501 666 4560; x_wconf 85' lang='lat' dir='ltr'><strong>hinc</strong></span> <span class='ocrx_word' id='word_1_351' title='bbox 707 4523 853 4579; x_wconf 63' lang='lat' dir='ltr'><strong>smpe</strong></span> <span class='ocrx_word' id='word_1_352' title='bbox 890 4517 1304 4590; x_wconf 86' lang='lat' dir='ltr'><strong>periclitaretur,</strong></span> <span class='ocrx_word' id='word_1_353' title='bbox 1349 4493 1491 4598; x_wconf 75' lang='lat' dir='ltr'><strong>quod</strong></span> <span class='ocrx_word' id='word_1_354' title='bbox 1525 4493 1784 4592; x_wconf 32' lang='lat' dir='ltr'><strong>ulti-arvi;</strong></span> 
     </span>
    </p>
   </div>
   <div class='ocr_carea' id='block_1_46' title="bbox 158 4585 1778 4689">
    <p class='ocr_par' dir='ltr' id='par_1_46' title="bbox 158 4585 1778 4689">
     <span class='ocr_line' id='line_1_46' title="bbox 158 4585 1778 4689; baseline 0.031 -51"><span class='ocrx_word' id='word_1_355' title='bbox 158 4585 293 4642; x_wconf 84' lang='lat' dir='ltr'><strong>tium</strong></span> <span class='ocrx_word' id='word_1_356' title='bbox 329 4606 644 4650; x_wconf 83' lang='lat' dir='ltr'><strong>mensuram</strong></span> <span class='ocrx_word' id='word_1_357' title='bbox 674 4614 960 4669; x_wconf 61' lang='lat' dir='ltr'><strong>quarreret.</strong></span> <span class='ocrx_word' id='word_1_358' title='bbox 1001 4609 1135 4668; x_wconf 86' lang='lat' dir='ltr'><strong>Nam</strong></span> <span class='ocrx_word' id='word_1_359' title='bbox 1186 4615 1274 4672; x_wconf 91' lang='lat' dir='ltr'><strong>hic</strong></span> <span class='ocrx_word' id='word_1_360' title='bbox 1319 4636 1431 4677; x_wconf 92' lang='lat' dir='ltr'><strong>rem</strong></span> <span class='ocrx_word' id='word_1_361' title='bbox 1488 4631 1778 4689; x_wconf 84' lang='lat' dir='ltr'><strong>maximam</strong></span> 
     </span>
    </p>
   </div>
   <div class='ocr_carea' id='block_1_47' title="bbox 157 4684 1773 4784">
    <p class='ocr_par' dir='ltr' id='par_1_47' title="bbox 157 4684 1773 4784">
     <span class='ocr_line' id='line_1_47' title="bbox 157 4684 1773 4784; baseline 0.032 -52"><span class='ocrx_word' id='word_1_362' title='bbox 157 4684 490 4750; x_wconf 78' lang='lat' dir='ltr'><strong>postulabat,</strong></span> <span class='ocrx_word' id='word_1_363' title='bbox 528 4690 601 4745; x_wconf 88' lang='lat' dir='ltr'><strong>ob</strong></span> <span class='ocrx_word' id='word_1_364' title='bbox 642 4696 920 4754; x_wconf 82' lang='lat' dir='ltr'><strong>earitatetn</strong></span> <span class='ocrx_word' id='word_1_365' title='bbox 961 4706 1159 4777; x_wconf 85' lang='lat' dir='ltr'><strong>solum,</strong></span> <span class='ocrx_word' id='word_1_366' title='bbox 1208 4728 1315 4768; x_wconf 93' lang='lat' dir='ltr'><strong>non</strong></span> <span class='ocrx_word' id='word_1_367' title='bbox 1359 4719 1426 4772; x_wconf 90' lang='lat' dir='ltr'><strong>ad</strong></span> <span class='ocrx_word' id='word_1_368' title='bbox 1458 4727 1773 4784; x_wconf 81' lang='lat' dir='ltr'><strong>ostentatio-</strong></span> 
     </span>
    </p>
   </div>
   <div class='ocr_carea' id='block_1_48' title="bbox 155 4775 1774 4888">
    <p class='ocr_par' dir='ltr' id='par_1_48' title="bbox 155 4775 1774 4888">
     <span class='ocr_line' id='line_1_48' title="bbox 155 4775 1774 4888; baseline 0.032 -63"><span class='ocrx_word' id='word_1_369' title='bbox 155 4785 294 4829; x_wconf 88' lang='lat' dir='ltr'><strong>nem.</strong></span> <span class='ocrx_word' id='word_1_370' title='bbox 321 4775 442 4831; x_wconf 73' lang='lat' dir='ltr'><strong>Noo</strong></span> <span class='ocrx_word' id='word_1_371' title='bbox 471 4782 616 4837; x_wconf 88' lang='lat' dir='ltr'><strong>enim</strong></span> <span class='ocrx_word' id='word_1_372' title='bbox 639 4784 794 4853; x_wconf 80' lang='lat' dir='ltr'><strong>dixit,</strong></span> <span class='ocrx_word' id='word_1_373' title='bbox 825 4789 963 4849; x_wconf 84' lang='lat' dir='ltr'><strong>Jube</strong></span> <span class='ocrx_word' id='word_1_374' title='bbox 985 4813 1071 4854; x_wconf 89' lang='lat' dir='ltr'><strong>me</strong></span> <span class='ocrx_word' id='word_1_375' title='bbox 1087 4775 1364 4862; x_wconf 85' lang='lat' dir='ltr'><strong>ambulare</strong></span> <span class='ocrx_word' id='word_1_376' title='bbox 1389 4825 1555 4881; x_wconf 88' lang='lat' dir='ltr'><strong>super</strong></span> <span class='ocrx_word' id='word_1_377' title='bbox 1571 4832 1774 4888; x_wconf 85' lang='lat' dir='ltr'><strong>aquas;</strong></span> 
     </span>
    </p>
   </div>
   <div class='ocr_carea' id='block_1_49' title="bbox 152 4867 1778 4978">
    <p class='ocr_par' dir='ltr' id='par_1_49' title="bbox 152 4867 1778 4978">
     <span class='ocr_line' id='line_1_49' title="bbox 152 4867 1778 4978; baseline 0.033 -59"><span class='ocrx_word' id='word_1_378' title='bbox 152 4867 400 4940; x_wconf 79' lang='lat' dir='ltr'><strong>sedquid</strong></span> <span class='ocrx_word' id='word_1_379' title='bbox 419 4877 444 4927; x_wconf 69' lang='grc' dir='ltr'><strong>ἰν</strong></span> <span class='ocrx_word' id='word_1_380' title='bbox 469 4875 607 4931; x_wconf 81' lang='lat' dir='ltr'><strong>Jube</strong></span> <span class='ocrx_word' id='word_1_381' title='bbox 646 4896 727 4936; x_wconf 87' lang='lat' dir='ltr'><strong>me</strong></span> <span class='ocrx_word' id='word_1_382' title='bbox 757 4887 927 4941; x_wconf 81' lang='lat' dir='ltr'><strong>venire</strong></span> <span class='ocrx_word' id='word_1_383' title='bbox 949 4891 1020 4944; x_wconf 86' lang='lat' dir='ltr'><strong>ad</strong></span> <span class='ocrx_word' id='word_1_384' title='bbox 1056 4901 1122 4947; x_wconf 86' lang='lat' dir='ltr'><strong>te.</strong></span> <span class='ocrx_word' id='word_1_385' title='bbox 1155 4895 1328 4956; x_wconf 88' lang='lat' dir='ltr'><strong>Nemo</strong></span> <span class='ocrx_word' id='word_1_386' title='bbox 1357 4867 1778 4978; x_wconf 75' lang='lat' dir='ltr'><strong>quippe</strong></span> 
     </span>
    </p>
   </div>
   <div class='ocr_carea' id='block_1_50' title="bbox 150 4965 1766 5065">
    <p class='ocr_par' dir='ltr' id='par_1_50' title="bbox 150 4965 1766 5065">
     <span class='ocr_line' id='line_1_50' title="bbox 150 4965 1766 5065; baseline 0.033 -53"><span class='ocrx_word' id='word_1_387' title='bbox 150 4973 263 5017; x_wconf 74' lang='lat' dir='ltr'><strong>sum</strong></span> <span class='ocrx_word' id='word_1_388' title='bbox 295 4965 540 5022; x_wconf 85' lang='lat' dir='ltr'><strong>amabat.</strong></span> <span class='ocrx_word' id='word_1_389' title='bbox 579 4969 710 5028; x_wconf 89' lang='lat' dir='ltr'><strong>Illud</strong></span> <span class='ocrx_word' id='word_1_390' title='bbox 740 4978 902 5034; x_wconf 89' lang='lat' dir='ltr'><strong>etiam</strong></span> <span class='ocrx_word' id='word_1_391' title='bbox 956 4995 1078 5054; x_wconf 88' lang='lat' dir='ltr'><strong>post</strong></span> <span class='ocrx_word' id='word_1_392' title='bbox 1125 4998 1578 5058; x_wconf 88' lang='lat' dir='ltr'><strong>resurrectionem</strong></span> <span class='ocrx_word' id='word_1_393' title='bbox 1619 5005 1766 5065; x_wconf 89' lang='lat' dir='ltr'><strong>fecit.</strong></span> 
     </span>
    </p>
   </div>
   <div class='ocr_carea' id='block_1_51' title="bbox 147 5052 1773 5171">
    <p class='ocr_par' dir='ltr' id='par_1_51' title="bbox 147 5052 1773 5171">
     <span class='ocr_line' id='line_1_51' title="bbox 147 5052 1773 5171; baseline 0.035 -65"><span class='ocrx_word' id='word_1_394' title='bbox 147 5052 332 5128; x_wconf 72' lang='lat' dir='ltr'><strong>Neque</strong></span> <span class='ocrx_word' id='word_1_395' title='bbox 377 5063 526 5116; x_wconf 90' lang='lat' dir='ltr'><strong>enim</strong></span> <span class='ocrx_word' id='word_1_396' title='bbox 559 5069 816 5127; x_wconf 88' lang='lat' dir='ltr'><strong>sustinuit</strong></span> <span class='ocrx_word' id='word_1_397' title='bbox 855 5091 980 5134; x_wconf 90' lang='lat' dir='ltr'><strong>cum</strong></span> <span class='ocrx_word' id='word_1_398' title='bbox 1024 5083 1147 5140; x_wconf 89' lang='lat' dir='ltr'><strong>aliis</strong></span> <span class='ocrx_word' id='word_1_399' title='bbox 1177 5092 1384 5160; x_wconf 88' lang='lat' dir='ltr'><strong>venire,</strong></span> <span class='ocrx_word' id='word_1_400' title='bbox 1429 5098 1524 5153; x_wconf 85' lang='lat' dir='ltr'><strong>sed</strong></span> <span class='ocrx_word' id='word_1_401' title='bbox 1567 5118 1773 5171; x_wconf 70' lang='lat' dir='ltr'><strong>praicu-</strong></span> 
     </span>
    </p>
   </div>
   <div class='ocr_carea' id='block_1_52' title="bbox 147 5150 1768 5271">
    <p class='ocr_par' dir='ltr' id='par_1_52' title="bbox 147 5150 1768 5271">
     <span class='ocr_line' id='line_1_52' title="bbox 1369 5150 1744 5171; baseline 0.035 -22"><span class='ocrx_word' id='word_1_402' title='bbox 1369 5150 1382 5160; x_wconf 81' lang='grc'>,</span> <span class='ocrx_word' id='word_1_403' title='bbox 1442 5150 1524 5153; x_wconf 43' lang='grc' dir='ltr'><strong><em>η-</em></strong></span> <span class='ocrx_word' id='word_1_404' title='bbox 1567 5150 1744 5171; x_wconf 52' lang='lat' dir='ltr'><strong>rm..-</strong></span> 
     </span>
     <span class='ocr_line' id='line_1_53' title="bbox 147 5150 1768 5271; baseline 0.035 -71"><span class='ocrx_word' id='word_1_405' title='bbox 147 5150 336 5205; x_wconf 88' lang='lat' dir='ltr'><strong>currit.</strong></span> <span class='ocrx_word' id='word_1_406' title='bbox 374 5152 486 5210; x_wconf 83' lang='lat' dir='ltr'><strong>Nec</strong></span> <span class='ocrx_word' id='word_1_407' title='bbox 510 5159 674 5216; x_wconf 89' lang='lat' dir='ltr'><strong>modo</strong></span> <span class='ocrx_word' id='word_1_408' title='bbox 711 5170 933 5238; x_wconf 89' lang='lat' dir='ltr'><strong>amoris,</strong></span> <span class='ocrx_word' id='word_1_409' title='bbox 966 5176 1061 5231; x_wconf 87' lang='lat' dir='ltr'><strong>sed</strong></span> <span class='ocrx_word' id='word_1_410' title='bbox 1092 5180 1255 5237; x_wconf 87' lang='lat' dir='ltr'><strong>etiam</strong></span> <span class='ocrx_word' id='word_1_411' title='bbox 1289 5187 1412 5244; x_wconf 83' lang='lat' dir='ltr'><strong>ﬁdei</strong></span> <span class='ocrx_word' id='word_1_412' title='bbox 1456 5208 1570 5250; x_wconf 74' lang='lat' dir='ltr'><strong>sua:</strong></span> <span class='ocrx_word' id='word_1_413' title='bbox 1608 5213 1768 5271; x_wconf 86' lang='lat' dir='ltr'><strong>argu-</strong></span> 
     </span>
     <span class='ocr_line' id='line_1_54' title="bbox 149 5249 954 5271; baseline 0.036 -1"><span class='ocrx_word' id='word_1_414' title='bbox 149 5255 320 5271; x_wconf 60' lang='grc' dir='ltr'><strong>ΜΔΩ-ΙΑ</strong></span> <span class='ocrx_word' id='word_1_415' title='bbox 368 5249 573 5271; x_wconf 61' lang='lat' dir='ltr'><strong>--“L“</strong></span> <span class='ocrx_word' id='word_1_416' title='bbox 644 5253 687 5271; x_wconf 51' lang='grc' dir='ltr'><strong>λ’</strong></span> <span class='ocrx_word' id='word_1_417' title='bbox 942 5265 954 5271; x_wconf 49' lang='grc'><strong><em>⁵</em></strong></span> 
     </span>
    </p>
   </div>
   <div class='ocr_carea' id='block_1_53' title="bbox 1259 5751 1760 5826">
    <p class='ocr_par' dir='ltr' id='par_1_53' title="bbox 1259 5751 1760 5826">
     <span class='ocr_line' id='line_1_55' title="bbox 1259 5751 1760 5826; baseline 0.048 -25"><span class='ocrx_word' id='word_1_418' title='bbox 1259 5751 1506 5826; x_wconf 79' lang='lat' dir='ltr'><strong>validum,</strong></span> <span class='ocrx_word' id='word_1_419' title='bbox 1545 5764 1711 5822; x_wconf 80' lang='lat' dir='ltr'><strong>timuit</strong></span> <span class='ocrx_word' id='word_1_420' title='bbox 1741 5790 1760 5824; x_wconf 88' lang='lat'><strong><em>:</em></strong></span> 
     </span>
    </p>
   </div>
   <div class='ocr_carea' id='block_1_54' title="bbox 141 5811 1756 5925">
    <p class='ocr_par' dir='ltr' id='par_1_54' title="bbox 141 5811 1756 5925">
     <span class='ocr_line' id='line_1_56' title="bbox 141 5811 1756 5925; baseline 0.043 -74"><span class='ocrx_word' id='word_1_421' title='bbox 141 5813 314 5859; x_wconf 76' lang='lat' dir='ltr'><strong>etsunt</strong></span> <span class='ocrx_word' id='word_1_422' title='bbox 344 5811 579 5878; x_wconf 75' lang='lat' dir='ltr'><strong>coepisset</strong></span> <span class='ocrx_word' id='word_1_423' title='bbox 609 5823 791 5890; x_wconf 86' lang='lat' dir='ltr'><strong>mergi,</strong></span> <span class='ocrx_word' id='word_1_424' title='bbox 839 5826 1078 5889; x_wconf 81' lang='lat' dir='ltr'><strong>clamauit</strong></span> <span class='ocrx_word' id='word_1_425' title='bbox 1125 5841 1315 5911; x_wconf 86' lang='lat' dir='ltr'><strong>dicens,</strong></span> <span class='ocrx_word' id='word_1_426' title='bbox 1369 5850 1604 5925; x_wconf 79' lang='lat' dir='ltr'><strong>Domine,</strong></span> <span class='ocrx_word' id='word_1_427' title='bbox 1647 5866 1756 5918; x_wconf 88' lang='lat' dir='ltr'><strong>sal-</strong></span> 
     </span>
    </p>
   </div>
   <div class='ocr_carea' id='block_1_55' title="bbox 140 5906 1752 6015">
    <p class='ocr_par' dir='ltr' id='par_1_55' title="bbox 140 5906 1752 6015">
     <span class='ocr_line' id='line_1_57' title="bbox 140 5906 1752 6015; baseline 0.042 -67"><span class='ocrx_word' id='word_1_428' title='bbox 140 5906 242 5950; x_wconf 77' lang='lat' dir='ltr'><strong>IIm</strong></span> <span class='ocrx_word' id='word_1_429' title='bbox 270 5916 354 5956; x_wconf 74' lang='lat' dir='ltr'><strong>me</strong></span> <span class='ocrx_word' id='word_1_430' title='bbox 377 5906 482 5969; x_wconf 73' lang='lat' dir='ltr'><strong>Iac.</strong></span> <span class='ocrx_word' id='word_1_431' title='bbox 517 5909 604 5966; x_wconf 80' lang='lat' dir='ltr'><strong>3i.</strong></span> <span class='ocrx_word' id='word_1_432' title='bbox 641 5913 834 5973; x_wconf 80' lang='lat' dir='ltr'><strong>Statim</strong></span> <span class='ocrx_word' id='word_1_433' title='bbox 877 5936 993 5980; x_wconf 79' lang='lat' dir='ltr'><strong>vero</strong></span> <span class='ocrx_word' id='word_1_434' title='bbox 1027 5927 1180 5990; x_wconf 70' lang='lat' dir='ltr'><strong>Iesus</strong></span> <span class='ocrx_word' id='word_1_435' title='bbox 1224 5945 1498 6005; x_wconf 75' lang='lat' dir='ltr'><strong>extendens</strong></span> <span class='ocrx_word' id='word_1_436' title='bbox 1545 5971 1752 6015; x_wconf 83' lang='lat' dir='ltr'><strong>manum</strong></span> 
     </span>
    </p>
   </div>
   <div class='ocr_carea' id='block_1_56' title="bbox 1315 379 2479 464">
    <p class='ocr_par' dir='ltr' id='par_1_56' title="bbox 1315 379 2479 464">
     <span class='ocr_line' id='line_1_58' title="bbox 1315 379 2479 464; baseline 0.009 -12"><span class='ocrx_word' id='word_1_437' title='bbox 1315 396 1386 453; x_wconf 69' lang='lat' dir='ltr'><strong>in</strong></span> <span class='ocrx_word' id='word_1_438' title='bbox 1430 379 1847 451; x_wconf 63' lang='lat' dir='ltr'><strong>MATTIIEUM</strong></span> <span class='ocrx_word' id='word_1_439' title='bbox 1889 387 2128 452; x_wconf 73' lang='lat' dir='ltr'><strong>noun.</strong></span> <span class='ocrx_word' id='word_1_440' title='bbox 2173 398 2233 455; x_wconf 57' lang='grc' dir='ltr'><strong>ιι.</strong></span> <span class='ocrx_word' id='word_1_441' title='bbox 2275 405 2348 459; x_wconf 90' lang='lat' dir='ltr'><strong>al.</strong></span> <span class='ocrx_word' id='word_1_442' title='bbox 2394 404 2479 464; x_wconf 80' lang='lat' dir='ltr'><strong>Li.</strong></span> 
     </span>
    </p>
   </div>
   <div class='ocr_carea' id='block_1_57' title="bbox 1947 515 3576 612">
    <p class='ocr_par' dir='ltr' id='par_1_57' title="bbox 1947 515 3576 612">
     <span class='ocr_line' id='line_1_59' title="bbox 1947 515 3576 612; baseline 0.024 -50"><span class='ocrx_word' id='word_1_443' title='bbox 1947 515 2287 582; x_wconf 77' lang='lat' dir='ltr'><strong>apprehendit</strong></span> <span class='ocrx_word' id='word_1_444' title='bbox 2313 537 2451 587; x_wconf 85' lang='lat' dir='ltr'><strong>eum,</strong></span> <span class='ocrx_word' id='word_1_445' title='bbox 2479 534 2532 594; x_wconf 64' lang='lat' dir='ltr'><strong>et</strong></span> <span class='ocrx_word' id='word_1_446' title='bbox 2555 526 2682 582; x_wconf 83' lang='lat' dir='ltr'><strong>dicit</strong></span> <span class='ocrx_word' id='word_1_447' title='bbox 2708 530 2756 583; x_wconf 87' lang='lat' dir='ltr'><strong>ei</strong></span> <span class='ocrx_word' id='word_1_448' title='bbox 2777 548 2798 585; x_wconf 86' lang='grc'><strong>.·</strong></span> <span class='ocrx_word' id='word_1_449' title='bbox 2827 532 3052 590; x_wconf 77' lang='lat' dir='ltr'><strong>Modica:</strong></span> <span class='ocrx_word' id='word_1_450' title='bbox 3089 540 3232 607; x_wconf 71' lang='lat' dir='ltr'><strong>ﬁdei,</strong></span> <span class='ocrx_word' id='word_1_451' title='bbox 3275 561 3434 612; x_wconf 79' lang='lat' dir='ltr'><strong>quare</strong></span> <span class='ocrx_word' id='word_1_452' title='bbox 3461 547 3576 601; x_wconf 72' lang='lat' dir='ltr'><strong>du—</strong></span> 
     </span>
    </p>
   </div>
   <div class='ocr_carea' id='block_1_58' title="bbox 1945 607 3574 705">
    <p class='ocr_par' dir='ltr' id='par_1_58' title="bbox 1945 607 3574 705">
     <span class='ocr_line' id='line_1_60' title="bbox 1945 607 3574 705; baseline 0.023 -45"><span class='ocrx_word' id='word_1_453' title='bbox 1945 607 2116 664; x_wconf 82' lang='lat' dir='ltr'><strong>bitusti</strong></span> <span class='ocrx_word' id='word_1_454' title='bbox 2139 612 2167 664; x_wconf 76' lang='lat'><strong>.’</strong></span> <span class='ocrx_word' id='word_1_455' title='bbox 2191 612 2305 670; x_wconf 84' lang='lat' dir='ltr'><strong>Hoc</strong></span> <span class='ocrx_word' id='word_1_456' title='bbox 2332 617 2516 686; x_wconf 89' lang='lat' dir='ltr'><strong>priore</strong></span> <span class='ocrx_word' id='word_1_457' title='bbox 2539 621 2845 682; x_wconf 80' lang='lat' dir='ltr'><strong>mirabilius</strong></span> <span class='ocrx_word' id='word_1_458' title='bbox 2862 637 2964 683; x_wconf 89' lang='lat' dir='ltr'><strong>est.</strong></span> <span class='ocrx_word' id='word_1_459' title='bbox 2996 629 3122 687; x_wconf 87' lang='lat' dir='ltr'><strong>Ideo</strong></span> <span class='ocrx_word' id='word_1_460' title='bbox 3161 607 3296 705; x_wconf 28' lang='lat' dir='ltr'><strong>post.</strong></span> <span class='ocrx_word' id='word_1_461' title='bbox 3320 639 3452 696; x_wconf 86' lang='lat' dir='ltr'><strong>illud</strong></span> <span class='ocrx_word' id='word_1_462' title='bbox 3479 658 3574 697; x_wconf 81' lang='lat' dir='ltr'><strong>ac-</strong></span> 
     </span>
    </p>
   </div>
   <div class='ocr_carea' id='block_1_59' title="bbox 1943 703 3572 802">
    <p class='ocr_par' dir='ltr' id='par_1_59' title="bbox 1943 703 3572 802">
     <span class='ocr_line' id='line_1_61' title="bbox 1943 703 3572 802; baseline 0.025 -47"><span class='ocrx_word' id='word_1_463' title='bbox 1943 703 2092 758; x_wconf 89' lang='lat' dir='ltr'><strong>cidit.</strong></span> <span class='ocrx_word' id='word_1_464' title='bbox 2123 706 2256 762; x_wconf 91' lang='lat' dir='ltr'><strong>Cum</strong></span> <span class='ocrx_word' id='word_1_465' title='bbox 2297 713 2442 767; x_wconf 89' lang='lat' dir='ltr'><strong>enim</strong></span> <span class='ocrx_word' id='word_1_466' title='bbox 2474 717 2804 776; x_wconf 88' lang='lat' dir='ltr'><strong>ostendisset</strong></span> <span class='ocrx_word' id='word_1_467' title='bbox 2845 739 2907 780; x_wconf 87' lang='lat' dir='ltr'><strong>se</strong></span> <span class='ocrx_word' id='word_1_468' title='bbox 2949 727 3086 783; x_wconf 84' lang='lat' dir='ltr'><strong>mari</strong></span> <span class='ocrx_word' id='word_1_469' title='bbox 3119 703 3409 802; x_wconf 88' lang='lat' dir='ltr'><strong>imperare,</strong></span> <span class='ocrx_word' id='word_1_470' title='bbox 3444 748 3572 795; x_wconf 89' lang='lat' dir='ltr'><strong>tunc</strong></span> 
     </span>
    </p>
   </div>
   <div class='ocr_carea' id='block_1_60' title="bbox 1941 799 3574 900">
    <p class='ocr_par' dir='ltr' id='par_1_60' title="bbox 1941 799 3574 900">
     <span class='ocr_line' id='line_1_62' title="bbox 1941 799 3574 900; baseline 0.022 -48"><span class='ocrx_word' id='word_1_471' title='bbox 1941 799 2152 871; x_wconf 85' lang='lat' dir='ltr'><strong>signum</strong></span> <span class='ocrx_word' id='word_1_472' title='bbox 2179 804 2479 864; x_wconf 87' lang='lat' dir='ltr'><strong>mirabilius</strong></span> <span class='ocrx_word' id='word_1_473' title='bbox 2508 812 2708 870; x_wconf 80' lang='lat' dir='ltr'><strong>effecit.</strong></span> <span class='ocrx_word' id='word_1_474' title='bbox 2733 815 2888 874; x_wconf 83' lang='lat' dir='ltr'><strong>Tunc</strong></span> <span class='ocrx_word' id='word_1_475' title='bbox 2910 824 3055 877; x_wconf 91' lang='lat' dir='ltr'><strong>enim</strong></span> <span class='ocrx_word' id='word_1_476' title='bbox 3087 828 3262 882; x_wconf 86' lang='lat' dir='ltr'><strong>ventis</strong></span> <span class='ocrx_word' id='word_1_477' title='bbox 3287 829 3574 900; x_wconf 86' lang='lat' dir='ltr'><strong>imperavit</strong></span> 
     </span>
    </p>
   </div>
   <div class='ocr_carea' id='block_1_61' title="bbox 1943 902 3570 998">
    <p class='ocr_par' dir='ltr' id='par_1_61' title="bbox 1943 902 3570 998">
     <span class='ocr_line' id='line_1_63' title="bbox 1943 902 3570 998; baseline 0.022 -51"><span class='ocrx_word' id='word_1_478' title='bbox 1943 902 2187 964; x_wconf 85' lang='lat' dir='ltr'><strong>tantum;</strong></span> <span class='ocrx_word' id='word_1_479' title='bbox 2220 915 2363 957; x_wconf 87' lang='lat' dir='ltr'><strong>nunc</strong></span> <span class='ocrx_word' id='word_1_480' title='bbox 2407 915 2589 962; x_wconf 88' lang='lat' dir='ltr'><strong>autem</strong></span> <span class='ocrx_word' id='word_1_481' title='bbox 2619 917 2675 964; x_wconf 90' lang='lat' dir='ltr'><strong>et</strong></span> <span class='ocrx_word' id='word_1_482' title='bbox 2704 911 2818 981; x_wconf 83' lang='lat' dir='ltr'><strong>ipse.</strong></span> <span class='ocrx_word' id='word_1_483' title='bbox 2853 916 3114 983; x_wconf 88' lang='lat' dir='ltr'><strong>ambulat.</strong></span> <span class='ocrx_word' id='word_1_484' title='bbox 3148 930 3202 976; x_wconf 91' lang='lat' dir='ltr'><strong>et</strong></span> <span class='ocrx_word' id='word_1_485' title='bbox 3247 923 3410 979; x_wconf 92' lang='lat' dir='ltr'><strong>alium</strong></span> <span class='ocrx_word' id='word_1_486' title='bbox 3445 944 3570 998; x_wconf 86' lang='lat' dir='ltr'><strong>pcr-</strong></span> 
     </span>
    </p>
   </div>
   <div class='ocr_carea' id='block_1_62' title="bbox 1940 989 3566 1081">
    <p class='ocr_par' dir='ltr' id='par_1_62' title="bbox 1940 989 3566 1081">
     <span class='ocr_line' id='line_1_64' title="bbox 1940 989 3566 1081; baseline 0.022 -39"><span class='ocrx_word' id='word_1_487' title='bbox 1940 989 2102 1045; x_wconf 88' lang='lat' dir='ltr'><strong>mittit</strong></span> <span class='ocrx_word' id='word_1_488' title='bbox 2127 994 2408 1053; x_wconf 86' lang='lat' dir='ltr'><strong>ambulare</strong></span> <span class='ocrx_word' id='word_1_489' title='bbox 2442 1018 2455 1052; x_wconf 92' lang='lat'><strong>:</strong></span> <span class='ocrx_word' id='word_1_490' title='bbox 2487 1002 2632 1070; x_wconf 89' lang='lat' dir='ltr'><strong>quod</strong></span> <span class='ocrx_word' id='word_1_491' title='bbox 2661 1005 2704 1059; x_wconf 92' lang='lat' dir='ltr'><strong>si</strong></span> <span class='ocrx_word' id='word_1_492' title='bbox 2731 1006 2880 1063; x_wconf 89' lang='lat' dir='ltr'><strong>initio</strong></span> <span class='ocrx_word' id='word_1_493' title='bbox 2900 1009 3176 1081; x_wconf 79' lang='lat' dir='ltr'><strong>jussisset,</strong></span> <span class='ocrx_word' id='word_1_494' title='bbox 3209 1033 3317 1072; x_wconf 92' lang='lat' dir='ltr'><strong>non</strong></span> <span class='ocrx_word' id='word_1_495' title='bbox 3343 1020 3424 1076; x_wconf 87' lang='lat' dir='ltr'><strong>sic</strong></span> <span class='ocrx_word' id='word_1_496' title='bbox 3447 1039 3566 1077; x_wconf 74' lang='lat' dir='ltr'><strong>eam</strong></span> 
     </span>
    </p>
   </div>
   <div class='ocr_carea' id='block_1_63' title="bbox 1937 1088 3565 1182">
    <p class='ocr_par' dir='ltr' id='par_1_63' title="bbox 1937 1088 3565 1182">
     <span class='ocr_line' id='line_1_65' title="bbox 1937 1088 3565 1182; baseline 0.021 -46"><span class='ocrx_word' id='word_1_497' title='bbox 1937 1097 2052 1137; x_wconf 85' lang='lat' dir='ltr'><strong>rem</strong></span> <span class='ocrx_word' id='word_1_498' title='bbox 2082 1088 2411 1158; x_wconf 88' lang='lat' dir='ltr'><strong>suscepisset</strong></span> <span class='ocrx_word' id='word_1_499' title='bbox 2438 1092 2653 1163; x_wconf 77' lang='lat' dir='ltr'><strong>Petrus,</strong></span> <span class='ocrx_word' id='word_1_500' title='bbox 2687 1099 2811 1167; x_wconf 90' lang='lat' dir='ltr'><strong>quia</strong></span> <span class='ocrx_word' id='word_1_501' title='bbox 2839 1102 3080 1160; x_wconf 84' lang='lat' dir='ltr'><strong>nondum</strong></span> <span class='ocrx_word' id='word_1_502' title='bbox 3129 1117 3277 1165; x_wconf 87' lang='lat' dir='ltr'><strong>tanta</strong></span> <span class='ocrx_word' id='word_1_503' title='bbox 3307 1113 3565 1182; x_wconf 67' lang='lat' dir='ltr'><strong>praeditus</strong></span> 
     </span>
    </p>
   </div>
   <div class='ocr_carea' id='block_1_64' title="bbox 1935 1177 3344 1258">
    <p class='ocr_par' dir='ltr' id='par_1_64' title="bbox 1935 1177 3344 1258">
     <span class='ocr_line' id='line_1_66' title="bbox 1935 1177 3344 1258; baseline 0.021 -29"><span class='ocrx_word' id='word_1_504' title='bbox 1935 1185 2051 1229; x_wconf 80' lang='lat' dir='ltr'><strong>erat</strong></span> <span class='ocrx_word' id='word_1_505' title='bbox 2081 1177 2204 1234; x_wconf 79' lang='lat' dir='ltr'><strong>ﬁde.</strong></span> <span class='ocrx_word' id='word_1_506' title='bbox 3307 1177 3320 1182; x_wconf 24' lang='grc' dir='ltr'><strong>τ</strong></span> <span class='ocrx_word' id='word_1_507' title='bbox 3341 1255 3344 1258; x_wconf 85' lang='lat'><strong>.</strong></span> 
     </span>
    </p>
   </div>
   <div class='ocr_carea' id='block_1_65' title="bbox 2006 1273 3560 1365">
    <p class='ocr_par' dir='ltr' id='par_1_65' title="bbox 2006 1273 3560 1365">
     <span class='ocr_line' id='line_1_67' title="bbox 2006 1273 3560 1365; baseline 0.021 -38"><span class='ocrx_word' id='word_1_508' title='bbox 2006 1273 2061 1328; x_wconf 77' lang='grc'><strong>2.</strong></span> <span class='ocrx_word' id='word_1_509' title='bbox 2091 1276 2202 1330; x_wconf 87' lang='lat' dir='ltr'><strong>Cur</strong></span> <span class='ocrx_word' id='word_1_510' title='bbox 2227 1293 2360 1350; x_wconf 78' lang='lat' dir='ltr'><strong>ergo</strong></span> <span class='ocrx_word' id='word_1_511' title='bbox 2389 1281 2638 1340; x_wconf 85' lang='lat' dir='ltr'><strong>Christus</strong></span> <span class='ocrx_word' id='word_1_512' title='bbox 2667 1287 2718 1342; x_wconf 90' lang='lat' dir='ltr'><strong>id</strong></span> <span class='ocrx_word' id='word_1_513' title='bbox 2751 1293 3037 1357; x_wconf 79' lang='lat' dir='ltr'><strong>permisit?</strong></span> <span class='ocrx_word' id='word_1_514' title='bbox 3077 1296 3210 1365; x_wconf 88' lang='lat' dir='ltr'><strong>Quia</strong></span> <span class='ocrx_word' id='word_1_515' title='bbox 3239 1300 3284 1355; x_wconf 93' lang='lat' dir='ltr'><strong>si</strong></span> <span class='ocrx_word' id='word_1_516' title='bbox 3313 1300 3560 1365; x_wconf 82' lang='lat' dir='ltr'><strong>dixisset.</strong></span> 
     </span>
    </p>
   </div>
   <div class='ocr_carea' id='block_1_66' title="bbox 1932 1364 3563 1452">
    <p class='ocr_par' dir='ltr' id='par_1_66' title="bbox 1932 1364 3563 1452">
     <span class='ocr_line' id='line_1_68' title="bbox 1932 1364 3563 1452; baseline 0.018 -32"><span class='ocrx_word' id='word_1_517' title='bbox 1932 1364 2049 1422; x_wconf 85' lang='lat' dir='ltr'><strong>Non</strong></span> <span class='ocrx_word' id='word_1_518' title='bbox 2079 1379 2256 1439; x_wconf 85' lang='lat' dir='ltr'><strong>potes,</strong></span> <span class='ocrx_word' id='word_1_519' title='bbox 2292 1372 2402 1441; x_wconf 90' lang='lat' dir='ltr'><strong>ille,</strong></span> <span class='ocrx_word' id='word_1_520' title='bbox 2430 1377 2521 1445; x_wconf 92' lang='lat' dir='ltr'><strong>qui</strong></span> <span class='ocrx_word' id='word_1_521' title='bbox 2552 1377 2766 1436; x_wconf 84' lang='lat' dir='ltr'><strong>fervens</strong></span> <span class='ocrx_word' id='word_1_522' title='bbox 2784 1393 2921 1451; x_wconf 86' lang='lat' dir='ltr'><strong>erat,</strong></span> <span class='ocrx_word' id='word_1_523' title='bbox 2945 1364 3383 1450; x_wconf 80' lang='lat' dir='ltr'><strong>contradixisset.</strong></span> <span class='ocrx_word' id='word_1_524' title='bbox 3412 1397 3563 1452; x_wconf 79' lang='lat' dir='ltr'><strong>lden—</strong></span> 
     </span>
    </p>
   </div>
   <div class='ocr_carea' id='block_1_67' title="bbox 1931 1464 3563 1557">
    <p class='ocr_par' dir='ltr' id='par_1_67' title="bbox 1931 1464 3563 1557">
     <span class='ocr_line' id='line_1_69' title="bbox 1931 1464 3563 1557; baseline 0.021 -43"><span class='ocrx_word' id='word_1_525' title='bbox 1931 1476 2038 1530; x_wconf 87' lang='lat' dir='ltr'><strong>que</strong></span> <span class='ocrx_word' id='word_1_526' title='bbox 2063 1477 2130 1517; x_wconf 83' lang='lat' dir='ltr'><strong>ex</strong></span> <span class='ocrx_word' id='word_1_527' title='bbox 2161 1464 2275 1533; x_wconf 89' lang='lat' dir='ltr'><strong>ipsa</strong></span> <span class='ocrx_word' id='word_1_528' title='bbox 2307 1483 2367 1524; x_wconf 89' lang='lat' dir='ltr'><strong>re</strong></span> <span class='ocrx_word' id='word_1_529' title='bbox 2410 1469 2562 1526; x_wconf 90' lang='lat' dir='ltr'><strong>illum</strong></span> <span class='ocrx_word' id='word_1_530' title='bbox 2595 1473 2646 1528; x_wconf 92' lang='lat' dir='ltr'><strong>id</strong></span> <span class='ocrx_word' id='word_1_531' title='bbox 2690 1489 3007 1545; x_wconf 87' lang='lat' dir='ltr'><strong>persuasum</strong></span> <span class='ocrx_word' id='word_1_532' title='bbox 3049 1483 3254 1543; x_wconf 78' lang='lat' dir='ltr'><strong>habere</strong></span> <span class='ocrx_word' id='word_1_533' title='bbox 3283 1490 3474 1557; x_wconf 85' lang='lat' dir='ltr'><strong>voluit,</strong></span> <span class='ocrx_word' id='word_1_534' title='bbox 3503 1503 3563 1549; x_wconf 84' lang='lat' dir='ltr'><strong>ut</strong></span> 
     </span>
    </p>
   </div>
   <div class='ocr_carea' id='block_1_68' title="bbox 1932 1552 3562 1654">
    <p class='ocr_par' dir='ltr' id='par_1_68' title="bbox 1932 1552 3562 1654">
     <span class='ocr_line' id='line_1_70' title="bbox 1932 1552 3562 1654; baseline 0.02 -46"><span class='ocrx_word' id='word_1_535' title='bbox 1932 1553 1984 1608; x_wconf 89' lang='lat' dir='ltr'><strong>in</strong></span> <span class='ocrx_word' id='word_1_536' title='bbox 2027 1552 2212 1611; x_wconf 89' lang='lat' dir='ltr'><strong>futuro</strong></span> <span class='ocrx_word' id='word_1_537' title='bbox 2252 1559 2553 1617; x_wconf 89' lang='lat' dir='ltr'><strong>modestior</strong></span> <span class='ocrx_word' id='word_1_538' title='bbox 2576 1576 2739 1622; x_wconf 89' lang='lat' dir='ltr'><strong>esset.</strong></span> <span class='ocrx_word' id='word_1_539' title='bbox 2785 1568 2892 1626; x_wconf 88' lang='lat' dir='ltr'><strong>Sed</strong></span> <span class='ocrx_word' id='word_1_540' title='bbox 2936 1589 3113 1646; x_wconf 91' lang='lat' dir='ltr'><strong>neque</strong></span> <span class='ocrx_word' id='word_1_541' title='bbox 3160 1579 3241 1634; x_wconf 91' lang='lat' dir='ltr'><strong>sic</strong></span> <span class='ocrx_word' id='word_1_542' title='bbox 3287 1596 3348 1637; x_wconf 89' lang='lat' dir='ltr'><strong>se</strong></span> <span class='ocrx_word' id='word_1_543' title='bbox 3379 1594 3562 1654; x_wconf 77' lang='lat' dir='ltr'><strong>potest</strong></span> 
     </span>
    </p>
   </div>
   <div class='ocr_carea' id='block_1_69' title="bbox 1928 1651 3556 1750">
    <p class='ocr_par' dir='ltr' id='par_1_69' title="bbox 1928 1651 3556 1750">
     <span class='ocr_line' id='line_1_71' title="bbox 1928 1651 3556 1750; baseline 0.02 -49"><span class='ocrx_word' id='word_1_544' title='bbox 1928 1651 2230 1709; x_wconf 86' lang='lat' dir='ltr'><strong>continere.</strong></span> <span class='ocrx_word' id='word_1_545' title='bbox 2262 1652 2397 1711; x_wconf 91' lang='lat' dir='ltr'><strong>Cum</strong></span> <span class='ocrx_word' id='word_1_546' title='bbox 2444 1659 2814 1720; x_wconf 84' lang='lat' dir='ltr'><strong>descendisset</strong></span> <span class='ocrx_word' id='word_1_547' title='bbox 2857 1666 3038 1738; x_wconf 86' lang='lat' dir='ltr'><strong>igitur,</strong></span> <span class='ocrx_word' id='word_1_548' title='bbox 3083 1674 3332 1732; x_wconf 87' lang='lat' dir='ltr'><strong>lluctibus</strong></span> <span class='ocrx_word' id='word_1_549' title='bbox 3373 1681 3556 1750; x_wconf 81' lang='lat' dir='ltr'><strong>exagi-</strong></span> 
     </span>
    </p>
   </div>
   <div class='ocr_carea' id='block_1_70' title="bbox 1929 1742 3558 1831">
    <p class='ocr_par' dir='ltr' id='par_1_70' title="bbox 1929 1742 3558 1831">
     <span class='ocr_line' id='line_1_72' title="bbox 1929 1742 3558 1831; baseline 0.021 -36"><span class='ocrx_word' id='word_1_550' title='bbox 1929 1742 2142 1800; x_wconf 87' lang='lat' dir='ltr'><strong>tabatur</strong></span> <span class='ocrx_word' id='word_1_551' title='bbox 2170 1765 2184 1800; x_wconf 89' lang='lat'><strong>:</strong></span> <span class='ocrx_word' id='word_1_552' title='bbox 2217 1748 2442 1806; x_wconf 87' lang='lat' dir='ltr'><strong>timebat</strong></span> <span class='ocrx_word' id='word_1_553' title='bbox 2466 1754 2632 1810; x_wconf 90' lang='lat' dir='ltr'><strong>enim.</strong></span> <span class='ocrx_word' id='word_1_554' title='bbox 2677 1756 2747 1813; x_wconf 86' lang='lat' dir='ltr'><strong>Ut</strong></span> <span class='ocrx_word' id='word_1_555' title='bbox 2785 1763 3170 1831; x_wconf 75' lang='lat' dir='ltr'><strong>esagitaretur,</strong></span> <span class='ocrx_word' id='word_1_556' title='bbox 3206 1768 3401 1826; x_wconf 88' lang='lat' dir='ltr'><strong>ﬁuctus</strong></span> <span class='ocrx_word' id='word_1_557' title='bbox 3427 1773 3558 1830; x_wconf 76' lang='lat' dir='ltr'><strong>effe—</strong></span> 
     </span>
    </p>
   </div>
   <div class='ocr_carea' id='block_1_71' title="bbox 1925 1835 3554 1935">
    <p class='ocr_par' dir='ltr' id='par_1_71' title="bbox 1925 1835 3554 1935">
     <span class='ocr_line' id='line_1_73' title="bbox 1925 1835 3554 1935; baseline 0.021 -47"><span class='ocrx_word' id='word_1_558' title='bbox 1925 1835 2026 1899; x_wconf 84' lang='lat' dir='ltr'><strong>cit;</strong></span> <span class='ocrx_word' id='word_1_559' title='bbox 2060 1848 2119 1892; x_wconf 88' lang='lat' dir='ltr'><strong>ut</strong></span> <span class='ocrx_word' id='word_1_560' title='bbox 2146 1839 2380 1910; x_wconf 87' lang='lat' dir='ltr'><strong>timeret,</strong></span> <span class='ocrx_word' id='word_1_561' title='bbox 2427 1856 2642 1904; x_wconf 76' lang='lat' dir='ltr'><strong>ventus.</strong></span> <span class='ocrx_word' id='word_1_562' title='bbox 2680 1850 2941 1908; x_wconf 81' lang='lat' dir='ltr'><strong>Joannes</strong></span> <span class='ocrx_word' id='word_1_563' title='bbox 2966 1855 3118 1929; x_wconf 78' lang='lat' dir='ltr'><strong>(Cap.</strong></span> <span class='ocrx_word' id='word_1_564' title='bbox 3149 1859 3203 1916; x_wconf 82' lang='grc'><strong>6.</strong></span> <span class='ocrx_word' id='word_1_565' title='bbox 3228 1861 3323 1935; x_wconf 71' lang='grc'><strong>21)</strong></span> <span class='ocrx_word' id='word_1_566' title='bbox 3373 1875 3554 1922; x_wconf 84' lang='lat' dir='ltr'><strong>autem</strong></span> 
     </span>
    </p>
   </div>
   <div class='ocr_carea' id='block_1_72' title="bbox 1925 1931 3556 2025">
    <p class='ocr_par' dir='ltr' id='par_1_72' title="bbox 1925 1931 3556 2025">
     <span class='ocr_line' id='line_1_74' title="bbox 1925 1931 3556 2025; baseline 0.022 -43"><span class='ocrx_word' id='word_1_567' title='bbox 1925 1931 2018 1994; x_wconf 86' lang='lat' dir='ltr'><strong>ait,</strong></span> <span class='ocrx_word' id='word_1_568' title='bbox 2045 1932 2278 1990; x_wconf 89' lang='lat' dir='ltr'><strong>voluisse</strong></span> <span class='ocrx_word' id='word_1_569' title='bbox 2300 1953 2393 1992; x_wconf 87' lang='lat' dir='ltr'><strong>eos</strong></span> <span class='ocrx_word' id='word_1_570' title='bbox 2417 1940 2588 2010; x_wconf 87' lang='lat' dir='ltr'><strong>ipsum</strong></span> <span class='ocrx_word' id='word_1_571' title='bbox 2620 1944 2673 1998; x_wconf 92' lang='lat' dir='ltr'><strong>in</strong></span> <span class='ocrx_word' id='word_1_572' title='bbox 2709 1947 3011 2005; x_wconf 83' lang='lat' dir='ltr'><strong>naviculam</strong></span> <span class='ocrx_word' id='word_1_573' title='bbox 3039 1955 3305 2025; x_wconf 75' lang='lat' dir='ltr'><strong>aet-ipere,</strong></span> <span class='ocrx_word' id='word_1_574' title='bbox 3338 1968 3392 2015; x_wconf 88' lang='lat' dir='ltr'><strong>et</strong></span> <span class='ocrx_word' id='word_1_575' title='bbox 3421 1967 3556 2016; x_wconf 87' lang='lat' dir='ltr'><strong>con-</strong></span> 
     </span>
    </p>
   </div>
   <div class='ocr_carea' id='block_1_73' title="bbox 1923 2020 3553 2121">
    <p class='ocr_par' dir='ltr' id='par_1_73' title="bbox 1923 2020 3553 2121">
     <span class='ocr_line' id='line_1_75' title="bbox 1923 2020 3553 2121; baseline 0.025 -48"><span class='ocrx_word' id='word_1_576' title='bbox 1923 2020 2102 2078; x_wconf 83' lang='lat' dir='ltr'><strong>fcstim</strong></span> <span class='ocrx_word' id='word_1_577' title='bbox 2142 2028 2444 2086; x_wconf 84' lang='lat' dir='ltr'><strong>naviculam</strong></span> <span class='ocrx_word' id='word_1_578' title='bbox 2477 2036 2691 2093; x_wconf 88' lang='lat' dir='ltr'><strong>venisse</strong></span> <span class='ocrx_word' id='word_1_579' title='bbox 2717 2041 2783 2095; x_wconf 83' lang='lat' dir='ltr'><strong>ad</strong></span> <span class='ocrx_word' id='word_1_580' title='bbox 2817 2052 3039 2112; x_wconf 89' lang='lat' dir='ltr'><strong>terram,</strong></span> <span class='ocrx_word' id='word_1_581' title='bbox 3068 2048 3134 2103; x_wconf 88' lang='lat' dir='ltr'><strong>ad</strong></span> <span class='ocrx_word' id='word_1_582' title='bbox 3166 2066 3327 2121; x_wconf 87' lang='lat' dir='ltr'><strong>quam</strong></span> <span class='ocrx_word' id='word_1_583' title='bbox 3365 2055 3553 2112; x_wconf 86' lang='lat' dir='ltr'><strong>lcnde—</strong></span> 
     </span>
    </p>
   </div>
   <div class='ocr_carea' id='block_1_74' title="bbox 1925 2114 3553 2221">
    <p class='ocr_par' dir='ltr' id='par_1_74' title="bbox 1925 2114 3553 2221">
     <span class='ocr_line' id='line_1_76' title="bbox 1925 2114 3553 2221; baseline 0.023 -52"><span class='ocrx_word' id='word_1_584' title='bbox 1925 2114 2088 2183; x_wconf 68' lang='lat' dir='ltr'><strong>bant;</strong></span> <span class='ocrx_word' id='word_1_585' title='bbox 2143 2121 2372 2191; x_wconf 86' lang='lat' dir='ltr'><strong>idipsnm</strong></span> <span class='ocrx_word' id='word_1_586' title='bbox 2422 2127 2758 2199; x_wconf 88' lang='lat' dir='ltr'><strong>signiﬁcans,</strong></span> <span class='ocrx_word' id='word_1_587' title='bbox 2793 2136 2864 2190; x_wconf 84' lang='lat' dir='ltr'><strong>ita</strong></span> <span class='ocrx_word' id='word_1_588' title='bbox 2902 2149 2957 2193; x_wconf 88' lang='lat' dir='ltr'><strong>ut</strong></span> <span class='ocrx_word' id='word_1_589' title='bbox 2985 2156 3108 2197; x_wconf 90' lang='lat' dir='ltr'><strong>cum</strong></span> <span class='ocrx_word' id='word_1_590' title='bbox 3137 2146 3202 2198; x_wconf 89' lang='lat' dir='ltr'><strong>ad</strong></span> <span class='ocrx_word' id='word_1_591' title='bbox 3235 2156 3434 2204; x_wconf 85' lang='lat' dir='ltr'><strong>terrain</strong></span> <span class='ocrx_word' id='word_1_592' title='bbox 3458 2167 3553 2221; x_wconf 86' lang='lat' dir='ltr'><strong>ap-</strong></span> 
     </span>
    </p>
   </div>
   <div class='ocr_carea' id='block_1_75' title="bbox 1922 2209 3552 2297">
    <p class='ocr_par' dir='ltr' id='par_1_75' title="bbox 1922 2209 3552 2297">
     <span class='ocr_line' id='line_1_77' title="bbox 1922 2209 3552 2297; baseline 0.025 -38"><span class='ocrx_word' id='word_1_593' title='bbox 1922 2209 2126 2277; x_wconf 87' lang='lat' dir='ltr'><strong>pulsuri</strong></span> <span class='ocrx_word' id='word_1_594' title='bbox 2163 2226 2368 2284; x_wconf 88' lang='lat' dir='ltr'><strong>essent,</strong></span> <span class='ocrx_word' id='word_1_595' title='bbox 2403 2219 2454 2274; x_wconf 92' lang='lat' dir='ltr'><strong>in</strong></span> <span class='ocrx_word' id='word_1_596' title='bbox 2496 2225 2768 2295; x_wconf 88' lang='lat' dir='ltr'><strong>navigium</strong></span> <span class='ocrx_word' id='word_1_597' title='bbox 2792 2233 3132 2290; x_wconf 84' lang='lat' dir='ltr'><strong>ascenderet.</strong></span> <span class='ocrx_word' id='word_1_598' title='bbox 3159 2236 3291 2293; x_wconf 84' lang='lat' dir='ltr'><strong>Gnm</strong></span> <span class='ocrx_word' id='word_1_599' title='bbox 3323 2241 3552 2297; x_wconf 84' lang='lat' dir='ltr'><strong>descen-</strong></span> 
     </span>
    </p>
   </div>
   <div class='ocr_carea' id='block_1_76' title="bbox 1919 2301 3549 2406">
    <p class='ocr_par' dir='ltr' id='par_1_76' title="bbox 1919 2301 3549 2406">
     <span class='ocr_line' id='line_1_78' title="bbox 1919 2301 3549 2406; baseline 0.024 -51"><span class='ocrx_word' id='word_1_600' title='bbox 1919 2301 2128 2360; x_wconf 69' lang='grc' dir='ltr'><strong>άίδδιτηι</strong></span> <span class='ocrx_word' id='word_1_601' title='bbox 2154 2321 2284 2379; x_wconf 87' lang='lat' dir='ltr'><strong>ergo</strong></span> <span class='ocrx_word' id='word_1_602' title='bbox 2310 2311 2378 2366; x_wconf 91' lang='lat' dir='ltr'><strong>de</strong></span> <span class='ocrx_word' id='word_1_603' title='bbox 2407 2317 2551 2384; x_wconf 82' lang='lat' dir='ltr'><strong>navi,</strong></span> <span class='ocrx_word' id='word_1_604' title='bbox 2587 2319 2653 2373; x_wconf 91' lang='lat' dir='ltr'><strong>ad</strong></span> <span class='ocrx_word' id='word_1_605' title='bbox 2683 2321 2858 2390; x_wconf 89' lang='lat' dir='ltr'><strong>ipsum</strong></span> <span class='ocrx_word' id='word_1_606' title='bbox 2889 2325 3018 2392; x_wconf 77' lang='lat' dir='ltr'><strong>ibat,</strong></span> <span class='ocrx_word' id='word_1_607' title='bbox 3051 2345 3161 2384; x_wconf 91' lang='lat' dir='ltr'><strong>non</strong></span> <span class='ocrx_word' id='word_1_608' title='bbox 3193 2331 3261 2386; x_wconf 83' lang='lat' dir='ltr'><strong>ita</strong></span> <span class='ocrx_word' id='word_1_609' title='bbox 3305 2339 3549 2406; x_wconf 82' lang='lat' dir='ltr'><strong>gaudens</strong></span> 
     </span>
    </p>
   </div>
   <div class='ocr_carea' id='block_1_77' title="bbox 1918 2397 3547 2500">
    <p class='ocr_par' dir='ltr' id='par_1_77' title="bbox 1918 2397 3547 2500">
     <span class='ocr_line' id='line_1_79' title="bbox 1918 2397 3547 2500; baseline 0.025 -52"><span class='ocrx_word' id='word_1_610' title='bbox 1918 2397 2062 2465; x_wconf 89' lang='lat' dir='ltr'><strong>quod</strong></span> <span class='ocrx_word' id='word_1_611' title='bbox 2114 2414 2276 2471; x_wconf 89' lang='lat' dir='ltr'><strong>supra</strong></span> <span class='ocrx_word' id='word_1_612' title='bbox 2319 2421 2488 2477; x_wconf 90' lang='lat' dir='ltr'><strong>aquas</strong></span> <span class='ocrx_word' id='word_1_613' title='bbox 2531 2412 2854 2484; x_wconf 82' lang='lat' dir='ltr'><strong>ambularet,</strong></span> <span class='ocrx_word' id='word_1_614' title='bbox 2885 2434 3050 2489; x_wconf 87' lang='lat' dir='ltr'><strong>quam</strong></span> <span class='ocrx_word' id='word_1_615' title='bbox 3079 2427 3222 2493; x_wconf 85' lang='lat' dir='ltr'><strong>quod</strong></span> <span class='ocrx_word' id='word_1_616' title='bbox 3252 2428 3318 2483; x_wconf 89' lang='lat' dir='ltr'><strong>ad</strong></span> <span class='ocrx_word' id='word_1_617' title='bbox 3371 2432 3547 2500; x_wconf 88' lang='lat' dir='ltr'><strong>ipsum</strong></span> 
     </span>
    </p>
   </div>
   <div class='ocr_carea' id='block_1_78' title="bbox 1920 2491 3550 2591">
    <p class='ocr_par' dir='ltr' id='par_1_78' title="bbox 1920 2491 3550 2591">
     <span class='ocr_line' id='line_1_80' title="bbox 1920 2491 3550 2591; baseline 0.025 -49"><span class='ocrx_word' id='word_1_618' title='bbox 1920 2491 2126 2547; x_wconf 86' lang='lat' dir='ltr'><strong>veniret</strong></span> <span class='ocrx_word' id='word_1_619' title='bbox 2163 2512 2177 2549; x_wconf 94' lang='lat'><strong>:</strong></span> <span class='ocrx_word' id='word_1_620' title='bbox 2207 2505 2408 2555; x_wconf 88' lang='lat' dir='ltr'><strong>etcum</strong></span> <span class='ocrx_word' id='word_1_621' title='bbox 2440 2501 2492 2556; x_wconf 91' lang='lat' dir='ltr'><strong>id</strong></span> <span class='ocrx_word' id='word_1_622' title='bbox 2523 2505 2666 2574; x_wconf 91' lang='lat' dir='ltr'><strong>quod</strong></span> <span class='ocrx_word' id='word_1_623' title='bbox 2697 2508 2873 2580; x_wconf 88' lang='lat' dir='ltr'><strong>majus</strong></span> <span class='ocrx_word' id='word_1_624' title='bbox 2895 2523 3013 2569; x_wconf 88' lang='lat' dir='ltr'><strong>erat</strong></span> <span class='ocrx_word' id='word_1_625' title='bbox 3040 2531 3446 2591; x_wconf 87' lang='lat' dir='ltr'><strong>assequeretur.</strong></span> <span class='ocrx_word' id='word_1_626' title='bbox 3479 2544 3550 2584; x_wconf 82' lang='lat' dir='ltr'><strong>cx-</strong></span> 
     </span>
    </p>
   </div>
   <div class='ocr_carea' id='block_1_79' title="bbox 1918 2584 3542 2686">
    <p class='ocr_par' dir='ltr' id='par_1_79' title="bbox 1918 2584 3542 2686">
     <span class='ocr_line' id='line_1_81' title="bbox 1918 2584 3542 2686; baseline 0.025 -50"><span class='ocrx_word' id='word_1_627' title='bbox 1918 2584 2114 2641; x_wconf 89' lang='lat' dir='ltr'><strong>minori</strong></span> <span class='ocrx_word' id='word_1_628' title='bbox 2147 2591 2551 2658; x_wconf 78' lang='lat' dir='ltr'><strong>periclitaturus</strong></span> <span class='ocrx_word' id='word_1_629' title='bbox 2591 2612 2730 2667; x_wconf 91' lang='lat' dir='ltr'><strong>erat,</strong></span> <span class='ocrx_word' id='word_1_630' title='bbox 2771 2618 2801 2658; x_wconf 92' lang='lat' dir='ltr'><strong>a</strong></span> <span class='ocrx_word' id='word_1_631' title='bbox 2836 2608 2979 2662; x_wconf 89' lang='lat' dir='ltr'><strong>venti</strong></span> <span class='ocrx_word' id='word_1_632' title='bbox 3020 2609 3144 2666; x_wconf 89' lang='lat' dir='ltr'><strong>dico</strong></span> <span class='ocrx_word' id='word_1_633' title='bbox 3176 2613 3402 2686; x_wconf 86' lang='lat' dir='ltr'><strong>impetu,</strong></span> <span class='ocrx_word' id='word_1_634' title='bbox 3436 2638 3542 2676; x_wconf 79' lang='lat' dir='ltr'><strong>non</strong></span> 
     </span>
    </p>
   </div>
   <div class='ocr_carea' id='block_1_80' title="bbox 1916 2681 3540 2782">
    <p class='ocr_par' dir='ltr' id='par_1_80' title="bbox 1916 2681 3540 2782">
     <span class='ocr_line' id='line_1_82' title="bbox 1916 2681 3540 2782; baseline 0.023 -51"><span class='ocrx_word' id='word_1_635' title='bbox 1916 2691 1946 2732; x_wconf 86' lang='lat' dir='ltr'><strong>a</strong></span> <span class='ocrx_word' id='word_1_636' title='bbox 1979 2682 2132 2734; x_wconf 90' lang='lat' dir='ltr'><strong>mari.</strong></span> <span class='ocrx_word' id='word_1_637' title='bbox 2167 2681 2310 2739; x_wconf 84' lang='lat' dir='ltr'><strong>Talis</strong></span> <span class='ocrx_word' id='word_1_638' title='bbox 2338 2689 2536 2760; x_wconf 86' lang='lat' dir='ltr'><strong>quippe</strong></span> <span class='ocrx_word' id='word_1_639' title='bbox 2568 2703 2653 2748; x_wconf 91' lang='lat' dir='ltr'><strong>est</strong></span> <span class='ocrx_word' id='word_1_640' title='bbox 2691 2694 2923 2754; x_wconf 88' lang='lat' dir='ltr'><strong>lnnnana</strong></span> <span class='ocrx_word' id='word_1_641' title='bbox 2962 2713 3152 2761; x_wconf 89' lang='lat' dir='ltr'><strong>natura</strong></span> <span class='ocrx_word' id='word_1_642' title='bbox 3185 2726 3198 2760; x_wconf 95' lang='lat'><em>:</em></span> <span class='ocrx_word' id='word_1_643' title='bbox 3233 2725 3379 2782; x_wconf 72' lang='lat' dir='ltr'><strong>Str-pe</strong></span> <span class='ocrx_word' id='word_1_644' title='bbox 3419 2728 3540 2768; x_wconf 85' lang='lat' dir='ltr'><strong>cum</strong></span> 
     </span>
    </p>
   </div>
   <div class='ocr_carea' id='block_1_81' title="bbox 1917 2782 3098 2854">
    <p class='ocr_par' dir='ltr' id='par_1_81' title="bbox 1917 2782 3098 2854">
     <span class='ocr_line' id='line_1_83' title="bbox 1917 2782 3098 2854; baseline 0.025 -29"><span class='ocrx_word' id='word_1_645' title='bbox 1917 2788 2108 2843; x_wconf 89' lang='lat' dir='ltr'><strong>magna</strong></span> <span class='ocrx_word' id='word_1_646' title='bbox 2137 2782 2429 2847; x_wconf 77' lang='lat' dir='ltr'><strong>superavit,</strong></span> <span class='ocrx_word' id='word_1_647' title='bbox 2458 2800 2487 2837; x_wconf 90' lang='lat' dir='ltr'><strong>a</strong></span> <span class='ocrx_word' id='word_1_648' title='bbox 2514 2789 2815 2845; x_wconf 88' lang='lat' dir='ltr'><strong>minorilms</strong></span> <span class='ocrx_word' id='word_1_649' title='bbox 2845 2796 3098 2854; x_wconf 77' lang='lat' dir='ltr'><strong>vincitur.</strong></span> 
     </span>
    </p>
   </div>
   <div class='ocr_carea' id='block_1_82' title="bbox 1995 2865 3530 2964">
    <p class='ocr_par' dir='ltr' id='par_1_82' title="bbox 1995 2865 3530 2964">
     <span class='ocr_line' id='line_1_84' title="bbox 1995 2865 3530 2964; baseline 0.025 -45"><span class='ocrx_word' id='word_1_650' title='bbox 1995 2865 2176 2924; x_wconf 81' lang='lat' dir='ltr'><strong>Petrus</strong></span> <span class='ocrx_word' id='word_1_651' title='bbox 2204 2889 2305 2927; x_wconf 88' lang='lat' dir='ltr'><strong>uou</strong></span> <span class='ocrx_word' id='word_1_652' title='bbox 2338 2877 2435 2929; x_wconf 86' lang='lat' dir='ltr'><strong>nisi</strong></span> <span class='ocrx_word' id='word_1_653' title='bbox 2461 2879 2728 2948; x_wconf 75' lang='lat' dir='ltr'><strong>deﬁciente</strong></span> <span class='ocrx_word' id='word_1_654' title='bbox 2767 2869 2870 2951; x_wconf 76' lang='lat' dir='ltr'><strong>fide</strong></span> <span class='ocrx_word' id='word_1_655' title='bbox 2903 2907 3055 2960; x_wconf 76' lang='lat' dir='ltr'><strong>super</strong></span> <span class='ocrx_word' id='word_1_656' title='bbox 3082 2911 3242 2964; x_wconf 84' lang='lat' dir='ltr'><strong>aquas</strong></span> <span class='ocrx_word' id='word_1_657' title='bbox 3273 2900 3530 2956; x_wconf 78' lang='lat' dir='ltr'><strong>titubavit.</strong></span> 
     </span>
    </p>
   </div>
   <div class='ocr_carea' id='block_1_83' title="bbox 1915 2958 3536 3052">
    <p class='ocr_par' dir='ltr' id='par_1_83' title="bbox 1915 2958 3536 3052">
     <span class='ocr_line' id='line_1_85' title="bbox 1915 2958 3536 3052; baseline 0.023 -38"><span class='ocrx_word' id='word_1_658' title='bbox 1915 2958 2149 3017; x_wconf 76' lang='lat' dir='ltr'><strong>Christus</strong></span> <span class='ocrx_word' id='word_1_659' title='bbox 2196 2966 2487 3024; x_wconf 65' lang='lat' dir='ltr'><strong>divinitatis</strong></span> <span class='ocrx_word' id='word_1_660' title='bbox 2525 2991 2634 3029; x_wconf 66' lang='lat' dir='ltr'><strong>sure</strong></span> <span class='ocrx_word' id='word_1_661' title='bbox 2679 2979 2835 3046; x_wconf 83' lang='lat' dir='ltr'><strong>[idem</strong></span> <span class='ocrx_word' id='word_1_662' title='bbox 2878 2986 3191 3043; x_wconf 82' lang='lat' dir='ltr'><strong>adstruebat</strong></span> <span class='ocrx_word' id='word_1_663' title='bbox 3223 2995 3414 3050; x_wconf 86' lang='lat' dir='ltr'><strong>nedum</strong></span> <span class='ocrx_word' id='word_1_664' title='bbox 3452 3001 3536 3052; x_wconf 78' lang='lat' dir='ltr'><strong>de-</strong></span> 
     </span>
    </p>
   </div>
   <div class='ocr_carea' id='block_1_84' title="bbox 1913 3056 3534 3152">
    <p class='ocr_par' dir='ltr' id='par_1_84' title="bbox 1913 3056 3534 3152">
     <span class='ocr_line' id='line_1_86' title="bbox 1913 3056 3534 3152; baseline 0.024 -47"><span class='ocrx_word' id='word_1_665' title='bbox 1913 3061 2150 3108; x_wconf 84' lang='lat' dir='ltr'><strong>strueret.</strong></span> <span class='ocrx_word' id='word_1_666' title='bbox 2197 3056 2265 3110; x_wconf 84' lang='grc' dir='ltr'><strong>1η</strong></span> <span class='ocrx_word' id='word_1_667' title='bbox 2291 3058 2622 3120; x_wconf 76' lang='lat' dir='ltr'><strong>Eucliaristia</strong></span> <span class='ocrx_word' id='word_1_668' title='bbox 2649 3069 2816 3140; x_wconf 83' lang='lat' dir='ltr'><strong>ipsum</strong></span> <span class='ocrx_word' id='word_1_669' title='bbox 2862 3074 3055 3132; x_wconf 80' lang='lat' dir='ltr'><strong>Christi</strong></span> <span class='ocrx_word' id='word_1_670' title='bbox 3082 3097 3268 3152; x_wconf 86' lang='lat' dir='ltr'><strong>corpus</strong></span> <span class='ocrx_word' id='word_1_671' title='bbox 3308 3091 3534 3144; x_wconf 80' lang='lat' dir='ltr'><strong>comedi-</strong></span> 
     </span>
    </p>
   </div>
   <div class='ocr_carea' id='block_1_85' title="bbox 1912 3151 3534 3252">
    <p class='ocr_par' dir='ltr' id='par_1_85' title="bbox 1912 3151 3534 3252">
     <span class='ocr_line' id='line_1_87' title="bbox 1912 3151 3534 3252; baseline 0.027 -54"><span class='ocrx_word' id='word_1_672' title='bbox 1912 3154 2012 3200; x_wconf 88' lang='lat' dir='ltr'><strong>tur.</strong></span> <span class='ocrx_word' id='word_1_673' title='bbox 2031 3179 2103 3189; x_wconf 90' lang='lat'><strong>-—</strong></span> <span class='ocrx_word' id='word_1_674' title='bbox 2119 3151 2271 3218; x_wconf 88' lang='lat' dir='ltr'><strong>Quod</strong></span> <span class='ocrx_word' id='word_1_675' title='bbox 2294 3157 2454 3211; x_wconf 77' lang='lat' dir='ltr'><strong>etiam</strong></span> <span class='ocrx_word' id='word_1_676' title='bbox 2477 3153 2623 3216; x_wconf 85' lang='lat' dir='ltr'><strong>Elias</strong></span> <span class='ocrx_word' id='word_1_677' title='bbox 2640 3165 2742 3230; x_wconf 84' lang='lat' dir='ltr'><strong>sub</strong></span> <span class='ocrx_word' id='word_1_678' title='bbox 2763 3165 3014 3224; x_wconf 83' lang='lat' dir='ltr'><strong>Jezabele</strong></span> <span class='ocrx_word' id='word_1_679' title='bbox 3041 3151 3234 3245; x_wconf 79' lang='lat' dir='ltr'><strong>passus</strong></span> <span class='ocrx_word' id='word_1_680' title='bbox 3257 3190 3359 3242; x_wconf 83' lang='lat' dir='ltr'><strong>est,</strong></span> <span class='ocrx_word' id='word_1_681' title='bbox 3391 3185 3534 3252; x_wconf 89' lang='lat' dir='ltr'><strong>quod</strong></span> 
     </span>
    </p>
   </div>
   <div class='ocr_carea' id='block_1_86' title="bbox 1911 3240 3534 3334">
    <p class='ocr_par' dir='ltr' id='par_1_86' title="bbox 1911 3240 3534 3334">
     <span class='ocr_line' id='line_1_88' title="bbox 1911 3240 3534 3334; baseline 0.025 -40"><span class='ocrx_word' id='word_1_682' title='bbox 1911 3240 2123 3314; x_wconf 85' lang='lat' dir='ltr'><strong>Moyses</strong></span> <span class='ocrx_word' id='word_1_683' title='bbox 2144 3247 2211 3302; x_wconf 86' lang='lat' dir='ltr'><strong>ab</strong></span> <span class='ocrx_word' id='word_1_684' title='bbox 2233 3248 2511 3324; x_wconf 61' lang='lat' dir='ltr'><strong>Egyptio,</strong></span> <span class='ocrx_word' id='word_1_685' title='bbox 2538 3255 2708 3314; x_wconf 86' lang='lat' dir='ltr'><strong>David</strong></span> <span class='ocrx_word' id='word_1_686' title='bbox 2736 3278 2764 3316; x_wconf 87' lang='lat' dir='ltr'><strong>a</strong></span> <span class='ocrx_word' id='word_1_687' title='bbox 2791 3240 3082 3324; x_wconf 77' lang='lat' dir='ltr'><strong>Bersabee.</strong></span> <span class='ocrx_word' id='word_1_688' title='bbox 3111 3269 3184 3326; x_wconf 87' lang='lat' dir='ltr'><strong>ita</strong></span> <span class='ocrx_word' id='word_1_689' title='bbox 3207 3284 3260 3329; x_wconf 88' lang='lat' dir='ltr'><strong>et</strong></span> <span class='ocrx_word' id='word_1_690' title='bbox 3295 3240 3488 3333; x_wconf 69' lang='lat' dir='ltr'><strong>Petrus</strong></span> <span class='ocrx_word' id='word_1_691' title='bbox 3519 3299 3534 3334; x_wconf 92' lang='lat'><strong>:</strong></span> 
     </span>
    </p>
   </div>
   <div class='ocr_carea' id='block_1_87' title="bbox 1911 3334 3533 3431">
    <p class='ocr_par' dir='ltr' id='par_1_87' title="bbox 1911 3334 3533 3431">
     <span class='ocr_line' id='line_1_89' title="bbox 1911 3334 3533 3431; baseline 0.027 -43"><span class='ocrx_word' id='word_1_692' title='bbox 1911 3334 2142 3394; x_wconf 86' lang='lat' dir='ltr'><strong>instante</strong></span> <span class='ocrx_word' id='word_1_693' title='bbox 2177 3342 2356 3401; x_wconf 90' lang='lat' dir='ltr'><strong>adhuc</strong></span> <span class='ocrx_word' id='word_1_694' title='bbox 2397 3358 2605 3407; x_wconf 88' lang='lat' dir='ltr'><strong>terrore</strong></span> <span class='ocrx_word' id='word_1_695' title='bbox 2644 3370 2811 3425; x_wconf 90' lang='lat' dir='ltr'><strong>super</strong></span> <span class='ocrx_word' id='word_1_696' title='bbox 2837 3375 3009 3431; x_wconf 89' lang='lat' dir='ltr'><strong>aquas</strong></span> <span class='ocrx_word' id='word_1_697' title='bbox 3046 3366 3331 3427; x_wconf 89' lang='lat' dir='ltr'><strong>ambulare</strong></span> <span class='ocrx_word' id='word_1_698' title='bbox 3371 3388 3533 3430; x_wconf 73' lang='lat' dir='ltr'><strong>ausus</strong></span> 
     </span>
    </p>
   </div>
   <div class='ocr_carea' id='block_1_88' title="bbox 1908 3436 3532 3540">
    <p class='ocr_par' dir='ltr' id='par_1_88' title="bbox 1908 3436 3532 3540">
     <span class='ocr_line' id='line_1_90' title="bbox 1908 3436 3532 3540; baseline 0.028 -56"><span class='ocrx_word' id='word_1_699' title='bbox 1908 3442 2011 3498; x_wconf 84' lang='lat' dir='ltr'><strong>est,</strong></span> <span class='ocrx_word' id='word_1_700' title='bbox 2044 3436 2136 3489; x_wconf 86' lang='lat' dir='ltr'><strong>sed</strong></span> <span class='ocrx_word' id='word_1_701' title='bbox 2177 3450 2366 3496; x_wconf 86' lang='lat' dir='ltr'><strong>contra</strong></span> <span class='ocrx_word' id='word_1_702' title='bbox 2411 3449 2557 3502; x_wconf 88' lang='lat' dir='ltr'><strong>venti</strong></span> <span class='ocrx_word' id='word_1_703' title='bbox 2598 3449 2861 3519; x_wconf 83' lang='lat' dir='ltr'><strong>impetum</strong></span> <span class='ocrx_word' id='word_1_704' title='bbox 2907 3469 3055 3518; x_wconf 83' lang='lat' dir='ltr'><strong>stare</strong></span> <span class='ocrx_word' id='word_1_705' title='bbox 3095 3481 3204 3520; x_wconf 92' lang='lat' dir='ltr'><strong>non</strong></span> <span class='ocrx_word' id='word_1_706' title='bbox 3251 3471 3446 3540; x_wconf 88' lang='lat' dir='ltr'><strong>potuit,</strong></span> <span class='ocrx_word' id='word_1_707' title='bbox 3481 3485 3532 3529; x_wconf 82' lang='lat' dir='ltr'><strong>et</strong></span> 
     </span>
    </p>
   </div>
   <div class='ocr_carea' id='block_1_89' title="bbox 1908 3523 3532 3632">
    <p class='ocr_par' dir='ltr' id='par_1_89' title="bbox 1908 3523 3532 3632">
     <span class='ocr_line' id='line_1_91' title="bbox 1908 3523 3532 3632; baseline 0.029 -55"><span class='ocrx_word' id='word_1_708' title='bbox 1908 3523 2008 3581; x_wconf 92' lang='lat' dir='ltr'><strong>hoc</strong></span> <span class='ocrx_word' id='word_1_709' title='bbox 2055 3544 2176 3584; x_wconf 91' lang='lat' dir='ltr'><strong>cum</strong></span> <span class='ocrx_word' id='word_1_710' title='bbox 2215 3549 2384 3607; x_wconf 90' lang='lat' dir='ltr'><strong>prope</strong></span> <span class='ocrx_word' id='word_1_711' title='bbox 2424 3538 2701 3600; x_wconf 88' lang='lat' dir='ltr'><strong>Christum</strong></span> <span class='ocrx_word' id='word_1_712' title='bbox 2743 3560 2908 3607; x_wconf 87' lang='lat' dir='ltr'><strong>esset.</strong></span> <span class='ocrx_word' id='word_1_713' title='bbox 2953 3553 3028 3609; x_wconf 89' lang='lat' dir='ltr'><strong>lta</strong></span> <span class='ocrx_word' id='word_1_714' title='bbox 3072 3558 3206 3617; x_wconf 85' lang='lat' dir='ltr'><strong>nihil</strong></span> <span class='ocrx_word' id='word_1_715' title='bbox 3232 3523 3386 3632; x_wconf 52' lang='lat' dir='ltr'><strong>jlnvat</strong></span> <span class='ocrx_word' id='word_1_716' title='bbox 3412 3584 3532 3625; x_wconf 85' lang='lat' dir='ltr'><strong>esse</strong></span> 
     </span>
    </p>
   </div>
   <div class='ocr_carea' id='block_1_90' title="bbox 1905 3623 3525 3733">
    <p class='ocr_par' dir='ltr' id='par_1_90' title="bbox 1905 3623 3525 3733">
     <span class='ocr_line' id='line_1_92' title="bbox 1905 3623 3525 3733; baseline 0.031 -62"><span class='ocrx_word' id='word_1_717' title='bbox 1905 3634 2073 3691; x_wconf 87' lang='lat' dir='ltr'><strong>prope</strong></span> <span class='ocrx_word' id='word_1_718' title='bbox 2099 3623 2395 3697; x_wconf 88' lang='lat' dir='ltr'><strong>Christum,</strong></span> <span class='ocrx_word' id='word_1_719' title='bbox 2425 3635 2528 3691; x_wconf 92' lang='lat' dir='ltr'><strong>nisi</strong></span> <span class='ocrx_word' id='word_1_720' title='bbox 2563 3638 2668 3696; x_wconf 83' lang='lat' dir='ltr'><strong>fide</strong></span> <span class='ocrx_word' id='word_1_721' title='bbox 2699 3659 2865 3715; x_wconf 82' lang='lat' dir='ltr'><strong>prOpe</strong></span> <span class='ocrx_word' id='word_1_722' title='bbox 2891 3650 2986 3704; x_wconf 88' lang='lat' dir='ltr'><strong>sis.</strong></span> <span class='ocrx_word' id='word_1_723' title='bbox 3020 3652 3134 3710; x_wconf 87' lang='lat' dir='ltr'><strong>lloc</strong></span> <span class='ocrx_word' id='word_1_724' title='bbox 3163 3623 3328 3727; x_wconf 70' lang='lat' dir='ltr'><strong>porro</strong></span> <span class='ocrx_word' id='word_1_725' title='bbox 3349 3623 3525 3733; x_wconf 45' lang='lat' dir='ltr'><strong>quan;</strong></span> 
     </span>
    </p>
   </div>
   <div class='ocr_carea' id='block_1_91' title="bbox 1905 3720 3528 3814">
    <p class='ocr_par' dir='ltr' id='par_1_91' title="bbox 1905 3720 3528 3814">
     <span class='ocr_line' id='line_1_93' title="bbox 1905 3720 3528 3814; baseline 0.031 -49"><span class='ocrx_word' id='word_1_726' title='bbox 1905 3723 2017 3767; x_wconf 87' lang='lat' dir='ltr'><strong>tum</strong></span> <span class='ocrx_word' id='word_1_727' title='bbox 2040 3729 2183 3772; x_wconf 76' lang='lat' dir='ltr'><strong>esset</strong></span> <span class='ocrx_word' id='word_1_728' title='bbox 2212 3720 2354 3777; x_wconf 88' lang='lat' dir='ltr'><strong>inter</strong></span> <span class='ocrx_word' id='word_1_729' title='bbox 2381 3725 2695 3799; x_wconf 79' lang='lat' dir='ltr'><strong>Magistrum</strong></span> <span class='ocrx_word' id='word_1_730' title='bbox 2736 3745 2791 3791; x_wconf 89' lang='lat' dir='ltr'><strong>et</strong></span> <span class='ocrx_word' id='word_1_731' title='bbox 2817 3738 3142 3812; x_wconf 84' lang='lat' dir='ltr'><strong>discipulum</strong></span> <span class='ocrx_word' id='word_1_732' title='bbox 3164 3720 3528 3814; x_wconf 65' lang='lat' dir='ltr'><strong>intervallum</strong></span> 
     </span>
    </p>
   </div>
   <div class='ocr_carea' id='block_1_92' title="bbox 1901 3811 3528 3909">
    <p class='ocr_par' dir='ltr' id='par_1_92' title="bbox 1901 3811 3528 3909">
     <span class='ocr_line' id='line_1_94' title="bbox 1901 3811 3528 3909; baseline 0.03 -50"><span class='ocrx_word' id='word_1_733' title='bbox 1901 3811 2156 3877; x_wconf 76' lang='lat' dir='ltr'><strong>ostendit,</strong></span> <span class='ocrx_word' id='word_1_734' title='bbox 2186 3815 2414 3887; x_wconf 83' lang='lat' dir='ltr'><strong>aliisque</strong></span> <span class='ocrx_word' id='word_1_735' title='bbox 2440 3825 2799 3885; x_wconf 83' lang='lat' dir='ltr'><strong>consolationi</strong></span> <span class='ocrx_word' id='word_1_736' title='bbox 2831 3831 2948 3888; x_wconf 89' lang='lat' dir='ltr'><strong>fuit.</strong></span> <span class='ocrx_word' id='word_1_737' title='bbox 2982 3837 3114 3893; x_wconf 76' lang='lat' dir='ltr'><strong>Nam</strong></span> <span class='ocrx_word' id='word_1_738' title='bbox 3147 3842 3191 3896; x_wconf 90' lang='lat' dir='ltr'><strong>si</strong></span> <span class='ocrx_word' id='word_1_739' title='bbox 3221 3843 3289 3899; x_wconf 86' lang='lat' dir='ltr'><strong>de</strong></span> <span class='ocrx_word' id='word_1_740' title='bbox 3319 3846 3528 3909; x_wconf 86' lang='lat' dir='ltr'><strong>duobus</strong></span> 
     </span>
    </p>
   </div>
   <div class='ocr_carea' id='block_1_93' title="bbox 1902 3901 3526 4010">
    <p class='ocr_par' dir='ltr' id='par_1_93' title="bbox 1902 3901 3526 4010">
     <span class='ocr_line' id='line_1_95' title="bbox 1902 3901 3526 4010; baseline 0.03 -56"><span class='ocrx_word' id='word_1_741' title='bbox 1902 3901 2157 3962; x_wconf 70' lang='lat' dir='ltr'><strong>fratribus</strong></span> <span class='ocrx_word' id='word_1_742' title='bbox 2202 3910 2323 3966; x_wconf 88' lang='lat' dir='ltr'><strong>irati</strong></span> <span class='ocrx_word' id='word_1_743' title='bbox 2355 3927 2502 3984; x_wconf 89' lang='lat' dir='ltr'><strong>sunt,</strong></span> <span class='ocrx_word' id='word_1_744' title='bbox 2545 3924 2716 3977; x_wconf 88' lang='lat' dir='ltr'><strong>multo</strong></span> <span class='ocrx_word' id='word_1_745' title='bbox 2754 3931 2923 3999; x_wconf 84' lang='lat' dir='ltr'><strong>magis</strong></span> <span class='ocrx_word' id='word_1_746' title='bbox 2961 3931 3049 3988; x_wconf 92' lang='lat' dir='ltr'><strong>hic</strong></span> <span class='ocrx_word' id='word_1_747' title='bbox 3087 3936 3346 4010; x_wconf 85' lang='lat' dir='ltr'><strong>indignati</strong></span> <span class='ocrx_word' id='word_1_748' title='bbox 3391 3944 3526 4001; x_wconf 60' lang='lat' dir='ltr'><strong>fuisv</strong></span> 
     </span>
    </p>
   </div>
   <div class='ocr_carea' id='block_1_94' title="bbox 1899 4003 3524 4106">
    <p class='ocr_par' dir='ltr' id='par_1_94' title="bbox 1899 4003 3524 4106">
     <span class='ocr_line' id='line_1_96' title="bbox 1899 4003 3524 4106; baseline 0.029 -58"><span class='ocrx_word' id='word_1_749' title='bbox 1899 4006 2068 4053; x_wconf 81' lang='lat' dir='ltr'><strong>sent:</strong></span> <span class='ocrx_word' id='word_1_750' title='bbox 2106 4003 2346 4060; x_wconf 91' lang='lat' dir='ltr'><strong>nondum</strong></span> <span class='ocrx_word' id='word_1_751' title='bbox 2391 4011 2534 4065; x_wconf 89' lang='lat' dir='ltr'><strong>enim</strong></span> <span class='ocrx_word' id='word_1_752' title='bbox 2577 4015 2835 4086; x_wconf 78' lang='lat' dir='ltr'><strong>Spiritum</strong></span> <span class='ocrx_word' id='word_1_753' title='bbox 2876 4037 3122 4085; x_wconf 87' lang='lat' dir='ltr'><strong>sanctum</strong></span> <span class='ocrx_word' id='word_1_754' title='bbox 3178 4048 3524 4106; x_wconf 83' lang='lat' dir='ltr'><strong>acceperant.</strong></span> 
     </span>
     <span class='ocr_line' id='line_1_97' title="bbox 1900 4086 2471 4106; baseline 0.03 -17"><span class='ocrx_word' id='word_1_755' title='bbox 1900 4086 1962 4106; x_wconf 35' lang='grc' dir='ltr'><strong>ι,-</strong></span> <span class='ocrx_word' id='word_1_756' title='bbox 1991 4089 2004 4106; x_wconf 83' lang='grc'><strong>,</strong></span> <span class='ocrx_word' id='word_1_757' title='bbox 2141 4103 2150 4106; x_wconf 92' lang='lat'><em>_</em></span> <span class='ocrx_word' id='word_1_758' title='bbox 2460 4103 2471 4106; x_wconf 76' lang='lat'><strong>-</strong></span> 
     </span>
    </p>
   </div>
   <div class='ocr_carea' id='block_1_95' title="bbox 1899 4086 3523 4200">
    <p class='ocr_par' dir='ltr' id='par_1_95' title="bbox 1899 4086 3523 4200">
     <span class='ocr_line' id='line_1_98' title="bbox 1899 4086 3523 4200; baseline 0.028 -57"><span class='ocrx_word' id='word_1_759' title='bbox 1899 4086 2004 4144; x_wconf 84' lang='lat' dir='ltr'><strong>Sed</strong></span> <span class='ocrx_word' id='word_1_760' title='bbox 2034 4103 2220 4161; x_wconf 88' lang='lat' dir='ltr'><strong>postea</strong></span> <span class='ocrx_word' id='word_1_761' title='bbox 2261 4114 2365 4154; x_wconf 89' lang='lat' dir='ltr'><strong>non</strong></span> <span class='ocrx_word' id='word_1_762' title='bbox 2400 4103 2539 4160; x_wconf 90' lang='lat' dir='ltr'><strong>tales</strong></span> <span class='ocrx_word' id='word_1_763' title='bbox 2585 4108 2822 4169; x_wconf 89' lang='lat' dir='ltr'><strong>fuerunt.</strong></span> <span class='ocrx_word' id='word_1_764' title='bbox 2871 4116 3083 4191; x_wconf 87' lang='lat' dir='ltr'><strong>Ubique</strong></span> <span class='ocrx_word' id='word_1_765' title='bbox 3127 4086 3523 4200; x_wconf 38' lang='lat' dir='ltr'><strong>enini—primas</strong></span> 
     </span>
    </p>
   </div>
   <div class='ocr_carea' id='block_1_96' title="bbox 1900 4180 3522 4297">
    <p class='ocr_par' dir='ltr' id='par_1_96' title="bbox 1900 4180 3522 4297">
     <span class='ocr_line' id='line_1_99' title="bbox 1900 4180 3522 4297; baseline 0.028 -61"><span class='ocrx_word' id='word_1_766' title='bbox 1900 4180 2058 4240; x_wconf 83' lang='lat' dir='ltr'><strong>Petro</strong></span> <span class='ocrx_word' id='word_1_767' title='bbox 2075 4189 2397 4259; x_wconf 77' lang='lat' dir='ltr'><strong>concedunt,</strong></span> <span class='ocrx_word' id='word_1_768' title='bbox 2428 4207 2482 4252; x_wconf 89' lang='lat' dir='ltr'><strong>et</strong></span> <span class='ocrx_word' id='word_1_769' title='bbox 2512 4192 2577 4254; x_wconf 85' lang='lat' dir='ltr'><strong>ad</strong></span> <span class='ocrx_word' id='word_1_770' title='bbox 2609 4209 2899 4266; x_wconf 90' lang='lat' dir='ltr'><strong>conciones</strong></span> <span class='ocrx_word' id='word_1_771' title='bbox 2930 4214 3174 4281; x_wconf 86' lang='lat' dir='ltr'><strong>publicas</strong></span> <span class='ocrx_word' id='word_1_772' title='bbox 3203 4220 3354 4278; x_wconf 88' lang='lat' dir='ltr'><strong>illum</strong></span> <span class='ocrx_word' id='word_1_773' title='bbox 3379 4241 3522 4297; x_wconf 63' lang='lat' dir='ltr'><strong>pra:-</strong></span> 
     </span>
     <span class='ocr_line' id='line_1_100' title="bbox 1900 4274 2570 4297; baseline 0.03 0"><span class='ocrx_word' id='word_1_774' title='bbox 1900 4274 2069 4297; x_wconf 61' lang='lat' dir='ltr'><strong>f-_--_—-</strong></span> <span class='ocrx_word' id='word_1_775' title='bbox 2326 4287 2336 4297; x_wconf 89' lang='lat'>&#39;</span> <span class='ocrx_word' id='word_1_776' title='bbox 2563 4295 2570 4297; x_wconf 80' lang='grc'><strong>’</strong></span> 
     </span>
    </p>
   </div>
   <div class='ocr_carea' id='block_1_97' title="bbox 1895 4274 3520 4380">
    <p class='ocr_par' dir='ltr' id='par_1_97' title="bbox 1895 4274 3520 4380">
     <span class='ocr_line' id='line_1_101' title="bbox 1895 4274 3520 4380; baseline 0.03 -51"><span class='ocrx_word' id='word_1_777' title='bbox 1895 4274 2095 4346; x_wconf 86' lang='lat' dir='ltr'><strong>ferunt,</strong></span> <span class='ocrx_word' id='word_1_778' title='bbox 2123 4287 2369 4351; x_wconf 89' lang='lat' dir='ltr'><strong>quamvis</strong></span> <span class='ocrx_word' id='word_1_779' title='bbox 2394 4295 2605 4350; x_wconf 74' lang='lat' dir='ltr'><strong>czeteris</strong></span> <span class='ocrx_word' id='word_1_780' title='bbox 2628 4300 2813 4355; x_wconf 87' lang='lat' dir='ltr'><strong>rndior</strong></span> <span class='ocrx_word' id='word_1_781' title='bbox 2839 4306 3130 4366; x_wconf 86' lang='lat' dir='ltr'><strong>videretur.</strong></span> <span class='ocrx_word' id='word_1_782' title='bbox 3160 4313 3264 4370; x_wconf 88' lang='lat' dir='ltr'><strong>Sed</strong></span> <span class='ocrx_word' id='word_1_783' title='bbox 3295 4333 3391 4374; x_wconf 90' lang='lat' dir='ltr'><strong>cur</strong></span> <span class='ocrx_word' id='word_1_784' title='bbox 3417 4339 3520 4380; x_wconf 82' lang='lat' dir='ltr'><strong>non</strong></span> 
     </span>
    </p>
   </div>
   <div class='ocr_carea' id='block_1_98' title="bbox 1895 4368 3521 4474">
    <p class='ocr_par' dir='ltr' id='par_1_98' title="bbox 1895 4368 3521 4474">
     <span class='ocr_line' id='line_1_102' title="bbox 1895 4368 3521 4474; baseline 0.032 -53"><span class='ocrx_word' id='word_1_785' title='bbox 1895 4368 2179 4439; x_wconf 87' lang='lat' dir='ltr'><strong>imperavit</strong></span> <span class='ocrx_word' id='word_1_786' title='bbox 2211 4381 2385 4436; x_wconf 86' lang='lat' dir='ltr'><strong>ventis</strong></span> <span class='ocrx_word' id='word_1_787' title='bbox 2433 4393 2491 4440; x_wconf 92' lang='lat' dir='ltr'><strong>nt</strong></span> <span class='ocrx_word' id='word_1_788' title='bbox 2529 4391 2888 4464; x_wconf 86' lang='lat' dir='ltr'><strong>quiescerent,</strong></span> <span class='ocrx_word' id='word_1_789' title='bbox 2940 4404 3033 4457; x_wconf 89' lang='lat' dir='ltr'><strong>sed</strong></span> <span class='ocrx_word' id='word_1_790' title='bbox 3085 4421 3306 4465; x_wconf 78' lang='lat' dir='ltr'><strong>extensa</strong></span> <span class='ocrx_word' id='word_1_791' title='bbox 3360 4432 3521 4474; x_wconf 88' lang='lat' dir='ltr'><strong>manu</strong></span> 
     </span>
    </p>
   </div>
   <div class='ocr_carea' id='block_1_99' title="bbox 1893 4465 3517 4570">
    <p class='ocr_par' dir='ltr' id='par_1_99' title="bbox 1893 4465 3517 4570">
     <span class='ocr_line' id='line_1_103' title="bbox 1893 4465 3517 4570; baseline 0.033 -57"><span class='ocrx_word' id='word_1_792' title='bbox 1893 4465 2248 4532; x_wconf 83' lang='lat' dir='ltr'><strong>apprehendit</strong></span> <span class='ocrx_word' id='word_1_793' title='bbox 2301 4477 2467 4531; x_wconf 85' lang='lat' dir='ltr'><strong>eum?</strong></span> <span class='ocrx_word' id='word_1_794' title='bbox 2497 4480 2631 4549; x_wconf 86' lang='lat' dir='ltr'><strong>Quia</strong></span> <span class='ocrx_word' id='word_1_795' title='bbox 2671 4486 2777 4544; x_wconf 90' lang='lat' dir='ltr'><strong>ﬁde</strong></span> <span class='ocrx_word' id='word_1_796' title='bbox 2821 4491 2990 4561; x_wconf 88' lang='lat' dir='ltr'><strong>ipsius</strong></span> <span class='ocrx_word' id='word_1_797' title='bbox 3033 4516 3171 4570; x_wconf 81' lang='lat' dir='ltr'><strong>opus</strong></span> 
     </span>
    </p>
   </div>
   <div class='ocr_carea' id='block_1_100' title="bbox 1891 4557 3513 4661">
    <p class='ocr_par' dir='ltr' id='par_1_100' title="bbox 1891 4557 3513 4661">
     <span class='ocr_line' id='line_1_104' title="bbox 1891 4557 3513 4661; baseline 0.033 -53"><span class='ocrx_word' id='word_1_798' title='bbox 1891 4557 2036 4611; x_wconf 92' lang='lat' dir='ltr'><strong>enim</strong></span> <span class='ocrx_word' id='word_1_799' title='bbox 2065 4572 2247 4621; x_wconf 75' lang='lat' dir='ltr'><strong>nostra</strong></span> <span class='ocrx_word' id='word_1_800' title='bbox 2282 4567 2557 4642; x_wconf 85' lang='lat' dir='ltr'><strong>desinunt,</strong></span> <span class='ocrx_word' id='word_1_801' title='bbox 2583 4593 2699 4649; x_wconf 69' lang='lat' dir='ltr'><strong>quae</strong></span> <span class='ocrx_word' id='word_1_802' title='bbox 2733 4582 2826 4640; x_wconf 89' lang='lat' dir='ltr'><strong>Dei</strong></span> <span class='ocrx_word' id='word_1_803' title='bbox 2860 4599 2986 4644; x_wconf 90' lang='lat' dir='ltr'><strong>sunt</strong></span> <span class='ocrx_word' id='word_1_804' title='bbox 3026 4595 3186 4650; x_wconf 72' lang='lat' dir='ltr'><strong>etiam</strong></span> <span class='ocrx_word' id='word_1_805' title='bbox 3231 4601 3513 4661; x_wconf 87' lang='lat' dir='ltr'><strong>sistuntur.</strong></span> 
     </span>
    </p>
   </div>
   <div class='ocr_carea' id='block_1_101' title="bbox 1890 4649 3514 4755">
    <p class='ocr_par' dir='ltr' id='par_1_101' title="bbox 1890 4649 3514 4755">
     <span class='ocr_line' id='line_1_105' title="bbox 1890 4649 3514 4755; baseline 0.031 -52"><span class='ocrx_word' id='word_1_806' title='bbox 1890 4649 2194 4712; x_wconf 84' lang='lat' dir='ltr'><strong>Ustendens</strong></span> <span class='ocrx_word' id='word_1_807' title='bbox 2232 4660 2412 4730; x_wconf 84' lang='lat' dir='ltr'><strong>igitur,</strong></span> <span class='ocrx_word' id='word_1_808' title='bbox 2447 4683 2553 4723; x_wconf 91' lang='lat' dir='ltr'><strong>non</strong></span> <span class='ocrx_word' id='word_1_809' title='bbox 2596 4675 2738 4729; x_wconf 91' lang='lat' dir='ltr'><strong>venti</strong></span> <span class='ocrx_word' id='word_1_810' title='bbox 2777 4679 3058 4750; x_wconf 87' lang='lat' dir='ltr'><strong>impetum,</strong></span> <span class='ocrx_word' id='word_1_811' title='bbox 3106 4690 3200 4744; x_wconf 90' lang='lat' dir='ltr'><strong>sed</strong></span> <span class='ocrx_word' id='word_1_812' title='bbox 3245 4696 3514 4755; x_wconf 87' lang='lat' dir='ltr'><strong>modicam</strong></span> 
     </span>
    </p>
   </div>
   <div class='ocr_carea' id='block_1_102' title="bbox 1888 4744 3516 4862">
    <p class='ocr_par' dir='ltr' id='par_1_102' title="bbox 1888 4744 3516 4862">
     <span class='ocr_line' id='line_1_106' title="bbox 1888 4744 3516 4862; baseline 0.033 -67"><span class='ocrx_word' id='word_1_813' title='bbox 1888 4744 2009 4813; x_wconf 88' lang='lat' dir='ltr'><strong>ejus</strong></span> <span class='ocrx_word' id='word_1_814' title='bbox 2035 4748 2194 4806; x_wconf 90' lang='lat' dir='ltr'><strong>ﬁdem</strong></span> <span class='ocrx_word' id='word_1_815' title='bbox 2237 4753 2413 4824; x_wconf 90' lang='lat' dir='ltr'><strong>ipsum</strong></span> <span class='ocrx_word' id='word_1_816' title='bbox 2451 4766 2733 4834; x_wconf 82' lang='lat' dir='ltr'><strong>evertisse,</strong></span> <span class='ocrx_word' id='word_1_817' title='bbox 2775 4744 2889 4827; x_wconf 62' lang='lat' dir='ltr'><strong>ait:</strong></span> <span class='ocrx_word' id='word_1_818' title='bbox 2919 4744 3144 4836; x_wconf 74' lang='lat' dir='ltr'><strong>Modica:</strong></span> <span class='ocrx_word' id='word_1_819' title='bbox 3171 4786 3312 4854; x_wconf 79' lang='lat' dir='ltr'><strong>ﬁdei,</strong></span> <span class='ocrx_word' id='word_1_820' title='bbox 3356 4809 3516 4862; x_wconf 83' lang='lat' dir='ltr'><strong>quare</strong></span> 
     </span>
    </p>
   </div>
   <div class='ocr_carea' id='block_1_103' title="bbox 1886 4840 3512 4942">
    <p class='ocr_par' dir='ltr' id='par_1_103' title="bbox 1886 4840 3512 4942">
     <span class='ocr_line' id='line_1_107' title="bbox 1886 4840 3512 4942; baseline 0.031 -50"><span class='ocrx_word' id='word_1_821' title='bbox 1886 4840 2174 4900; x_wconf 77' lang='lat' dir='ltr'><strong>dubitasti?</strong></span> <span class='ocrx_word' id='word_1_822' title='bbox 2201 4847 2382 4922; x_wconf 90' lang='lat' dir='ltr'><strong>Itaque</strong></span> <span class='ocrx_word' id='word_1_823' title='bbox 2410 4857 2511 4912; x_wconf 91' lang='lat' dir='ltr'><strong>nisi</strong></span> <span class='ocrx_word' id='word_1_824' title='bbox 2539 4859 2673 4918; x_wconf 89' lang='lat' dir='ltr'><strong>ﬁdes</strong></span> <span class='ocrx_word' id='word_1_825' title='bbox 2696 4864 2908 4923; x_wconf 86' lang='lat' dir='ltr'><strong>inﬁrma</strong></span> <span class='ocrx_word' id='word_1_826' title='bbox 2943 4871 3155 4942; x_wconf 89' lang='lat' dir='ltr'><strong>fuisset,</strong></span> <span class='ocrx_word' id='word_1_827' title='bbox 3189 4882 3350 4938; x_wconf 83' lang='lat' dir='ltr'><strong>etiam</strong></span> <span class='ocrx_word' id='word_1_828' title='bbox 3367 4840 3512 4942; x_wconf 45' lang='lat' dir='ltr'><strong>leon-</strong></span> 
     </span>
    </p>
   </div>
   <div class='ocr_carea' id='block_1_104' title="bbox 1886 4945 3510 5051">
    <p class='ocr_par' dir='ltr' id='par_1_104' title="bbox 1886 4945 3510 5051">
     <span class='ocr_line' id='line_1_108' title="bbox 1886 4945 3510 5051; baseline 0.031 -63"><span class='ocrx_word' id='word_1_829' title='bbox 1886 4945 1968 4991; x_wconf 87' lang='lat' dir='ltr'><strong>tra</strong></span> <span class='ocrx_word' id='word_1_830' title='bbox 2012 4951 2234 4999; x_wconf 89' lang='lat' dir='ltr'><strong>ventum</strong></span> <span class='ocrx_word' id='word_1_831' title='bbox 2279 4945 2437 5006; x_wconf 89' lang='lat' dir='ltr'><strong>facile</strong></span> <span class='ocrx_word' id='word_1_832' title='bbox 2489 4958 2749 5015; x_wconf 89' lang='lat' dir='ltr'><strong>stetisset.</strong></span> <span class='ocrx_word' id='word_1_833' title='bbox 2796 4964 3137 5039; x_wconf 86' lang='lat' dir='ltr'><strong>Quapropter</strong></span> <span class='ocrx_word' id='word_1_834' title='bbox 3185 4976 3275 5030; x_wconf 90' lang='lat' dir='ltr'><strong>illo</strong></span> <span class='ocrx_word' id='word_1_835' title='bbox 3318 4997 3510 5051; x_wconf 84' lang='lat' dir='ltr'><strong>appre-</strong></span> 
     </span>
     <span class='ocr_line' id='line_1_109' title="bbox 1886 5026 2585 5051; baseline 0.03 -21"><span class='ocrx_word' id='word_1_836' title='bbox 1886 5026 2048 5051; x_wconf 24' lang='grc' dir='ltr'><strong>,ξυμ</strong></span> <span class='ocrx_word' id='word_1_837' title='bbox 2221 5050 2227 5051; x_wconf 17' lang='grc' dir='ltr'><em>γ</em></span> <span class='ocrx_word' id='word_1_838' title='bbox 2372 5043 2400 5051; x_wconf 90' lang='lat'><strong><em>_</em></strong></span> <span class='ocrx_word' id='word_1_839' title='bbox 2581 5050 2585 5051; x_wconf 64' lang='lat'><strong>,</strong></span> 
     </span>
    </p>
   </div>
   <div class='ocr_carea' id='block_1_105' title="bbox 1883 5026 3506 5145">
    <p class='ocr_par' dir='ltr' id='par_1_105' title="bbox 1883 5026 3506 5145">
     <span class='ocr_line' id='line_1_110' title="bbox 2806 5026 3485 5051; baseline 0.012 -22"><span class='ocrx_word' id='word_1_840' title='bbox 2806 5026 2839 5032; x_wconf 83' lang='lat'>__</span> <span class='ocrx_word' id='word_1_841' title='bbox 2917 5026 2929 5036; x_wconf 85' lang='lat'><strong>,</strong></span> <span class='ocrx_word' id='word_1_842' title='bbox 3021 5026 3031 5039; x_wconf 82' lang='lat'>.</span> <span class='ocrx_word' id='word_1_843' title='bbox 3115 5026 3122 5028; x_wconf 83' lang='lat'><strong>.</strong></span> <span class='ocrx_word' id='word_1_844' title='bbox 3318 5026 3485 5051; x_wconf 64' lang='grc' dir='ltr'><strong>..ηηυ</strong></span> 
     </span>
     <span class='ocr_line' id='line_1_111' title="bbox 1883 5026 3506 5145; baseline 0.022 -48"><span class='ocrx_word' id='word_1_845' title='bbox 1883 5026 2075 5099; x_wconf 61' lang='grc' dir='ltr'><strong>δεηεου</strong></span> <span class='ocrx_word' id='word_1_846' title='bbox 2107 5050 2324 5093; x_wconf 90' lang='lat' dir='ltr'><strong>ventum</strong></span> <span class='ocrx_word' id='word_1_847' title='bbox 2369 5043 2498 5102; x_wconf 84' lang='lat' dir='ltr'><strong>flare</strong></span> <span class='ocrx_word' id='word_1_848' title='bbox 2544 5050 2776 5118; x_wconf 89' lang='lat' dir='ltr'><strong>sinebat,</strong></span> <span class='ocrx_word' id='word_1_849' title='bbox 2811 5061 3108 5120; x_wconf 87' lang='lat' dir='ltr'><strong>ostendens</strong></span> <span class='ocrx_word' id='word_1_850' title='bbox 3150 5068 3506 5145; x_wconf 84' lang='lat' dir='ltr'><strong>nihil‘ipsnin</strong></span> 
     </span>
     <span class='ocr_line' id='line_1_112' title="bbox 1883 5121 2428 5145; baseline 0 0"><span class='ocrx_word' id='word_1_851' title='bbox 1883 5121 2074 5145; x_wconf 45' lang='lat' dir='ltr'><strong>I_JA_,</strong></span> <span class='ocrx_word' id='word_1_852' title='bbox 2168 5131 2180 5142; x_wconf 79' lang='grc' dir='ltr'><strong><em>ο</em></strong></span> <span class='ocrx_word' id='word_1_853' title='bbox 2227 5132 2292 5145; x_wconf 70' lang='grc' dir='ltr'><strong>Λ.</strong></span> <span class='ocrx_word' id='word_1_854' title='bbox 2406 5139 2428 5145; x_wconf 82' lang='lat'>_</span> 
     </span>
    </p>
   </div>
   <div class='ocr_carea' id='block_1_106' title="bbox 1882 5121 3508 5233">
    <p class='ocr_par' dir='ltr' id='par_1_106' title="bbox 1882 5121 3508 5233">
     <span class='ocr_line' id='line_1_113' title="bbox 1882 5121 3508 5233; baseline 0.031 -57"><span class='ocrx_word' id='word_1_855' title='bbox 1882 5121 2101 5193; x_wconf 73' lang='lat' dir='ltr'><strong>lzedere,</strong></span> <span class='ocrx_word' id='word_1_856' title='bbox 2136 5131 2180 5185; x_wconf 89' lang='lat' dir='ltr'><strong>si</strong></span> <span class='ocrx_word' id='word_1_857' title='bbox 2221 5132 2354 5191; x_wconf 87' lang='lat' dir='ltr'><strong>ﬁdes</strong></span> <span class='ocrx_word' id='word_1_858' title='bbox 2398 5139 2550 5197; x_wconf 87' lang='lat' dir='ltr'><strong>ﬁrma</strong></span> <span class='ocrx_word' id='word_1_859' title='bbox 2596 5161 2766 5204; x_wconf 89' lang='lat' dir='ltr'><strong>esset.</strong></span> <span class='ocrx_word' id='word_1_860' title='bbox 2815 5150 2886 5210; x_wconf 80' lang='lat' dir='ltr'><strong>Et</strong></span> <span class='ocrx_word' id='word_1_861' title='bbox 2932 5157 3073 5214; x_wconf 86' lang='lat' dir='ltr'><strong>sicut</strong></span> <span class='ocrx_word' id='word_1_862' title='bbox 3114 5121 3508 5233; x_wconf 53' lang='lat' dir='ltr'><strong>pullunnIante</strong></span> 
     </span>
    </p>
   </div>
   <div class='ocr_carea' id='block_1_107' title="bbox 1881 5224 3502 5330">
    <p class='ocr_par' dir='ltr' id='par_1_107' title="bbox 1881 5224 3502 5330">
     <span class='ocr_line' id='line_1_114' title="bbox 1881 5224 3502 5330; baseline 0.031 -61"><span class='ocrx_word' id='word_1_863' title='bbox 1881 5224 2092 5289; x_wconf 87' lang='lat' dir='ltr'><strong>tempus</strong></span> <span class='ocrx_word' id='word_1_864' title='bbox 2141 5240 2172 5279; x_wconf 92' lang='lat' dir='ltr'><strong>e</strong></span> <span class='ocrx_word' id='word_1_865' title='bbox 2229 5227 2354 5283; x_wconf 89' lang='lat' dir='ltr'><strong>nido</strong></span> <span class='ocrx_word' id='word_1_866' title='bbox 2403 5248 2707 5308; x_wconf 75' lang='lat' dir='ltr'><strong>egressura,</strong></span> <span class='ocrx_word' id='word_1_867' title='bbox 2761 5257 2817 5301; x_wconf 88' lang='lat' dir='ltr'><strong>et</strong></span> <span class='ocrx_word' id='word_1_868' title='bbox 2855 5248 3081 5320; x_wconf 89' lang='lat' dir='ltr'><strong>jamjam</strong></span> <span class='ocrx_word' id='word_1_869' title='bbox 3135 5257 3502 5330; x_wconf 78' lang='lat' dir='ltr'><strong>dclapsurttm,</strong></span> 
     </span>
    </p>
   </div>
   <div class='ocr_carea' id='block_1_108' title="bbox 1877 5318 3510 5416">
    <p class='ocr_par' dir='ltr' id='par_1_108' title="bbox 1877 5318 3510 5416">
     <span class='ocr_line' id='line_1_115' title="bbox 1877 5318 3510 5416; baseline 0.033 -53"><span class='ocrx_word' id='word_1_870' title='bbox 1877 5322 2050 5369; x_wconf 87' lang='lat' dir='ltr'><strong>mater</strong></span> <span class='ocrx_word' id='word_1_871' title='bbox 2078 5318 2180 5374; x_wconf 90' lang='lat' dir='ltr'><strong>alis</strong></span> <span class='ocrx_word' id='word_1_872' title='bbox 2214 5334 2524 5386; x_wconf 84' lang='lat' dir='ltr'><strong>sustentans</strong></span> <span class='ocrx_word' id='word_1_873' title='bbox 2562 5333 2614 5388; x_wconf 91' lang='lat' dir='ltr'><strong>in</strong></span> <span class='ocrx_word' id='word_1_874' title='bbox 2656 5337 2841 5394; x_wconf 91' lang='lat' dir='ltr'><strong>nidum</strong></span> <span class='ocrx_word' id='word_1_875' title='bbox 2875 5318 3104 5416; x_wconf 68' lang='lat' dir='ltr'><strong>reducit,</strong></span> <span class='ocrx_word' id='word_1_876' title='bbox 3139 5351 3217 5406; x_wconf 86' lang='lat' dir='ltr'><strong>sic</strong></span> <span class='ocrx_word' id='word_1_877' title='bbox 3256 5365 3311 5410; x_wconf 90' lang='lat' dir='ltr'><strong>et</strong></span> <span class='ocrx_word' id='word_1_878' title='bbox 3350 5358 3510 5416; x_wconf 85' lang='lat' dir='ltr'><strong>Chri-</strong></span> 
     </span>
    </p>
   </div>
   <div class='ocr_carea' id='block_1_109' title="bbox 1792 5402 3504 5512">
    <p class='ocr_par' dir='ltr' id='par_1_109' title="bbox 1792 5402 3504 5512">
     <span class='ocr_line' id='line_1_116' title="bbox 1792 5402 3504 5512; baseline 0.031 -57"><span class='ocrx_word' id='word_1_879' title='bbox 1792 5402 1820 5444; x_wconf 51' lang='grc' dir='ltr'><strong>μ’</strong></span> <span class='ocrx_word' id='word_1_880' title='bbox 1874 5414 1991 5462; x_wconf 90' lang='lat' dir='ltr'><strong>stus</strong></span> <span class='ocrx_word' id='word_1_881' title='bbox 2030 5407 2175 5466; x_wconf 84' lang='lat' dir='ltr'><strong>fecit.</strong></span> <span class='ocrx_word' id='word_1_882' title='bbox 2225 5415 2314 5470; x_wconf 67' lang='lat'><strong>52.</strong></span> <span class='ocrx_word' id='word_1_883' title='bbox 2349 5416 2556 5477; x_wconf 87' lang='lat' dir='ltr'><strong>Etcum</strong></span> <span class='ocrx_word' id='word_1_884' title='bbox 2582 5432 2930 5490; x_wconf 70' lang='lat' dir='ltr'><strong>ascendissent</strong></span> <span class='ocrx_word' id='word_1_885' title='bbox 2956 5438 3010 5493; x_wconf 82' lang='lat' dir='ltr'><strong>in</strong></span> <span class='ocrx_word' id='word_1_886' title='bbox 3038 5445 3345 5512; x_wconf 80' lang='lat' dir='ltr'><strong>nauiculam,</strong></span> <span class='ocrx_word' id='word_1_887' title='bbox 3385 5464 3504 5508; x_wconf 82' lang='lat' dir='ltr'><strong>tunc</strong></span> 
     </span>
    </p>
   </div>
   <div class='ocr_carea' id='block_1_110' title="bbox 1872 5504 3498 5606">
    <p class='ocr_par' dir='ltr' id='par_1_110' title="bbox 1872 5504 3498 5606">
     <span class='ocr_line' id='line_1_117' title="bbox 1872 5504 3498 5606; baseline 0.034 -57"><span class='ocrx_word' id='word_1_888' title='bbox 1872 5504 2084 5557; x_wconf 86' lang='lat' dir='ltr'><strong>cessavit</strong></span> <span class='ocrx_word' id='word_1_889' title='bbox 2135 5519 2330 5564; x_wconf 82' lang='lat' dir='ltr'><strong>ventus.</strong></span> <span class='ocrx_word' id='word_1_890' title='bbox 2375 5513 2533 5573; x_wconf 85' lang='lat' dir='ltr'><strong>Prius</strong></span> <span class='ocrx_word' id='word_1_891' title='bbox 2574 5524 2791 5590; x_wconf 82' lang='lat' dir='ltr'><strong>quidem</strong></span> <span class='ocrx_word' id='word_1_892' title='bbox 2841 5530 3089 5592; x_wconf 84' lang='lat' dir='ltr'><strong>dicebant</strong></span> <span class='ocrx_word' id='word_1_893' title='bbox 3134 5557 3146 5591; x_wconf 95' lang='lat'>:</span> <span class='ocrx_word' id='word_1_894' title='bbox 3194 5541 3376 5606; x_wconf 83' lang='lat' dir='ltr'><strong>Qualis</strong></span> <span class='ocrx_word' id='word_1_895' title='bbox 3425 5562 3498 5603; x_wconf 86' lang='lat' dir='ltr'><strong>est</strong></span> 
     </span>
    </p>
   </div>
   <div class='ocr_carea' id='block_1_111' title="bbox 1873 5591 3498 5710">
    <p class='ocr_par' dir='ltr' id='par_1_111' title="bbox 1873 5591 3498 5710">
     <span class='ocr_line' id='line_1_118' title="bbox 1873 5591 3498 5710; baseline 0.033 -68"><span class='ocrx_word' id='word_1_896' title='bbox 1873 5591 1954 5645; x_wconf 84' lang='lat' dir='ltr'><strong>liic</strong></span> <span class='ocrx_word' id='word_1_897' title='bbox 1979 5594 2152 5662; x_wconf 75' lang='lat' dir='ltr'><strong>homo,</strong></span> <span class='ocrx_word' id='word_1_898' title='bbox 2187 5603 2307 5669; x_wconf 86' lang='lat' dir='ltr'><strong>quia</strong></span> <span class='ocrx_word' id='word_1_899' title='bbox 2329 5615 2460 5663; x_wconf 82' lang='lat' dir='ltr'><strong>venti</strong></span> <span class='ocrx_word' id='word_1_900' title='bbox 2481 5620 2684 5669; x_wconf 85' lang='lat' dir='ltr'><strong>etmare</strong></span> <span class='ocrx_word' id='word_1_901' title='bbox 2705 5621 2948 5679; x_wconf 83' lang='lat' dir='ltr'><strong>obediunt</strong></span> <span class='ocrx_word' id='word_1_902' title='bbox 2969 5629 3015 5682; x_wconf 86' lang='lat' dir='ltr'><strong>ei</strong></span> <span class='ocrx_word' id='word_1_903' title='bbox 3037 5591 3252 5692; x_wconf 52' lang='lat' dir='ltr'><strong>(Matth.</strong></span> <span class='ocrx_word' id='word_1_904' title='bbox 3283 5640 3335 5695; x_wconf 82' lang='lat'><strong>8.</strong></span> <span class='ocrx_word' id='word_1_905' title='bbox 3363 5641 3498 5710; x_wconf 71' lang='lat'><strong>27‘)?</strong></span> 
     </span>
     <span class='ocr_line' id='line_1_119' title="bbox 1873 5686 2572 5710; baseline 0.034 -24"><span class='ocrx_word' id='word_1_906' title='bbox 1873 5686 2127 5710; x_wconf 30' lang='grc' dir='ltr'><strong>Μηνυ-</strong></span> <span class='ocrx_word' id='word_1_907' title='bbox 2427 5706 2436 5710; x_wconf 93' lang='lat'>_</span> <span class='ocrx_word' id='word_1_908' title='bbox 2529 5708 2572 5710; x_wconf 61' lang='lat'><strong>-,</strong></span> 
     </span>
    </p>
   </div>
   <div class='ocr_carea' id='block_1_112' title="bbox 1868 5686 3492 5802">
    <p class='ocr_par' dir='ltr' id='par_1_112' title="bbox 1868 5686 3492 5802">
     <span class='ocr_line' id='line_1_120' title="bbox 3041 5686 3488 5710; baseline 0.031 -18"><span class='ocrx_word' id='word_1_909' title='bbox 3041 5686 3050 5692; x_wconf 88' lang='lat'><strong>.</strong></span> <span class='ocrx_word' id='word_1_910' title='bbox 3287 5686 3335 5695; x_wconf 70' lang='grc' dir='ltr'><strong>ν-</strong></span> <span class='ocrx_word' id='word_1_911' title='bbox 3367 5686 3454 5710; x_wconf 76' lang='grc' dir='ltr'><strong>--ι</strong></span> <span class='ocrx_word' id='word_1_912' title='bbox 3482 5686 3488 5694; x_wconf 95' lang='grc'><strong>-</strong></span> 
     </span>
     <span class='ocr_line' id='line_1_121' title="bbox 1868 5686 3492 5802; baseline 0.031 -64"><span class='ocrx_word' id='word_1_913' title='bbox 1868 5686 2021 5744; x_wconf 87' lang='lat' dir='ltr'><strong>Nunc</strong></span> <span class='ocrx_word' id='word_1_914' title='bbox 2043 5704 2220 5749; x_wconf 86' lang='lat' dir='ltr'><strong>autem</strong></span> <span class='ocrx_word' id='word_1_915' title='bbox 2259 5715 2380 5755; x_wconf 75' lang='lat' dir='ltr'><strong>non</strong></span> <span class='ocrx_word' id='word_1_916' title='bbox 2395 5706 2493 5760; x_wconf 82' lang='lat' dir='ltr'><strong>sic.</strong></span> <span class='ocrx_word' id='word_1_917' title='bbox 2527 5708 2616 5764; x_wconf 78' lang='grc'><strong>55.</strong></span> <span class='ocrx_word' id='word_1_918' title='bbox 2657 5712 2791 5769; x_wconf 87' lang='lat' dir='ltr'><strong>Nam</strong></span> <span class='ocrx_word' id='word_1_919' title='bbox 2834 5717 2936 5783; x_wconf 84' lang='lat' dir='ltr'><strong>Qui</strong></span> <span class='ocrx_word' id='word_1_920' title='bbox 2965 5722 3026 5777; x_wconf 86' lang='lat' dir='ltr'><strong>in-</strong></span> <span class='ocrx_word' id='word_1_921' title='bbox 3060 5729 3297 5784; x_wconf 80' lang='lat' dir='ltr'><strong>navicula</strong></span> <span class='ocrx_word' id='word_1_922' title='bbox 3328 5747 3492 5802; x_wconf 70' lang='lat' dir='ltr'><strong>erant,</strong></span> 
     </span>
    </p>
   </div>
   <div class='ocr_carea' id='block_1_113' title="bbox 1869 5779 3492 5884">
    <p class='ocr_par' dir='ltr' id='par_1_113' title="bbox 1869 5779 3492 5884">
     <span class='ocr_line' id='line_1_122' title="bbox 2841 5779 3492 5802; baseline 0.011 -20"><span class='ocrx_word' id='word_1_923' title='bbox 2841 5779 2872 5783; x_wconf 63' lang='lat'><strong>,-</strong></span> 
     </span>
     <span class='ocr_line' id='line_1_123' title="bbox 1869 5779 3492 5884; baseline 0.031 -50"><span class='ocrx_word' id='word_1_924' title='bbox 1869 5779 2060 5852; x_wconf 89' lang='lat' dir='ltr'><strong>inquit,</strong></span> <span class='ocrx_word' id='word_1_925' title='bbox 2103 5793 2354 5849; x_wconf 77' lang='lat' dir='ltr'><strong>venientes</strong></span> <span class='ocrx_word' id='word_1_926' title='bbox 2386 5799 2749 5860; x_wconf 74' lang='lat' dir='ltr'><strong>adoraverunt</strong></span> <span class='ocrx_word' id='word_1_927' title='bbox 2776 5826 2894 5866; x_wconf 87' lang='lat' dir='ltr'><strong>eum</strong></span> <span class='ocrx_word' id='word_1_928' title='bbox 2924 5816 3149 5876; x_wconf 87' lang='lat' dir='ltr'><strong>dicentes</strong></span> <span class='ocrx_word' id='word_1_929' title='bbox 3179 5840 3198 5878; x_wconf 80' lang='lat'><strong>.°</strong></span> <span class='ocrx_word' id='word_1_930' title='bbox 3238 5824 3364 5880; x_wconf 85' lang='lat' dir='ltr'><strong>Vere</strong></span> <span class='ocrx_word' id='word_1_931' title='bbox 3396 5828 3492 5884; x_wconf 85' lang='lat' dir='ltr'><strong>Fi-</strong></span> 
     </span>
    </p>
   </div>
   <div class='ocr_carea' id='block_1_114' title="bbox 1865 5876 3488 5984">
    <p class='ocr_par' dir='ltr' id='par_1_114' title="bbox 1865 5876 3488 5984">
     <span class='ocr_line' id='line_1_124' title="bbox 1865 5876 3488 5984; baseline 0.034 -56"><span class='ocrx_word' id='word_1_932' title='bbox 1865 5876 1965 5930; x_wconf 89' lang='lat' dir='ltr'><strong>lius</strong></span> <span class='ocrx_word' id='word_1_933' title='bbox 1989 5877 2088 5935; x_wconf 82' lang='lat' dir='ltr'><strong>Dei</strong></span> <span class='ocrx_word' id='word_1_934' title='bbox 2117 5901 2190 5940; x_wconf 86' lang='lat' dir='ltr'><strong>es.</strong></span> <span class='ocrx_word' id='word_1_935' title='bbox 2240 5888 2426 5945; x_wconf 82' lang='lat' dir='ltr'><strong>Viden‘</strong></span> <span class='ocrx_word' id='word_1_936' title='bbox 2461 5901 2732 5963; x_wconf 86' lang='lat' dir='ltr'><strong>quomodo</strong></span> <span class='ocrx_word' id='word_1_937' title='bbox 2771 5909 3024 5974; x_wconf 85' lang='lat' dir='ltr'><strong>paulatim</strong></span> <span class='ocrx_word' id='word_1_938' title='bbox 3063 5916 3128 5970; x_wconf 88' lang='lat' dir='ltr'><strong>ad</strong></span> <span class='ocrx_word' id='word_1_939' title='bbox 3169 5876 3488 5984; x_wconf 75' lang='lat' dir='ltr'><strong>sublimiora</strong></span> 
     </span>
    </p>
   </div>
   <div class='ocr_carea' id='block_1_115' title="bbox 1865 5976 3486 6087">
    <p class='ocr_par' dir='ltr' id='par_1_115' title="bbox 1865 5976 3486 6087">
     <span class='ocr_line' id='line_1_125' title="bbox 1865 5976 3486 6087; baseline 0.036 -67"><span class='ocrx_word' id='word_1_940' title='bbox 1865 5982 2056 6028; x_wconf 84' lang='lat' dir='ltr'><strong>omnes</strong></span> <span class='ocrx_word' id='word_1_941' title='bbox 2081 5976 2281 6034; x_wconf 85' lang='lat' dir='ltr'><strong>ducat?</strong></span> <span class='ocrx_word' id='word_1_942' title='bbox 2322 5984 2622 6056; x_wconf 78' lang='lat' dir='ltr'><strong>Namquia</strong></span> <span class='ocrx_word' id='word_1_943' title='bbox 2663 5995 2716 6052; x_wconf 91' lang='lat' dir='ltr'><strong>in</strong></span> <span class='ocrx_word' id='word_1_944' title='bbox 2760 6004 2891 6058; x_wconf 79' lang='lat' dir='ltr'><strong>mari</strong></span> <span class='ocrx_word' id='word_1_945' title='bbox 2921 6010 3236 6078; x_wconf 82' lang='lat' dir='ltr'><strong>ambulavit,</strong></span> <span class='ocrx_word' id='word_1_946' title='bbox 3273 6028 3326 6073; x_wconf 89' lang='lat' dir='ltr'><strong>et</strong></span> <span class='ocrx_word' id='word_1_947' title='bbox 3362 6024 3486 6087; x_wconf 87' lang='lat' dir='ltr'><strong>quia</strong></span> 
     </span>
    </p>
   </div>
  </div>
