4154 6324
697 351 794 405 507

695 461 853 514 alium
877 459 1033 532 jussit
1063 459 1112 513 id
1143 458 1333 524 facere,
1365 473 1427 513 ac
1449 458 1830 528 periclitantem
1865 455 2114 516 servavit,
2139 453 2262 508 hinc

696 553 828 608 ﬁdes
867 568 1049 607 eorum
1093 550 1380 606 admodum
1413 560 1563 604 aucta
1614 559 1714 604 est.
1750 548 1899 602 Tunc
1937 547 2080 601 enim
2118 558 2265 599 mare

695 648 1003 716 increpavit,
1036 661 1175 700 nunc
1214 659 1318 698 non
1359 645 1614 714 increpat,
1652 642 1753 696 alio
1781 640 2072 709 majorique
2105 637 2263 692 modo

693 739 978 807 potentiam
1003 752 1154 793 suam
1182 735 1486 791 ostendens.
1527 733 1646 788 Ideo
1688 733 1974 787 dicebant:
2013 729 2139 784 Vere
2164 727 2260 782 Fi-

691 833 790 886 lias
819 829 916 885 Dei
942 847 1014 884 es.
1054 830 1187 898 Quid
1217 828 1417 898 igitur?
1455 845 1521 881 an
1562 826 1851 895 increpavit
1885 838 1980 879 eus
2023 823 2112 893 qui
2163 823 2261 876 hoc

689 921 964 976 dicereut?
994 921 1104 974 lmo
1132 930 1313 974 contra
1339 919 1555 974 omnino
1586 933 1598 969 :
1630 917 1730 970 hoc
1756 916 1955 970 dictum
1981 915 2138 968 etiam
2167 911 2258 964 ﬁr-

690 1014 872 1077 mavit,
904 1028 1022 1066 cum
1065 1011 1248 1080 majori
1281 1017 1539 1078 potestate
1578 1023 1771 1062 curans
1800 1019 1891 1061 eos
1920 1005 2008 1074 qui
2036 1001 2258 1057 accede-

690 1112 844 1169 rent,
874 1113 928 1155 et
978 1116 1081 1155 non
1123 1111 1179 1154 ιιι
1229 1108 1402 1154 antea.
1437 1100 1528 1154 δι.
1581 1096 1645 1150 Et
1687 1113 1798 1150 cum
1837 1098 2254 1163 transfretassent,

691 1194 878 1264 inquit,
909 1201 1145 1247 venerunt
1177 1193 1230 1245 in
1260 1201 1443 1245 terram
1478 1189 1764 1243 Genesaret.
1801 1188 1888 1242 35.
1936 1185 2001 1239 Et
2027 1202 2142 1239 cum
2169 1202 2258 1239 co-

687 1288 969 1358 guocissent
997 1302 1110 1339 eum
1147 1287 1237 1338 uiri
1267 1284 1366 1338 loci
1393 1285 1547 1346 illius,
1580 1283 1816 1334 miserunt
1845 1280 1898 1333 in
1923 1295 2118 1333 omnem
2159 1278 2260 1332 cir-

686 1395 802 1432 cum
835 1379 1086 1448 regionem
1110 1377 1271 1441 illam,
1303 1386 1348 1429 et
1377 1374 1657 1427 obtulerunt
1693 1375 1739 1425 ei
1781 1387 1951 1425 anates
1989 1371 2120 1423 male
2160 1370 2257 1421 lia-

688 1472 874 1532 centes,
906 1470 992 1525 56.
1025 1481 1070 1525 et
1090 1468 1329 1539 rogabant
1349 1475 1399 1519 ut
1423 1472 1678 1535 tangerent
1706 1462 1955 1532 ﬁmbriam
1985 1462 2259 1514 vestimenti

689 1564 814 1631 ejus,
843 1572 888 1614 et
917 1571 1152 1632 quotquot
1191 1560 1472 1630 tetigerunt,
1501 1557 1626 1610 salui
1661 1557 1780 1627 facti
1811 1565 1944 1608 sunt.
1976 1553 2088 1607 Non
2115 1552 2256 1606 enim

687 1663 743 1707 ut
769 1653 913 1722 prius
937 1654 1105 1722 ipsum
1134 1652 1199 1705 ad
1223 1651 1412 1706 domos
1441 1663 1566 1704 suas
1589 1647 1886 1709 trahebant,
1920 1660 2017 1700 nec
2049 1657 2256 1712 qumre-

687 1747 812 1798 bant
841 1754 896 1799 ut
916 1761 1074 1799 manu
1096 1753 1350 1814 tangeret,
1374 1757 1437 1798 ac
1451 1741 1625 1797 verbis
1653 1741 1938 1810 imperaret
1961 1755 1975 1792 :
2002 1736 2095 1793 sed
2129 1735 2256 1791 sub-

687 1837 863 1890 limius
887 1835 1300 1905 sapientiusque,
1343 1849 1405 1889 ac
1441 1825 1560 1889 cum
1587 1831 1769 1902 majori
1798 1830 1900 1886 ﬁde
1929 1829 2254 1885 curationem

690 1926 1058 1997 impetrabant.
1081 1926 1210 1980 Nam
1239 1941 1298 1981 ea
1335 1940 1453 1994 qua:
1496 1925 1692 1978 ﬂuxum
1723 1922 1992 1992 sanguinis
2024 1919 2258 1989 patieba-

688 2033 789 2085 tur,
833 2021 1082 2074 omnibus
1122 2016 1466 2087 phil050phia:
1514 2016 1670 2086 hujus
1718 2016 1967 2084 magistra
2013 2011 2129 2066 fuit.
2185 2009 2256 2067 Ut

686 2111 930 2166 ostendat
968 2119 1143 2164 autem
1194 2107 1531 2179 evangelista,
1584 2106 1693 2176 jam
1739 2120 1769 2158 a
1811 2104 1980 2159 multo
2017 2112 2257 2171 tempore

687 2202 858 2270 ipsum
889 2201 941 2256 in
990 2205 1085 2255 bas
1133 2211 1310 2269 partes
1349 2197 1579 2260 venisse,
1619 2199 1734 2251 ait:
1763 2194 1887 2250 Cum
1916 2195 2256 2265 cognovissent

689 2294 778 2346 viri
799 2293 895 2346 laci
923 2293 1081 2357 illius,
1111 2293 1350 2346 miserunt
1371 2291 1436 2341 ad
1460 2305 1654 2343 omnem
1688 2288 1878 2341 circum
1905 2286 2178 2356 regionem,
2211 2293 2257 2337 et

685 2395 899 2454 tegrotos
927 2382 1198 2449 offerebant
1221 2383 1286 2437 ei.
1313 2384 1559 2436 Attamen
1589 2389 1795 2448 tempus
1825 2394 1926 2432 non
1955 2377 2112 2431 modo
2151 2392 2254 2430 non

686 2476 840 2530 solvit
870 2457 1048 2541 tidem,
1071 2475 1164 2528 sed
1190 2483 1243 2528 et
1270 2472 1523 2542 majorem
1552 2469 1744 2533 eﬁecit,
1777 2479 1831 2524 et
1855 2470 2116 2538 vigentem
2145 2484 2258 2523 ser-

684 2567 844 2620 vavit.
883 2566 1181 2637 Tangamus
1221 2578 1348 2632 ergo
1389 2576 1485 2616 uos
1527 2575 1738 2631 quoque
1784 2559 2043 2613 ﬁmbriam
2091 2559 2257 2612 vesti-

686 2657 849 2711 menti
878 2657 1025 2726 ejus;
1054 2657 1184 2721 imo,
1215 2655 1260 2710 si
1295 2655 1537 2717 velimus,
1575 2660 1739 2707 totum
1767 2651 1937 2719 ipsum
1977 2649 2253 2704 habemus.

685 2730 817 2804 Nam
841 2762 1033 2816 corpus
1071 2761 1211 2800 nunc
1255 2745 1407 2799 nobis
1437 2743 1760 2814 propositum
1799 2751 1914 2807 est;
1955 2755 2062 2795 non
2093 2739 2257 2796 vesti-

685 2849 923 2896 mentum
949 2850 1169 2903 tantum,
1197 2839 1290 2892 sed
1311 2852 1531 2906 corpus;
1555 2851 1658 2890 non
1686 2844 1743 2888 ut
1767 2843 2042 2904 tangamus
2061 2834 2256 2898 solum,

684 2935 779 2987 sed
818 2932 976 2987 etiam
1007 2939 1065 2985 ut
1106 2929 1468 2992 comedamus,
1516 2935 1570 2982 et
1611 2926 1885 2982 satiemur.
1927 2923 2257 2980 Accedamus

687 3028 862 3096 itaque
886 3040 1008 3080 cum
1041 3021 1378 3090 ﬁde,'singuli
1412 3027 1750 3090 mgrotantes.
1777 3017 1908 3074 Nam
1937 3020 1980 3072 si
2011 3019 2047 3073 ii
2075 3018 2164 3088 qui
2203 3018 2255 3072 iu

691 3117 951 3172 ﬁmbriam
989 3113 1286 3168 vestimenti
1323 3110 1438 3181 ejus
1473 3111 1775 3181 tangebant,
1813 3117 2012 3163 tantam
2045 3108 2144 3162 sibi
2174 3117 2258 3161 at-

689 3221 897 3263 traxere
939 3208 1207 3270 virtutem,
1255 3213 1451 3274 quantu
1484 3204 1652 3274 magis
1690 3204 1725 3257 ii
1773 3204 1862 3272 qui
1894 3211 2058 3257 totum
2089 3201 2258 3271 ipsum

688 3301 905 3357 tenent?
954 3298 1222 3356 Accedere
1259 3305 1434 3351 autem
1484 3311 1607 3349 cum
1656 3293 1760 3348 ﬁde
1789 3309 1893 3348 non
1936 3303 2019 3349 est
2055 3302 2258 3347 tantum

684 3393 1016 3464 propositum
1069 3404 1260 3460 corpus
1302 3389 1575 3458 accipere,
1619 3387 1713 3442 sed
1753 3401 1873 3440 cum
1923 3400 2054 3454 puro
2099 3383 2261 3439 corde

691 3496 925 3552 tangere,
955 3490 1115 3550 atque
1141 3482 1209 3534 ita
1238 3477 1481 3533 aﬁ‘ectum
1509 3491 1644 3541 esse,
1675 3489 1738 3530 ac
1755 3476 1798 3529 si
1821 3474 1888 3529 ad
1913 3476 2083 3543 ipsum
2111 3473 2264 3528 Chri-

693 3585 830 3630 stum
855 3573 1098 3627 accedas.
1120 3571 1254 3638 Quid
1281 3572 1444 3636 enim,
1488 3569 1533 3624 si
1571 3582 1754 3623 vocem
1793 3568 1906 3636 ejus
1944 3581 2048 3621 non
2073 3565 2261 3621 audis?

693 3670 760 3721 At
783 3664 928 3719 vides
949 3663 1091 3718 illum
1110 3663 1393 3732 jacentem,
1424 3661 1531 3714 imo
1563 3673 1689 3714 vero
1722 3672 1906 3713 vocem
1933 3655 2049 3726 ejus
2088 3656 2261 3722 audis,

693 3757 958 3827 loquentis
982 3769 1072 3822 per
1095 3753 1464 3822 evangelistas.

762 3847 814 3902 ὃ.
845 3846 1056 3902 Credite
1089 3845 1265 3915 igitur,
1295 3857 1435 3898 nunc
1468 3841 1612 3896 illam
1646 3855 1852 3896 omnem
1891 3839 2170 3906 celebrari,
2209 3840 2262 3895 in

694 3955 795 4010 qua
825 3940 937 4009 ipse
959 3937 1314 3993 recumbebat.
1348 3934 1487 3989 Nihil
1508 3935 1701 4004 quippe
1727 3933 1841 3989 hazc
1864 3933 1930 3988 ab
1951 3933 2039 3990 illa
2067 3931 2261 3988 differt.

695 4031 878 4099 Neque
913 4030 1054 4084 enim
1095 4029 1233 4083 hanc
1273 4027 1432 4081 homo
1471 4026 1656 4091 efﬁcit,
1691 4026 1832 4080 illam
1876 4025 2133 4090 Christus,
2171 4025 2262 4081 sed

699 4125 782 4179 hic
826 4123 939 4192 ipse
988 4131 1282 4191 utramque.
1332 4119 1553 4187 Quando
1602 4119 1760 4188 igitur
1801 4117 2130 4173 sacerdotem
2175 4117 2264 4172 tibi

697 4214 1019 4283 prabentem
1061 4210 1228 4276 vides,
1267 4226 1334 4265 ne
1368 4219 1518 4279 putes
1553 4208 1882 4264 sacerdotem
1927 4208 2030 4264 hoc
2061 4209 2265 4274 facere;

696 4306 790 4363 sed
814 4303 1006 4360 Christi
1038 4317 1250 4356 manum
1290 4315 1410 4355 esse
1448 4316 1566 4370 qua:
1595 4299 1911 4354 extenditur.
1944 4299 2092 4355 Sicut
2126 4300 2267 4354 enim

697 4412 818 4450 cum
854 4394 1104 4450 sacerdos
1134 4393 1380 4462 baptizat,
1410 4407 1513 4445 non
1543 4391 1654 4461 ipse
1693 4391 1942 4461 baptizat,
1981 4390 2074 4446 sed
2108 4391 2266 4456 Deus,

700 4488 787 4557 qui
812 4497 971 4558 caput
999 4498 1142 4541 tuum
1173 4485 1420 4540 invisibili
1461 4484 1654 4540 virtute
1691 4492 1852 4550 tenet,
1883 4499 1945 4539 ac
1980 4499 2154 4555 neque
2177 4501 2272 4539 an-

699 4578 870 4648 gelus,
894 4592 1066 4648 neque
1100 4576 1461 4646 archangelus,
1508 4591 1607 4632 nec
1652 4575 1786 4631 alius
1810 4575 2070 4645 quispiam
2113 4575 2272 4631 audet

700 4670 957 4726 accedere
989 4679 1043 4724 et
1069 4679 1120 4724 te
1149 4678 1360 4739 tangere
1387 4686 1400 4722 :
1432 4669 1509 4723 sic
1541 4677 1598 4724 et
1621 4682 1780 4724 nunc.
1815 4666 1946 4723 Nam
1981 4682 2100 4723 cum
2135 4669 2272 4725 Deus

700 4762 846 4817 solus
873 4769 1172 4831 regenerat,
1201 4760 1251 4813 id
1299 4761 1388 4816 Dei
1422 4760 1586 4815 solius
1622 4761 1818 4815 donum
1847 4769 1949 4816 est.
1979 4759 2164 4816 Nonne
2193 4760 2274 4814 vi-

702 4855 796 4910 des
821 4868 917 4909 eos
951 4852 1041 4922 qui
1071 4852 1157 4906 hic
1187 4841 1248 4905 in
1292 4851 1428 4906 ﬁlios
1471 4851 1807 4922 adoptantur,
1857 4850 2127 4920 quomodo
2165 4866 2270 4905 non

704 4963 815 5002 rem
859 4945 1032 5000 servis
1073 4945 1424 5010 committant,
1471 4942 1566 4998 sed
1595 4943 1694 5012 ipsi
1732 4942 1798 4997 ad
1827 4941 1998 4998 forum
2022 4942 2273 5012 judiciale

701 5039 916 5094 adsint?
946 5035 1036 5094 Sic
1065 5035 1203 5092 Deus
1233 5051 1337 5090 non
1363 5035 1563 5105 angelis
1599 5035 1702 5092 hoc
1742 5051 1934 5091 munus
1959 5035 2224 5090 commisit
2256 5054 2270 5091 :

704 5129 796 5185 sed
817 5129 930 5198 ipse
950 5128 1102 5183 adest
1121 5128 1316 5197 jubens
1345 5136 1398 5183 et
1423 5127 1610 5182 dicens
1640 5144 1654 5182 :
1685 5127 1858 5183 Nolite
1881 5143 2058 5182 vocare
2081 5138 2274 5198 patrem

704 5232 853 5290 super
876 5232 1057 5276 terram
1080 5220 1291 5293 (Hatth.
1318 5219 1408 5273 25.
1434 5219 1524 5290 9);
1554 5233 1660 5274 non
1686 5226 1745 5273 ut
1769 5230 2012 5290 parentes
2039 5227 2276 5275 contem-

706 5323 826 5380 nat;
853 5312 947 5368 sed
971 5320 1029 5366 ut
1071 5313 1174 5366 illis
1212 5310 1458 5366 omnibus
1491 5309 1743 5364 factorem
1774 5320 1919 5365 tuum
1959 5318 2270 5381 anteponas.

705 5406 793 5478 qui
826 5417 878 5461 te
915 5404 1053 5460 inter
1081 5405 1219 5460 ﬁlios
1245 5418 1372 5460 suos
1400 5403 1698 5474 adscripsit.
1736 5402 1866 5458 Nam
1893 5403 1982 5472 qui
2032 5403 2084 5458 id
2132 5403 2273 5473 quod

704 5502 876 5569 majus
896 5506 1012 5555 erat
1035 5498 1198 5561 dedit.
1230 5498 1331 5553 hoc
1359 5507 1459 5564 est,
1493 5498 1745 5568 seipsum,
1786 5496 1953 5550 multo
1987 5496 2154 5567 magis
2191 5495 2275 5550 di-

703 5587 950 5661 gnabitur
975 5605 1127 5646 suum
1154 5590 1244 5644 tibi
1273 5590 1484 5645 tradere
1523 5603 1734 5658 corpus.
1764 5587 2052 5642 Audiamus
2095 5587 2274 5656 igitur,

703 5695 756 5736 ιιι
793 5680 1118 5746 sacerdotes,
1149 5692 1203 5736 et
1228 5681 1420 5736 subditi
1460 5680 1559 5746 eis,
1605 5688 1800 5749 quanto
1835 5692 2054 5733 munere
2081 5677 2276 5748 dignati

705 5775 897 5840 simus;
935 5773 1230 5842 audiamus,
1275 5781 1329 5828 et
1370 5771 1851 5842 perhorrescamus.
1891 5768 2080 5826 Sacras
2125 5769 2278 5827 nobis

1344 347 1400 402 S.
1439 344 1712 402 JOANNIS
1747 277 2217 398 CllRYS/OSTOMI
2265 340 2577 399 ARCHIEP.
2619 341 3148 400 CONSTANTINOP.

3844 347 3946 402 508

2371 469 2557 509 carnes
2585 468 2711 510 suas
2729 454 3086 511 comedendas
3115 455 3279 521 dedit,
3309 456 3544 525 seipsum
3571 457 3817 526 apposuit
3845 459 3945 511 im-

2369 545 2643 598 molatum.
2670 544 2799 610 Qua:
2829 546 2986 614 igitur
3025 547 3176 602 nobis
3221 548 3492 601 excusatio
3537 546 3659 613 erit,
3699 563 3820 601 cum
3855 548 3947 601 tali

2367 637 2502 706 pasti
2528 638 2666 702 cibo,
2703 639 2876 691 taliter
2901 639 3222 705 peccemus?
3263 653 3381 693 cum
3419 654 3611 710 agnum
3654 638 3944 693 comeden-

2367 736 2468 793 tes,
2498 729 2603 798 lupi
2652 728 2948 783 efﬁcimur?
2987 745 3104 785 cum
3135 746 3287 786 ovem
3333 731 3732 796 manducantes,
3781 733 3950 786 instar

2367 819 2578 874 leonum
2605 821 2878 890 rapimus?
2919 820 3031 875 Hoc
3067 822 3263 891 quippe
3291 824 3600 894 mysterium
3637 839 3740 878 non
3768 825 3946 879 solum

2363 924 2394 963 a
2440 912 2620 982 rapina
2647 952 2663 979 ,
2700 912 2792 967 sed
2819 913 2977 969 etiam
3007 929 3036 968 a
3072 915 3173 969 levi
3224 915 3494 971 inimicitia
3524 932 3686 987 puros
3730 933 3946 988 semper

2364 1017 2485 1058 esse
2506 1005 2679 1073 jubet.
2721 1005 2850 1059 Nam
2903 1006 3003 1061 hoc
3054 1007 3385 1077 mysterium,
3440 1009 3583 1078 pacis
3629 1018 3710 1064 est
3739 1021 3943 1081 myste-

2363 1093 2500 1148 rium
2532 1111 2547 1145 :
2580 1109 2679 1150 nec
2702 1095 2829 1150 sinit
2854 1095 3050 1152 divitiis
3089 1113 3210 1154 esse
3255 1097 3516 1154 addictos.
3553 1099 3696 1163 ,Nam
3743 1102 3788 1155 si
3829 1101 3945 1170 ipse

2363 1196 2580 1256 propter
2608 1182 2708 1242 nos
2750 1188 2850 1244 sibi
2896 1189 2996 1260 ipsi
3035 1205 3141 1246 non
3193 1193 3447 1261 pepercit,
3485 1208 3593 1264 quo
3637 1194 3837 1249 erimus
3864 1194 3945 1249 di-

2360 1276 2449 1346 gni
2491 1279 2754 1348 supplicio
2780 1281 2826 1335 si
2864 1280 3062 1337 divitiis
3104 1297 3406 1353 parcamus,
3457 1285 3795 1355 animamque
3844 1301 3945 1341 ne-

2360 1370 2663 1440 gligamus,
2715 1386 2811 1442 pro
2856 1388 2961 1444 qua
3020 1374 3135 1445 ipse
3182 1375 3284 1430 sibi
3338 1377 3438 1446 ipsi
3489 1393 3596 1432 non
3657 1378 3946 1447 pepercit?

2362 1464 2560 1521 Judaeis
2585 1465 2802 1536 quidem
2855 1469 3139 1538 quotannis
3181 1469 3234 1523 in
3283 1471 3594 1525 memoriam
3647 1471 3940 1526 beneﬁcio—

2362 1570 2478 1609 rum
2521 1571 2738 1611 suorum
2770 1556 3132 1613 solemnitates
3184 1558 3325 1614 Deus
3367 1560 3632 1625 instituit;
3678 1562 3770 1615 tibi
3814 1577 3943 1616 vero

2361 1645 2581 1716 singulis
2625 1663 2763 1718 pene
2803 1648 2990 1704 diebus
3039 1664 3133 1720 per
3182 1648 3300 1705 haec
3337 1664 3489 1705 sacra
3543 1650 3815 1721 mysteria.
3862 1651 3946 1706 Ne

2363 1735 2520 1803 igitur
2555 1747 2767 1793 crucem
2813 1739 3097 1795 erubescas
3127 1757 3144 1795 :
3176 1741 3290 1796 hac
3340 1743 3536 1812 quippe
3583 1750 3709 1797 sunt
3746 1743 3941 1798 decora

2362 1837 2563 1893 nostra,
2595 1829 2711 1886 haec
2747 1841 2926 1886 nostra
2952 1833 3225 1901 mysteria,
3277 1833 3375 1888 hoc
3418 1849 3671 1889 ornamur
3695 1851 3946 1903 munere,

2361 1919 2462 1974 hoc
2485 1922 2790 1990 gloriamur.
2824 1922 2880 1978 Si
2910 1924 3115 1992 dixero,
3143 1925 3343 1981 Caelum
3370 1935 3424 1981 et
3453 1936 3648 1982 terram
3677 1927 3946 1995 extendit,

2358 2027 2506 2066 mare
2547 2013 2750 2077 eﬁ'udit,
2781 2014 3069 2086 prophetas
3105 2025 3160 2070 et
3198 2017 3414 2088 angelos
3461 2019 3624 2086 misit,
3657 2020 3786 2075 nihil
3817 2020 3946 2076 huic

2358 2101 2434 2155 rei
2461 2116 2558 2172 par
2599 2102 2804 2159 dixero.
2863 2105 2972 2160 lloc
2995 2107 3190 2176 quippe
3231 2117 3389 2176 caput
3413 2116 3496 2164 est
3523 2109 3780 2164 bonorum
3819 2125 3945 2164 osu-

2361 2196 2504 2248 nium
2535 2236 2550 2261 ,
2587 2196 2726 2264 quod
2757 2196 2894 2251 Filio
2933 2212 3030 2252 suo
3059 2214 3162 2252 non
3197 2201 3512 2269 pepercerit,
3555 2209 3612 2255 ut
3639 2216 3821 2256 senius
3847 2201 3948 2257 ab-

2360 2287 2617 2344 alienatos
2642 2298 2900 2344 servaret.
2925 2289 3110 2345 Nullus
3123 2306 3250 2362 ergo
3269 2291 3431 2347 Judas
3451 2293 3589 2348 hanc
3612 2293 3767 2348 adeat
3792 2309 3946 2349 meu-

2360 2397 2509 2446 sam;
2565 2381 2742 2436 nullus
2788 2382 2970 2438 Simon
3019 2402 3032 2436 :
3082 2383 3243 2438 ambo
3304 2383 3446 2439 enim
3515 2401 3611 2454 per
3663 2386 3946 2440 avaritiam

2361 2475 2650 2544 perierunt.
2693 2475 2978 2545 Fugiamus
3026 2476 3202 2545 itaque
3250 2476 3352 2532 hoc
3393 2476 3722 2541 barathrum,
3767 2495 3949 2548 neque

2361 2575 2605 2632 putemus
2625 2564 2776 2620 nobis
2803 2565 2932 2620 satis
2960 2580 3077 2620 esse
3097 2565 3164 2620 ad
3198 2567 3442 2634 salutem,
3475 2567 3518 2622 si
3550 2579 3826 2638 postquam
3860 2569 3946 2622 vi-

2359 2656 2490 2710 duas
2522 2666 2577 2712 et
2597 2656 2828 2727 pupillos
2865 2657 3304 2726 exspoliavimus,
3345 2659 3593 2728 poculum
3635 2674 3855 2714 aureum
3891 2670 3951 2714 et

2361 2747 2583 2817 gemmis
2623 2755 2867 2802 ornatum
2897 2763 3095 2802 mensm
3139 2747 3444 2802 offeramus.
3475 2748 3606 2803 Nam
3650 2749 3693 2803 si
3723 2749 3801 2803 vis
3843 2747 3951 2805 hoc

2360 2838 2676 2892 sacriﬁcium
2705 2837 2990 2902 honorare,
3037 2839 3266 2897 animam
3312 2838 3466 2906 olTer,
3495 2839 3565 2893 ob
3609 2854 3766 2909 quam
3792 2838 3952 2895 Chri-

2361 2938 2473 2981 stus
2497 2927 2800 2983 immolatus
2826 2936 2908 2982 est
2937 2944 2950 2982 :
2980 2928 3117 2983 hanc
3139 2927 3298 2983 facito
3324 2944 3537 2984 auream
3571 2946 3584 2982 :
3614 2930 3658 2984 si
3682 2943 3811 2984 vero
3832 2929 3950 2999 ipsa

2361 3021 2429 3076 sit
2457 3019 2670 3089 plumbo
2698 3029 2753 3074 et
2781 3028 2913 3074 testa
2939 3018 3191 3093 deterior,
3236 3035 3329 3074 vas
3371 3029 3550 3075 autem
3592 3035 3814 3075 aureum
3853 3022 3952 3086 sit,

2362 3110 2487 3180 quid
2509 3111 2632 3166 inde
2659 3110 2789 3165 lucri
2814 3111 2837 3164 i
2861 3110 2938 3166 Ne
2968 3111 3128 3182 igitur
3157 3112 3258 3166 hoc
3282 3127 3532 3166 curemus
3558 3112 3729 3166 solum
3763 3121 3819 3165 ut
3845 3128 3949 3166 au-

2363 3218 2454 3258 rea
2485 3217 2608 3257 vasa
2645 3201 2953 3265 oﬁ‘eramus,
2997 3205 3090 3259 sed
3118 3214 3175 3259 ut
3198 3219 3263 3259 cx
3301 3204 3461 3273 justis
3487 3203 3774 3257 laboribus.
3823 3203 3954 3259 llzuc

2364 3293 2563 3363 quippe
2591 3303 2716 3348 sunt
2742 3307 2873 3348 auro
2894 3294 3232 3363 pretiosiora,
3264 3310 3384 3363 quas
3421 3309 3528 3349 non
3555 3310 3620 3348 ex
3648 3294 3867 3348 avaritia
3896 3304 3954 3349 et

2367 3385 2553 3455 rapina
2594 3395 2739 3455 parta
2789 3395 2932 3440 sunt.
2975 3385 3158 3456 Neque
3182 3387 3323 3441 enim
3351 3387 3571 3441 aurivel
3598 3387 3804 3456 argenti
3831 3386 3956 3442 ofli-

2365 3480 2482 3533 cina
2509 3487 2592 3533 est
2631 3479 2877 3546 ecclesia,
2920 3480 3015 3536 sed
3063 3480 3372 3550 angelorum
3421 3480 3703 3537 celebritas
3734 3494 3751 3537 :
3780 3498 3952 3550 quare

2366 3572 2644 3627 animabus
2665 3572 2818 3626 nobis
2843 3581 2926 3627 est
2949 3586 3084 3640 Opus
3111 3592 3125 3628 ι
3151 3589 3271 3626 nam
3295 3572 3409 3628 haec
3432 3588 3554 3629 vasa
3584 3585 3802 3645 propter
3829 3577 3953 3629 ani-

2368 3678 2482 3717 mas
2519 3663 2750 3718 admittit
2797 3663 2953 3719 Deus.
2996 3663 3112 3718 Non
3165 3674 3281 3719 erat
3317 3674 3567 3735 argentea
3605 3679 3789 3721 mensa
3839 3665 3954 3730 illa,

2367 3769 2468 3810 nec
2507 3769 2701 3809 aureus
2742 3755 2875 3810 calix
2909 3755 2960 3810 in
3011 3769 3118 3825 quo
3143 3755 3455 3825 sanguinem
3496 3770 3650 3810 suum
3676 3755 3960 3825 discipulis

2367 3844 2609 3900 Christus
2629 3844 2774 3900 dedit
2807 3865 2820 3901 :
2853 3845 2946 3901 sed
2980 3854 3156 3902 tamen
3198 3846 3376 3900 omnia
3414 3846 3503 3901 illa
3530 3848 3758 3916 pretiosa
3797 3835 3960 3902 erant

2367 3945 2422 3992 et
2443 3937 2734 4004 tremenda,
2777 3937 2898 4008 quia
2939 3939 3116 3992 omnia
3181 3936 3379 4006 Spiritu
3415 3937 3618 4007 repleta
3659 3948 3830 3992 erant.
3862 3934 3964 3993 Vis

2370 4042 2562 4097 corpus
2591 4028 2786 4083 Christi
2832 4027 3136 4083 honorare?
3181 4027 3295 4082 Non
3335 4027 3598 4099 despicias
3637 4030 3810 4100 ipsum
3853 4046 3964 4084 nu-

2371 4117 2500 4171 dum
2530 4135 2544 4170 :
2573 4132 2744 4188 neque
2770 4118 2859 4173 hic
2886 4119 3071 4173 sericis
3097 4119 3331 4173 vestibus
3358 4118 3610 4183 honores,
3634 4121 3762 4175 toris
3775 4131 3963 4176 autem

2375 4207 2568 4280 frigore
2612 4224 2673 4264 ac
2720 4209 2957 4264 nuditate
3003 4208 3258 4264 afﬂictum
3304 4211 3558 4281 negligas.
3612 4210 3744 4266 Nam
3778 4213 3822 4264 is
3865 4215 3968 4282 qui

2372 4301 2525 4367 dixit,
2550 4298 2663 4354 Hoc
2689 4311 2762 4357 est
2794 4318 2977 4371 corpus
3005 4319 3173 4356 meum
3199 4303 3413 4374 (Matth.
3446 4303 3538 4358 26.
3565 4303 3683 4373 26),
3711 4314 3765 4358 et
3793 4306 3975 4360 verbo

2373 4409 2487 4449 rem
2517 4393 2763 4458 ﬁrmavit,
2792 4392 2932 4449 idem
2982 4394 3094 4463 ipse
3132 4393 3307 4448 dixit:
3338 4393 3659 4450 Esurientem
3699 4412 3780 4450 me
3823 4397 3973 4450 uidi-

2374 4484 2484 4551 stis,
2514 4494 2558 4537 et
2584 4500 2684 4538 non
2709 4485 3024 4550 nutrivistis;
3051 4493 3124 4551 et,
3155 4483 3222 4540 In
3251 4496 3495 4554 quantum
3523 4503 3625 4540 non
3652 4488 3840 4558 fecistis
3870 4492 3974 4544 uni

2377 4576 2553 4628 horum
2590 4574 2932 4640 nsinimorttm,
2979 4591 3068 4628 nec
3097 4575 3220 4629 mihi
3257 4576 3450 4647 fecistis
3495 4575 3704 4648 (Matth.
3735 4577 3827 4634 25.
3864 4579 3972 4635 42.

2375 4668 2490 4739 45).
2529 4666 2643 4723 Hoc
2695 4679 2841 4722 certe
2891 4683 2994 4722 non
3026 4682 3160 4739 opus
3210 4670 3369 4723 habet
3415 4670 3633 4737 amictu,
3686 4670 3780 4726 sed
3827 4687 3981 4741 puro

2377 4759 2587 4824 animo;
2613 4758 2740 4813 illud
2759 4768 2936 4814 autem
2957 4774 3144 4829 magna
3169 4773 3303 4830 Opus
3324 4758 3483 4815 habet
3509 4776 3662 4816 cura;
3682 4761 3984 4821 Discamus

2378 4851 2555 4922 itaque
2595 4851 2977 4923 philosophari,
3028 4862 3080 4907 et
3121 4851 3390 4908 Christum
3432 4853 3700 4910 honorare
3751 4865 3808 4910 ut
3847 4857 3984 4926 ipse

2379 4942 2492 4997 vult
2522 4957 2538 4998 :
2567 4958 2691 5005 nam
2716 4943 2787 5009 ei,
2815 4943 2906 5013 qui
2932 4941 3239 5011 honoratur,
3273 4944 3446 5000 honor
3472 4945 3562 5000 ille
3589 4947 3980 5016 suavissimus,

2378 5048 2537 5103 quem
2569 5034 2683 5103 ipse
2710 5043 2890 5102 optat,
2920 5049 3024 5088 non
3055 5049 3211 5106 quem
3244 5049 3342 5089 nos
3379 5045 3648 5106 putamus.
3689 5036 3984 5107 Siquidem

2380 5125 2568 5181 Petrus
2598 5140 2656 5181 se
2684 5126 2830 5181 illum
2866 5127 3127 5182 honorare
3159 5129 3396 5197 putabat,
3425 5129 3543 5184 cum
3581 5128 3858 5186 cohiberet
3899 5148 3989 5189 ne

2383 5217 2545 5287 pedes
2571 5233 2698 5274 suos
2731 5218 2931 5273 levaret
2971 5217 3149 5289 (Joan.
3179 5219 3266 5273 15.
3298 5220 3389 5289 8);
3422 5219 3518 5275 sed
3554 5221 3604 5276 id
3643 5224 3782 5290 quod
3811 5224 3987 5281 vole-

2381 5311 2471 5366 bat
2497 5326 2600 5366 non
2631 5321 2747 5366 erat
2768 5311 2960 5379 honor,
2983 5312 3078 5368 sed
3099 5327 3252 5367 secus
3279 5314 3517 5368 omnino.
3542 5313 3634 5369 Sic
3659 5323 3710 5368 et
3738 5323 3791 5368 tu
3815 5315 3990 5373 illum

2381 5403 2481 5472 ipsi
2525 5403 2716 5460 exhibe
2763 5403 3019 5460 honorem
3061 5419 3218 5474 quem
3266 5417 3382 5475 tege
3428 5408 3699 5478 przecepit,
3753 5407 3996 5468 divitias

2383 5504 2502 5550 tuas
2529 5494 2850 5566 pauperibus
2891 5511 3137 5566 erogans.
3186 5494 3369 5567 Neque
3417 5499 3559 5554 enim
3607 5500 3746 5554 vasis
3788 5502 3996 5560 aureis

2383 5602 2516 5656 opus
2542 5586 2703 5644 habet
2727 5588 2886 5654 Deus,
2916 5589 3009 5643 sed
3036 5590 3310 5645 animabus
3339 5593 3535 5646 aureis.

2453 5678 2506 5732 4.
2545 5676 2880 5750 Elmosyna
2906 5679 3067 5750 magis
3100 5667 3207 5732 Deo
3236 5680 3398 5750 placet
3439 5697 3587 5752 quam
3622 5697 3830 5736 mmo
3873 5685 4000 5754 ipsi

2390 5769 2497 5824 sine
2538 5771 2754 5827 utilitate
2790 5771 3004 5841 proximi
3049 5782 3357 5827 consecrata.
3399 5773 3594 5832 —Hoc
3623 5790 3786 5847 porro
3824 5775 3998 5850 dico,
