4154 6324
192 400 290 457 509

191 532 292 575 non
318 513 464 586 quod
493 504 817 584 prohibeam
846 518 912 561 ne
939 499 1061 559 talia
1086 518 1306 557 munera
1331 507 1680 570 apparentur,
1707 494 1803 552 sed

190 607 488 682 postulans,
531 613 592 658 ut
620 617 748 658 cum
777 599 861 655 his
889 610 943 655 et
972 606 1096 652 ante
1136 595 1252 650 haec
1286 593 1630 660 eleemosyna
1677 604 1805 645 ero-

189 714 361 774 getnr.
392 699 528 755 Nam
552 695 673 751 haec
699 693 916 767 quidem
940 691 1152 760 accipit,
1180 689 1274 743 sed
1298 687 1466 742 multo
1491 684 1662 755 magis
1688 683 1803 739 illa.

189 795 246 848 tn
273 792 358 846 his
387 789 538 846 enim
581 787 629 843 is
673 786 766 857 qui
806 784 964 839 oﬂ'ert
998 782 1145 838 solus
1187 780 1474 834 utilitatem
1511 778 1701 841 habet,
1734 775 1804 832 ibi

186 897 317 939 vero
362 882 532 938 etiam
579 879 628 935 is
666 879 756 951 qui
797 875 1011 946 accipit.
1064 874 1160 929 llic
1203 872 1418 928 videtur
1446 870 1645 926 donum
1686 884 1807 924 esse

188 973 576 1033 ostentationis
615 971 867 1035 occasio;
901 969 970 1023 ibi
1011 971 1356 1038 eleemosyna
1403 973 1456 1018 et
1499 963 1807 1033 benignitas

187 1077 396 1124 tantum
450 1075 553 1120 est.
597 1061 731 1131 Qua:
773 1060 916 1116 enim
949 1057 1153 1115 utilitas
1181 1059 1226 1112 si
1274 1070 1459 1111 mensa
1492 1055 1687 1110 Christi
1733 1058 1806 1108 sit

185 1161 368 1214 aureis
392 1155 607 1254 ppculis
637 1163 854 1216 onusta,
887 1152 1004 1223 ipse
1033 1163 1163 1205 vero
1202 1148 1342 1254 fame
1373 1149 1596 1254 pereat?
1625 1146 1808 1201 Primo

186 1239 524 1306 esurientem
552 1247 736 1317 imple,
764 1254 820 1300 et
842 1254 965 1298 tunc
990 1257 1062 1298 ex
1084 1239 1539 1311 superabundauti
1564 1254 1805 1294 mensam

186 1343 302 1412 ejus
326 1356 562 1396 exorna.
601 1340 842 1396 Aureum
869 1336 1092 1391 calicem
1125 1332 1276 1400 facis,
1310 1339 1369 1388 et
1397 1332 1618 1387 calicem
1655 1346 1807 1402 aqua:

188 1450 293 1490 non
342 1431 487 1488 das?
521 1431 594 1487 Et
630 1429 759 1500 quid
803 1443 940 1501 opus
984 1437 1070 1483 est
1110 1441 1245 1481 auro
1293 1428 1493 1482 intexta
1541 1427 1806 1479 velamina

187 1540 393 1583 mensa:
419 1537 708 1594 apparare,
757 1521 857 1593 ipsi
902 1535 1031 1576 vero
1073 1535 1143 1574 ne
1185 1518 1400 1589 quidem
1442 1517 1805 1573 necessarium

190 1627 563 1690 tegumentum
590 1614 868 1688 prmbere?
885 1613 1010 1686 quid
1034 1612 1158 1668 inde
1179 1613 1311 1668 lucri
1327 1613 1353 1665 τ
1374 1611 1507 1667 Nam
1529 1611 1617 1667 dic
1639 1611 1768 1665 mihi
1788 1628 1804 1666 :

189 1709 228 1765 si
255 1723 421 1779 quem
455 1708 668 1762 videres
694 1707 1003 1761 necessario
1026 1713 1276 1775 egentem
1305 1703 1451 1767 cibo.
1487 1712 1546 1758 et
1583 1703 1702 1773 ipso
1727 1703 1808 1758 sic

191 1799 400 1866 relicto,
451 1812 698 1854 mensam
745 1811 879 1852 auro
918 1795 1286 1852 circumdares
1329 1805 1558 1862 tantum,
1598 1810 1668 1850 an
1710 1795 1806 1852 tibi

189 1892 388 1962 gratias
402 1890 657 1958 haberet,
677 1905 858 1947 annon
877 1891 1054 1963 potius
1071 1890 1439 1963 indignaretur
1453 1889 1478 1943 ἲ
1491 1889 1628 1959 Quid
1655 1905 1804 1956 vero,

190 1985 230 2040 si
259 1984 416 2040 illum
449 1984 667 2040 videres
687 1983 898 2040 detritis
925 1983 1114 2053 pannis
1142 1982 1386 2039 indutum
1415 1993 1470 2038 et
1496 1982 1694 2054 frigore
1728 1984 1806 2038 ri-

191 2084 428 2148 gentem,
465 2086 523 2131 et
549 2077 730 2131 missis
756 2075 1016 2139 vestibus,
1047 2089 1240 2130 aureas
1271 2075 1370 2145 ipsi
1401 2075 1681 2130 columnas
1701 2074 1810 2129 eri-
1836 2085 1839 2087 '

190 2184 366 2240 geres,
396 2167 592 2223 dicens
620 2167 673 2222 id
701 2181 755 2222 te
777 2167 827 2221 in
857 2167 974 2238 ejus
994 2166 1256 2222 honorem
1284 2165 1502 2222 facere?
1531 2169 1725 2222 Annon
1747 2183 1808 2224 se

189 2261 425 2320 derideri
476 2271 712 2333 putaret,
764 2271 924 2328 atque
967 2271 1212 2317 extrema
1250 2262 1576 2317 contumelia
1624 2260 1807 2317 allici?

193 2355 298 2412 lloe
323 2355 497 2410 etiam
523 2355 668 2409 circa
695 2353 972 2409 Christum
1004 2363 1216 2423 reputa,
1243 2368 1366 2410 cum
1395 2353 1736 2410 errabundus
1753 2362 1810 2410 et

190 2448 508 2519 peregrinus
535 2447 804 2514 circumit,
832 2455 978 2502 tecto
1012 2445 1288 2517 indigens;
1322 2454 1378 2501 tu
1421 2455 1600 2501 autem
1631 2446 1721 2501 illo
1752 2446 1804 2501 in

190 2539 458 2610 hospitem
498 2556 607 2595 non
650 2540 908 2606 admisso,
943 2540 1308 2610 pavimentum
1351 2553 1585 2595 exornas
1611 2548 1667 2595 et
1709 2555 1806 2610 pa-

190 2633 347 2688 rietes
375 2632 864 2702 columnarumque
892 2631 1161 2702 capitclla,
1191 2639 1248 2687 et
1271 2642 1561 2703 argenteas
1584 2642 1807 2688 catenas

188 2725 528 2797 lampadibus
552 2726 759 2796 alligas,
791 2725 967 2796 ipsum
998 2740 1128 2780 vero
1159 2725 1210 2779 in
1241 2739 1463 2780 carcere
1492 2724 1714 2796 ligatum
1739 2741 1809 2782 ne

192 2819 370 2875 videre
400 2819 625 2891 quidem
669 2821 927 2875 sustines.
971 2818 1096 2874 llaec
1133 2834 1294 2888 porro
1326 2819 1449 2874 dico
1476 2834 1584 2874 non
1618 2819 1805 2889 prohi-

193 2910 324 2967 bens
369 2922 432 2968 ut
478 2911 599 2968 haec
641 2921 961 2968 ornamenta
1003 2910 1397 2977 adhibeantur;
1448 2911 1544 2967 sed
1588 2924 1647 2966 ut
1690 2911 1807 2970 haec

191 3005 348 3061 etiam
377 3021 506 3061 cum
545 3006 666 3061 aliis
709 3018 1004 3074 curentur;
1033 3007 1140 3061 imo
1183 3006 1374 3061 hortor
1408 3017 1465 3061 ut
1494 3005 1611 3062 haec
1655 3008 1806 3077 prius

190 3113 348 3169 quam
391 3099 499 3153 alia
541 3098 690 3153 liant.
722 3097 894 3154 Nemo
919 3099 1087 3164 enim,
1120 3097 1265 3168 qttod
1305 3099 1493 3154 istlttec
1520 3115 1626 3154 non
1658 3099 1806 3156 lace-

189 3197 286 3252 ret,
321 3199 614 3244 accusatus
657 3204 912 3260 umquam
945 3189 1073 3258 fuit;
1122 3189 1212 3245 illa
1257 3205 1387 3245 vero
1413 3191 1806 3262 negligentibus

188 3281 430 3353 gehenna
461 3282 766 3336 destinatur
803 3293 858 3338 et
902 3286 1038 3354 ignis
1070 3285 1540 3356 inexstingnibilis,
1579 3296 1632 3342 et
1672 3301 1800 3358 sup-

191 3375 409 3446 plicium
439 3391 565 3431 cum
593 3377 929 3432 daemonibus
950 3379 1345 3434 sustinendum.
1374 3379 1454 3436 Ne
1474 3382 1653 3451 itaque
1675 3381 1802 3437 dum

188 3470 403 3524 domum
433 3485 690 3536 exornas,
736 3469 995 3526 amictum
1047 3471 1268 3528 fratrem
1303 3474 1572 3543 despicias
1618 3493 1630 3528 :
1679 3490 1801 3529 nam

189 3568 286 3622 hoc
313 3567 577 3637 templum
611 3566 704 3621 illo
733 3567 1039 3638 pretiosius.
1073 3569 1201 3624 lltec
1227 3571 1426 3640 quippe
1455 3571 1666 3625 cimelia
1700 3587 1801 3641 po-

190 3669 383 3725 terunt,
417 3659 501 3716 vel
528 3676 684 3732 reges
714 3660 976 3726 infideles,
1011 3663 1096 3718 vel
1126 3664 1359 3737 tyranni,
1394 3664 1480 3719 vel
1515 3663 1660 3720 fures
1699 3680 1798 3718 au-

1361 3941 1700 4005 HOMILIA
1756 3940 1860 4006 LI.

183 4112 306 4171 Car.
349 4115 436 4171 l5.
465 4130 522 4169 v.
553 4115 605 4169 l.
648 4111 791 4168 Tunc
817 4124 1136 4168 accesserunt
1169 4113 1238 4167 ad
1266 4112 1446 4168 Jesum
1471 4129 1503 4166 a
1527 4112 1797 4185 Jerosoly-

364 4210 460 4264 mis
481 4209 665 4263 scribta
688 4217 734 4261 et
757 4206 1007 4262 Pharisaei
1029 4207 1272 4274 dicentes,
1308 4208 1499 4274 Quare,
1524 4216 1630 4262 etc.

251 4302 304 4356 1.
346 4302 499 4356 Tunc
526 4316 542 4353 :
565 4299 946 4371 qttandonam?
971 4298 1104 4355 Cum
1133 4301 1280 4356 mille
1302 4301 1452 4372 signa
1479 4298 1638 4364 fecit;
1671 4314 1792 4354 cmn

184 4391 425 4447 inﬁrmus
454 4407 520 4447 ex
551 4401 696 4446 tactu
721 4389 947 4446 ﬁmbrias
973 4391 1200 4446 curavit.
1239 4391 1362 4446 Ideo
1388 4392 1532 4446 enim
1564 4407 1798 4462 evange-

184 4485 297 4540 lista
327 4494 546 4554 tempus
574 4483 794 4551 indicat,
825 4496 882 4539 ut
914 4469 1153 4554 ipsorum
1200 4485 1469 4556 ingentem
1499 4486 1792 4556 nequitiam

181 4577 428 4633 ostendat
458 4577 590 4632 nulli
623 4577 904 4632 cedentem
956 4576 1095 4645 Quid
1137 4579 1236 4632 sibi
1265 4577 1379 4632 vult
1409 4577 1565 4643 illud,
1600 4577 1673 4631 Ab
1700 4577 1788 4631 Je-

182 4671 453 4742 rosolymis
494 4670 678 4724 scriba:
705 4678 753 4724 et
783 4667 1082 4725 Pharisaei!
1121 4671 1254 4739 Quia
1299 4671 1349 4726 in
1395 4672 1646 4726 omnibus
1692 4673 1792 4726 tri-

178 4761 350 4819 bubus
377 4760 612 4834 dispersi
648 4773 823 4825 erant.
859 4773 915 4820 et
944 4763 995 4818 in
1037 4763 1319 4820 duodecim
1362 4775 1542 4836 partes
1572 4765 1727 4819 divisi
1772 4780 1789 4818 :

177 4855 267 4910 sed
308 4854 752 4928 Jeromlymitani
795 4857 1008 4912 eteteris
1051 4856 1337 4928 nequiores
1381 4868 1556 4922 erant,
1601 4867 1658 4912 ut
1697 4859 1788 4929 qui

176 4948 364 5018 majori
397 4947 712 5004 fruerentur
737 4947 962 5011 honore,
992 4959 1048 5024 et
1081 4951 1374 5022 plurimum
1417 4951 1520 5007 sibi
1561 4968 1787 5024 arroga-

173 5051 309 5096 reut.
341 5041 626 5111 Perpende
650 5055 827 5097 autem
857 5044 1131 5115 quomodo
1160 5061 1223 5100 ex
1255 5046 1368 5117 ipsa
1415 5061 1509 5102 sua
1552 5047 1788 5104 interro-

165 5135 392 5202 gatione
423 5135 727 5203 capiantur.
760 5133 943 5206 Neque
969 5137 1114 5191 enim
1141 5138 1347 5202 dicunt,
1375 5136 1484 5194 Cur
1512 5152 1785 5213 transgre-

172 5222 393 5280 diuutur
437 5225 611 5296 legem
646 5225 886 5298 Moysis?
929 5227 1046 5295 sed,
1097 5227 1444 5286 Tradiliunem
1485 5233 1789 5288 seniorum?

173 5314 325 5374 Unde
358 5319 539 5390 palam
566 5328 672 5385 est,
703 5321 869 5376 multa
893 5323 1207 5379 sacerdotes
1229 5324 1536 5390 innovasse,
1571 5329 1782 5384 etiamsi

169 5409 382 5484 lloyses
419 5428 617 5483 magno
641 5421 866 5480 terrore,
900 5415 1191 5488 multisque
1219 5418 1379 5473 minis
1411 5419 1666 5475 adhibitis
1693 5437 1787 5478 ve-

177 5508 364 5561 tuisset
391 5520 463 5561 ne
488 5505 618 5576 quid
646 5506 929 5573 adderent,
964 5510 1047 5564 vel
1086 5509 1385 5568 demerent.
1420 5511 1541 5567 Non
1566 5514 1783 5585 adjicie-

169 5597 229 5652 tis
254 5601 324 5653 ad
355 5599 582 5664 verbum,
611 5599 750 5670 quod
775 5617 865 5672 ego
898 5603 1139 5672 pracipio
1165 5604 1304 5659 vobis
1338 5605 1512 5674 hodie,
1557 5624 1649 5662 nec
1683 5626 1781 5663 au-

167 5691 338 5760 feretis
365 5692 428 5746 ab
452 5709 510 5748 eo
541 5691 724 5764 (Deut.
747 5693 800 5750 4.
828 5693 912 5765 2).
940 5695 1221 5768 Nihiloque
1248 5699 1428 5757 minus
1454 5716 1588 5756 nova
1622 5703 1778 5757 indu-

169 5783 397 5849 cebant;
433 5797 492 5840 ut
520 5786 620 5842 hoc
650 5798 789 5855 erat,
835 5804 902 5843 ne
933 5788 1095 5844 illotis
1126 5792 1374 5849 manibus
1405 5796 1776 5863 eomederent,

171 5885 223 5928 ut
247 5878 441 5942 poeula
464 5887 519 5935 et
538 5894 663 5936 vasa
686 5894 837 5937 tenes
863 5881 1166 5952 abluerent,
1197 5895 1254 5941 ut
1280 5901 1399 5944 sese
1421 5889 1776 5960 baptizarent.

1275 384 1340 442 ΙΝ
1380 379 1792 440 ΜΛΤΪΙῐᾹΞυΜ
1821 378 2055 437 HOMIL.
2099 379 2187 436 ιι.
2228 380 2301 435 al.
2345 377 2452 435 LII.

3429 375 3540 435 5m

1921 495 2099 561 ferre;
2145 508 2502 564 quaecumque
2555 508 2683 548 vero
2729 491 2962 565 benigne
3004 491 3058 546 in
3099 490 3324 548 fratrem
3366 488 3536 548 uicies

1913 588 2266 650 esurientem,
2300 585 2668 657 peregrinum,
2699 584 2924 649 nudum,
2950 598 3020 640 ne
3039 582 3287 640 diabolus
3314 582 3535 656 quidem

1915 681 2114 752 poterit
2134 678 2369 744 auferre,
2398 678 2495 734 sed
2523 679 2576 734 in
2604 677 2861 734 thesauro
2884 676 3126 733 manebit
3146 676 3366 732 intacto.
3392 676 3533 746 Quid

1916 773 2076 844 igitur
2103 773 2179 828 ait
2222 771 2346 828 ille?
2375 771 2640 842 Pauperes
2667 772 2924 842 vobiscum
2955 786 3156 841 semper
3189 769 3405 837 habetis,
3453 785 3538 824 me

1913 876 2083 918 autem
2108 881 2308 936 semper
2331 881 2435 919 non
2464 865 2658 920 habetis
2691 863 2907 935 (Matth.
2937 863 3030 920 26.
3061 861 3177 939 11).
3223 862 3349 918 Ideo
3386 864 3533 919 enim

1914 960 2150 1015 maxime
2175 957 2548 1019 misericordia
2578 959 2781 1014 moveri
2808 967 3045 1029 oportet,
3091 959 3215 1028 quia
3248 972 3353 1012 non
3384 971 3533 1014 sem-

1915 1068 2013 1123 per
2037 1051 2300 1108 habemus
2326 1053 2475 1108 illum
2504 1053 2859 1118 esurientem,
2886 1053 2982 1110 sed
3019 1053 3072 1108 in
3113 1054 3367 1123 praemuti
3409 1063 3533 1109 tau-

1917 1157 2029 1202 tum
2056 1146 2188 1203 vita.
2220 1147 2377 1215 Quod
2416 1148 2462 1203 si
2495 1148 2630 1203 velis
2675 1157 2844 1203 totam
2874 1147 3002 1203 dicti
3046 1146 3167 1219 ejus
3207 1147 3533 1204 sententiam

1915 1239 2182 1307 ediscere,
2230 1239 2377 1294 andi.
2412 1240 2528 1297 lloc
2565 1240 2633 1296 ad
2664 1240 2961 1310 discipulos
2999 1240 3205 1295 dictum
3253 1242 3360 1295 non"
3406 1239 3530 1308 fuit,

1914 1334 2126 1389 etiamsi
2159 1334 2230 1388 ita
2271 1333 2519 1390 videatur
2545 1375 2559 1399 ,
2611 1333 2707 1390 sed
2746 1333 3103 1390 imbecillitati
3143 1333 3384 1390 mulieris
3427 1334 3531 1390 ad-

1914 1437 2156 1498 aptatum
2188 1435 2290 1482 est.
2332 1427 2466 1496 Quia
2493 1426 2638 1482 enim
2669 1427 2847 1482 adlmc
2877 1428 3244 1499 itnperfectior
3272 1436 3414 1494 erat,
3456 1429 3531 1485 illi

1912 1534 2046 1575 vero
2073 1518 2172 1589 ipsi
2200 1519 2416 1575 molesti
2459 1529 2635 1586 erant,
2679 1529 2739 1575 ut
2770 1520 2915 1575 illam
2943 1521 3212 1576 solaretur
3242 1519 3358 1578 hate
3385 1521 3526 1578 dice-

1915 1613 2026 1670 bat.
2056 1613 2112 1670 Id
2138 1629 2267 1669 vero
2294 1624 2441 1686 patet
2467 1629 2536 1670 ex
2570 1614 2636 1668 iis
2665 1629 2784 1683 qua:
2811 1614 2948 1670 dixit
2976 1633 2991 1669 :
3022 1614 3160 1683 Quid
3185 1615 3386 1670 molesti
3412 1615 3535 1670 estis

1914 1706 2033 1759 huic
2055 1705 2260 1760 mulieri
2290 1704 2452 1771 (Ibid.
2481 1721 2528 1759 υ.
2562 1705 2697 1777 10)⁶1
2721 1706 2876 1775 Quod
2905 1716 3085 1763 autem
3113 1707 3288 1777 ipsum
3315 1721 3536 1784 semper

1915 1797 2193 1854 nobiscum
2220 1797 2518 1854 habeamus
2544 1799 2624 1855 sic
2653 1800 2744 1856 ille
2773 1799 2912 1855 dixit
2945 1817 2959 1853 :
2991 1797 3126 1870 Ecce
3151 1817 3244 1873 ego
3273 1797 3532 1856 nobiseum

1911 1907 2028 1946 sum
2056 1891 2290 1946 omnibus
2316 1890 2494 1947 diebus
2535 1909 2692 1964 usque
2724 1893 2794 1946 ad
2827 1894 3314 1950 consummationem
3355 1893 3537 1950 seculi

1915 1982 2135 2055 (Matth.
2169 1983 2260 2040 28.
2301 1984 2422 2058 20).
2458 1985 2538 2040 Ex
2579 1985 2778 2056 quibus
2819 1987 3070 2044 otnnibus
3115 1989 3305 2059 liquet,
3355 1990 3530 2060 ipsum

1914 2091 2023 2132 non
2053 2077 2158 2132 alia
2185 2076 2256 2134 de
2281 2092 2444 2133 causa
2474 2078 2592 2134 haec
2618 2078 2840 2146 dixisse,
2873 2081 2973 2135 nisi
2997 2089 3056 2136 ut
3076 2081 3321 2136 mulieris
3343 2081 3529 2146 ﬁdem,

1913 2183 2036 2240 qua:
2082 2180 2209 2224 tunc
2259 2169 2584 2240 pullulabat,
2637 2170 3030 2242 discipulorum
3078 2175 3377 2245 increpatio
3423 2190 3533 2230 non

1914 2263 2157 2320 laederet.
2200 2263 2282 2320 Ne
2312 2264 2475 2335 igitur
2507 2267 2623 2321 inec
2660 2269 2714 2320 in
2753 2265 2993 2322 medium
3035 2283 3180 2323 nunc
3217 2266 3532 2335 aderamus,

1911 2374 2034 2431 quas
2051 2373 2147 2430 per
2174 2357 2532 2418 meonomiam
2561 2358 2706 2416 dicta
2735 2370 2882 2425 sunt.
2909 2361 3006 2416 sed
3029 2359 3176 2432 leges
3197 2375 3389 2418 omnes
3411 2376 3535 2434 quae

1913 2452 1969 2509 in
1997 2468 2157 2517 nova,
2194 2466 2313 2525 qua:
2340 2452 2392 2508 in
2421 2453 2592 2508 veteri
2623 2454 2741 2525 lege
2769 2464 2894 2508 sunt
2925 2455 3190 2526 legentes,
3221 2455 3446 2510 multam
3469 2471 3531 2510 ea

1913 2547 1968 2603 in
2010 2564 2073 2604 re
2106 2563 2294 2604 curam
2323 2548 2721 2618 impendamus.
2751 2547 2867 2604 lloc
2893 2550 3039 2605 enim
3069 2565 3100 2604 a
3132 2560 3358 2621 peccato
3399 2566 3532 2621 pur-

1911 2653 2003 2714 gat
2050 2659 2065 2696 :
2111 2659 2236 2698 nam
2286 2644 2362 2697 ait
2402 2662 2416 2698 :
2458 2642 2592 2696 Dote
2633 2643 3036 2714 elemosynam,
3090 2653 3139 2698 et
3182 2645 3357 2697 omnia
3397 2643 3538 2700 vobis

1913 2736 2107 2789 munda
2134 2746 2282 2789 erunt
2316 2734 2468 2807 (Luc.
2501 2737 2589 2790 11.
2623 2735 2741 2808 41).
2786 2735 2911 2790 11ωο
2938 2733 3205 2791 sacriﬁcio
3231 2737 3404 2807 major
3430 2746 3533 2801 est,

1916 2829 2328 2884 Misericordiam
2355 2831 2554 2902 quippe
2578 2834 2714 2896 volo,
2747 2840 2797 2885 et
2826 2847 2926 2886 non
2957 2831 3265 2900 sacri/icium
3290 2831 3450 2903 (Osee
3475 2832 3532 2887 6.

1914 2920 1995 2992 6).
2025 2921 2140 2976 Hoc
2165 2923 2329 2977 cazlos
2369 2923 2541 2991 aperit
2577 2943 2589 2978 :
2625 2922 2918 2991 Orationes,
2965 2925 3155 2994 inquit,
3202 2934 3305 2979 tum
3331 2934 3379 2979 et
3405 2925 3538 2979 elee-

1911 3029 2141 3086 mosyme
2165 3024 2267 3069 tuae
2291 3016 2626 3070 ascenderunt
2652 3017 2706 3070 in
2737 3018 3034 3071 memoriam
3060 3018 3114 3072 in
3139 3028 3412 3088 conspectu
3436 3017 3534 3073 Dei

1912 3108 2054 3178 (Act.
2086 3107 2170 3164 l0.
2200 3109 2278 3178 4).
2307 3108 2421 3162 Hoc
2447 3110 2618 3179 magis
2645 3111 3012 3168 necessarium
3054 3119 3138 3165 est
3176 3125 3338 3180 quam
3370 3111 3537 3181 virgi-

1912 3203 2088 3268 nitas;
2123 3218 2245 3256 natn
2276 3203 2626 3275 eleemosyna
2657 3206 2902 3276 neglecta
2926 3204 3031 3258 illa:
3055 3204 3297 3275 expulsa:
3324 3221 3388 3260 ex
3419 3207 3537 3260 tha-

1913 3294 2055 3348 lamo
2082 3292 2336 3360 luerunt;
2367 3295 2485 3349 alite
2507 3310 2636 3352 vero
2659 3297 2916 3368 ingressae
2962 3305 3107 3351 sunt.
3165 3299 3297 3364 Quae
3349 3301 3532 3353 omnia

1911 3403 2034 3442 cum
2059 3386 2318 3454 sciamus,
2339 3389 2672 3444 setniucnnts
2700 3388 2937 3460 largiter,
2973 3399 3030 3446 ιιι
3063 3406 3184 3446 cum
3219 3392 3406 3462 majori
3436 3408 3531 3447 cu-

1910 3480 1994 3547 pia
2023 3489 2309 3544 metamus,
2343 3490 2397 3534 et
2441 3479 2616 3534 futura
2645 3495 3043 3552 consequamur
3069 3483 3204 3539 bona
3231 3526 3246 3551 ,
3277 3484 3450 3554 gratia
3477 3497 3533 3540 et

1912 3572 2240 3644 benignitate
2267 3573 2480 3629 Domini
2508 3577 2678 3631 nostri
2722 3574 2851 3632 Jesu
2891 3574 3114 3646 Christi,
3157 3579 3244 3634 cui
3273 3579 3443 3649 gloria
3475 3580 3530 3635 iu

1907 3665 2127 3721 saecula.
2154 3666 2351 3722 Amen.

1911 3945 1998 4008 al.
2056 3945 2193 4008 LII.

1907 4113 2026 4182 Quo
2070 4125 2315 4187 tempore
2358 4130 2543 4176 autem
2590 4122 2880 4192 oportebat
2928 4124 3054 4181 illos
3099 4125 3168 4180 ab
3213 4125 3529 4197 hujustnodi

1904 4209 2376 4270 observationibus
2404 4230 2528 4271 sese
2557 4217 2836 4287 expedire,
2871 4229 2997 4274 tunc
3029 4236 3088 4277 se
3116 4221 3191 4276 illi
3225 4224 3395 4292 magis
3426 4224 3522 4278 iis-

1903 4314 2026 4359 uem
2053 4305 2381 4378 ubligarunt,
2417 4317 2720 4366 metuentes
2765 4326 2834 4366 ne
2867 4315 2990 4383 quis
3028 4313 3128 4369 sibi
3164 4315 3521 4386 principatum

1901 4400 2209 4471 abriperet;
2241 4413 2296 4457 et
2323 4402 2779 4460 l'ormidahiliores
2811 4405 2998 4462 haberi
3031 4409 3305 4475 volebant,
3337 4420 3523 4480 utpote

1903 4491 2260 4561 lcgislatores.
2291 4493 2347 4549 ln
2377 4503 2579 4550 tantam
2601 4510 2733 4566 ergo
2754 4496 3090 4567 iniquitatem
3122 4518 3211 4556 res
3233 4504 3519 4572 processit,

1901 4595 1959 4639 ut
1987 4597 2259 4660 praecepta
2285 4587 2504 4659 quidem
2534 4605 2631 4646 sua
2660 4601 3030 4660 servarentur,
3069 4595 3162 4650 Dei
3208 4612 3337 4651 vero
3368 4613 3522 4654 man-

1897 4678 2027 4736 data
2069 4682 2444 4742 violarentur:
2507 4697 2560 4742 et
2597 4697 2810 4743 tantum
2853 4689 2928 4742 illi
2980 4689 3415 4759 prmvalnerant,
3452 4699 3512 4745 ut

1895 4771 2011 4843 jam
2065 4777 2276 4833 crimen
2323 4792 2474 4834 esset
2533 4797 2726 4835 eorum
2785 4792 3060 4852 praecepta
3108 4783 3352 4849 violare;
3399 4764 3510 4854 qua

1902 4867 1960 4923 in
1995 4884 2056 4924 re
2108 4870 2309 4941 duplex
2365 4875 2528 4943 culpa
2581 4884 2721 4939 erat,
2756 4884 2810 4930 et
2857 4877 3005 4944 quod
3037 4877 3406 4941 innovarent,
3457 4883 3516 4931 et

1895 4959 2040 5031 quod
2070 4961 2147 5014 sic
2173 4976 2270 5014 sua
2298 4962 2655 5028 vnnlicarent,
2687 4963 2780 5018 Dei
2815 4964 3016 5019 nullam
3051 4964 3314 5023 habentes
3340 4967 3511 5024 ratio-

1896 5069 2042 5109 nent.
2075 5053 2463 5110 Prmtertnissis
2488 5070 2617 5110 vero
2644 5057 2787 5124 aliis,
2829 5058 3080 5114 sextariis
3113 5075 3305 5130 nempe
3331 5071 3385 5116 et
3415 5078 3513 5117 va-

1893 5145 1968 5202 sis
1991 5148 2181 5211 aeneis,
2208 5162 2328 5218 quas
2359 5147 2583 5202 ridicula
2617 5158 2793 5215 erant,
2824 5148 2966 5220 quod
3001 5150 3330 5222 praecipuum
3362 5153 3516 5210 vide-

1894 5240 2050 5296 batur
2077 5241 2128 5295 in
2162 5239 2396 5297 medium
2429 5240 2732 5311 proferunt,
2765 5257 2874 5314 quo
2903 5243 3078 5311 illum,
3118 5252 3177 5299 ut
3215 5245 3345 5301 mihi
3385 5249 3523 5317 qni-

1889 5335 2014 5390 dem
2046 5336 2279 5402 videtur,
2313 5336 2366 5391 in
2400 5338 2533 5391 iram
2554 5338 2911 5394 concitarent.
2934 5338 3301 5408 Quamobrem
3329 5342 3511 5397 senio-

1889 5448 2009 5486 rum
2046 5434 2431 5496 memiuerunt,
2463 5441 2519 5487 ut
2547 5433 2701 5503 quasi
2734 5432 2856 5487 illos
2886 5432 3212 5502 despiceret,
3247 5434 3375 5492 hinc
3403 5451 3506 5492 an-

1889 5542 2004 5580 sam
2037 5526 2327 5582 accusandi
2372 5526 2659 5596 prwberet.
2691 5525 3125 5587 Examinandum
3176 5529 3354 5598 primo
3400 5539 3507 5597 est,

1887 5632 1985 5673 cur
2029 5618 2275 5690 discipuli
2320 5618 2484 5674 illotis
2534 5619 2784 5675 manibus
2825 5619 3234 5676 manducarent.
3277 5619 3397 5677 Non
3439 5621 3510 5678 de

1889 5711 2146 5768 industria
2180 5713 2232 5768 id
2259 5711 2553 5785 agebant‘,
2583 5711 2681 5769 sed
2705 5714 2848 5783 quod
2871 5713 2960 5767 illa
2981 5713 3255 5786 superﬂua
3284 5729 3511 5783 respue-

1957 5910 1973 5942 ι
2012 5910 2085 5961 Ex
2116 5910 2285 5963 Graeco
2313 5916 2585 5979 legendum
2622 5921 2779 5980 esset,
2819 5931 2909 5971 cur
2954 5917 3195 5985 discipuli
3225 5917 3375 5973 illatis
3398 5934 3509 5974 nta-
