  <div class='ocr_page' id='page_1' title='image "/cluster/home/n/w/nwhite01/storage/ocr_20150623/58/pst.000005712571/053.png"; bbox 0 0 4154 6324; ppageno 0'>
   <div class='ocr_carea' id='block_1_1' title="bbox 674 374 770 429">
    <p class='ocr_par' dir='ltr' id='par_1_1' title="bbox 674 374 770 429">
     <span class='ocr_line' id='line_1_1' title="bbox 674 374 770 429; baseline 0.021 -2"><span class='ocrx_word' id='word_1_1' title='bbox 674 374 770 429; x_wconf 71' lang='lat' dir='ltr'><strong>5H</strong></span> 
     </span>
    </p>
   </div>
   <div class='ocr_carea' id='block_1_2' title="bbox 672 472 2247 546">
    <p class='ocr_par' dir='ltr' id='par_1_2' title="bbox 672 472 2247 546">
     <span class='ocr_line' id='line_1_2' title="bbox 672 472 2247 546; baseline -0.01 -7"><span class='ocrx_word' id='word_1_2' title='bbox 672 491 811 546; x_wconf 85' lang='lat' dir='ltr'><strong>rent,</strong></span> <span class='ocrx_word' id='word_1_3' title='bbox 840 481 966 537; x_wconf 88' lang='lat' dir='ltr'><strong>dum</strong></span> <span class='ocrx_word' id='word_1_4' title='bbox 996 478 1313 534; x_wconf 79' lang='lat' dir='ltr'><strong>necessariis</strong></span> <span class='ocrx_word' id='word_1_5' title='bbox 1336 476 1673 532; x_wconf 83' lang='lat' dir='ltr'><strong>attenderem</strong></span> <span class='ocrx_word' id='word_1_6' title='bbox 1702 491 1717 529; x_wconf 84' lang='lat'><strong>:</strong></span> <span class='ocrx_word' id='word_1_7' title='bbox 1750 489 1847 528; x_wconf 90' lang='lat' dir='ltr'><strong>nec</strong></span> <span class='ocrx_word' id='word_1_8' title='bbox 1878 488 1972 543; x_wconf 87' lang='lat' dir='ltr'><strong>pro</strong></span> <span class='ocrx_word' id='word_1_9' title='bbox 2003 474 2118 541; x_wconf 80' lang='lat' dir='ltr'><strong>lege</strong></span> <span class='ocrx_word' id='word_1_10' title='bbox 2149 472 2247 526; x_wconf 85' lang='lat' dir='ltr'><strong>ha-</strong></span> 
     </span>
    </p>
   </div>
   <div class='ocr_carea' id='block_1_3' title="bbox 675 562 2257 630">
    <p class='ocr_par' dir='ltr' id='par_1_3' title="bbox 675 562 2257 630">
     <span class='ocr_line' id='line_1_3' title="bbox 675 562 2257 630; baseline -0.009 -1"><span class='ocrx_word' id='word_1_11' title='bbox 675 577 869 630; x_wconf 87' lang='lat' dir='ltr'><strong>bebant</strong></span> <span class='ocrx_word' id='word_1_12' title='bbox 896 572 1017 626; x_wconf 89' lang='lat' dir='ltr'><strong>lotis</strong></span> <span class='ocrx_word' id='word_1_13' title='bbox 1041 580 1133 625; x_wconf 91' lang='lat' dir='ltr'><strong>aut</strong></span> <span class='ocrx_word' id='word_1_14' title='bbox 1155 570 1319 624; x_wconf 89' lang='lat' dir='ltr'><strong>illotis</strong></span> <span class='ocrx_word' id='word_1_15' title='bbox 1339 568 1582 623; x_wconf 86' lang='lat' dir='ltr'><strong>manibus</strong></span> <span class='ocrx_word' id='word_1_16' title='bbox 1608 566 1911 626; x_wconf 82' lang='lat' dir='ltr'><strong>comedere.</strong></span> <span class='ocrx_word' id='word_1_17' title='bbox 1937 562 2030 617; x_wconf 91' lang='lat' dir='ltr'><strong>sed</strong></span> <span class='ocrx_word' id='word_1_18' title='bbox 2052 572 2257 617; x_wconf 84' lang='lat' dir='ltr'><strong>utrum-</strong></span> 
     </span>
    </p>
   </div>
   <div class='ocr_carea' id='block_1_4' title="bbox 670 655 2257 733">
    <p class='ocr_par' dir='ltr' id='par_1_4' title="bbox 670 655 2257 733">
     <span class='ocr_line' id='line_1_4' title="bbox 670 655 2257 733; baseline -0.007 -16"><span class='ocrx_word' id='word_1_19' title='bbox 670 676 775 733; x_wconf 86' lang='lat' dir='ltr'><strong>que</strong></span> <span class='ocrx_word' id='word_1_20' title='bbox 805 673 859 715; x_wconf 98' lang='grc' dir='ltr'><strong>ιιι</strong></span> <span class='ocrx_word' id='word_1_21' title='bbox 888 676 1007 717; x_wconf 89' lang='lat' dir='ltr'><strong>sese</strong></span> <span class='ocrx_word' id='word_1_22' title='bbox 1034 662 1246 716; x_wconf 85' lang='lat' dir='ltr'><strong>occasio</strong></span> <span class='ocrx_word' id='word_1_23' title='bbox 1273 660 1433 714; x_wconf 86' lang='lat' dir='ltr'><strong>dabat</strong></span> <span class='ocrx_word' id='word_1_24' title='bbox 1455 658 1704 727; x_wconf 87' lang='lat' dir='ltr'><strong>agebant.</strong></span> <span class='ocrx_word' id='word_1_25' title='bbox 1734 655 1866 710; x_wconf 91' lang='lat' dir='ltr'><strong>Nam</strong></span> <span class='ocrx_word' id='word_1_26' title='bbox 1895 658 1984 724; x_wconf 97' lang='lat' dir='ltr'><strong>qui</strong></span> <span class='ocrx_word' id='word_1_27' title='bbox 2009 667 2257 729; x_wconf 57' lang='lat' dir='ltr'><strong>necessa-</strong></span> 
     </span>
    </p>
   </div>
   <div class='ocr_carea' id='block_1_5' title="bbox 672 738 2256 823">
    <p class='ocr_par' dir='ltr' id='par_1_5' title="bbox 672 738 2256 823">
     <span class='ocr_line' id='line_1_5' title="bbox 672 738 2256 823; baseline -0.008 -15"><span class='ocrx_word' id='word_1_28' title='bbox 672 756 808 809; x_wconf 85' lang='lat' dir='ltr'><strong>rium</strong></span> <span class='ocrx_word' id='word_1_29' title='bbox 832 738 1061 823; x_wconf 84' lang='lat' dir='ltr'><strong>quoque</strong></span> <span class='ocrx_word' id='word_1_30' title='bbox 1098 753 1274 807; x_wconf 86' lang='lat' dir='ltr'><strong>cibum</strong></span> <span class='ocrx_word' id='word_1_31' title='bbox 1305 750 1690 819; x_wconf 87' lang='lat' dir='ltr'><strong>despiciebant,</strong></span> <span class='ocrx_word' id='word_1_32' title='bbox 1716 746 1985 816; x_wconf 91' lang='lat' dir='ltr'><strong>quomodo</strong></span> <span class='ocrx_word' id='word_1_33' title='bbox 2014 745 2129 800; x_wconf 74' lang='lat' dir='ltr'><strong>[nec</strong></span> <span class='ocrx_word' id='word_1_34' title='bbox 2162 758 2256 797; x_wconf 84' lang='lat' dir='ltr'><strong>ac-</strong></span> 
     </span>
    </p>
   </div>
   <div class='ocr_carea' id='block_1_6' title="bbox 670 834 2258 909">
    <p class='ocr_par' dir='ltr' id='par_1_6' title="bbox 670 834 2258 909">
     <span class='ocr_line' id='line_1_6' title="bbox 670 834 2258 909; baseline -0.006 -13"><span class='ocrx_word' id='word_1_35' title='bbox 670 852 854 897; x_wconf 89' lang='lat' dir='ltr'><strong>curate</strong></span> <span class='ocrx_word' id='word_1_36' title='bbox 874 841 1214 897; x_wconf 82' lang='lat' dir='ltr'><strong>servassent?</strong></span> <span class='ocrx_word' id='word_1_37' title='bbox 1234 842 1366 908; x_wconf 83' lang='lat' dir='ltr'><strong>Quia</strong></span> <span class='ocrx_word' id='word_1_38' title='bbox 1399 841 1556 909; x_wconf 89' lang='lat' dir='ltr'><strong>igitur</strong></span> <span class='ocrx_word' id='word_1_39' title='bbox 1582 839 1896 907; x_wconf 88' lang='lat' dir='ltr'><strong>plerumque</strong></span> <span class='ocrx_word' id='word_1_40' title='bbox 1917 834 2258 905; x_wconf 84' lang='lat' dir='ltr'><strong>contingebat</strong></span> 
     </span>
    </p>
   </div>
   <div class='ocr_carea' id='block_1_7' title="bbox 672 926 2253 999">
    <p class='ocr_par' dir='ltr' id='par_1_7' title="bbox 672 926 2253 999">
     <span class='ocr_line' id='line_1_7' title="bbox 672 926 2253 999; baseline -0.006 -15"><span class='ocrx_word' id='word_1_41' title='bbox 672 941 730 985; x_wconf 94' lang='grc' dir='ltr'><strong>ιιι</strong></span> <span class='ocrx_word' id='word_1_42' title='bbox 768 933 819 984; x_wconf 92' lang='lat' dir='ltr'><strong>in</strong></span> <span class='ocrx_word' id='word_1_43' title='bbox 851 943 1121 999; x_wconf 91' lang='lat' dir='ltr'><strong>promptu,</strong></span> <span class='ocrx_word' id='word_1_44' title='bbox 1150 940 1204 984; x_wconf 91' lang='lat' dir='ltr'><strong>et</strong></span> <span class='ocrx_word' id='word_1_45' title='bbox 1228 931 1378 998; x_wconf 92' lang='lat' dir='ltr'><strong>quasi</strong></span> <span class='ocrx_word' id='word_1_46' title='bbox 1409 929 1626 983; x_wconf 81' lang='lat' dir='ltr'><strong>fortuito</strong></span> <span class='ocrx_word' id='word_1_47' title='bbox 1660 927 1709 980; x_wconf 90' lang='lat' dir='ltr'><strong>id</strong></span> <span class='ocrx_word' id='word_1_48' title='bbox 1759 926 2012 989; x_wconf 83' lang='lat' dir='ltr'><strong>lacerent,</strong></span> <span class='ocrx_word' id='word_1_49' title='bbox 2043 934 2102 978; x_wconf 92' lang='lat' dir='ltr'><strong>ut</strong></span> <span class='ocrx_word' id='word_1_50' title='bbox 2134 937 2253 977; x_wconf 89' lang='lat' dir='ltr'><strong>cum</strong></span> 
     </span>
    </p>
   </div>
   <div class='ocr_carea' id='block_1_8' title="bbox 672 1011 2255 1085">
    <p class='ocr_par' dir='ltr' id='par_1_8' title="bbox 672 1011 2255 1085">
     <span class='ocr_line' id='line_1_8' title="bbox 672 1011 2255 1085; baseline -0.006 -10"><span class='ocrx_word' id='word_1_51' title='bbox 672 1024 725 1075; x_wconf 91' lang='lat' dir='ltr'><strong>in</strong></span> <span class='ocrx_word' id='word_1_52' title='bbox 770 1022 983 1076; x_wconf 90' lang='lat' dir='ltr'><strong>deserto</strong></span> <span class='ocrx_word' id='word_1_53' title='bbox 1023 1020 1395 1085; x_wconf 80' lang='lat' dir='ltr'><strong>comedebant,</strong></span> <span class='ocrx_word' id='word_1_54' title='bbox 1431 1022 1484 1074; x_wconf 80' lang='lat' dir='ltr'><strong>et</strong></span> <span class='ocrx_word' id='word_1_55' title='bbox 1510 1033 1630 1072; x_wconf 90' lang='lat' dir='ltr'><strong>cum</strong></span> <span class='ocrx_word' id='word_1_56' title='bbox 1660 1017 1835 1085; x_wconf 84' lang='lat' dir='ltr'><strong>spicas</strong></span> <span class='ocrx_word' id='word_1_57' title='bbox 1875 1014 2161 1077; x_wconf 88' lang='lat' dir='ltr'><strong>vellchaut,</strong></span> <span class='ocrx_word' id='word_1_58' title='bbox 2203 1011 2255 1066; x_wconf 89' lang='lat' dir='ltr'><strong>id</strong></span> 
     </span>
    </p>
   </div>
   <div class='ocr_carea' id='block_1_9' title="bbox 671 1105 2256 1180">
    <p class='ocr_par' dir='ltr' id='par_1_9' title="bbox 671 1105 2256 1180">
     <span class='ocr_line' id='line_1_9' title="bbox 671 1105 2256 1180; baseline -0.005 -14"><span class='ocrx_word' id='word_1_59' title='bbox 671 1113 821 1180; x_wconf 90' lang='lat' dir='ltr'><strong>quasi</strong></span> <span class='ocrx_word' id='word_1_60' title='bbox 849 1113 1049 1167; x_wconf 82' lang='lat' dir='ltr'><strong>crimen</strong></span> <span class='ocrx_word' id='word_1_61' title='bbox 1081 1110 1373 1180; x_wconf 79' lang='lat' dir='ltr'><strong>proferunt,</strong></span> <span class='ocrx_word' id='word_1_62' title='bbox 1414 1111 1503 1180; x_wconf 79' lang='lat' dir='ltr'><strong>qui</strong></span> <span class='ocrx_word' id='word_1_63' title='bbox 1534 1109 1734 1177; x_wconf 80' lang='lat' dir='ltr'><strong>majora</strong></span> <span class='ocrx_word' id='word_1_64' title='bbox 1774 1122 1988 1175; x_wconf 83' lang='lat' dir='ltr'><strong>semper</strong></span> <span class='ocrx_word' id='word_1_65' title='bbox 2025 1105 2256 1173; x_wconf 72' lang='lat' dir='ltr'><strong>neglige-</strong></span> 
     </span>
    </p>
   </div>
   <div class='ocr_carea' id='block_1_10' title="bbox 677 1196 2258 1270">
    <p class='ocr_par' dir='ltr' id='par_1_10' title="bbox 677 1196 2258 1270">
     <span class='ocr_line' id='line_1_10' title="bbox 677 1196 2258 1270; baseline -0.005 -15"><span class='ocrx_word' id='word_1_66' title='bbox 677 1204 822 1267; x_wconf 85' lang='lat' dir='ltr'><strong>hant,</strong></span> <span class='ocrx_word' id='word_1_67' title='bbox 868 1214 921 1259; x_wconf 90' lang='lat' dir='ltr'><strong>et</strong></span> <span class='ocrx_word' id='word_1_68' title='bbox 965 1203 1231 1270; x_wconf 78' lang='lat' dir='ltr'><strong>superﬂua</strong></span> <span class='ocrx_word' id='word_1_69' title='bbox 1272 1203 1557 1257; x_wconf 86' lang='lat' dir='ltr'><strong>admodum</strong></span> <span class='ocrx_word' id='word_1_70' title='bbox 1601 1200 1877 1254; x_wconf 76' lang='lat' dir='ltr'><strong>curabant.</strong></span> <span class='ocrx_word' id='word_1_71' title='bbox 1918 1196 2054 1266; x_wconf 83' lang='lat' dir='ltr'><strong>Quid</strong></span> <span class='ocrx_word' id='word_1_72' title='bbox 2097 1196 2258 1265; x_wconf 86' lang='lat' dir='ltr'><strong>igitur</strong></span> 
     </span>
    </p>
   </div>
   <div class='ocr_carea' id='block_1_11' title="bbox 670 1290 2254 1362">
    <p class='ocr_par' dir='ltr' id='par_1_11' title="bbox 670 1290 2254 1362">
     <span class='ocr_line' id='line_1_11' title="bbox 670 1290 2254 1362; baseline -0.007 -9"><span class='ocrx_word' id='word_1_73' title='bbox 670 1298 951 1353; x_wconf 77' lang='lat' dir='ltr'><strong>Christus?</strong></span> <span class='ocrx_word' id='word_1_74' title='bbox 994 1297 1107 1352; x_wconf 90' lang='lat' dir='ltr'><strong>Non</strong></span> <span class='ocrx_word' id='word_1_75' title='bbox 1154 1298 1282 1352; x_wconf 88' lang='lat' dir='ltr'><strong>illttd</strong></span> <span class='ocrx_word' id='word_1_76' title='bbox 1332 1295 1578 1354; x_wconf 87' lang='lat' dir='ltr'><strong>attendit.</strong></span> <span class='ocrx_word' id='word_1_77' title='bbox 1617 1308 1790 1362; x_wconf 89' lang='lat' dir='ltr'><strong>neque</strong></span> <span class='ocrx_word' id='word_1_78' title='bbox 1832 1290 2254 1346; x_wconf 89' lang='lat' dir='ltr'><strong>criminationem</strong></span> 
     </span>
    </p>
   </div>
   <div class='ocr_carea' id='block_1_12' title="bbox 671 1378 2254 1458">
    <p class='ocr_par' dir='ltr' id='par_1_12' title="bbox 671 1378 2254 1458">
     <span class='ocr_line' id='line_1_12' title="bbox 671 1378 2254 1458; baseline -0.007 -15"><span class='ocrx_word' id='word_1_79' title='bbox 671 1390 896 1458; x_wconf 84' lang='lat' dir='ltr'><strong>depulit,</strong></span> <span class='ocrx_word' id='word_1_80' title='bbox 926 1388 1017 1443; x_wconf 87' lang='lat' dir='ltr'><strong>sed</strong></span> <span class='ocrx_word' id='word_1_81' title='bbox 1044 1388 1223 1442; x_wconf 81' lang='lat' dir='ltr'><strong>statim</strong></span> <span class='ocrx_word' id='word_1_82' title='bbox 1251 1386 1622 1441; x_wconf 86' lang='lat' dir='ltr'><strong>recriminatus</strong></span> <span class='ocrx_word' id='word_1_83' title='bbox 1652 1392 1755 1448; x_wconf 91' lang='lat' dir='ltr'><strong>est,</strong></span> <span class='ocrx_word' id='word_1_84' title='bbox 1789 1389 1845 1435; x_wconf 92' lang='lat' dir='ltr'><strong>ut</strong></span> <span class='ocrx_word' id='word_1_85' title='bbox 1882 1380 2155 1434; x_wconf 79' lang='lat' dir='ltr'><strong>audaciam</strong></span> <span class='ocrx_word' id='word_1_86' title='bbox 2188 1378 2254 1433; x_wconf 93' lang='lat' dir='ltr'><strong>il-</strong></span> 
     </span>
    </p>
   </div>
   <div class='ocr_carea' id='block_1_13' title="bbox 675 1468 2255 1548">
    <p class='ocr_par' dir='ltr' id='par_1_13' title="bbox 675 1468 2255 1548">
     <span class='ocr_line' id='line_1_13' title="bbox 675 1468 2255 1548; baseline -0.008 -15"><span class='ocrx_word' id='word_1_87' title='bbox 675 1482 846 1533; x_wconf 86' lang='lat' dir='ltr'><strong>lorum</strong></span> <span class='ocrx_word' id='word_1_88' title='bbox 884 1480 1222 1548; x_wconf 87' lang='lat' dir='ltr'><strong>reprimeret,</strong></span> <span class='ocrx_word' id='word_1_89' title='bbox 1265 1476 1697 1543; x_wconf 82' lang='lat' dir='ltr'><strong>ostenderetque,</strong></span> <span class='ocrx_word' id='word_1_90' title='bbox 1726 1488 1845 1526; x_wconf 90' lang='lat' dir='ltr'><strong>eum</strong></span> <span class='ocrx_word' id='word_1_91' title='bbox 1874 1472 1963 1541; x_wconf 91' lang='lat' dir='ltr'><strong>qui</strong></span> <span class='ocrx_word' id='word_1_92' title='bbox 2004 1470 2057 1522; x_wconf 91' lang='lat' dir='ltr'><strong>in</strong></span> <span class='ocrx_word' id='word_1_93' title='bbox 2086 1468 2255 1539; x_wconf 87' lang='lat' dir='ltr'><strong>majo-</strong></span> 
     </span>
    </p>
   </div>
   <div class='ocr_carea' id='block_1_14' title="bbox 672 1558 2258 1635">
    <p class='ocr_par' dir='ltr' id='par_1_14' title="bbox 672 1558 2258 1635">
     <span class='ocr_line' id='line_1_14' title="bbox 672 1558 2258 1635; baseline -0.008 -13"><span class='ocrx_word' id='word_1_94' title='bbox 672 1568 820 1622; x_wconf 86' lang='lat' dir='ltr'><strong>ribus</strong></span> <span class='ocrx_word' id='word_1_95' title='bbox 850 1576 1054 1635; x_wconf 87' lang='lat' dir='ltr'><strong>peccat,</strong></span> <span class='ocrx_word' id='word_1_96' title='bbox 1097 1566 1301 1620; x_wconf 90' lang='lat' dir='ltr'><strong>minora</strong></span> <span class='ocrx_word' id='word_1_97' title='bbox 1334 1567 1386 1618; x_wconf 92' lang='lat' dir='ltr'><strong>in</strong></span> <span class='ocrx_word' id='word_1_98' title='bbox 1416 1564 1534 1617; x_wconf 88' lang='lat' dir='ltr'><strong>aliis</strong></span> <span class='ocrx_word' id='word_1_99' title='bbox 1566 1576 1670 1617; x_wconf 87' lang='lat' dir='ltr'><strong>non</strong></span> <span class='ocrx_word' id='word_1_100' title='bbox 1715 1571 1856 1615; x_wconf 89' lang='lat' dir='ltr'><strong>tanta</strong></span> <span class='ocrx_word' id='word_1_101' title='bbox 1902 1575 2029 1614; x_wconf 89' lang='lat' dir='ltr'><strong>cura</strong></span> <span class='ocrx_word' id='word_1_102' title='bbox 2074 1558 2258 1627; x_wconf 75' lang='lat' dir='ltr'><strong>explo-</strong></span> 
     </span>
    </p>
   </div>
   <div class='ocr_carea' id='block_1_15' title="bbox 672 1647 2258 1723">
    <p class='ocr_par' dir='ltr' id='par_1_15' title="bbox 672 1647 2258 1723">
     <span class='ocr_line' id='line_1_15' title="bbox 672 1647 2258 1723; baseline -0.008 -10"><span class='ocrx_word' id='word_1_103' title='bbox 672 1674 792 1715; x_wconf 80' lang='lat' dir='ltr'><strong>rare</strong></span> <span class='ocrx_word' id='word_1_104' title='bbox 817 1657 1037 1713; x_wconf 81' lang='lat' dir='ltr'><strong>debere.</strong></span> <span class='ocrx_word' id='word_1_105' title='bbox 1066 1655 1173 1711; x_wconf 75' lang='lat' dir='ltr'><strong>Vos</strong></span> <span class='ocrx_word' id='word_1_106' title='bbox 1199 1654 1437 1710; x_wconf 88' lang='lat' dir='ltr'><strong>accusari</strong></span> <span class='ocrx_word' id='word_1_107' title='bbox 1466 1652 1763 1723; x_wconf 80' lang='lat' dir='ltr'><strong>oportebat,</strong></span> <span class='ocrx_word' id='word_1_108' title='bbox 1792 1658 1846 1704; x_wconf 92' lang='lat' dir='ltr'><strong>et</strong></span> <span class='ocrx_word' id='word_1_109' title='bbox 1874 1650 2154 1704; x_wconf 82' lang='lat' dir='ltr'><strong>accusatis.</strong></span> <span class='ocrx_word' id='word_1_110' title='bbox 2178 1647 2258 1702; x_wconf 85' lang='lat' dir='ltr'><strong>Tu</strong></span> 
     </span>
    </p>
   </div>
   <div class='ocr_carea' id='block_1_16' title="bbox 671 1740 2252 1817">
    <p class='ocr_par' dir='ltr' id='par_1_16' title="bbox 671 1740 2252 1817">
     <span class='ocr_line' id='line_1_16' title="bbox 671 1740 2252 1817; baseline -0.008 -15"><span class='ocrx_word' id='word_1_111' title='bbox 671 1766 802 1806; x_wconf 85' lang='lat' dir='ltr'><strong>vero</strong></span> <span class='ocrx_word' id='word_1_112' title='bbox 832 1751 1085 1806; x_wconf 86' lang='lat' dir='ltr'><strong>observes</strong></span> <span class='ocrx_word' id='word_1_113' title='bbox 1111 1748 1291 1814; x_wconf 81' lang='lat' dir='ltr'><strong>velim,</strong></span> <span class='ocrx_word' id='word_1_114' title='bbox 1329 1747 1598 1817; x_wconf 87' lang='lat' dir='ltr'><strong>quomodo</strong></span> <span class='ocrx_word' id='word_1_115' title='bbox 1626 1759 1747 1798; x_wconf 90' lang='lat' dir='ltr'><strong>cum</strong></span> <span class='ocrx_word' id='word_1_116' title='bbox 1777 1742 1977 1812; x_wconf 90' lang='lat' dir='ltr'><strong>aliquid</strong></span> <span class='ocrx_word' id='word_1_117' title='bbox 2009 1756 2074 1795; x_wconf 82' lang='lat' dir='ltr'><strong>ex</strong></span> <span class='ocrx_word' id='word_1_118' title='bbox 2105 1740 2252 1810; x_wconf 83' lang='lat' dir='ltr'><strong>lega-</strong></span> 
     </span>
    </p>
   </div>
   <div class='ocr_carea' id='block_1_17' title="bbox 671 1834 2255 1909">
    <p class='ocr_par' dir='ltr' id='par_1_17' title="bbox 671 1834 2255 1909">
     <span class='ocr_line' id='line_1_17' title="bbox 671 1834 2255 1909; baseline -0.008 -11"><span class='ocrx_word' id='word_1_119' title='bbox 671 1844 811 1898; x_wconf 84' lang='lat' dir='ltr'><strong>libus</strong></span> <span class='ocrx_word' id='word_1_120' title='bbox 852 1841 1064 1898; x_wconf 90' lang='lat' dir='ltr'><strong>solvcre</strong></span> <span class='ocrx_word' id='word_1_121' title='bbox 1089 1841 1220 1906; x_wconf 89' lang='lat' dir='ltr'><strong>vult,</strong></span> <span class='ocrx_word' id='word_1_122' title='bbox 1253 1840 1404 1909; x_wconf 88' lang='lat' dir='ltr'><strong>quasi</strong></span> <span class='ocrx_word' id='word_1_123' title='bbox 1448 1854 1569 1893; x_wconf 79' lang='lat' dir='ltr'><strong>sese</strong></span> <span class='ocrx_word' id='word_1_124' title='bbox 1611 1835 1914 1892; x_wconf 82' lang='lat' dir='ltr'><strong>excusando</strong></span> <span class='ocrx_word' id='word_1_125' title='bbox 1961 1834 2013 1889; x_wconf 87' lang='lat' dir='ltr'><strong>id</strong></span> <span class='ocrx_word' id='word_1_126' title='bbox 2063 1835 2255 1898; x_wconf 76' lang='lat' dir='ltr'><strong>faciat;</strong></span> 
     </span>
    </p>
   </div>
   <div class='ocr_carea' id='block_1_18' title="bbox 668 1911 2258 2004">
    <p class='ocr_par' dir='ltr' id='par_1_18' title="bbox 668 1911 2258 2004">
     <span class='ocr_line' id='line_1_18' title="bbox 668 1911 2258 2004; baseline -0.007 -20"><span class='ocrx_word' id='word_1_127' title='bbox 668 1934 812 2004; x_wconf 86' lang='lat' dir='ltr'><strong>quod</strong></span> <span class='ocrx_word' id='word_1_128' title='bbox 840 1911 902 1988; x_wconf 47' lang='lat' dir='ltr'><strong>et.</strong></span> <span class='ocrx_word' id='word_1_129' title='bbox 920 1944 1050 1986; x_wconf 78' lang='lat' dir='ltr'><strong>tunc</strong></span> <span class='ocrx_word' id='word_1_130' title='bbox 1078 1930 1222 1985; x_wconf 80' lang='lat' dir='ltr'><strong>fecit.</strong></span> <span class='ocrx_word' id='word_1_131' title='bbox 1252 1930 1365 1983; x_wconf 89' lang='lat' dir='ltr'><strong>Non</strong></span> <span class='ocrx_word' id='word_1_132' title='bbox 1393 1930 1533 1982; x_wconf 88' lang='lat' dir='ltr'><strong>enim</strong></span> <span class='ocrx_word' id='word_1_133' title='bbox 1573 1928 1752 1979; x_wconf 82' lang='lat' dir='ltr'><strong>statim</strong></span> <span class='ocrx_word' id='word_1_134' title='bbox 1775 1925 1839 1978; x_wconf 88' lang='lat' dir='ltr'><strong>ad</strong></span> <span class='ocrx_word' id='word_1_135' title='bbox 1872 1923 2258 1992; x_wconf 75' lang='lat' dir='ltr'><strong>transgreSsio-</strong></span> 
     </span>
    </p>
   </div>
   <div class='ocr_carea' id='block_1_19' title="bbox 671 2012 2256 2092">
    <p class='ocr_par' dir='ltr' id='par_1_19' title="bbox 671 2012 2256 2092">
     <span class='ocr_line' id='line_1_19' title="bbox 671 2012 2256 2092; baseline -0.008 -15"><span class='ocrx_word' id='word_1_136' title='bbox 671 2038 791 2079; x_wconf 90' lang='lat' dir='ltr'><strong>nem</strong></span> <span class='ocrx_word' id='word_1_137' title='bbox 832 2020 1093 2092; x_wconf 88' lang='lat' dir='ltr'><strong>procedit,</strong></span> <span class='ocrx_word' id='word_1_138' title='bbox 1147 2033 1323 2090; x_wconf 87' lang='lat' dir='ltr'><strong>neque</strong></span> <span class='ocrx_word' id='word_1_139' title='bbox 1375 2018 1537 2083; x_wconf 83' lang='lat' dir='ltr'><strong>dicit,</strong></span> <span class='ocrx_word' id='word_1_140' title='bbox 1590 2016 1646 2071; x_wconf 87' lang='lat' dir='ltr'><strong>Id</strong></span> <span class='ocrx_word' id='word_1_141' title='bbox 1697 2014 1827 2069; x_wconf 86' lang='lat' dir='ltr'><strong>nihil</strong></span> <span class='ocrx_word' id='word_1_142' title='bbox 1869 2021 1981 2079; x_wconf 90' lang='lat' dir='ltr'><strong>est;</strong></span> <span class='ocrx_word' id='word_1_143' title='bbox 2023 2012 2256 2081; x_wconf 88' lang='lat' dir='ltr'><strong>alioquin</strong></span> 
     </span>
    </p>
   </div>
   <div class='ocr_carea' id='block_1_20' title="bbox 670 2103 2257 2183">
    <p class='ocr_par' dir='ltr' id='par_1_20' title="bbox 670 2103 2257 2183">
     <span class='ocr_line' id='line_1_20' title="bbox 670 2103 2257 2183; baseline -0.005 -18"><span class='ocrx_word' id='word_1_144' title='bbox 670 2127 798 2167; x_wconf 87' lang='lat' dir='ltr'><strong>vero</strong></span> <span class='ocrx_word' id='word_1_145' title='bbox 842 2111 959 2167; x_wconf 91' lang='lat' dir='ltr'><strong>illos</strong></span> <span class='ocrx_word' id='word_1_146' title='bbox 999 2109 1290 2166; x_wconf 79' lang='lat' dir='ltr'><strong>ferociores</strong></span> <span class='ocrx_word' id='word_1_147' title='bbox 1316 2107 1635 2183; x_wconf 74' lang='lat' dir='ltr'><strong>reddidisset</strong></span> <span class='ocrx_word' id='word_1_148' title='bbox 1668 2125 1682 2159; x_wconf 92' lang='lat'><strong>:</strong></span> <span class='ocrx_word' id='word_1_149' title='bbox 1723 2105 1817 2160; x_wconf 88' lang='lat' dir='ltr'><strong>sed</strong></span> <span class='ocrx_word' id='word_1_150' title='bbox 1858 2104 2007 2174; x_wconf 88' lang='lat' dir='ltr'><strong>prius</strong></span> <span class='ocrx_word' id='word_1_151' title='bbox 2048 2103 2257 2159; x_wconf 90' lang='lat' dir='ltr'><strong>illorum</strong></span> 
     </span>
    </p>
   </div>
   <div class='ocr_carea' id='block_1_21' title="bbox 669 2195 2258 2272">
    <p class='ocr_par' dir='ltr' id='par_1_21' title="bbox 669 2195 2258 2272">
     <span class='ocr_line' id='line_1_21' title="bbox 669 2195 2258 2272; baseline -0.006 -14"><span class='ocrx_word' id='word_1_152' title='bbox 669 2204 945 2260; x_wconf 87' lang='lat' dir='ltr'><strong>audaciam</strong></span> <span class='ocrx_word' id='word_1_153' title='bbox 977 2203 1230 2271; x_wconf 89' lang='lat' dir='ltr'><strong>retundit,</strong></span> <span class='ocrx_word' id='word_1_154' title='bbox 1280 2202 1437 2272; x_wconf 88' lang='lat' dir='ltr'><strong>longe</strong></span> <span class='ocrx_word' id='word_1_155' title='bbox 1482 2199 1655 2267; x_wconf 87' lang='lat' dir='ltr'><strong>majus</strong></span> <span class='ocrx_word' id='word_1_156' title='bbox 1691 2199 1892 2253; x_wconf 88' lang='lat' dir='ltr'><strong>crimen</strong></span> <span class='ocrx_word' id='word_1_157' title='bbox 1934 2198 1985 2252; x_wconf 91' lang='lat' dir='ltr'><strong>in</strong></span> <span class='ocrx_word' id='word_1_158' title='bbox 2025 2195 2258 2251; x_wconf 89' lang='lat' dir='ltr'><strong>medium</strong></span> 
     </span>
    </p>
   </div>
   <div class='ocr_carea' id='block_1_22' title="bbox 670 2288 2262 2369">
    <p class='ocr_par' dir='ltr' id='par_1_22' title="bbox 670 2288 2262 2369">
     <span class='ocr_line' id='line_1_22' title="bbox 670 2288 2262 2369; baseline -0.01 -12"><span class='ocrx_word' id='word_1_159' title='bbox 670 2298 968 2369; x_wconf 79' lang='lat' dir='ltr'><strong>proferens,</strong></span> <span class='ocrx_word' id='word_1_160' title='bbox 999 2306 1056 2352; x_wconf 86' lang='lat' dir='ltr'><strong>et</strong></span> <span class='ocrx_word' id='word_1_161' title='bbox 1081 2299 1132 2352; x_wconf 92' lang='lat' dir='ltr'><strong>in</strong></span> <span class='ocrx_word' id='word_1_162' title='bbox 1163 2297 1397 2367; x_wconf 88' lang='lat' dir='ltr'><strong>ipsorum</strong></span> <span class='ocrx_word' id='word_1_163' title='bbox 1423 2302 1581 2363; x_wconf 88' lang='lat' dir='ltr'><strong>caput</strong></span> <span class='ocrx_word' id='word_1_164' title='bbox 1602 2302 1938 2360; x_wconf 83' lang='lat' dir='ltr'><strong>retorquens.</strong></span> <span class='ocrx_word' id='word_1_165' title='bbox 1969 2289 2152 2360; x_wconf 82' lang='lat' dir='ltr'><strong>Neque</strong></span> <span class='ocrx_word' id='word_1_166' title='bbox 2181 2288 2262 2342; x_wconf 81' lang='lat' dir='ltr'><strong>di-</strong></span> 
     </span>
    </p>
   </div>
   <div class='ocr_carea' id='block_1_23' title="bbox 670 2382 2258 2457">
    <p class='ocr_par' dir='ltr' id='par_1_23' title="bbox 670 2382 2258 2457">
     <span class='ocr_line' id='line_1_23' title="bbox 670 2382 2258 2457; baseline -0.008 -11"><span class='ocrx_word' id='word_1_167' title='bbox 670 2394 764 2457; x_wconf 88' lang='lat' dir='ltr'><strong>cit,</strong></span> <span class='ocrx_word' id='word_1_168' title='bbox 798 2400 947 2446; x_wconf 88' lang='lat' dir='ltr'><strong>recte</strong></span> <span class='ocrx_word' id='word_1_169' title='bbox 972 2390 1093 2444; x_wconf 87' lang='lat' dir='ltr'><strong>illos</strong></span> <span class='ocrx_word' id='word_1_170' title='bbox 1117 2388 1291 2443; x_wconf 82' lang='lat' dir='ltr'><strong>facere</strong></span> <span class='ocrx_word' id='word_1_171' title='bbox 1317 2388 1442 2440; x_wconf 88' lang='lat' dir='ltr'><strong>dum</strong></span> <span class='ocrx_word' id='word_1_172' title='bbox 1469 2382 1952 2454; x_wconf 78' lang='lat' dir='ltr'><strong>transgrediuntur,</strong></span> <span class='ocrx_word' id='word_1_173' title='bbox 1979 2397 2048 2436; x_wconf 91' lang='lat' dir='ltr'><strong>ne</strong></span> <span class='ocrx_word' id='word_1_174' title='bbox 2074 2396 2258 2437; x_wconf 90' lang='lat' dir='ltr'><strong>ansam</strong></span> 
     </span>
    </p>
   </div>
   <div class='ocr_carea' id='block_1_24' title="bbox 673 2470 2263 2550">
    <p class='ocr_par' dir='ltr' id='par_1_24' title="bbox 673 2470 2263 2550">
     <span class='ocr_line' id='line_1_24' title="bbox 673 2470 2263 2550; baseline -0.008 -15"><span class='ocrx_word' id='word_1_175' title='bbox 673 2482 777 2535; x_wconf 91' lang='lat' dir='ltr'><strong>illis</strong></span> <span class='ocrx_word' id='word_1_176' title='bbox 808 2479 1079 2550; x_wconf 70' lang='lat' dir='ltr'><strong>prtebeat;</strong></span> <span class='ocrx_word' id='word_1_177' title='bbox 1111 2491 1286 2547; x_wconf 89' lang='lat' dir='ltr'><strong>neque</strong></span> <span class='ocrx_word' id='word_1_178' title='bbox 1330 2476 1452 2531; x_wconf 91' lang='lat' dir='ltr'><strong>ideo</strong></span> <span class='ocrx_word' id='word_1_179' title='bbox 1495 2473 1762 2544; x_wconf 85' lang='lat' dir='ltr'><strong>objurgat,</strong></span> <span class='ocrx_word' id='word_1_180' title='bbox 1808 2488 1876 2527; x_wconf 90' lang='lat' dir='ltr'><strong>ne</strong></span> <span class='ocrx_word' id='word_1_181' title='bbox 1907 2470 2146 2526; x_wconf 86' lang='lat' dir='ltr'><strong>videatur</strong></span> <span class='ocrx_word' id='word_1_182' title='bbox 2187 2470 2263 2524; x_wconf 90' lang='lat' dir='ltr'><strong>le-</strong></span> 
     </span>
    </p>
   </div>
   <div class='ocr_carea' id='block_1_25' title="bbox 672 2564 2260 2643">
    <p class='ocr_par' dir='ltr' id='par_1_25' title="bbox 672 2564 2260 2643">
     <span class='ocr_line' id='line_1_25' title="bbox 672 2564 2260 2643; baseline -0.006 -17"><span class='ocrx_word' id='word_1_183' title='bbox 672 2587 791 2643; x_wconf 89' lang='lat' dir='ltr'><strong>gem</strong></span> <span class='ocrx_word' id='word_1_184' title='bbox 826 2573 1073 2635; x_wconf 84' lang='lat' dir='ltr'><strong>ﬁrmare;</strong></span> <span class='ocrx_word' id='word_1_185' title='bbox 1117 2585 1289 2640; x_wconf 89' lang='lat' dir='ltr'><strong>neque</strong></span> <span class='ocrx_word' id='word_1_186' title='bbox 1321 2582 1507 2623; x_wconf 90' lang='lat' dir='ltr'><strong>rursus</strong></span> <span class='ocrx_word' id='word_1_187' title='bbox 1535 2567 1776 2623; x_wconf 87' lang='lat' dir='ltr'><strong>seniores</strong></span> <span class='ocrx_word' id='word_1_188' title='bbox 1817 2575 2031 2620; x_wconf 85' lang='lat' dir='ltr'><strong>accusat</strong></span> <span class='ocrx_word' id='word_1_189' title='bbox 2062 2574 2118 2619; x_wconf 89' lang='lat' dir='ltr'><strong>ut</strong></span> <span class='ocrx_word' id='word_1_190' title='bbox 2157 2564 2260 2618; x_wconf 53' lang='lat' dir='ltr'><strong>ini.</strong></span> 
     </span>
    </p>
   </div>
   <div class='ocr_carea' id='block_1_26' title="bbox 672 2658 2258 2733">
    <p class='ocr_par' dir='ltr' id='par_1_26' title="bbox 672 2658 2258 2733">
     <span class='ocr_line' id='line_1_26' title="bbox 672 2658 2258 2733; baseline -0.004 -16"><span class='ocrx_word' id='word_1_191' title='bbox 672 2677 827 2733; x_wconf 89' lang='lat' dir='ltr'><strong>quos,</strong></span> <span class='ocrx_word' id='word_1_192' title='bbox 876 2673 935 2718; x_wconf 94' lang='lat' dir='ltr'><strong>ut</strong></span> <span class='ocrx_word' id='word_1_193' title='bbox 979 2663 1272 2727; x_wconf 83' lang='lat' dir='ltr'><strong>scelestos;</strong></span> <span class='ocrx_word' id='word_1_194' title='bbox 1318 2660 1552 2731; x_wconf 83' lang='lat' dir='ltr'><strong>alioquin</strong></span> <span class='ocrx_word' id='word_1_195' title='bbox 1581 2660 1723 2715; x_wconf 90' lang='lat' dir='ltr'><strong>enim</strong></span> <span class='ocrx_word' id='word_1_196' title='bbox 1758 2667 1816 2713; x_wconf 92' lang='lat' dir='ltr'><strong>ut</strong></span> <span class='ocrx_word' id='word_1_197' title='bbox 1845 2658 2258 2714; x_wconf 87' lang='lat' dir='ltr'><strong>eonviciatorem</strong></span> 
     </span>
    </p>
   </div>
   <div class='ocr_carea' id='block_1_27' title="bbox 673 2748 2259 2810">
    <p class='ocr_par' dir='ltr' id='par_1_27' title="bbox 673 2748 2259 2810">
     <span class='ocr_line' id='line_1_27' title="bbox 673 2748 2259 2810; baseline -0.004 -1"><span class='ocrx_word' id='word_1_198' title='bbox 673 2754 823 2809; x_wconf 90' lang='lat' dir='ltr'><strong>illum</strong></span> <span class='ocrx_word' id='word_1_199' title='bbox 848 2763 1225 2810; x_wconf 82' lang='lat' dir='ltr'><strong>aversarentur</strong></span> <span class='ocrx_word' id='word_1_200' title='bbox 1256 2772 1270 2807; x_wconf 89' lang='lat'><strong>:</strong></span> <span class='ocrx_word' id='word_1_201' title='bbox 1302 2767 1486 2807; x_wconf 89' lang='lat' dir='ltr'><strong>verum</strong></span> <span class='ocrx_word' id='word_1_202' title='bbox 1517 2752 1695 2806; x_wconf 87' lang='lat' dir='ltr'><strong>missis</strong></span> <span class='ocrx_word' id='word_1_203' title='bbox 1723 2750 1828 2805; x_wconf 88' lang='lat' dir='ltr'><strong>illis</strong></span> <span class='ocrx_word' id='word_1_204' title='bbox 1854 2750 2125 2810; x_wconf 84' lang='lat' dir='ltr'><strong>omnibus,</strong></span> <span class='ocrx_word' id='word_1_205' title='bbox 2158 2748 2259 2802; x_wconf 88' lang='lat' dir='ltr'><strong>alia</strong></span> 
     </span>
    </p>
   </div>
   <div class='ocr_carea' id='block_1_28' title="bbox 673 2840 2259 2918">
    <p class='ocr_par' dir='ltr' id='par_1_28' title="bbox 673 2840 2259 2918">
     <span class='ocr_line' id='line_1_28' title="bbox 673 2840 2259 2918; baseline -0.005 -17"><span class='ocrx_word' id='word_1_206' title='bbox 673 2847 757 2901; x_wconf 86' lang='lat' dir='ltr'><strong>via</strong></span> <span class='ocrx_word' id='word_1_207' title='bbox 782 2846 1023 2918; x_wconf 88' lang='lat' dir='ltr'><strong>procedit</strong></span> <span class='ocrx_word' id='word_1_208' title='bbox 1041 2863 1055 2908; x_wconf 84' lang='lat'><strong>;</strong></span> <span class='ocrx_word' id='word_1_209' title='bbox 1078 2859 1142 2900; x_wconf 92' lang='lat' dir='ltr'><strong>ac</strong></span> <span class='ocrx_word' id='word_1_210' title='bbox 1159 2844 1366 2899; x_wconf 90' lang='lat' dir='ltr'><strong>videtur</strong></span> <span class='ocrx_word' id='word_1_211' title='bbox 1387 2842 1600 2913; x_wconf 90' lang='lat' dir='ltr'><strong>quidem</strong></span> <span class='ocrx_word' id='word_1_212' title='bbox 1622 2841 1940 2897; x_wconf 83' lang='lat' dir='ltr'><strong>accedentes</strong></span> <span class='ocrx_word' id='word_1_213' title='bbox 1962 2840 2259 2908; x_wconf 85' lang='lat' dir='ltr'><strong>increpare,</strong></span> 
     </span>
    </p>
   </div>
   <div class='ocr_carea' id='block_1_29' title="bbox 674 2933 2259 3010">
    <p class='ocr_par' dir='ltr' id='par_1_29' title="bbox 674 2933 2259 3010">
     <span class='ocr_line' id='line_1_29' title="bbox 674 2933 2259 3010; baseline -0.006 -16"><span class='ocrx_word' id='word_1_214' title='bbox 674 2938 768 2994; x_wconf 84' lang='lat' dir='ltr'><strong>sed</strong></span> <span class='ocrx_word' id='word_1_215' title='bbox 814 2938 1119 3010; x_wconf 82' lang='lat' dir='ltr'><strong>perstringit</strong></span> <span class='ocrx_word' id='word_1_216' title='bbox 1160 2952 1256 2992; x_wconf 88' lang='lat' dir='ltr'><strong>eos</strong></span> <span class='ocrx_word' id='word_1_217' title='bbox 1282 2936 1373 3006; x_wconf 89' lang='lat' dir='ltr'><strong>qui</strong></span> <span class='ocrx_word' id='word_1_218' title='bbox 1417 2933 1719 3004; x_wconf 86' lang='lat' dir='ltr'><strong>hujusmodi</strong></span> <span class='ocrx_word' id='word_1_219' title='bbox 1764 2933 1908 3003; x_wconf 82' lang='lat' dir='ltr'><strong>leges</strong></span> <span class='ocrx_word' id='word_1_220' title='bbox 1935 2941 2259 3002; x_wconf 86' lang='lat' dir='ltr'><strong>posuerant;</strong></span> 
     </span>
    </p>
   </div>
   <div class='ocr_carea' id='block_1_30' title="bbox 676 3022 2264 3098">
    <p class='ocr_par' dir='ltr' id='par_1_30' title="bbox 676 3022 2264 3098">
     <span class='ocr_line' id='line_1_30' title="bbox 676 3022 2264 3098; baseline -0.007 -12"><span class='ocrx_word' id='word_1_221' title='bbox 676 3030 915 3086; x_wconf 88' lang='lat' dir='ltr'><strong>seniores</strong></span> <span class='ocrx_word' id='word_1_222' title='bbox 941 3042 1201 3098; x_wconf 89' lang='lat' dir='ltr'><strong>nusquam</strong></span> <span class='ocrx_word' id='word_1_223' title='bbox 1223 3022 1551 3090; x_wconf 87' lang='lat' dir='ltr'><strong>memorans,</strong></span> <span class='ocrx_word' id='word_1_224' title='bbox 1573 3024 1666 3081; x_wconf 91' lang='lat' dir='ltr'><strong>sed</strong></span> <span class='ocrx_word' id='word_1_225' title='bbox 1690 3025 1742 3077; x_wconf 91' lang='lat' dir='ltr'><strong>in</strong></span> <span class='ocrx_word' id='word_1_226' title='bbox 1770 3024 2111 3079; x_wconf 84' lang='lat' dir='ltr'><strong>accusatione</strong></span> <span class='ocrx_word' id='word_1_227' title='bbox 2134 3036 2264 3077; x_wconf 89' lang='lat' dir='ltr'><strong>con-</strong></span> 
     </span>
    </p>
   </div>
   <div class='ocr_carea' id='block_1_31' title="bbox 678 3113 2261 3188">
    <p class='ocr_par' dir='ltr' id='par_1_31' title="bbox 678 3113 2261 3188">
     <span class='ocr_line' id='line_1_31' title="bbox 678 3113 2261 3188; baseline -0.005 -12"><span class='ocrx_word' id='word_1_228' title='bbox 678 3132 756 3176; x_wconf 86' lang='lat' dir='ltr'><strong>tra</strong></span> <span class='ocrx_word' id='word_1_229' title='bbox 797 3122 898 3175; x_wconf 90' lang='lat' dir='ltr'><strong>hos</strong></span> <span class='ocrx_word' id='word_1_230' title='bbox 935 3121 1195 3185; x_wconf 89' lang='lat' dir='ltr'><strong>instituta,</strong></span> <span class='ocrx_word' id='word_1_231' title='bbox 1229 3119 1348 3174; x_wconf 91' lang='lat' dir='ltr'><strong>illos</strong></span> <span class='ocrx_word' id='word_1_232' title='bbox 1390 3131 1603 3188; x_wconf 88' lang='lat' dir='ltr'><strong>quoque</strong></span> <span class='ocrx_word' id='word_1_233' title='bbox 1639 3116 1913 3185; x_wconf 85' lang='lat' dir='ltr'><strong>dejiciens,</strong></span> <span class='ocrx_word' id='word_1_234' title='bbox 1941 3113 2261 3169; x_wconf 84' lang='lat' dir='ltr'><strong>ostendens-</strong></span> 
     </span>
    </p>
   </div>
   <div class='ocr_carea' id='block_1_32' title="bbox 676 3204 2266 3283">
    <p class='ocr_par' dir='ltr' id='par_1_32' title="bbox 676 3204 2266 3283">
     <span class='ocr_line' id='line_1_32' title="bbox 676 3204 2266 3283; baseline -0.004 -18"><span class='ocrx_word' id='word_1_235' title='bbox 676 3228 802 3283; x_wconf 85' lang='lat' dir='ltr'><strong>que,</strong></span> <span class='ocrx_word' id='word_1_236' title='bbox 833 3212 1033 3282; x_wconf 79' lang='lat' dir='ltr'><strong>duplex</strong></span> <span class='ocrx_word' id='word_1_237' title='bbox 1071 3226 1189 3266; x_wconf 92' lang='lat' dir='ltr'><strong>csse</strong></span> <span class='ocrx_word' id='word_1_238' title='bbox 1237 3218 1533 3279; x_wconf 78' lang='lat' dir='ltr'><strong>peccatum,</strong></span> <span class='ocrx_word' id='word_1_239' title='bbox 1566 3206 1706 3278; x_wconf 89' lang='lat' dir='ltr'><strong>quod</strong></span> <span class='ocrx_word' id='word_1_240' title='bbox 1736 3216 1792 3261; x_wconf 92' lang='lat' dir='ltr'><strong>et</strong></span> <span class='ocrx_word' id='word_1_241' title='bbox 1820 3207 1929 3261; x_wconf 90' lang='lat' dir='ltr'><strong>Deo</strong></span> <span class='ocrx_word' id='word_1_242' title='bbox 1957 3220 2065 3260; x_wconf 91' lang='lat' dir='ltr'><strong>non</strong></span> <span class='ocrx_word' id='word_1_243' title='bbox 2108 3204 2266 3259; x_wconf 85' lang='lat' dir='ltr'><strong>obse-</strong></span> 
     </span>
    </p>
   </div>
   <div class='ocr_carea' id='block_1_33' title="bbox 676 3298 2267 3374">
    <p class='ocr_par' dir='ltr' id='par_1_33' title="bbox 676 3298 2267 3374">
     <span class='ocr_line' id='line_1_33' title="bbox 676 3298 2267 3374; baseline -0.004 -14"><span class='ocrx_word' id='word_1_244' title='bbox 676 3314 993 3373; x_wconf 88' lang='lat' dir='ltr'><strong>querentur,</strong></span> <span class='ocrx_word' id='word_1_245' title='bbox 1027 3312 1082 3359; x_wconf 92' lang='lat' dir='ltr'><strong>et</strong></span> <span class='ocrx_word' id='word_1_246' title='bbox 1122 3302 1262 3374; x_wconf 90' lang='lat' dir='ltr'><strong>quod</strong></span> <span class='ocrx_word' id='word_1_247' title='bbox 1291 3312 1510 3373; x_wconf 86' lang='lat' dir='ltr'><strong>propter</strong></span> <span class='ocrx_word' id='word_1_248' title='bbox 1535 3300 1782 3355; x_wconf 88' lang='lat' dir='ltr'><strong>homines</strong></span> <span class='ocrx_word' id='word_1_249' title='bbox 1811 3298 1862 3355; x_wconf 88' lang='lat' dir='ltr'><strong>id</strong></span> <span class='ocrx_word' id='word_1_250' title='bbox 1898 3299 2157 3363; x_wconf 83' lang='lat' dir='ltr'><strong>lacerent;</strong></span> <span class='ocrx_word' id='word_1_251' title='bbox 2202 3312 2267 3353; x_wconf 86' lang='lat' dir='ltr'><strong>ac</strong></span> 
     </span>
    </p>
   </div>
   <div class='ocr_carea' id='block_1_34' title="bbox 677 3387 2263 3462">
    <p class='ocr_par' dir='ltr' id='par_1_34' title="bbox 677 3387 2263 3462">
     <span class='ocr_line' id='line_1_34' title="bbox 677 3387 2263 3462; baseline -0.004 -13"><span class='ocrx_word' id='word_1_252' title='bbox 677 3395 723 3450; x_wconf 92' lang='lat' dir='ltr'><strong>si</strong></span> <span class='ocrx_word' id='word_1_253' title='bbox 748 3395 952 3451; x_wconf 89' lang='lat' dir='ltr'><strong>diceret</strong></span> <span class='ocrx_word' id='word_1_254' title='bbox 979 3411 994 3449; x_wconf 88' lang='lat'><strong>:</strong></span> <span class='ocrx_word' id='word_1_255' title='bbox 1026 3394 1136 3449; x_wconf 91' lang='lat' dir='ltr'><strong>lloc</strong></span> <span class='ocrx_word' id='word_1_256' title='bbox 1211 3392 1358 3448; x_wconf 89' lang='lat' dir='ltr'><strong>enim</strong></span> <span class='ocrx_word' id='word_1_257' title='bbox 1398 3392 1576 3462; x_wconf 89' lang='lat' dir='ltr'><strong>ipsum</strong></span> <span class='ocrx_word' id='word_1_258' title='bbox 1614 3404 1712 3445; x_wconf 87' lang='lat' dir='ltr'><strong>vos</strong></span> <span class='ocrx_word' id='word_1_259' title='bbox 1741 3431 1756 3456; x_wconf 91' lang='lat'><strong>,</strong></span> <span class='ocrx_word' id='word_1_260' title='bbox 1795 3388 1901 3443; x_wconf 91' lang='lat' dir='ltr'><strong>hoc</strong></span> <span class='ocrx_word' id='word_1_261' title='bbox 1973 3387 2263 3460; x_wconf 67' lang='lat' dir='ltr'><strong>pcrdiditt,</strong></span> 
     </span>
    </p>
   </div>
   <div class='ocr_carea' id='block_1_35' title="bbox 676 3480 2265 3557">
    <p class='ocr_par' dir='ltr' id='par_1_35' title="bbox 676 3480 2265 3557">
     <span class='ocr_line' id='line_1_35' title="bbox 676 3480 2265 3557; baseline -0.005 -15"><span class='ocrx_word' id='word_1_262' title='bbox 676 3486 819 3557; x_wconf 88' lang='lat' dir='ltr'><strong>quod</strong></span> <span class='ocrx_word' id='word_1_263' title='bbox 852 3489 906 3542; x_wconf 92' lang='lat' dir='ltr'><strong>in</strong></span> <span class='ocrx_word' id='word_1_264' title='bbox 936 3487 1081 3543; x_wconf 93' lang='lat' dir='ltr'><strong>omni</strong></span> <span class='ocrx_word' id='word_1_265' title='bbox 1112 3502 1172 3543; x_wconf 91' lang='lat' dir='ltr'><strong>re</strong></span> <span class='ocrx_word' id='word_1_266' title='bbox 1196 3485 1500 3541; x_wconf 85' lang='lat' dir='ltr'><strong>senioribus</strong></span> <span class='ocrx_word' id='word_1_267' title='bbox 1528 3498 1731 3539; x_wconf 88' lang='lat' dir='ltr'><strong>morem</strong></span> <span class='ocrx_word' id='word_1_268' title='bbox 1760 3482 1992 3554; x_wconf 88' lang='lat' dir='ltr'><strong>geratis;</strong></span> <span class='ocrx_word' id='word_1_269' title='bbox 2035 3480 2128 3536; x_wconf 81' lang='lat' dir='ltr'><strong>sed</strong></span> <span class='ocrx_word' id='word_1_270' title='bbox 2157 3496 2265 3535; x_wconf 89' lang='lat' dir='ltr'><strong>non</strong></span> 
     </span>
    </p>
   </div>
   <div class='ocr_carea' id='block_1_36' title="bbox 680 3568 2268 3644">
    <p class='ocr_par' dir='ltr' id='par_1_36' title="bbox 680 3568 2268 3644">
     <span class='ocr_line' id='line_1_36' title="bbox 680 3568 2268 3644; baseline -0.004 -13"><span class='ocrx_word' id='word_1_271' title='bbox 680 3577 782 3632; x_wconf 91' lang='lat' dir='ltr'><strong>hoc</strong></span> <span class='ocrx_word' id='word_1_272' title='bbox 807 3576 955 3641; x_wconf 89' lang='lat' dir='ltr'><strong>dicit,</strong></span> <span class='ocrx_word' id='word_1_273' title='bbox 983 3574 1116 3632; x_wconf 85' lang='lat' dir='ltr'><strong>illud</strong></span> <span class='ocrx_word' id='word_1_274' title='bbox 1143 3585 1319 3631; x_wconf 89' lang='lat' dir='ltr'><strong>autem</strong></span> <span class='ocrx_word' id='word_1_275' title='bbox 1342 3576 1515 3644; x_wconf 88' lang='lat' dir='ltr'><strong>ipsum</strong></span> <span class='ocrx_word' id='word_1_276' title='bbox 1537 3572 1859 3636; x_wconf 87' lang='lat' dir='ltr'><strong>subindicat,</strong></span> <span class='ocrx_word' id='word_1_277' title='bbox 1882 3572 2009 3627; x_wconf 90' lang='lat' dir='ltr'><strong>dum</strong></span> <span class='ocrx_word' id='word_1_278' title='bbox 2034 3575 2112 3627; x_wconf 89' lang='lat' dir='ltr'><strong>sic</strong></span> <span class='ocrx_word' id='word_1_279' title='bbox 2139 3568 2268 3641; x_wconf 88' lang='lat' dir='ltr'><strong>ipsis</strong></span> 
     </span>
    </p>
   </div>
   <div class='ocr_carea' id='block_1_37' title="bbox 678 3663 2269 3739">
    <p class='ocr_par' dir='ltr' id='par_1_37' title="bbox 678 3663 2269 3739">
     <span class='ocr_line' id='line_1_37' title="bbox 678 3663 2269 3739; baseline -0.003 -18"><span class='ocrx_word' id='word_1_280' title='bbox 678 3668 984 3739; x_wconf 84' lang='lat' dir='ltr'><strong>respondet.</strong></span> <span class='ocrx_word' id='word_1_281' title='bbox 1019 3669 1072 3723; x_wconf 79' lang='lat'><strong>5.</strong></span> <span class='ocrx_word' id='word_1_282' title='bbox 1108 3667 1278 3734; x_wconf 82' lang='lat' dir='ltr'><strong>Quare</strong></span> <span class='ocrx_word' id='word_1_283' title='bbox 1300 3670 1452 3721; x_wconf 88' lang='lat' dir='ltr'><strong>etiam</strong></span> <span class='ocrx_word' id='word_1_284' title='bbox 1480 3682 1568 3720; x_wconf 80' lang='lat' dir='ltr'><strong>vos</strong></span> <span class='ocrx_word' id='word_1_285' title='bbox 1607 3664 2020 3737; x_wconf 80' lang='lat' dir='ltr'><strong>transgredimini</strong></span> <span class='ocrx_word' id='word_1_286' title='bbox 2050 3663 2269 3717; x_wconf 86' lang='lat' dir='ltr'><strong>manda-</strong></span> 
     </span>
    </p>
   </div>
   <div class='ocr_carea' id='block_1_38' title="bbox 679 3753 2266 3827">
    <p class='ocr_par' dir='ltr' id='par_1_38' title="bbox 679 3753 2266 3827">
     <span class='ocr_line' id='line_1_38' title="bbox 679 3753 2266 3827; baseline -0.001 -18"><span class='ocrx_word' id='word_1_287' title='bbox 679 3767 785 3810; x_wconf 81' lang='lat' dir='ltr'><strong>tum</strong></span> <span class='ocrx_word' id='word_1_288' title='bbox 813 3756 907 3810; x_wconf 97' lang='lat' dir='ltr'><strong>Dei</strong></span> <span class='ocrx_word' id='word_1_289' title='bbox 936 3766 1142 3827; x_wconf 79' lang='lat' dir='ltr'><strong>propter</strong></span> <span class='ocrx_word' id='word_1_290' title='bbox 1166 3757 1493 3811; x_wconf 84' lang='lat' dir='ltr'><strong>traditionem</strong></span> <span class='ocrx_word' id='word_1_291' title='bbox 1519 3766 1735 3809; x_wconf 81' lang='lat' dir='ltr'><strong>uestram</strong></span> <span class='ocrx_word' id='word_1_292' title='bbox 1752 3755 1778 3808; x_wconf 71' lang='lat'><strong>.9</strong></span> <span class='ocrx_word' id='word_1_293' title='bbox 1807 3753 1947 3809; x_wconf 87' lang='lat' dir='ltr'><strong>Deus</strong></span> <span class='ocrx_word' id='word_1_294' title='bbox 1970 3756 2106 3808; x_wconf 88' lang='lat' dir='ltr'><strong>enim</strong></span> <span class='ocrx_word' id='word_1_295' title='bbox 2131 3769 2266 3823; x_wconf 70' lang='lat' dir='ltr'><strong>prae-</strong></span> 
     </span>
    </p>
   </div>
   <div class='ocr_carea' id='block_1_39' title="bbox 677 3845 2269 3919">
    <p class='ocr_par' dir='ltr' id='par_1_39' title="bbox 677 3845 2269 3919">
     <span class='ocr_line' id='line_1_39' title="bbox 677 3845 2269 3919; baseline -0.003 -17"><span class='ocrx_word' id='word_1_296' title='bbox 677 3849 861 3919; x_wconf 85' lang='lat' dir='ltr'><strong>cepit:</strong></span> <span class='ocrx_word' id='word_1_297' title='bbox 888 3849 941 3903; x_wconf 73' lang='grc'><strong>4.</strong></span> <span class='ocrx_word' id='word_1_298' title='bbox 986 3846 1201 3902; x_wconf 82' lang='lat' dir='ltr'><strong>Honora</strong></span> <span class='ocrx_word' id='word_1_299' title='bbox 1244 3858 1439 3917; x_wconf 77' lang='lat' dir='ltr'><strong>patrem</strong></span> <span class='ocrx_word' id='word_1_300' title='bbox 1483 3855 1529 3901; x_wconf 90' lang='lat' dir='ltr'><strong>et</strong></span> <span class='ocrx_word' id='word_1_301' title='bbox 1574 3856 1820 3909; x_wconf 85' lang='lat' dir='ltr'><strong>matrem;</strong></span> <span class='ocrx_word' id='word_1_302' title='bbox 1856 3855 1924 3909; x_wconf 86' lang='lat' dir='ltr'><strong>et,</strong></span> <span class='ocrx_word' id='word_1_303' title='bbox 1976 3845 2077 3911; x_wconf 91' lang='lat' dir='ltr'><strong>Qui</strong></span> <span class='ocrx_word' id='word_1_304' title='bbox 2112 3846 2269 3898; x_wconf 85' lang='lat' dir='ltr'><strong>male-</strong></span> 
     </span>
    </p>
   </div>
   <div class='ocr_carea' id='block_1_40' title="bbox 679 3934 2266 4010">
    <p class='ocr_par' dir='ltr' id='par_1_40' title="bbox 679 3934 2266 4010">
     <span class='ocr_line' id='line_1_40' title="bbox 679 3934 2266 4010; baseline -0.003 -17"><span class='ocrx_word' id='word_1_305' title='bbox 679 3940 861 3993; x_wconf 72' lang='lat' dir='ltr'><strong>dixerit</strong></span> <span class='ocrx_word' id='word_1_306' title='bbox 889 3940 1023 4010; x_wconf 88' lang='lat' dir='ltr'><strong>patri</strong></span> <span class='ocrx_word' id='word_1_307' title='bbox 1054 3939 1131 3993; x_wconf 79' lang='lat' dir='ltr'><strong>uel</strong></span> <span class='ocrx_word' id='word_1_308' title='bbox 1161 3940 1332 4006; x_wconf 80' lang='lat' dir='ltr'><strong>matri,</strong></span> <span class='ocrx_word' id='word_1_309' title='bbox 1364 3946 1524 3992; x_wconf 86' lang='lat' dir='ltr'><strong>morte</strong></span> <span class='ocrx_word' id='word_1_310' title='bbox 1555 3938 1803 3991; x_wconf 82' lang='lat' dir='ltr'><strong>moriatur</strong></span> <span class='ocrx_word' id='word_1_311' title='bbox 1827 3934 2029 4008; x_wconf 69' lang='lat' dir='ltr'><strong>(Exod.</strong></span> <span class='ocrx_word' id='word_1_312' title='bbox 2055 3934 2145 3990; x_wconf 71' lang='lat'><strong>20.</strong></span> <span class='ocrx_word' id='word_1_313' title='bbox 2177 3935 2266 3989; x_wconf 73' lang='grc'><strong>12.</strong></span> 
     </span>
    </p>
   </div>
   <div class='ocr_carea' id='block_1_41' title="bbox 679 4024 2271 4101">
    <p class='ocr_par' dir='ltr' id='par_1_41' title="bbox 679 4024 2271 4101">
     <span class='ocr_line' id='line_1_41' title="bbox 679 4024 2271 4101; baseline -0.003 -17"><span class='ocrx_word' id='word_1_314' title='bbox 679 4039 729 4084; x_wconf 87' lang='lat' dir='ltr'><strong>et</strong></span> <span class='ocrx_word' id='word_1_315' title='bbox 752 4030 846 4086; x_wconf 74' lang='lat'><strong>2-1.</strong></span> <span class='ocrx_word' id='word_1_316' title='bbox 874 4030 985 4101; x_wconf 85' lang='grc'><strong>17).</strong></span> <span class='ocrx_word' id='word_1_317' title='bbox 1019 4030 1074 4085; x_wconf 79' lang='grc'><strong>5.</strong></span> <span class='ocrx_word' id='word_1_318' title='bbox 1113 4027 1215 4085; x_wconf 85' lang='lat' dir='ltr'><strong>Vos</strong></span> <span class='ocrx_word' id='word_1_319' title='bbox 1252 4040 1418 4083; x_wconf 85' lang='lat' dir='ltr'><strong>autem</strong></span> <span class='ocrx_word' id='word_1_320' title='bbox 1456 4029 1624 4083; x_wconf 89' lang='lat' dir='ltr'><strong>dicitis</strong></span> <span class='ocrx_word' id='word_1_321' title='bbox 1666 4043 1684 4082; x_wconf 91' lang='lat'><em>:</em></span> <span class='ocrx_word' id='word_1_322' title='bbox 1727 4027 2041 4096; x_wconf 86' lang='lat' dir='ltr'><strong>Quicumque</strong></span> <span class='ocrx_word' id='word_1_323' title='bbox 2086 4024 2271 4079; x_wconf 71' lang='lat' dir='ltr'><strong>dixerit</strong></span> 
     </span>
    </p>
   </div>
   <div class='ocr_carea' id='block_1_42' title="bbox 681 4120 2270 4195">
    <p class='ocr_par' dir='ltr' id='par_1_42' title="bbox 681 4120 2270 4195">
     <span class='ocr_line' id='line_1_42' title="bbox 681 4120 2270 4195; baseline -0.004 -16"><span class='ocrx_word' id='word_1_324' title='bbox 681 4127 813 4195; x_wconf 81' lang='lat' dir='ltr'><strong>patri</strong></span> <span class='ocrx_word' id='word_1_325' title='bbox 838 4125 922 4181; x_wconf 79' lang='lat' dir='ltr'><strong>uel</strong></span> <span class='ocrx_word' id='word_1_326' title='bbox 946 4126 1117 4194; x_wconf 83' lang='lat' dir='ltr'><strong>matri,</strong></span> <span class='ocrx_word' id='word_1_327' title='bbox 1147 4124 1336 4179; x_wconf 80' lang='lat' dir='ltr'><strong>Munus</strong></span> <span class='ocrx_word' id='word_1_328' title='bbox 1360 4127 1708 4195; x_wconf 84' lang='lat' dir='ltr'><strong>quodcumque</strong></span> <span class='ocrx_word' id='word_1_329' title='bbox 1736 4132 1808 4176; x_wconf 86' lang='lat' dir='ltr'><strong>est</strong></span> <span class='ocrx_word' id='word_1_330' title='bbox 1835 4137 1897 4176; x_wconf 70' lang='lat' dir='ltr'><strong>ex</strong></span> <span class='ocrx_word' id='word_1_331' title='bbox 1924 4138 2002 4175; x_wconf 85' lang='lat' dir='ltr'><strong>me</strong></span> <span class='ocrx_word' id='word_1_332' title='bbox 2030 4120 2117 4174; x_wconf 83' lang='lat' dir='ltr'><strong>tibi</strong></span> <span class='ocrx_word' id='word_1_333' title='bbox 2149 4136 2270 4187; x_wconf 84' lang='lat' dir='ltr'><strong>pro-</strong></span> 
     </span>
    </p>
   </div>
   <div class='ocr_carea' id='block_1_43' title="bbox 680 4212 2267 4287">
    <p class='ocr_par' dir='ltr' id='par_1_43' title="bbox 680 4212 2267 4287">
     <span class='ocr_line' id='line_1_43' title="bbox 680 4212 2267 4287; baseline -0.004 -16"><span class='ocrx_word' id='word_1_334' title='bbox 680 4218 831 4286; x_wconf 86' lang='lat' dir='ltr'><strong>derit,</strong></span> <span class='ocrx_word' id='word_1_335' title='bbox 876 4221 931 4275; x_wconf 84' lang='lat'><strong>6.</strong></span> <span class='ocrx_word' id='word_1_336' title='bbox 970 4230 1015 4273; x_wconf 85' lang='lat' dir='ltr'><strong>et</strong></span> <span class='ocrx_word' id='word_1_337' title='bbox 1059 4235 1159 4272; x_wconf 84' lang='lat' dir='ltr'><strong>non</strong></span> <span class='ocrx_word' id='word_1_338' title='bbox 1200 4217 1467 4271; x_wconf 82' lang='lat' dir='ltr'><strong>honorabit</strong></span> <span class='ocrx_word' id='word_1_339' title='bbox 1514 4226 1708 4287; x_wconf 87' lang='lat' dir='ltr'><strong>patrem</strong></span> <span class='ocrx_word' id='word_1_340' title='bbox 1750 4230 1899 4269; x_wconf 85' lang='lat' dir='ltr'><strong>suum</strong></span> <span class='ocrx_word' id='word_1_341' title='bbox 1934 4212 2014 4268; x_wconf 77' lang='lat' dir='ltr'><strong>uel</strong></span> <span class='ocrx_word' id='word_1_342' title='bbox 2055 4224 2267 4266; x_wconf 78' lang='lat' dir='ltr'><strong>matrem</strong></span> 
     </span>
    </p>
   </div>
   <div class='ocr_carea' id='block_1_44' title="bbox 678 4307 2273 4382">
    <p class='ocr_par' dir='ltr' id='par_1_44' title="bbox 678 4307 2273 4382">
     <span class='ocr_line' id='line_1_44' title="bbox 678 4307 2273 4382; baseline -0.006 -13"><span class='ocrx_word' id='word_1_343' title='bbox 678 4329 863 4377; x_wconf 83' lang='lat' dir='ltr'><strong>suam;</strong></span> <span class='ocrx_word' id='word_1_344' title='bbox 894 4321 939 4368; x_wconf 79' lang='lat' dir='ltr'><strong>et</strong></span> <span class='ocrx_word' id='word_1_345' title='bbox 977 4312 1180 4366; x_wconf 87' lang='lat' dir='ltr'><strong>irritum</strong></span> <span class='ocrx_word' id='word_1_346' title='bbox 1216 4310 1407 4382; x_wconf 76' lang='lat' dir='ltr'><strong>fecistis</strong></span> <span class='ocrx_word' id='word_1_347' title='bbox 1443 4308 1743 4364; x_wconf 85' lang='lat' dir='ltr'><strong>mandatum</strong></span> <span class='ocrx_word' id='word_1_348' title='bbox 1781 4307 1879 4361; x_wconf 81' lang='lat' dir='ltr'><strong>Dei</strong></span> <span class='ocrx_word' id='word_1_349' title='bbox 1918 4316 2124 4378; x_wconf 83' lang='lat' dir='ltr'><strong>propter</strong></span> <span class='ocrx_word' id='word_1_350' title='bbox 2169 4316 2273 4360; x_wconf 90' lang='lat' dir='ltr'><strong>tra-</strong></span> 
     </span>
    </p>
   </div>
   <div class='ocr_carea' id='block_1_45' title="bbox 679 4406 1197 4461">
    <p class='ocr_par' dir='ltr' id='par_1_45' title="bbox 679 4406 1197 4461">
     <span class='ocr_line' id='line_1_45' title="bbox 679 4406 1197 4461; baseline -0.004 0"><span class='ocrx_word' id='word_1_351' title='bbox 679 4406 921 4461; x_wconf 82' lang='lat' dir='ltr'><strong>ditionem</strong></span> <span class='ocrx_word' id='word_1_352' title='bbox 962 4416 1197 4460; x_wconf 81' lang='lat' dir='ltr'><strong>vestram.</strong></span> 
     </span>
    </p>
   </div>
   <div class='ocr_carea' id='block_1_46' title="bbox 751 4489 2273 4564">
    <p class='ocr_par' dir='ltr' id='par_1_46' title="bbox 751 4489 2273 4564">
     <span class='ocr_line' id='line_1_46' title="bbox 751 4489 2273 4564; baseline -0.006 -11"><span class='ocrx_word' id='word_1_353' title='bbox 751 4498 807 4553; x_wconf 67' lang='grc' dir='ltr'><strong>Ξ.</strong></span> <span class='ocrx_word' id='word_1_354' title='bbox 850 4497 1199 4553; x_wconf 82' lang='lat' dir='ltr'><strong>Traditiouem</strong></span> <span class='ocrx_word' id='word_1_355' title='bbox 1219 4496 1495 4551; x_wconf 65' lang='lat' dir='ltr'><strong>Iudaicam</strong></span> <span class='ocrx_word' id='word_1_356' title='bbox 1519 4494 1778 4564; x_wconf 83' lang='lat' dir='ltr'><strong>redarguit</strong></span> <span class='ocrx_word' id='word_1_357' title='bbox 1804 4490 2052 4547; x_wconf 85' lang='lat' dir='ltr'><strong>Christus.</strong></span> <span class='ocrx_word' id='word_1_358' title='bbox 2070 4489 2273 4545; x_wconf 86' lang='lat' dir='ltr'><strong>—Non</strong></span> 
     </span>
    </p>
   </div>
   <div class='ocr_carea' id='block_1_47' title="bbox 681 4581 2274 4659">
    <p class='ocr_par' dir='ltr' id='par_1_47' title="bbox 681 4581 2274 4659">
     <span class='ocr_line' id='line_1_47' title="bbox 681 4581 2274 4659; baseline -0.006 -13"><span class='ocrx_word' id='word_1_359' title='bbox 681 4592 833 4659; x_wconf 89' lang='lat' dir='ltr'><strong>dicit,</strong></span> <span class='ocrx_word' id='word_1_360' title='bbox 872 4586 1155 4647; x_wconf 88' lang='lat' dir='ltr'><strong>Seniorum</strong></span> <span class='ocrx_word' id='word_1_361' title='bbox 1187 4589 1548 4653; x_wconf 89' lang='lat' dir='ltr'><strong>traditionem,</strong></span> <span class='ocrx_word' id='word_1_362' title='bbox 1595 4586 1711 4652; x_wconf 90' lang='lat' dir='ltr'><strong>sed,</strong></span> <span class='ocrx_word' id='word_1_363' title='bbox 1770 4582 2019 4651; x_wconf 83' lang='lat' dir='ltr'><strong>Vestram,</strong></span> <span class='ocrx_word' id='word_1_364' title='bbox 2065 4592 2137 4652; x_wconf 90' lang='lat' dir='ltr'><strong>et,</strong></span> <span class='ocrx_word' id='word_1_365' title='bbox 2174 4581 2274 4637; x_wconf 82' lang='lat' dir='ltr'><strong>Vos</strong></span> 
     </span>
    </p>
   </div>
   <div class='ocr_carea' id='block_1_48' title="bbox 682 4675 2275 4757">
    <p class='ocr_par' dir='ltr' id='par_1_48' title="bbox 682 4675 2275 4757">
     <span class='ocr_line' id='line_1_48' title="bbox 682 4675 2275 4757; baseline -0.006 -20"><span class='ocrx_word' id='word_1_366' title='bbox 682 4685 889 4747; x_wconf 86' lang='lat' dir='ltr'><strong>dicitis;</strong></span> <span class='ocrx_word' id='word_1_367' title='bbox 917 4697 1023 4738; x_wconf 92' lang='lat' dir='ltr'><strong>non</strong></span> <span class='ocrx_word' id='word_1_368' title='bbox 1051 4681 1204 4749; x_wconf 81' lang='lat' dir='ltr'><strong>dixit,</strong></span> <span class='ocrx_word' id='word_1_369' title='bbox 1226 4680 1503 4757; x_wconf 61' lang='grc' dir='ltr'><strong>βοῶσι-εξ,</strong></span> <span class='ocrx_word' id='word_1_370' title='bbox 1527 4691 1583 4734; x_wconf 90' lang='grc' dir='ltr'><strong>ιιι</strong></span> <span class='ocrx_word' id='word_1_371' title='bbox 1609 4678 1786 4733; x_wconf 90' lang='lat' dir='ltr'><strong>minus</strong></span> <span class='ocrx_word' id='word_1_372' title='bbox 1815 4675 2071 4731; x_wconf 87' lang='lat' dir='ltr'><strong>molestus</strong></span> <span class='ocrx_word' id='word_1_373' title='bbox 2096 4690 2275 4730; x_wconf 85' lang='lat' dir='ltr'><strong>sermo</strong></span> 
     </span>
    </p>
   </div>
   <div class='ocr_carea' id='block_1_49' title="bbox 684 4772 2275 4845">
    <p class='ocr_par' dir='ltr' id='par_1_49' title="bbox 684 4772 2275 4845">
     <span class='ocr_line' id='line_1_49' title="bbox 684 4772 2275 4845; baseline -0.006 -14"><span class='ocrx_word' id='word_1_374' title='bbox 684 4778 978 4835; x_wconf 86' lang='lat' dir='ltr'><strong>videretur.</strong></span> <span class='ocrx_word' id='word_1_375' title='bbox 1007 4776 1140 4845; x_wconf 87' lang='lat' dir='ltr'><strong>Quia</strong></span> <span class='ocrx_word' id='word_1_376' title='bbox 1182 4775 1324 4831; x_wconf 89' lang='lat' dir='ltr'><strong>enim</strong></span> <span class='ocrx_word' id='word_1_377' title='bbox 1372 4772 1667 4843; x_wconf 88' lang='lat' dir='ltr'><strong>discipulos</strong></span> <span class='ocrx_word' id='word_1_378' title='bbox 1709 4780 2127 4841; x_wconf 79' lang='lat' dir='ltr'><strong>transgressores</strong></span> <span class='ocrx_word' id='word_1_379' title='bbox 2154 4782 2275 4823; x_wconf 88' lang='lat' dir='ltr'><strong>esse</strong></span> 
     </span>
    </p>
   </div>
   <div class='ocr_carea' id='block_1_50' title="bbox 683 4865 2274 4943">
    <p class='ocr_par' dir='ltr' id='par_1_50' title="bbox 683 4865 2274 4943">
     <span class='ocr_line' id='line_1_50' title="bbox 683 4865 2274 4943; baseline -0.007 -15"><span class='ocrx_word' id='word_1_380' title='bbox 683 4872 817 4943; x_wconf 81' lang='lat' dir='ltr'><strong>legis</strong></span> <span class='ocrx_word' id='word_1_381' title='bbox 842 4874 1217 4928; x_wconf 87' lang='lat' dir='ltr'><strong>demonstrare</strong></span> <span class='ocrx_word' id='word_1_382' title='bbox 1247 4868 1517 4931; x_wconf 86' lang='lat' dir='ltr'><strong>volebant,</strong></span> <span class='ocrx_word' id='word_1_383' title='bbox 1547 4865 1739 4937; x_wconf 88' lang='lat' dir='ltr'><strong>probat</strong></span> <span class='ocrx_word' id='word_1_384' title='bbox 1767 4865 1913 4934; x_wconf 88' lang='lat' dir='ltr'><strong>ipsos</strong></span> <span class='ocrx_word' id='word_1_385' title='bbox 1938 4878 2067 4918; x_wconf 87' lang='lat' dir='ltr'><strong>vere</strong></span> <span class='ocrx_word' id='word_1_386' title='bbox 2092 4872 2274 4917; x_wconf 75' lang='lat' dir='ltr'><strong>trans-</strong></span> 
     </span>
    </p>
   </div>
   <div class='ocr_carea' id='block_1_51' title="bbox 685 4954 2270 5036">
    <p class='ocr_par' dir='ltr' id='par_1_51' title="bbox 685 4954 2270 5036">
     <span class='ocr_line' id='line_1_51' title="bbox 685 4954 2270 5036; baseline -0.008 -16"><span class='ocrx_word' id='word_1_387' title='bbox 685 4964 837 5036; x_wconf 87' lang='lat' dir='ltr'><strong>gredi</strong></span> <span class='ocrx_word' id='word_1_388' title='bbox 865 4964 1057 5034; x_wconf 86' lang='lat' dir='ltr'><strong>legem,</strong></span> <span class='ocrx_word' id='word_1_389' title='bbox 1087 4960 1381 5030; x_wconf 87' lang='lat' dir='ltr'><strong>discipulos</strong></span> <span class='ocrx_word' id='word_1_390' title='bbox 1424 4968 1603 5013; x_wconf 90' lang='lat' dir='ltr'><strong>autem</strong></span> <span class='ocrx_word' id='word_1_391' title='bbox 1645 4956 1869 5012; x_wconf 88' lang='lat' dir='ltr'><strong>crimine</strong></span> <span class='ocrx_word' id='word_1_392' title='bbox 1896 4954 2093 5010; x_wconf 89' lang='lat' dir='ltr'><strong>liberos</strong></span> <span class='ocrx_word' id='word_1_393' title='bbox 2130 4968 2270 5010; x_wconf 74' lang='lat' dir='ltr'><strong>esse.</strong></span> 
     </span>
    </p>
   </div>
   <div class='ocr_carea' id='block_1_52' title="bbox 683 5048 2277 5129">
    <p class='ocr_par' dir='ltr' id='par_1_52' title="bbox 683 5048 2277 5129">
     <span class='ocr_line' id='line_1_52' title="bbox 683 5048 2277 5129; baseline -0.007 -15"><span class='ocrx_word' id='word_1_394' title='bbox 683 5057 867 5129; x_wconf 87' lang='lat' dir='ltr'><strong>Neque</strong></span> <span class='ocrx_word' id='word_1_395' title='bbox 893 5057 978 5112; x_wconf 74' lang='lat' dir='ltr'><strong>lex</strong></span> <span class='ocrx_word' id='word_1_396' title='bbox 998 5054 1151 5111; x_wconf 90' lang='lat' dir='ltr'><strong>estid</strong></span> <span class='ocrx_word' id='word_1_397' title='bbox 1179 5053 1320 5125; x_wconf 87' lang='lat' dir='ltr'><strong>quod</strong></span> <span class='ocrx_word' id='word_1_398' title='bbox 1347 5052 1416 5108; x_wconf 89' lang='lat' dir='ltr'><strong>ab</strong></span> <span class='ocrx_word' id='word_1_399' title='bbox 1442 5050 1746 5107; x_wconf 89' lang='lat' dir='ltr'><strong>hominibus</strong></span> <span class='ocrx_word' id='word_1_400' title='bbox 1767 5050 2104 5121; x_wconf 67' lang='lat' dir='ltr'><strong>prmcipitur:</strong></span> <span class='ocrx_word' id='word_1_401' title='bbox 2128 5048 2277 5104; x_wconf 87' lang='lat' dir='ltr'><strong>ideo-</strong></span> 
     </span>
    </p>
   </div>
   <div class='ocr_carea' id='block_1_53' title="bbox 683 5140 2274 5223">
    <p class='ocr_par' dir='ltr' id='par_1_53' title="bbox 683 5140 2274 5223">
     <span class='ocr_line' id='line_1_53' title="bbox 683 5140 2274 5223; baseline -0.008 -19"><span class='ocrx_word' id='word_1_402' title='bbox 683 5165 791 5223; x_wconf 90' lang='lat' dir='ltr'><strong>que</strong></span> <span class='ocrx_word' id='word_1_403' title='bbox 823 5147 1161 5205; x_wconf 88' lang='lat' dir='ltr'><strong>traditionem</strong></span> <span class='ocrx_word' id='word_1_404' title='bbox 1190 5154 1365 5207; x_wconf 85' lang='lat' dir='ltr'><strong>vocat.</strong></span> <span class='ocrx_word' id='word_1_405' title='bbox 1397 5159 1516 5215; x_wconf 85' lang='lat' dir='ltr'><strong>quae</strong></span> <span class='ocrx_word' id='word_1_406' title='bbox 1544 5152 1664 5199; x_wconf 77' lang='lat' dir='ltr'><strong>emt</strong></span> <span class='ocrx_word' id='word_1_407' title='bbox 1693 5142 2147 5212; x_wconf 88' lang='lat' dir='ltr'><strong>iniquissimorum</strong></span> <span class='ocrx_word' id='word_1_408' title='bbox 2174 5140 2274 5194; x_wconf 86' lang='lat' dir='ltr'><strong>ho-</strong></span> 
     </span>
    </p>
   </div>
   <div class='ocr_carea' id='block_1_54' title="bbox 684 5232 2276 5309">
    <p class='ocr_par' dir='ltr' id='par_1_54' title="bbox 684 5232 2276 5309">
     <span class='ocr_line' id='line_1_54' title="bbox 684 5232 2276 5309; baseline -0.008 -11"><span class='ocrx_word' id='word_1_409' title='bbox 684 5241 909 5298; x_wconf 85' lang='lat' dir='ltr'><strong>minum.</strong></span> <span class='ocrx_word' id='word_1_410' title='bbox 940 5238 1135 5294; x_wconf 85' lang='lat' dir='ltr'><strong>Verum</strong></span> <span class='ocrx_word' id='word_1_411' title='bbox 1164 5239 1287 5309; x_wconf 91' lang='lat' dir='ltr'><strong>quia</strong></span> <span class='ocrx_word' id='word_1_412' title='bbox 1313 5238 1487 5307; x_wconf 90' lang='lat' dir='ltr'><strong>jussio</strong></span> <span class='ocrx_word' id='word_1_413' title='bbox 1532 5232 1974 5291; x_wconf 40' lang='lat' dir='ltr'><strong>lavandi‘manus</strong></span> <span class='ocrx_word' id='word_1_414' title='bbox 2016 5246 2121 5287; x_wconf 93' lang='lat' dir='ltr'><strong>non</strong></span> <span class='ocrx_word' id='word_1_415' title='bbox 2161 5241 2276 5288; x_wconf 88' lang='lat' dir='ltr'><strong>erat</strong></span> 
     </span>
    </p>
   </div>
   <div class='ocr_carea' id='block_1_55' title="bbox 682 5324 2271 5406">
    <p class='ocr_par' dir='ltr' id='par_1_55' title="bbox 682 5324 2271 5406">
     <span class='ocr_line' id='line_1_55' title="bbox 682 5324 2271 5406; baseline -0.007 -14"><span class='ocrx_word' id='word_1_416' title='bbox 682 5334 786 5406; x_wconf 86' lang='lat' dir='ltr'><strong>legi</strong></span> <span class='ocrx_word' id='word_1_417' title='bbox 810 5334 1079 5391; x_wconf 86' lang='lat' dir='ltr'><strong>contraria</strong></span> <span class='ocrx_word' id='word_1_418' title='bbox 1111 5350 1126 5388; x_wconf 87' lang='lat'><strong>:</strong></span> <span class='ocrx_word' id='word_1_419' title='bbox 1154 5332 1315 5385; x_wconf 85' lang='lat' dir='ltr'><strong>alium</strong></span> <span class='ocrx_word' id='word_1_420' title='bbox 1343 5328 1681 5385; x_wconf 84' lang='lat' dir='ltr'><strong>traditionem</strong></span> <span class='ocrx_word' id='word_1_421' title='bbox 1708 5328 1757 5382; x_wconf 92' lang='lat' dir='ltr'><strong>in</strong></span> <span class='ocrx_word' id='word_1_422' title='bbox 1789 5326 2020 5383; x_wconf 91' lang='lat' dir='ltr'><strong>medimn</strong></span> <span class='ocrx_word' id='word_1_423' title='bbox 2051 5324 2271 5395; x_wconf 78' lang='lat' dir='ltr'><strong>profert,</strong></span> 
     </span>
    </p>
   </div>
   <div class='ocr_carea' id='block_1_56' title="bbox 684 5417 2277 5498">
    <p class='ocr_par' dir='ltr' id='par_1_56' title="bbox 684 5417 2277 5498">
     <span class='ocr_line' id='line_1_56' title="bbox 684 5417 2277 5498; baseline -0.008 -16"><span class='ocrx_word' id='word_1_424' title='bbox 684 5442 806 5498; x_wconf 73' lang='lat' dir='ltr'><strong>quae</strong></span> <span class='ocrx_word' id='word_1_425' title='bbox 835 5425 934 5496; x_wconf 82' lang='lat' dir='ltr'><strong>legi</strong></span> <span class='ocrx_word' id='word_1_426' title='bbox 974 5424 1241 5480; x_wconf 84' lang='lat' dir='ltr'><strong>contraria</strong></span> <span class='ocrx_word' id='word_1_427' title='bbox 1267 5431 1432 5478; x_wconf 89' lang='lat' dir='ltr'><strong>esset.</strong></span> <span class='ocrx_word' id='word_1_428' title='bbox 1461 5419 1613 5489; x_wconf 89' lang='lat' dir='ltr'><strong>Quod</strong></span> <span class='ocrx_word' id='word_1_429' title='bbox 1647 5434 1775 5474; x_wconf 90' lang='lat' dir='ltr'><strong>vero</strong></span> <span class='ocrx_word' id='word_1_430' title='bbox 1802 5418 1950 5485; x_wconf 89' lang='lat' dir='ltr'><strong>dicit,</strong></span> <span class='ocrx_word' id='word_1_431' title='bbox 1983 5417 2085 5474; x_wconf 91' lang='lat' dir='ltr'><strong>hoc</strong></span> <span class='ocrx_word' id='word_1_432' title='bbox 2114 5419 2277 5489; x_wconf 89' lang='lat' dir='ltr'><strong>signi-</strong></span> 
     </span>
    </p>
   </div>
   <div class='ocr_carea' id='block_1_57' title="bbox 685 5511 2274 5586">
    <p class='ocr_par' dir='ltr' id='par_1_57' title="bbox 685 5511 2274 5586">
     <span class='ocr_line' id='line_1_57' title="bbox 685 5511 2274 5586; baseline -0.007 -11"><span class='ocrx_word' id='word_1_433' title='bbox 685 5520 832 5575; x_wconf 77' lang='lat' dir='ltr'><strong>ﬁcat.</strong></span> <span class='ocrx_word' id='word_1_434' title='bbox 882 5519 1188 5574; x_wconf 89' lang='lat' dir='ltr'><strong>Docuerunt</strong></span> <span class='ocrx_word' id='word_1_435' title='bbox 1225 5514 1455 5586; x_wconf 79' lang='lat' dir='ltr'><strong>juvenes</strong></span> <span class='ocrx_word' id='word_1_436' title='bbox 1504 5522 1558 5567; x_wconf 92' lang='lat' dir='ltr'><strong>ut</strong></span> <span class='ocrx_word' id='word_1_437' title='bbox 1608 5511 1823 5581; x_wconf 82' lang='lat' dir='ltr'><strong>pietatis</strong></span> <span class='ocrx_word' id='word_1_438' title='bbox 1868 5511 2047 5582; x_wconf 86' lang='lat' dir='ltr'><strong>specie</strong></span> <span class='ocrx_word' id='word_1_439' title='bbox 2093 5520 2274 5582; x_wconf 90' lang='lat' dir='ltr'><strong>patres</strong></span> 
     </span>
    </p>
   </div>
   <div class='ocr_carea' id='block_1_58' title="bbox 686 5662 2277 5736">
    <p class='ocr_par' dir='ltr' id='par_1_58' title="bbox 686 5662 2277 5736">
     <span class='ocr_line' id='line_1_58' title="bbox 686 5662 2277 5736; baseline 0.003 -21"><span class='ocrx_word' id='word_1_440' title='bbox 686 5662 829 5736; x_wconf 71' lang='lat' dir='ltr'><strong>nibus</strong></span> <span class='ocrx_word' id='word_1_441' title='bbox 847 5664 1215 5736; x_wconf 17' lang='lat' dir='ltr'><strong>Antanducarent.</strong></span> <span class='ocrx_word' id='word_1_442' title='bbox 1229 5666 1408 5736; x_wconf 69' lang='lat' dir='ltr'><strong>Quare</strong></span> <span class='ocrx_word' id='word_1_443' title='bbox 1426 5664 1583 5733; x_wconf 85' lang='lat' dir='ltr'><strong>igitur</strong></span> <span class='ocrx_word' id='word_1_444' title='bbox 1602 5664 1673 5718; x_wconf 87' lang='lat' dir='ltr'><strong>sic</strong></span> <span class='ocrx_word' id='word_1_445' title='bbox 1695 5665 2083 5720; x_wconf 77' lang='lat' dir='ltr'><strong>manducarunt?</strong></span> <span class='ocrx_word' id='word_1_446' title='bbox 2102 5680 2197 5720; x_wconf 88' lang='lat' dir='ltr'><strong>non</strong></span> <span class='ocrx_word' id='word_1_447' title='bbox 2216 5664 2277 5719; x_wconf 86' lang='lat' dir='ltr'><strong>de</strong></span> 
     </span>
    </p>
   </div>
   <div class='ocr_carea' id='block_1_59' title="bbox 690 5726 1252 5791">
    <p class='ocr_par' dir='ltr' id='par_1_59' title="bbox 690 5726 1252 5791">
     <span class='ocr_line' id='line_1_59' title="bbox 690 5726 1252 5791; baseline 0.004 -13"><span class='ocrx_word' id='word_1_448' title='bbox 690 5726 1012 5791; x_wconf 74' lang='lat' dir='ltr'><strong>industriuid</strong></span> <span class='ocrx_word' id='word_1_449' title='bbox 1036 5728 1252 5791; x_wconf 80' lang='lat' dir='ltr'><strong>agebant.</strong></span> 
     </span>
    </p>
   </div>
   <div class='ocr_carea' id='block_1_60' title="bbox 756 5787 1745 5857">
    <p class='ocr_par' dir='ltr' id='par_1_60' title="bbox 756 5787 1745 5857">
     <span class='ocr_line' id='line_1_60' title="bbox 756 5787 1745 5857; baseline -0.001 -15"><span class='ocrx_word' id='word_1_450' title='bbox 756 5792 772 5823; x_wconf 81' lang='grc'><strong><em>⁸</em></strong></span> <span class='ocrx_word' id='word_1_451' title='bbox 798 5788 914 5853; x_wconf 76' lang='lat' dir='ltr'><strong>Alii,</strong></span> <span class='ocrx_word' id='word_1_452' title='bbox 940 5789 1027 5841; x_wconf 83' lang='lat' dir='ltr'><strong>hoc</strong></span> <span class='ocrx_word' id='word_1_453' title='bbox 1048 5787 1177 5843; x_wconf 67' lang='lat' dir='ltr'><strong>eiiim</strong></span> <span class='ocrx_word' id='word_1_454' title='bbox 1204 5803 1283 5843; x_wconf 78' lang='lat' dir='ltr'><strong>ros</strong></span> <span class='ocrx_word' id='word_1_455' title='bbox 1301 5797 1347 5843; x_wconf 86' lang='lat' dir='ltr'><strong>et</strong></span> <span class='ocrx_word' id='word_1_456' title='bbox 1373 5787 1485 5842; x_wconf 84' lang='lat' dir='ltr'><strong>illos</strong></span> <span class='ocrx_word' id='word_1_457' title='bbox 1508 5790 1745 5857; x_wconf 74' lang='lat' dir='ltr'><strong>perdidit.</strong></span> 
     </span>
    </p>
   </div>
   <div class='ocr_carea' id='block_1_61' title="bbox 1406 354 3215 420">
    <p class='ocr_par' dir='ltr' id='par_1_61' title="bbox 1406 354 3215 420">
     <span class='ocr_line' id='line_1_61' title="bbox 1406 354 3215 420; baseline -0.002 0"><span class='ocrx_word' id='word_1_458' title='bbox 1406 365 1463 420; x_wconf 89' lang='lat' dir='ltr'><strong>S.</strong></span> <span class='ocrx_word' id='word_1_459' title='bbox 1504 362 1780 420; x_wconf 80' lang='lat' dir='ltr'><strong>JOANNIS</strong></span> <span class='ocrx_word' id='word_1_460' title='bbox 1816 354 2289 417; x_wconf 70' lang='lat' dir='ltr'><strong>CllRYSOS&#39;l‘OMI</strong></span> <span class='ocrx_word' id='word_1_461' title='bbox 2334 355 2647 412; x_wconf 78' lang='lat' dir='ltr'><strong>ARCHIEP.</strong></span> <span class='ocrx_word' id='word_1_462' title='bbox 2689 360 3215 419; x_wconf 74' lang='lat' dir='ltr'><strong>CONSTANTINOP.</strong></span> 
     </span>
    </p>
   </div>
   <div class='ocr_carea' id='block_1_62' title="bbox 2703 363 3930 459">
    <p class='ocr_par' dir='ltr' id='par_1_62' title="bbox 2703 363 3930 459">
     <span class='ocr_line' id='line_1_62' title="bbox 2703 363 3930 459; baseline 0.004 -45"><span class='ocrx_word' id='word_1_463' title='bbox 2703 363 3215 459; x_wconf 31' lang='lat' dir='ltr'><strong>‘SONSTANTINOP.</strong></span> <span class='ocrx_word' id='word_1_464' title='bbox 3570 439 3579 455; x_wconf 32' lang='grc' dir='ltr'><em>ε</em></span> <span class='ocrx_word' id='word_1_465' title='bbox 3818 363 3930 424; x_wconf 60' lang='lat' dir='ltr'><strong>Si:</strong></span> 
     </span>
    </p>
   </div>
   <div class='ocr_carea' id='block_1_63' title="bbox 2365 471 3939 559">
    <p class='ocr_par' dir='ltr' id='par_1_63' title="bbox 2365 471 3939 559">
     <span class='ocr_line' id='line_1_63' title="bbox 2365 471 3939 559; baseline 0.016 -37"><span class='ocrx_word' id='word_1_466' title='bbox 2365 471 2716 541; x_wconf 73' lang='lat' dir='ltr'><strong>deSpicemnt.</strong></span> <span class='ocrx_word' id='word_1_467' title='bbox 2742 477 3020 543; x_wconf 86' lang='lat' dir='ltr'><strong>Quomodo</strong></span> <span class='ocrx_word' id='word_1_468' title='bbox 3044 491 3096 534; x_wconf 91' lang='lat' dir='ltr'><strong>et</strong></span> <span class='ocrx_word' id='word_1_469' title='bbox 3124 497 3229 550; x_wconf 89' lang='lat' dir='ltr'><strong>qua</strong></span> <span class='ocrx_word' id='word_1_470' title='bbox 3260 484 3498 538; x_wconf 81' lang='lat' dir='ltr'><strong>ratione?</strong></span> <span class='ocrx_word' id='word_1_471' title='bbox 3524 485 3579 541; x_wconf 83' lang='lat' dir='ltr'><strong>Si</strong></span> <span class='ocrx_word' id='word_1_472' title='bbox 3609 488 3729 557; x_wconf 86' lang='lat' dir='ltr'><strong>quis</strong></span> <span class='ocrx_word' id='word_1_473' title='bbox 3756 504 3939 559; x_wconf 83' lang='lat' dir='ltr'><strong>paren-</strong></span> 
     </span>
    </p>
   </div>
   <div class='ocr_carea' id='block_1_64' title="bbox 2365 566 3937 644">
    <p class='ocr_par' dir='ltr' id='par_1_64' title="bbox 2365 566 3937 644">
     <span class='ocr_line' id='line_1_64' title="bbox 2365 566 3937 644; baseline 0.013 -28"><span class='ocrx_word' id='word_1_474' title='bbox 2365 574 2474 618; x_wconf 90' lang='lat' dir='ltr'><strong>tum</strong></span> <span class='ocrx_word' id='word_1_475' title='bbox 2502 566 2612 620; x_wconf 85' lang='lat' dir='ltr'><strong>iilio</strong></span> <span class='ocrx_word' id='word_1_476' title='bbox 2637 566 2859 635; x_wconf 79' lang='lat' dir='ltr'><strong>diceret,</strong></span> <span class='ocrx_word' id='word_1_477' title='bbox 2893 569 2963 623; x_wconf 86' lang='lat' dir='ltr'><strong>Da</strong></span> <span class='ocrx_word' id='word_1_478' title='bbox 2996 571 3122 624; x_wconf 92' lang='lat' dir='ltr'><strong>mihi</strong></span> <span class='ocrx_word' id='word_1_479' title='bbox 3161 572 3317 638; x_wconf 89' lang='lat' dir='ltr'><strong>hanc,</strong></span> <span class='ocrx_word' id='word_1_480' title='bbox 3360 591 3516 644; x_wconf 89' lang='lat' dir='ltr'><strong>quam</strong></span> <span class='ocrx_word' id='word_1_481' title='bbox 3543 577 3727 643; x_wconf 84' lang='lat' dir='ltr'><strong>babes,</strong></span> <span class='ocrx_word' id='word_1_482' title='bbox 3759 597 3937 640; x_wconf 81' lang='lat' dir='ltr'><strong>ovem.</strong></span> 
     </span>
    </p>
   </div>
   <div class='ocr_carea' id='block_1_65' title="bbox 2363 660 3951 743">
    <p class='ocr_par' dir='ltr' id='par_1_65' title="bbox 2363 660 3951 743">
     <span class='ocr_line' id='line_1_65' title="bbox 2363 660 3951 743; baseline 0.014 -33"><span class='ocrx_word' id='word_1_483' title='bbox 2363 667 2451 712; x_wconf 88' lang='lat' dir='ltr'><strong>aut</strong></span> <span class='ocrx_word' id='word_1_484' title='bbox 2497 660 2737 724; x_wconf 87' lang='lat' dir='ltr'><strong>vitulum,</strong></span> <span class='ocrx_word' id='word_1_485' title='bbox 2787 671 2879 717; x_wconf 90' lang='lat' dir='ltr'><strong>aut</strong></span> <span class='ocrx_word' id='word_1_486' title='bbox 2921 663 3060 719; x_wconf 88' lang='lat' dir='ltr'><strong>aliud</strong></span> <span class='ocrx_word' id='word_1_487' title='bbox 3091 666 3214 735; x_wconf 91' lang='lat' dir='ltr'><strong>quid</strong></span> <span class='ocrx_word' id='word_1_488' title='bbox 3260 668 3479 724; x_wconf 89' lang='lat' dir='ltr'><strong>simile:</strong></span> <span class='ocrx_word' id='word_1_489' title='bbox 3522 673 3951 743; x_wconf 83' lang='lat' dir='ltr'><strong>respondebant,</strong></span> 
     </span>
    </p>
   </div>
   <div class='ocr_carea' id='block_1_66' title="bbox 2365 750 3944 837">
    <p class='ocr_par' dir='ltr' id='par_1_66' title="bbox 2365 750 3944 837">
     <span class='ocr_line' id='line_1_66' title="bbox 2365 750 3944 837; baseline 0.013 -33"><span class='ocrx_word' id='word_1_490' title='bbox 2365 750 2419 804; x_wconf 89' lang='lat' dir='ltr'><strong>Id</strong></span> <span class='ocrx_word' id='word_1_491' title='bbox 2447 755 2585 821; x_wconf 89' lang='lat' dir='ltr'><strong>quod</strong></span> <span class='ocrx_word' id='word_1_492' title='bbox 2619 770 2649 808; x_wconf 91' lang='lat' dir='ltr'><strong>a</strong></span> <span class='ocrx_word' id='word_1_493' title='bbox 2683 771 2766 808; x_wconf 89' lang='lat' dir='ltr'><strong>me</strong></span> <span class='ocrx_word' id='word_1_494' title='bbox 2805 758 2884 811; x_wconf 89' lang='lat' dir='ltr'><strong>vis</strong></span> <span class='ocrx_word' id='word_1_495' title='bbox 2922 760 3185 827; x_wconf 86' lang='lat' dir='ltr'><strong>accipere,</strong></span> <span class='ocrx_word' id='word_1_496' title='bbox 3226 761 3424 817; x_wconf 88' lang='lat' dir='ltr'><strong>donum</strong></span> <span class='ocrx_word' id='word_1_497' title='bbox 3463 772 3545 818; x_wconf 90' lang='lat' dir='ltr'><strong>est</strong></span> <span class='ocrx_word' id='word_1_498' title='bbox 3574 754 3684 820; x_wconf 83' lang='lat' dir='ltr'><strong>Deo</strong></span> <span class='ocrx_word' id='word_1_499' title='bbox 3708 771 3944 837; x_wconf 86' lang='lat' dir='ltr'><strong>promis-</strong></span> 
     </span>
    </p>
   </div>
   <div class='ocr_carea' id='block_1_67' title="bbox 2362 848 3945 922">
    <p class='ocr_par' dir='ltr' id='par_1_67' title="bbox 2362 848 3945 922">
     <span class='ocr_line' id='line_1_67' title="bbox 2362 848 3945 922; baseline 0.013 -28"><span class='ocrx_word' id='word_1_500' title='bbox 2362 854 2503 906; x_wconf 90' lang='lat' dir='ltr'><strong>sum,</strong></span> <span class='ocrx_word' id='word_1_501' title='bbox 2534 860 2634 900; x_wconf 90' lang='lat' dir='ltr'><strong>nec</strong></span> <span class='ocrx_word' id='word_1_502' title='bbox 2662 856 2809 914; x_wconf 90' lang='lat' dir='ltr'><strong>potes</strong></span> <span class='ocrx_word' id='word_1_503' title='bbox 2841 848 2967 902; x_wconf 93' lang='lat' dir='ltr'><strong>illud</strong></span> <span class='ocrx_word' id='word_1_504' title='bbox 2996 851 3259 918; x_wconf 87' lang='lat' dir='ltr'><strong>accipere,</strong></span> <span class='ocrx_word' id='word_1_505' title='bbox 3289 868 3352 907; x_wconf 93' lang='lat' dir='ltr'><strong>ac</strong></span> <span class='ocrx_word' id='word_1_506' title='bbox 3377 854 3570 922; x_wconf 80' lang='lat' dir='ltr'><strong>duplex</strong></span> <span class='ocrx_word' id='word_1_507' title='bbox 3598 856 3722 911; x_wconf 88' lang='lat' dir='ltr'><strong>hinc</strong></span> <span class='ocrx_word' id='word_1_508' title='bbox 3743 859 3945 915; x_wconf 90' lang='lat' dir='ltr'><strong>malum</strong></span> 
     </span>
    </p>
   </div>
   <div class='ocr_carea' id='block_1_68' title="bbox 2363 935 3947 1017">
    <p class='ocr_par' dir='ltr' id='par_1_68' title="bbox 2363 935 3947 1017">
     <span class='ocr_line' id='line_1_68' title="bbox 2363 935 3947 1017; baseline 0.01 -30"><span class='ocrx_word' id='word_1_509' title='bbox 2363 935 2686 1003; x_wconf 84' lang='lat' dir='ltr'><strong>emergehat.</strong></span> <span class='ocrx_word' id='word_1_510' title='bbox 2717 937 2898 1007; x_wconf 89' lang='lat' dir='ltr'><strong>Neque</strong></span> <span class='ocrx_word' id='word_1_511' title='bbox 2924 943 3063 994; x_wconf 91' lang='lat' dir='ltr'><strong>enim</strong></span> <span class='ocrx_word' id='word_1_512' title='bbox 3099 942 3206 996; x_wconf 86' lang='lat' dir='ltr'><strong>Deo</strong></span> <span class='ocrx_word' id='word_1_513' title='bbox 3248 943 3564 1007; x_wconf 68' lang='lat' dir='ltr'><strong>oderebant.</strong></span> <span class='ocrx_word' id='word_1_514' title='bbox 3604 962 3667 1001; x_wconf 89' lang='lat' dir='ltr'><strong>ac</strong></span> <span class='ocrx_word' id='word_1_515' title='bbox 3694 960 3947 1017; x_wconf 84' lang='lat' dir='ltr'><strong>parentes</strong></span> 
     </span>
    </p>
   </div>
   <div class='ocr_carea' id='block_1_69' title="bbox 2362 1024 3949 1111">
    <p class='ocr_par' dir='ltr' id='par_1_69' title="bbox 2362 1024 3949 1111">
     <span class='ocr_line' id='line_1_69' title="bbox 2362 1024 3949 1111; baseline 0.009 -31"><span class='ocrx_word' id='word_1_516' title='bbox 2362 1024 2649 1082; x_wconf 88' lang='lat' dir='ltr'><strong>oblationis</strong></span> <span class='ocrx_word' id='word_1_517' title='bbox 2695 1032 2909 1085; x_wconf 91' lang='lat' dir='ltr'><strong>nomine</strong></span> <span class='ocrx_word' id='word_1_518' title='bbox 2954 1031 3379 1098; x_wconf 85' lang='lat' dir='ltr'><strong>defraudabaut,</strong></span> <span class='ocrx_word' id='word_1_519' title='bbox 3429 1048 3483 1092; x_wconf 89' lang='lat' dir='ltr'><strong>et</strong></span> <span class='ocrx_word' id='word_1_520' title='bbox 3534 1039 3679 1107; x_wconf 83' lang='lat' dir='ltr'><strong>ipsos</strong></span> <span class='ocrx_word' id='word_1_521' title='bbox 3723 1052 3949 1111; x_wconf 85' lang='lat' dir='ltr'><strong>propter</strong></span> 
     </span>
    </p>
   </div>
   <div class='ocr_carea' id='block_1_70' title="bbox 2366 1115 3948 1199">
    <p class='ocr_par' dir='ltr' id='par_1_70' title="bbox 2366 1115 3948 1199">
     <span class='ocr_line' id='line_1_70' title="bbox 2366 1115 3948 1199; baseline 0.009 -30"><span class='ocrx_word' id='word_1_522' title='bbox 2366 1115 2529 1172; x_wconf 90' lang='lat' dir='ltr'><strong>Deum</strong></span> <span class='ocrx_word' id='word_1_523' title='bbox 2576 1118 2767 1187; x_wconf 89' lang='lat' dir='ltr'><strong>injuria</strong></span> <span class='ocrx_word' id='word_1_524' title='bbox 2797 1121 3130 1187; x_wconf 80' lang='lat' dir='ltr'><strong>aiﬁciehant;</strong></span> <span class='ocrx_word' id='word_1_525' title='bbox 3178 1124 3448 1195; x_wconf 87' lang='lat' dir='ltr'><strong>Deumque</strong></span> <span class='ocrx_word' id='word_1_526' title='bbox 3490 1140 3707 1197; x_wconf 86' lang='lat' dir='ltr'><strong>propter</strong></span> <span class='ocrx_word' id='word_1_527' title='bbox 3748 1146 3948 1199; x_wconf 87' lang='lat' dir='ltr'><strong>paren-</strong></span> 
     </span>
    </p>
   </div>
   <div class='ocr_carea' id='block_1_71' title="bbox 2365 1210 3947 1289">
    <p class='ocr_par' dir='ltr' id='par_1_71' title="bbox 2365 1210 3947 1289">
     <span class='ocr_line' id='line_1_71' title="bbox 2365 1210 3947 1289; baseline 0.009 -26"><span class='ocrx_word' id='word_1_528' title='bbox 2365 1220 2465 1264; x_wconf 82' lang='lat' dir='ltr'><strong>tes.</strong></span> <span class='ocrx_word' id='word_1_529' title='bbox 2501 1210 2698 1265; x_wconf 80' lang='lat' dir='ltr'><strong>Verum</strong></span> <span class='ocrx_word' id='word_1_530' title='bbox 2727 1230 2832 1267; x_wconf 83' lang='lat' dir='ltr'><strong>non</strong></span> <span class='ocrx_word' id='word_1_531' title='bbox 2864 1214 2963 1269; x_wconf 89' lang='lat' dir='ltr'><strong>hoc</strong></span> <span class='ocrx_word' id='word_1_532' title='bbox 2991 1218 3167 1271; x_wconf 87' lang='lat' dir='ltr'><strong>statim</strong></span> <span class='ocrx_word' id='word_1_533' title='bbox 3192 1216 3339 1281; x_wconf 88' lang='lat' dir='ltr'><strong>dicit,</strong></span> <span class='ocrx_word' id='word_1_534' title='bbox 3367 1220 3461 1275; x_wconf 88' lang='lat' dir='ltr'><strong>sed</strong></span> <span class='ocrx_word' id='word_1_535' title='bbox 3494 1220 3636 1289; x_wconf 89' lang='lat' dir='ltr'><strong>prius</strong></span> <span class='ocrx_word' id='word_1_536' title='bbox 3664 1223 3830 1289; x_wconf 83' lang='lat' dir='ltr'><strong>legem</strong></span> <span class='ocrx_word' id='word_1_537' title='bbox 3854 1241 3947 1277; x_wconf 86' lang='lat' dir='ltr'><strong>re-</strong></span> 
     </span>
    </p>
   </div>
   <div class='ocr_carea' id='block_1_72' title="bbox 2362 1301 3949 1382">
    <p class='ocr_par' dir='ltr' id='par_1_72' title="bbox 2362 1301 3949 1382">
     <span class='ocr_line' id='line_1_72' title="bbox 2362 1301 3949 1382; baseline 0.009 -29"><span class='ocrx_word' id='word_1_538' title='bbox 2362 1301 2511 1364; x_wconf 88' lang='lat' dir='ltr'><strong>citat,</strong></span> <span class='ocrx_word' id='word_1_539' title='bbox 2544 1318 2645 1370; x_wconf 90' lang='lat' dir='ltr'><strong>qua</strong></span> <span class='ocrx_word' id='word_1_540' title='bbox 2673 1304 2908 1359; x_wconf 84' lang='lat' dir='ltr'><strong>declarat</strong></span> <span class='ocrx_word' id='word_1_541' title='bbox 2948 1306 3108 1373; x_wconf 82' lang='lat' dir='ltr'><strong>Deus,</strong></span> <span class='ocrx_word' id='word_1_542' title='bbox 3152 1307 3436 1363; x_wconf 80' lang='lat' dir='ltr'><strong>admodum</strong></span> <span class='ocrx_word' id='word_1_543' title='bbox 3478 1310 3612 1365; x_wconf 82' lang='lat' dir='ltr'><strong>velle</strong></span> <span class='ocrx_word' id='word_1_544' title='bbox 3651 1326 3709 1366; x_wconf 90' lang='lat' dir='ltr'><strong>sc</strong></span> <span class='ocrx_word' id='word_1_545' title='bbox 3749 1322 3807 1367; x_wconf 91' lang='lat' dir='ltr'><strong>ut</strong></span> <span class='ocrx_word' id='word_1_546' title='bbox 3849 1330 3949 1382; x_wconf 81' lang='lat' dir='ltr'><strong>pa—</strong></span> 
     </span>
    </p>
   </div>
   <div class='ocr_carea' id='block_1_73' title="bbox 2363 1393 3947 1469">
    <p class='ocr_par' dir='ltr' id='par_1_73' title="bbox 2363 1393 3947 1469">
     <span class='ocr_line' id='line_1_73' title="bbox 2363 1393 3947 1469; baseline 0.008 -25"><span class='ocrx_word' id='word_1_547' title='bbox 2363 1402 2544 1446; x_wconf 82' lang='lat' dir='ltr'><strong>rentes</strong></span> <span class='ocrx_word' id='word_1_548' title='bbox 2587 1393 2918 1448; x_wconf 80' lang='lat' dir='ltr'><strong>hOmirentur</strong></span> <span class='ocrx_word' id='word_1_549' title='bbox 2955 1414 2967 1449; x_wconf 94' lang='lat'>:</span> <span class='ocrx_word' id='word_1_550' title='bbox 3004 1414 3122 1450; x_wconf 82' lang='lat' dir='ltr'><strong>nam</strong></span> <span class='ocrx_word' id='word_1_551' title='bbox 3167 1400 3242 1453; x_wconf 83' lang='lat' dir='ltr'><strong>ait</strong></span> <span class='ocrx_word' id='word_1_552' title='bbox 3274 1420 3287 1454; x_wconf 83' lang='lat'><strong><em>:</em></strong></span> <span class='ocrx_word' id='word_1_553' title='bbox 3326 1400 3535 1455; x_wconf 82' lang='lat' dir='ltr'><strong>Honora</strong></span> <span class='ocrx_word' id='word_1_554' title='bbox 3566 1412 3760 1469; x_wconf 81' lang='lat' dir='ltr'><strong>patrem</strong></span> <span class='ocrx_word' id='word_1_555' title='bbox 3803 1415 3947 1457; x_wconf 88' lang='lat' dir='ltr'><strong>tuum</strong></span> 
     </span>
    </p>
   </div>
   <div class='ocr_carea' id='block_1_74' title="bbox 2363 1487 3951 1559">
    <p class='ocr_par' dir='ltr' id='par_1_74' title="bbox 2363 1487 3951 1559">
     <span class='ocr_line' id='line_1_74' title="bbox 2363 1487 3951 1559; baseline 0.009 -23"><span class='ocrx_word' id='word_1_556' title='bbox 2363 1493 2408 1536; x_wconf 87' lang='lat' dir='ltr'><strong>et</strong></span> <span class='ocrx_word' id='word_1_557' title='bbox 2436 1495 2665 1546; x_wconf 76' lang='lat' dir='ltr'><strong>matrem,</strong></span> <span class='ocrx_word' id='word_1_558' title='bbox 2695 1497 2749 1539; x_wconf 85' lang='lat' dir='ltr'><strong>ut</strong></span> <span class='ocrx_word' id='word_1_559' title='bbox 2768 1487 2837 1540; x_wconf 88' lang='lat' dir='ltr'><strong>sis</strong></span> <span class='ocrx_word' id='word_1_560' title='bbox 2857 1488 3109 1558; x_wconf 72' lang='lat' dir='ltr'><strong>longva</strong></span> <span class='ocrx_word' id='word_1_561' title='bbox 3128 1491 3179 1543; x_wconf 85' lang='lat' dir='ltr'><strong>in</strong></span> <span class='ocrx_word' id='word_1_562' title='bbox 3200 1500 3367 1556; x_wconf 88' lang='lat' dir='ltr'><strong>terra;</strong></span> <span class='ocrx_word' id='word_1_563' title='bbox 3389 1494 3536 1559; x_wconf 89' lang='lat' dir='ltr'><strong>item,</strong></span> <span class='ocrx_word' id='word_1_564' title='bbox 3551 1493 3652 1559; x_wconf 81' lang='lat' dir='ltr'><strong>Qui</strong></span> <span class='ocrx_word' id='word_1_565' title='bbox 3672 1496 3951 1551; x_wconf 74' lang='lat' dir='ltr'><strong>maledia&#39;e-</strong></span> 
     </span>
    </p>
   </div>
   <div class='ocr_carea' id='block_1_75' title="bbox 2364 1576 3951 1646">
    <p class='ocr_par' dir='ltr' id='par_1_75' title="bbox 2364 1576 3951 1646">
     <span class='ocr_line' id='line_1_75' title="bbox 2364 1576 3951 1646; baseline 0.004 -17"><span class='ocrx_word' id='word_1_566' title='bbox 2364 1576 2427 1629; x_wconf 87' lang='lat' dir='ltr'><strong>rit</strong></span> <span class='ocrx_word' id='word_1_567' title='bbox 2447 1579 2579 1646; x_wconf 84' lang='lat' dir='ltr'><strong>patri</strong></span> <span class='ocrx_word' id='word_1_568' title='bbox 2597 1578 2672 1631; x_wconf 77' lang='lat' dir='ltr'><strong>vel</strong></span> <span class='ocrx_word' id='word_1_569' title='bbox 2682 1580 2850 1644; x_wconf 89' lang='lat' dir='ltr'><strong>matri,</strong></span> <span class='ocrx_word' id='word_1_570' title='bbox 2870 1590 3028 1633; x_wconf 86' lang='lat' dir='ltr'><strong>morte</strong></span> <span class='ocrx_word' id='word_1_571' title='bbox 3044 1582 3305 1635; x_wconf 83' lang='lat' dir='ltr'><strong>moriatur.</strong></span> <span class='ocrx_word' id='word_1_572' title='bbox 3328 1582 3573 1639; x_wconf 82' lang='lat' dir='ltr'><strong>Chrisms</strong></span> <span class='ocrx_word' id='word_1_573' title='bbox 3588 1597 3761 1641; x_wconf 85' lang='lat' dir='ltr'><strong>autem</strong></span> <span class='ocrx_word' id='word_1_574' title='bbox 3782 1588 3951 1641; x_wconf 82' lang='lat' dir='ltr'><strong>misso</strong></span> 
     </span>
    </p>
   </div>
   <div class='ocr_carea' id='block_1_76' title="bbox 2367 1669 3946 1748">
    <p class='ocr_par' dir='ltr' id='par_1_76' title="bbox 2367 1669 3946 1748">
     <span class='ocr_line' id='line_1_76' title="bbox 2367 1669 3946 1748; baseline 0.007 -27"><span class='ocrx_word' id='word_1_575' title='bbox 2367 1669 2587 1738; x_wconf 72' lang='lat' dir='ltr'><strong>prmntio</strong></span> <span class='ocrx_word' id='word_1_576' title='bbox 2611 1686 2719 1739; x_wconf 88' lang='lat' dir='ltr'><strong>quo</strong></span> <span class='ocrx_word' id='word_1_577' title='bbox 2738 1671 3003 1725; x_wconf 90' lang='lat' dir='ltr'><strong>donantur</strong></span> <span class='ocrx_word' id='word_1_578' title='bbox 3032 1672 3065 1726; x_wconf 91' lang='lat' dir='ltr'><strong>ii</strong></span> <span class='ocrx_word' id='word_1_579' title='bbox 3092 1674 3180 1742; x_wconf 91' lang='lat' dir='ltr'><strong>qui</strong></span> <span class='ocrx_word' id='word_1_580' title='bbox 3213 1686 3458 1743; x_wconf 87' lang='lat' dir='ltr'><strong>parentes</strong></span> <span class='ocrx_word' id='word_1_581' title='bbox 3488 1675 3772 1743; x_wconf 86' lang='lat' dir='ltr'><strong>honorant,</strong></span> <span class='ocrx_word' id='word_1_582' title='bbox 3802 1682 3946 1748; x_wconf 77' lang='lat' dir='ltr'><strong>quod</strong></span> 
     </span>
    </p>
   </div>
   <div class='ocr_carea' id='block_1_77' title="bbox 2366 1760 3960 1839">
    <p class='ocr_par' dir='ltr' id='par_1_77' title="bbox 2366 1760 3960 1839">
     <span class='ocr_line' id='line_1_77' title="bbox 2366 1760 3960 1839; baseline 0.008 -27"><span class='ocrx_word' id='word_1_583' title='bbox 2366 1760 2654 1814; x_wconf 83' lang='lat' dir='ltr'><strong>terribilius</strong></span> <span class='ocrx_word' id='word_1_584' title='bbox 2700 1769 2784 1815; x_wconf 81' lang='lat' dir='ltr'><strong>est</strong></span> <span class='ocrx_word' id='word_1_585' title='bbox 2834 1761 3054 1830; x_wconf 79' lang='lat' dir='ltr'><strong>profert,</strong></span> <span class='ocrx_word' id='word_1_586' title='bbox 3101 1780 3294 1833; x_wconf 88' lang='lat' dir='ltr'><strong>nempe</strong></span> <span class='ocrx_word' id='word_1_587' title='bbox 3328 1767 3647 1835; x_wconf 89' lang='lat' dir='ltr'><strong>supplicium</strong></span> <span class='ocrx_word' id='word_1_588' title='bbox 3699 1782 3960 1839; x_wconf 79' lang='lat' dir='ltr'><strong>parentes</strong></span> 
     </span>
    </p>
   </div>
   <div class='ocr_carea' id='block_1_78' title="bbox 2365 1849 3953 1927">
    <p class='ocr_par' dir='ltr' id='par_1_78' title="bbox 2365 1849 3953 1927">
     <span class='ocr_line' id='line_1_78' title="bbox 2365 1849 3953 1927; baseline 0.009 -26"><span class='ocrx_word' id='word_1_589' title='bbox 2365 1849 2803 1905; x_wconf 89' lang='lat' dir='ltr'><strong>inhonorantibus</strong></span> <span class='ocrx_word' id='word_1_590' title='bbox 2846 1852 3200 1917; x_wconf 79' lang='lat' dir='ltr'><strong>inferendum,</strong></span> <span class='ocrx_word' id='word_1_591' title='bbox 3245 1864 3353 1907; x_wconf 90' lang='lat' dir='ltr'><strong>tum</strong></span> <span class='ocrx_word' id='word_1_592' title='bbox 3397 1865 3455 1909; x_wconf 92' lang='lat' dir='ltr'><strong>ut</strong></span> <span class='ocrx_word' id='word_1_593' title='bbox 3483 1857 3629 1927; x_wconf 89' lang='lat' dir='ltr'><strong>ipsos</strong></span> <span class='ocrx_word' id='word_1_594' title='bbox 3656 1859 3953 1926; x_wconf 87' lang='lat' dir='ltr'><strong>deterreat,</strong></span> 
     </span>
    </p>
   </div>
   <div class='ocr_carea' id='block_1_79' title="bbox 2364 1938 3956 2012">
    <p class='ocr_par' dir='ltr' id='par_1_79' title="bbox 2364 1938 3956 2012">
     <span class='ocr_line' id='line_1_79' title="bbox 2364 1938 3956 2012; baseline 0.009 -23"><span class='ocrx_word' id='word_1_595' title='bbox 2364 1946 2475 1990; x_wconf 90' lang='lat' dir='ltr'><strong>tum</strong></span> <span class='ocrx_word' id='word_1_596' title='bbox 2503 1950 2559 1991; x_wconf 85' lang='lat' dir='ltr'><strong>ut</strong></span> <span class='ocrx_word' id='word_1_597' title='bbox 2586 1938 2874 2005; x_wconf 89' lang='lat' dir='ltr'><strong>prudentes</strong></span> <span class='ocrx_word' id='word_1_598' title='bbox 2895 1940 3148 2004; x_wconf 85' lang='lat' dir='ltr'><strong>attrahat,</strong></span> <span class='ocrx_word' id='word_1_599' title='bbox 3179 1943 3406 2012; x_wconf 87' lang='lat' dir='ltr'><strong>hincque</strong></span> <span class='ocrx_word' id='word_1_600' title='bbox 3430 1945 3663 2000; x_wconf 89' lang='lat' dir='ltr'><strong>ostendit</strong></span> <span class='ocrx_word' id='word_1_601' title='bbox 3688 1947 3806 2003; x_wconf 88' lang='lat' dir='ltr'><strong>illos</strong></span> <span class='ocrx_word' id='word_1_602' title='bbox 3826 1964 3956 2004; x_wconf 87' lang='lat' dir='ltr'><strong>esse</strong></span> 
     </span>
    </p>
   </div>
   <div class='ocr_carea' id='block_1_80' title="bbox 2365 2028 3953 2108">
    <p class='ocr_par' dir='ltr' id='par_1_80' title="bbox 2365 2028 3953 2108">
     <span class='ocr_line' id='line_1_80' title="bbox 2365 2028 3953 2108; baseline 0.008 -27"><span class='ocrx_word' id='word_1_603' title='bbox 2365 2040 2537 2081; x_wconf 87' lang='lat' dir='ltr'><strong>morte</strong></span> <span class='ocrx_word' id='word_1_604' title='bbox 2567 2028 2774 2098; x_wconf 85' lang='lat' dir='ltr'><strong>dignos.</strong></span> <span class='ocrx_word' id='word_1_605' title='bbox 2804 2028 2935 2083; x_wconf 88' lang='lat' dir='ltr'><strong>Nam</strong></span> <span class='ocrx_word' id='word_1_606' title='bbox 2966 2032 3009 2084; x_wconf 91' lang='lat' dir='ltr'><strong>si</strong></span> <span class='ocrx_word' id='word_1_607' title='bbox 3040 2031 3082 2084; x_wconf 87' lang='lat' dir='ltr'><strong>is</strong></span> <span class='ocrx_word' id='word_1_608' title='bbox 3113 2072 3129 2095; x_wconf 94' lang='lat'><strong>,</strong></span> <span class='ocrx_word' id='word_1_609' title='bbox 3162 2034 3250 2100; x_wconf 86' lang='lat' dir='ltr'><strong>qui</strong></span> <span class='ocrx_word' id='word_1_610' title='bbox 3274 2035 3453 2089; x_wconf 88' lang='lat' dir='ltr'><strong>verbis</strong></span> <span class='ocrx_word' id='word_1_611' title='bbox 3480 2036 3780 2103; x_wconf 88' lang='lat' dir='ltr'><strong>inhonorat,</strong></span> <span class='ocrx_word' id='word_1_612' title='bbox 3829 2038 3953 2108; x_wconf 89' lang='lat' dir='ltr'><strong>ple-</strong></span> 
     </span>
    </p>
   </div>
   <div class='ocr_carea' id='block_1_81' title="bbox 2364 2120 3958 2193">
    <p class='ocr_par' dir='ltr' id='par_1_81' title="bbox 2364 2120 3958 2193">
     <span class='ocr_line' id='line_1_81' title="bbox 2364 2120 3958 2193; baseline 0.009 -20"><span class='ocrx_word' id='word_1_613' title='bbox 2364 2120 2543 2182; x_wconf 89' lang='lat' dir='ltr'><strong>ctitur,</strong></span> <span class='ocrx_word' id='word_1_614' title='bbox 2566 2122 2735 2175; x_wconf 89' lang='lat' dir='ltr'><strong>multo</strong></span> <span class='ocrx_word' id='word_1_615' title='bbox 2755 2121 2923 2192; x_wconf 83' lang='lat' dir='ltr'><strong>magis</strong></span> <span class='ocrx_word' id='word_1_616' title='bbox 2949 2137 3044 2176; x_wconf 88' lang='lat' dir='ltr'><strong>vos</strong></span> <span class='ocrx_word' id='word_1_617' title='bbox 3060 2124 3150 2193; x_wconf 91' lang='lat' dir='ltr'><strong>qui</strong></span> <span class='ocrx_word' id='word_1_618' title='bbox 3172 2139 3335 2193; x_wconf 71' lang='lat' dir='ltr'><strong>opere</strong></span> <span class='ocrx_word' id='word_1_619' title='bbox 3360 2126 3410 2179; x_wconf 87' lang='lat' dir='ltr'><strong>id</strong></span> <span class='ocrx_word' id='word_1_620' title='bbox 3438 2126 3644 2182; x_wconf 74' lang='lat' dir='ltr'><strong>facitis:</strong></span> <span class='ocrx_word' id='word_1_621' title='bbox 3668 2144 3766 2184; x_wconf 85' lang='lat' dir='ltr'><strong>nec</strong></span> <span class='ocrx_word' id='word_1_622' title='bbox 3786 2132 3958 2186; x_wconf 89' lang='lat' dir='ltr'><strong>modo</strong></span> 
     </span>
    </p>
   </div>
   <div class='ocr_carea' id='block_1_82' title="bbox 2366 2210 3959 2277">
    <p class='ocr_par' dir='ltr' id='par_1_82' title="bbox 2366 2210 3959 2277">
     <span class='ocr_line' id='line_1_82' title="bbox 2366 2210 3959 2277; baseline 0.007 -13"><span class='ocrx_word' id='word_1_623' title='bbox 2366 2210 2718 2277; x_wconf 89' lang='lat' dir='ltr'><strong>inhonoratis,</strong></span> <span class='ocrx_word' id='word_1_624' title='bbox 2760 2214 2852 2268; x_wconf 87' lang='lat' dir='ltr'><strong>sed</strong></span> <span class='ocrx_word' id='word_1_625' title='bbox 2886 2213 3045 2268; x_wconf 87' lang='lat' dir='ltr'><strong>etiam</strong></span> <span class='ocrx_word' id='word_1_626' title='bbox 3075 2213 3207 2269; x_wconf 88' lang='lat' dir='ltr'><strong>alios</strong></span> <span class='ocrx_word' id='word_1_627' title='bbox 3263 2213 3316 2270; x_wconf 92' lang='lat' dir='ltr'><strong>id</strong></span> <span class='ocrx_word' id='word_1_628' title='bbox 3360 2214 3539 2272; x_wconf 79' lang='lat' dir='ltr'><strong>facere</strong></span> <span class='ocrx_word' id='word_1_629' title='bbox 3577 2218 3800 2274; x_wconf 80' lang='lat' dir='ltr'><strong>docetis.</strong></span> <span class='ocrx_word' id='word_1_630' title='bbox 3842 2220 3959 2275; x_wconf 84' lang='lat' dir='ltr'><strong>Vos</strong></span> 
     </span>
    </p>
   </div>
   <div class='ocr_carea' id='block_1_83' title="bbox 2363 2302 3961 2393">
    <p class='ocr_par' dir='ltr' id='par_1_83' title="bbox 2363 2302 3961 2393">
     <span class='ocr_line' id='line_1_83' title="bbox 2363 2302 3961 2393; baseline 0.006 -36"><span class='ocrx_word' id='word_1_631' title='bbox 2363 2308 2492 2373; x_wconf 82' lang='lat' dir='ltr'><strong>ergo</strong></span> <span class='ocrx_word' id='word_1_632' title='bbox 2516 2302 2607 2373; x_wconf 91' lang='lat' dir='ltr'><strong>qui</strong></span> <span class='ocrx_word' id='word_1_633' title='bbox 2640 2319 2737 2358; x_wconf 90' lang='lat' dir='ltr'><strong>nec</strong></span> <span class='ocrx_word' id='word_1_634' title='bbox 2773 2304 2825 2359; x_wconf 91' lang='lat' dir='ltr'><strong>in</strong></span> <span class='ocrx_word' id='word_1_635' title='bbox 2873 2304 3167 2393; x_wconf 42' lang='lat' dir='ltr'><strong>vivis&#39;esse</strong></span> <span class='ocrx_word' id='word_1_636' title='bbox 3206 2305 3496 2374; x_wconf 88' lang='lat' dir='ltr'><strong>deberetis,</strong></span> <span class='ocrx_word' id='word_1_637' title='bbox 3527 2324 3626 2364; x_wconf 92' lang='lat' dir='ltr'><strong>cur</strong></span> <span class='ocrx_word' id='word_1_638' title='bbox 3664 2310 3961 2381; x_wconf 86' lang='lat' dir='ltr'><strong>discipulos</strong></span> 
     </span>
    </p>
   </div>
   <div class='ocr_carea' id='block_1_84' title="bbox 2366 2393 3961 2469">
    <p class='ocr_par' dir='ltr' id='par_1_84' title="bbox 2366 2393 3961 2469">
     <span class='ocr_line' id='line_1_84' title="bbox 2366 2393 3961 2469; baseline 0.006 -22"><span class='ocrx_word' id='word_1_639' title='bbox 2366 2393 2660 2447; x_wconf 73' lang='lat' dir='ltr'><strong>incusatis?</strong></span> <span class='ocrx_word' id='word_1_640' title='bbox 2690 2395 2826 2459; x_wconf 91' lang='lat' dir='ltr'><strong>Quid</strong></span> <span class='ocrx_word' id='word_1_641' title='bbox 2855 2396 3046 2450; x_wconf 89' lang='lat' dir='ltr'><strong>mirum</strong></span> <span class='ocrx_word' id='word_1_642' title='bbox 3076 2406 3250 2452; x_wconf 91' lang='lat' dir='ltr'><strong>autem</strong></span> <span class='ocrx_word' id='word_1_643' title='bbox 3281 2399 3325 2452; x_wconf 89' lang='lat' dir='ltr'><strong>si</strong></span> <span class='ocrx_word' id='word_1_644' title='bbox 3358 2398 3409 2452; x_wconf 92' lang='lat' dir='ltr'><strong>in</strong></span> <span class='ocrx_word' id='word_1_645' title='bbox 3439 2414 3544 2465; x_wconf 88' lang='lat' dir='ltr'><strong>me,</strong></span> <span class='ocrx_word' id='word_1_646' title='bbox 3575 2415 3732 2469; x_wconf 90' lang='lat' dir='ltr'><strong>quem</strong></span> <span class='ocrx_word' id='word_1_647' title='bbox 3764 2401 3961 2457; x_wconf 79' lang='lat' dir='ltr'><strong>hacta-</strong></span> 
     </span>
    </p>
   </div>
   <div class='ocr_carea' id='block_1_85' title="bbox 2366 2485 3963 2560">
    <p class='ocr_par' dir='ltr' id='par_1_85' title="bbox 2366 2485 3963 2560">
     <span class='ocr_line' id='line_1_85' title="bbox 2366 2485 3963 2560; baseline 0.008 -23"><span class='ocrx_word' id='word_1_648' title='bbox 2366 2498 2467 2538; x_wconf 84' lang='lat' dir='ltr'><strong>nus</strong></span> <span class='ocrx_word' id='word_1_649' title='bbox 2507 2485 2808 2555; x_wconf 86' lang='lat' dir='ltr'><strong>ignorasus.</strong></span> <span class='ocrx_word' id='word_1_650' title='bbox 2858 2496 2964 2540; x_wconf 89' lang='lat' dir='ltr'><strong>tam</strong></span> <span class='ocrx_word' id='word_1_651' title='bbox 3006 2489 3379 2543; x_wconf 86' lang='lat' dir='ltr'><strong>contumeliosi</strong></span> <span class='ocrx_word' id='word_1_652' title='bbox 3418 2491 3572 2557; x_wconf 86' lang='lat' dir='ltr'><strong>estis,</strong></span> <span class='ocrx_word' id='word_1_653' title='bbox 3617 2493 3833 2560; x_wconf 84' lang='lat' dir='ltr'><strong>quando</strong></span> <span class='ocrx_word' id='word_1_654' title='bbox 3873 2493 3963 2549; x_wconf 89' lang='lat' dir='ltr'><strong>id-</strong></span> 
     </span>
    </p>
   </div>
   <div class='ocr_carea' id='block_1_86' title="bbox 2368 2575 3963 2650">
    <p class='ocr_par' dir='ltr' id='par_1_86' title="bbox 2368 2575 3963 2650">
     <span class='ocr_line' id='line_1_86' title="bbox 2368 2575 3963 2650; baseline 0.008 -23"><span class='ocrx_word' id='word_1_655' title='bbox 2368 2575 2538 2645; x_wconf 87' lang='lat' dir='ltr'><strong>ipsum</strong></span> <span class='ocrx_word' id='word_1_656' title='bbox 2588 2591 2713 2644; x_wconf 88' lang='lat' dir='ltr'><strong>erga</strong></span> <span class='ocrx_word' id='word_1_657' title='bbox 2765 2588 2969 2645; x_wconf 87' lang='lat' dir='ltr'><strong>patrem</strong></span> <span class='ocrx_word' id='word_1_658' title='bbox 3017 2575 3226 2633; x_wconf 80' lang='lat' dir='ltr'><strong>facitis?</strong></span> <span class='ocrx_word' id='word_1_659' title='bbox 3281 2578 3489 2650; x_wconf 89' lang='lat' dir='ltr'><strong>Ubique</strong></span> <span class='ocrx_word' id='word_1_660' title='bbox 3531 2582 3676 2637; x_wconf 89' lang='lat' dir='ltr'><strong>enim</strong></span> <span class='ocrx_word' id='word_1_661' title='bbox 3727 2582 3860 2638; x_wconf 88' lang='lat' dir='ltr'><strong>dicit</strong></span> <span class='ocrx_word' id='word_1_662' title='bbox 3904 2594 3963 2640; x_wconf 86' lang='lat' dir='ltr'><strong>et</strong></span> 
     </span>
    </p>
   </div>
   <div class='ocr_carea' id='block_1_87' title="bbox 2366 2666 3960 2740">
    <p class='ocr_par' dir='ltr' id='par_1_87' title="bbox 2366 2666 3960 2740">
     <span class='ocr_line' id='line_1_87' title="bbox 2366 2666 3960 2740; baseline 0.006 -19"><span class='ocrx_word' id='word_1_663' title='bbox 2366 2668 2599 2722; x_wconf 86' lang='lat' dir='ltr'><strong>ostendit</strong></span> <span class='ocrx_word' id='word_1_664' title='bbox 2628 2666 2750 2723; x_wconf 89' lang='lat' dir='ltr'><strong>hinc</strong></span> <span class='ocrx_word' id='word_1_665' title='bbox 2778 2680 2948 2723; x_wconf 85' lang='lat' dir='ltr'><strong>ortam</strong></span> <span class='ocrx_word' id='word_1_666' title='bbox 2971 2672 3330 2740; x_wconf 88' lang='lat' dir='ltr'><strong>arrogantiam</strong></span> <span class='ocrx_word' id='word_1_667' title='bbox 3360 2672 3503 2726; x_wconf 88' lang='lat' dir='ltr'><strong>illam</strong></span> <span class='ocrx_word' id='word_1_668' title='bbox 3529 2688 3670 2729; x_wconf 86' lang='lat' dir='ltr'><strong>esse.</strong></span> <span class='ocrx_word' id='word_1_669' title='bbox 3701 2674 3960 2731; x_wconf 88' lang='lat' dir='ltr'><strong>Nonnulli</strong></span> 
     </span>
    </p>
   </div>
   <div class='ocr_carea' id='block_1_88' title="bbox 2367 2761 3965 2837">
    <p class='ocr_par' dir='ltr' id='par_1_88' title="bbox 2367 2761 3965 2837">
     <span class='ocr_line' id='line_1_88' title="bbox 2367 2761 3965 2837; baseline 0.004 -21"><span class='ocrx_word' id='word_1_670' title='bbox 2367 2763 2524 2817; x_wconf 85' lang='lat' dir='ltr'><strong>aliter</strong></span> <span class='ocrx_word' id='word_1_671' title='bbox 2554 2762 2974 2830; x_wconf 83' lang='lat' dir='ltr'><strong>interpretantur</strong></span> <span class='ocrx_word' id='word_1_672' title='bbox 3002 2763 3154 2825; x_wconf 83' lang='lat' dir='ltr'><strong>illud,</strong></span> <span class='ocrx_word' id='word_1_673' title='bbox 3180 2761 3390 2818; x_wconf 89' lang='lat' dir='ltr'><strong>Donum</strong></span> <span class='ocrx_word' id='word_1_674' title='bbox 3416 2764 3765 2837; x_wconf 81' lang='lat' dir='ltr'><strong>quodcumque</strong></span> <span class='ocrx_word' id='word_1_675' title='bbox 3788 2785 3850 2823; x_wconf 79' lang='lat' dir='ltr'><strong>ea:</strong></span> <span class='ocrx_word' id='word_1_676' title='bbox 3878 2786 3965 2822; x_wconf 78' lang='lat' dir='ltr'><strong>me</strong></span> 
     </span>
    </p>
   </div>
   <div class='ocr_carea' id='block_1_89' title="bbox 2368 2852 3964 2926">
    <p class='ocr_par' dir='ltr' id='par_1_89' title="bbox 2368 2852 3964 2926">
     <span class='ocr_line' id='line_1_89' title="bbox 2368 2852 3964 2926; baseline 0.003 -20"><span class='ocrx_word' id='word_1_677' title='bbox 2368 2853 2456 2906; x_wconf 82' lang='lat' dir='ltr'><strong>tibi</strong></span> <span class='ocrx_word' id='word_1_678' title='bbox 2485 2853 2705 2923; x_wconf 85' lang='lat' dir='ltr'><strong>proderit</strong></span> <span class='ocrx_word' id='word_1_679' title='bbox 2734 2855 2807 2926; x_wconf 79' lang='grc' dir='ltr'><strong>(α)</strong></span> <span class='ocrx_word' id='word_1_680' title='bbox 2831 2870 2845 2917; x_wconf 88' lang='lat'><strong>;</strong></span> <span class='ocrx_word' id='word_1_681' title='bbox 2879 2854 2930 2907; x_wconf 91' lang='lat' dir='ltr'><strong>id</strong></span> <span class='ocrx_word' id='word_1_682' title='bbox 2960 2864 3061 2921; x_wconf 91' lang='lat' dir='ltr'><strong>est,</strong></span> <span class='ocrx_word' id='word_1_683' title='bbox 3090 2854 3206 2909; x_wconf 88' lang='lat' dir='ltr'><strong>Non</strong></span> <span class='ocrx_word' id='word_1_684' title='bbox 3244 2852 3416 2907; x_wconf 90' lang='lat' dir='ltr'><strong>debeo</strong></span> <span class='ocrx_word' id='word_1_685' title='bbox 3439 2853 3530 2910; x_wconf 87' lang='lat' dir='ltr'><strong>tibi</strong></span> <span class='ocrx_word' id='word_1_686' title='bbox 3555 2855 3833 2924; x_wconf 87' lang='lat' dir='ltr'><strong>honorem,</strong></span> <span class='ocrx_word' id='word_1_687' title='bbox 3861 2858 3964 2913; x_wconf 85' lang='lat' dir='ltr'><strong>sed</strong></span> 
     </span>
    </p>
   </div>
   <div class='ocr_carea' id='block_1_90' title="bbox 2368 2945 3967 3016">
    <p class='ocr_par' dir='ltr' id='par_1_90' title="bbox 2368 2945 3967 3016">
     <span class='ocr_line' id='line_1_90' title="bbox 2368 2945 3967 3016; baseline 0.003 -15"><span class='ocrx_word' id='word_1_688' title='bbox 2368 2948 2411 3001; x_wconf 90' lang='lat' dir='ltr'><strong>si</strong></span> <span class='ocrx_word' id='word_1_689' title='bbox 2443 2958 2493 3001; x_wconf 89' lang='lat' dir='ltr'><strong>te</strong></span> <span class='ocrx_word' id='word_1_690' title='bbox 2522 2945 2800 3011; x_wconf 86' lang='lat' dir='ltr'><strong>honorem,</strong></span> <span class='ocrx_word' id='word_1_691' title='bbox 2831 2946 2880 3001; x_wconf 90' lang='lat' dir='ltr'><strong>id</strong></span> <span class='ocrx_word' id='word_1_692' title='bbox 2908 2947 3075 3016; x_wconf 81' lang='lat' dir='ltr'><strong>gratis</strong></span> <span class='ocrx_word' id='word_1_693' title='bbox 3101 2945 3257 3003; x_wconf 82' lang='lat' dir='ltr'><strong>facio.</strong></span> <span class='ocrx_word' id='word_1_694' title='bbox 3288 2947 3393 3002; x_wconf 90' lang='lat' dir='ltr'><strong>Sed</strong></span> <span class='ocrx_word' id='word_1_695' title='bbox 3414 2945 3660 3004; x_wconf 85' lang='lat' dir='ltr'><strong>Christus</strong></span> <span class='ocrx_word' id='word_1_696' title='bbox 3684 2964 3789 3004; x_wconf 87' lang='lat' dir='ltr'><strong>non</strong></span> <span class='ocrx_word' id='word_1_697' title='bbox 3820 2949 3967 3006; x_wconf 87' lang='lat' dir='ltr'><strong>hanc</strong></span> 
     </span>
    </p>
   </div>
   <div class='ocr_carea' id='block_1_91' title="bbox 2367 3037 3967 3097">
    <p class='ocr_par' dir='ltr' id='par_1_91' title="bbox 2367 3037 3967 3097">
     <span class='ocr_line' id='line_1_91' title="bbox 2367 3037 3967 3097; baseline 0.004 -6"><span class='ocrx_word' id='word_1_698' title='bbox 2367 3037 2746 3092; x_wconf 80' lang='lat' dir='ltr'><strong>contumeliam</strong></span> <span class='ocrx_word' id='word_1_699' title='bbox 2813 3039 3148 3092; x_wconf 81' lang='lat' dir='ltr'><strong>memoravit.</strong></span> <span class='ocrx_word' id='word_1_700' title='bbox 3203 3037 3411 3094; x_wconf 83' lang='lat' dir='ltr'><strong>Marcus</strong></span> <span class='ocrx_word' id='word_1_701' title='bbox 3468 3055 3598 3094; x_wconf 88' lang='lat' dir='ltr'><strong>vero</strong></span> <span class='ocrx_word' id='word_1_702' title='bbox 3653 3041 3851 3095; x_wconf 87' lang='lat' dir='ltr'><strong>clarius</strong></span> <span class='ocrx_word' id='word_1_703' title='bbox 3906 3042 3967 3097; x_wconf 86' lang='lat' dir='ltr'><strong>id</strong></span> 
     </span>
    </p>
   </div>
   <div class='ocr_carea' id='block_1_92' title="bbox 2367 3129 3970 3201">
    <p class='ocr_par' dir='ltr' id='par_1_92' title="bbox 2367 3129 3970 3201">
     <span class='ocr_line' id='line_1_92' title="bbox 2367 3129 3970 3201; baseline 0.001 -15"><span class='ocrx_word' id='word_1_704' title='bbox 2367 3130 2620 3201; x_wconf 74' lang='lat' dir='ltr'><strong>exprimit</strong></span> <span class='ocrx_word' id='word_1_705' title='bbox 2666 3129 2749 3185; x_wconf 86' lang='lat' dir='ltr'><strong>his</strong></span> <span class='ocrx_word' id='word_1_706' title='bbox 2790 3129 2967 3186; x_wconf 85' lang='lat' dir='ltr'><strong>verbis</strong></span> <span class='ocrx_word' id='word_1_707' title='bbox 3008 3149 3020 3185; x_wconf 97' lang='lat'>:</span> <span class='ocrx_word' id='word_1_708' title='bbox 3052 3129 3253 3185; x_wconf 79' lang='lat' dir='ltr'><strong>Corbau</strong></span> <span class='ocrx_word' id='word_1_709' title='bbox 3278 3130 3627 3201; x_wconf 79' lang='lat' dir='ltr'><strong>quodcumque</strong></span> <span class='ocrx_word' id='word_1_710' title='bbox 3666 3149 3729 3186; x_wconf 79' lang='lat' dir='ltr'><strong>ea:</strong></span> <span class='ocrx_word' id='word_1_711' title='bbox 3764 3149 3846 3187; x_wconf 86' lang='lat' dir='ltr'><strong>me</strong></span> <span class='ocrx_word' id='word_1_712' title='bbox 3872 3133 3970 3187; x_wconf 81' lang='lat' dir='ltr'><strong>tibi</strong></span> 
     </span>
    </p>
   </div>
   <div class='ocr_carea' id='block_1_93' title="bbox 2370 3222 3971 3296">
    <p class='ocr_par' dir='ltr' id='par_1_93' title="bbox 2370 3222 3971 3296">
     <span class='ocr_line' id='line_1_93' title="bbox 2370 3222 3971 3296; baseline 0 -19"><span class='ocrx_word' id='word_1_713' title='bbox 2370 3224 2593 3294; x_wconf 84' lang='lat' dir='ltr'><strong>proderit</strong></span> <span class='ocrx_word' id='word_1_714' title='bbox 2620 3223 2811 3296; x_wconf 76' lang='lat' dir='ltr'><strong>(Marc.</strong></span> <span class='ocrx_word' id='word_1_715' title='bbox 2846 3222 2898 3277; x_wconf 92' lang='lat'><strong>7.</strong></span> <span class='ocrx_word' id='word_1_716' title='bbox 2940 3222 3029 3291; x_wconf 82' lang='grc' dir='ltr'><strong>Η)</strong></span> <span class='ocrx_word' id='word_1_717' title='bbox 3059 3240 3072 3276; x_wconf 90' lang='lat'>:</span> <span class='ocrx_word' id='word_1_718' title='bbox 3104 3222 3157 3277; x_wconf 91' lang='lat' dir='ltr'><strong>id</strong></span> <span class='ocrx_word' id='word_1_719' title='bbox 3187 3222 3327 3292; x_wconf 88' lang='lat' dir='ltr'><strong>qttod</strong></span> <span class='ocrx_word' id='word_1_720' title='bbox 3363 3238 3469 3276; x_wconf 89' lang='lat' dir='ltr'><strong>non</strong></span> <span class='ocrx_word' id='word_1_721' title='bbox 3508 3232 3591 3278; x_wconf 85' lang='lat' dir='ltr'><strong>est</strong></span> <span class='ocrx_word' id='word_1_722' title='bbox 3636 3239 3831 3281; x_wconf 88' lang='lat' dir='ltr'><strong>munus</strong></span> <span class='ocrx_word' id='word_1_723' title='bbox 3871 3237 3971 3283; x_wconf 85' lang='lat' dir='ltr'><strong>aut</strong></span> 
     </span>
    </p>
   </div>
   <div class='ocr_carea' id='block_1_94' title="bbox 2370 3314 3969 3385">
    <p class='ocr_par' dir='ltr' id='par_1_94' title="bbox 2370 3314 3969 3385">
     <span class='ocr_line' id='line_1_94' title="bbox 2370 3314 3969 3385; baseline 0 -13"><span class='ocrx_word' id='word_1_724' title='bbox 2370 3318 2595 3383; x_wconf 85' lang='lat' dir='ltr'><strong>donum,</strong></span> <span class='ocrx_word' id='word_1_725' title='bbox 2622 3316 2719 3370; x_wconf 90' lang='lat' dir='ltr'><strong>sed</strong></span> <span class='ocrx_word' id='word_1_726' title='bbox 2749 3315 2949 3371; x_wconf 87' lang='lat' dir='ltr'><strong>oblatio</strong></span> <span class='ocrx_word' id='word_1_727' title='bbox 2982 3315 3195 3385; x_wconf 89' lang='lat' dir='ltr'><strong>proprie</strong></span> <span class='ocrx_word' id='word_1_728' title='bbox 3233 3314 3450 3370; x_wconf 90' lang='lat' dir='ltr'><strong>dicitur.</strong></span> <span class='ocrx_word' id='word_1_729' title='bbox 3485 3314 3620 3369; x_wconf 87' lang='lat' dir='ltr'><strong>Cum</strong></span> <span class='ocrx_word' id='word_1_730' title='bbox 3664 3316 3821 3383; x_wconf 78' lang='lat' dir='ltr'><strong>igitur</strong></span> <span class='ocrx_word' id='word_1_731' title='bbox 3861 3316 3969 3373; x_wconf 84' lang='lat' dir='ltr'><strong>de-</strong></span> 
     </span>
    </p>
   </div>
   <div class='ocr_carea' id='block_1_95' title="bbox 2374 3407 3973 3479">
    <p class='ocr_par' dir='ltr' id='par_1_95' title="bbox 2374 3407 3973 3479">
     <span class='ocr_line' id='line_1_95' title="bbox 2374 3407 3973 3479; baseline -0.001 -14"><span class='ocrx_word' id='word_1_732' title='bbox 2374 3418 2745 3475; x_wconf 88' lang='lat' dir='ltr'><strong>monstrasset,</strong></span> <span class='ocrx_word' id='word_1_733' title='bbox 2778 3425 2883 3462; x_wconf 92' lang='lat' dir='ltr'><strong>non</strong></span> <span class='ocrx_word' id='word_1_734' title='bbox 2919 3409 3043 3478; x_wconf 88' lang='lat' dir='ltr'><strong>jure</strong></span> <span class='ocrx_word' id='word_1_735' title='bbox 3078 3408 3217 3470; x_wconf 88' lang='lat' dir='ltr'><strong>illos,</strong></span> <span class='ocrx_word' id='word_1_736' title='bbox 3263 3408 3352 3479; x_wconf 91' lang='lat' dir='ltr'><strong>qui</strong></span> <span class='ocrx_word' id='word_1_737' title='bbox 3398 3408 3569 3478; x_wconf 84' lang='lat' dir='ltr'><strong>legem</strong></span> <span class='ocrx_word' id='word_1_738' title='bbox 3611 3407 3705 3463; x_wconf 87' lang='lat' dir='ltr'><strong>Dei</strong></span> <span class='ocrx_word' id='word_1_739' title='bbox 3744 3410 3973 3464; x_wconf 85' lang='lat' dir='ltr'><strong>concul-</strong></span> 
     </span>
    </p>
   </div>
   <div class='ocr_carea' id='block_1_96' title="bbox 2371 3500 3972 3571">
    <p class='ocr_par' dir='ltr' id='par_1_96' title="bbox 2371 3500 3972 3571">
     <span class='ocr_line' id='line_1_96' title="bbox 2371 3500 3972 3571; baseline -0.001 -12"><span class='ocrx_word' id='word_1_740' title='bbox 2371 3515 2515 3569; x_wconf 89' lang='lat' dir='ltr'><strong>cent,</strong></span> <span class='ocrx_word' id='word_1_741' title='bbox 2547 3505 2683 3558; x_wconf 84' lang='lat' dir='ltr'><strong>alios</strong></span> <span class='ocrx_word' id='word_1_742' title='bbox 2723 3501 3139 3571; x_wconf 85' lang='lat' dir='ltr'><strong>reprehendere,</strong></span> <span class='ocrx_word' id='word_1_743' title='bbox 3183 3500 3272 3569; x_wconf 93' lang='lat' dir='ltr'><strong>qui</strong></span> <span class='ocrx_word' id='word_1_744' title='bbox 3316 3502 3587 3555; x_wconf 89' lang='lat' dir='ltr'><strong>seniorum</strong></span> <span class='ocrx_word' id='word_1_745' title='bbox 3636 3512 3972 3569; x_wconf 66' lang='lat' dir='ltr'><strong>praeceptum</strong></span> 
     </span>
    </p>
   </div>
   <div class='ocr_carea' id='block_1_97' title="bbox 2375 3592 3965 3666">
    <p class='ocr_par' dir='ltr' id='par_1_97' title="bbox 2375 3592 3965 3666">
     <span class='ocr_line' id='line_1_97' title="bbox 2375 3592 3965 3666; baseline 0 -17"><span class='ocrx_word' id='word_1_746' title='bbox 2375 3596 2693 3666; x_wconf 81' lang='lat' dir='ltr'><strong>transgressi</strong></span> <span class='ocrx_word' id='word_1_747' title='bbox 2720 3604 2919 3660; x_wconf 90' lang='lat' dir='ltr'><strong>essent,</strong></span> <span class='ocrx_word' id='word_1_748' title='bbox 2954 3593 3179 3663; x_wconf 91' lang='lat' dir='ltr'><strong>idipsum</strong></span> <span class='ocrx_word' id='word_1_749' title='bbox 3206 3592 3439 3649; x_wconf 88' lang='lat' dir='ltr'><strong>ostendit</strong></span> <span class='ocrx_word' id='word_1_750' title='bbox 3477 3601 3531 3647; x_wconf 90' lang='lat' dir='ltr'><strong>et</strong></span> <span class='ocrx_word' id='word_1_751' title='bbox 3564 3607 3631 3648; x_wconf 83' lang='lat' dir='ltr'><strong>ex</strong></span> <span class='ocrx_word' id='word_1_752' title='bbox 3672 3593 3965 3663; x_wconf 84' lang='lat' dir='ltr'><strong>propheta.</strong></span> 
     </span>
    </p>
   </div>
   <div class='ocr_carea' id='block_1_98' title="bbox 2373 3684 3977 3757">
    <p class='ocr_par' dir='ltr' id='par_1_98' title="bbox 2373 3684 3977 3757">
     <span class='ocr_line' id='line_1_98' title="bbox 2373 3684 3977 3757; baseline -0.002 -14"><span class='ocrx_word' id='word_1_753' title='bbox 2373 3690 2506 3757; x_wconf 83' lang='lat' dir='ltr'><strong>Quia</strong></span> <span class='ocrx_word' id='word_1_754' title='bbox 2528 3688 2672 3743; x_wconf 87' lang='lat' dir='ltr'><strong>enim</strong></span> <span class='ocrx_word' id='word_1_755' title='bbox 2697 3688 2816 3742; x_wconf 90' lang='lat' dir='ltr'><strong>illos</strong></span> <span class='ocrx_word' id='word_1_756' title='bbox 2844 3685 3190 3741; x_wconf 79' lang='lat' dir='ltr'><strong>vehementer</strong></span> <span class='ocrx_word' id='word_1_757' title='bbox 3210 3684 3575 3755; x_wconf 84' lang='lat' dir='ltr'><strong>redarguerat.</strong></span> <span class='ocrx_word' id='word_1_758' title='bbox 3598 3684 3818 3739; x_wconf 85' lang='lat' dir='ltr'><strong>ulterius</strong></span> <span class='ocrx_word' id='word_1_759' title='bbox 3842 3700 3977 3754; x_wconf 84' lang='lat' dir='ltr'><strong>pro-</strong></span> 
     </span>
    </p>
   </div>
   <div class='ocr_carea' id='block_1_99' title="bbox 2373 3775 3975 3847">
    <p class='ocr_par' dir='ltr' id='par_1_99' title="bbox 2373 3775 3975 3847">
     <span class='ocr_line' id='line_1_99' title="bbox 2373 3775 3975 3847; baseline -0.003 -10"><span class='ocrx_word' id='word_1_760' title='bbox 2373 3780 2515 3838; x_wconf 87' lang='lat' dir='ltr'><strong>cedit</strong></span> <span class='ocrx_word' id='word_1_761' title='bbox 2542 3798 2556 3834; x_wconf 87' lang='lat'><strong>:</strong></span> <span class='ocrx_word' id='word_1_762' title='bbox 2579 3778 2717 3847; x_wconf 91' lang='lat' dir='ltr'><strong>quod</strong></span> <span class='ocrx_word' id='word_1_763' title='bbox 2747 3779 2907 3833; x_wconf 91' lang='lat' dir='ltr'><strong>etiam</strong></span> <span class='ocrx_word' id='word_1_764' title='bbox 2936 3777 3131 3847; x_wconf 90' lang='lat' dir='ltr'><strong>ubique</strong></span> <span class='ocrx_word' id='word_1_765' title='bbox 3147 3776 3291 3841; x_wconf 76' lang='lat' dir='ltr'><strong>facit,</strong></span> <span class='ocrx_word' id='word_1_766' title='bbox 3321 3775 3621 3845; x_wconf 80' lang='lat' dir='ltr'><strong>scripturas</strong></span> <span class='ocrx_word' id='word_1_767' title='bbox 3648 3775 3703 3829; x_wconf 87' lang='lat' dir='ltr'><strong>in</strong></span> <span class='ocrx_word' id='word_1_768' title='bbox 3729 3776 3975 3832; x_wconf 85' lang='lat' dir='ltr'><strong>medium</strong></span> 
     </span>
    </p>
   </div>
   <div class='ocr_carea' id='block_1_100' title="bbox 2374 3868 4031 3932">
    <p class='ocr_par' dir='ltr' id='par_1_100' title="bbox 2374 3868 4031 3932">
     <span class='ocr_line' id='line_1_100' title="bbox 2374 3868 4031 3932; baseline -0.004 -6"><span class='ocrx_word' id='word_1_769' title='bbox 2374 3870 2681 3932; x_wconf 88' lang='lat' dir='ltr'><strong>adducens,</strong></span> <span class='ocrx_word' id='word_1_770' title='bbox 2716 3880 2772 3923; x_wconf 93' lang='lat' dir='ltr'><strong>ut</strong></span> <span class='ocrx_word' id='word_1_771' title='bbox 2801 3868 2925 3923; x_wconf 90' lang='lat' dir='ltr'><strong>hinc</strong></span> <span class='ocrx_word' id='word_1_772' title='bbox 2963 3883 3023 3924; x_wconf 90' lang='lat' dir='ltr'><strong>se</strong></span> <span class='ocrx_word' id='word_1_773' title='bbox 3061 3868 3312 3923; x_wconf 88' lang='lat' dir='ltr'><strong>ostendat</strong></span> <span class='ocrx_word' id='word_1_774' title='bbox 3351 3869 3460 3922; x_wconf 90' lang='lat' dir='ltr'><strong>Deo</strong></span> <span class='ocrx_word' id='word_1_775' title='bbox 3494 3880 3789 3922; x_wconf 89' lang='lat' dir='ltr'><strong>consonum</strong></span> <span class='ocrx_word' id='word_1_776' title='bbox 3821 3882 3976 3924; x_wconf 86' lang='lat' dir='ltr'><strong>esse.</strong></span> <span class='ocrx_word' id='word_1_777' title='bbox 4028 3912 4031 3919; x_wconf 97' lang='lat'><strong>.</strong></span> 
     </span>
    </p>
   </div>
   <div class='ocr_carea' id='block_1_101' title="bbox 2376 3956 3982 4031">
    <p class='ocr_par' dir='ltr' id='par_1_101' title="bbox 2376 3956 3982 4031">
     <span class='ocr_line' id='line_1_101' title="bbox 2376 3956 3982 4031; baseline -0.001 -17"><span class='ocrx_word' id='word_1_778' title='bbox 2376 3961 2510 4028; x_wconf 85' lang='lat' dir='ltr'><strong>Quid</strong></span> <span class='ocrx_word' id='word_1_779' title='bbox 2559 3960 2718 4031; x_wconf 86' lang='lat' dir='ltr'><strong>igitur</strong></span> <span class='ocrx_word' id='word_1_780' title='bbox 2760 3960 2835 4014; x_wconf 92' lang='lat' dir='ltr'><strong>ait</strong></span> <span class='ocrx_word' id='word_1_781' title='bbox 2879 3958 3176 4029; x_wconf 75' lang='lat' dir='ltr'><strong>propheta?</strong></span> <span class='ocrx_word' id='word_1_782' title='bbox 3206 3959 3258 4014; x_wconf 90' lang='lat'><strong>8.</strong></span> <span class='ocrx_word' id='word_1_783' title='bbox 3294 3956 3530 4027; x_wconf 77' lang='lat' dir='ltr'><strong>Papulas</strong></span> <span class='ocrx_word' id='word_1_784' title='bbox 3564 3957 3647 4010; x_wconf 83' lang='lat' dir='ltr'><strong>hic</strong></span> <span class='ocrx_word' id='word_1_785' title='bbox 3693 3958 3841 4011; x_wconf 84' lang='lat' dir='ltr'><strong>labiis</strong></span> <span class='ocrx_word' id='word_1_786' title='bbox 3894 3976 3982 4012; x_wconf 89' lang='lat' dir='ltr'><strong>me</strong></span> 
     </span>
    </p>
   </div>
   <div class='ocr_carea' id='block_1_102' title="bbox 2377 4047 3981 4120">
    <p class='ocr_par' dir='ltr' id='par_1_102' title="bbox 2377 4047 3981 4120">
     <span class='ocr_line' id='line_1_102' title="bbox 2377 4047 3981 4120; baseline -0.001 -15"><span class='ocrx_word' id='word_1_787' title='bbox 2377 4053 2612 4116; x_wconf 83' lang='lat' dir='ltr'><strong>honorat,</strong></span> <span class='ocrx_word' id='word_1_788' title='bbox 2640 4068 2729 4106; x_wconf 89' lang='lat' dir='ltr'><strong>cor</strong></span> <span class='ocrx_word' id='word_1_789' title='bbox 2748 4061 2915 4105; x_wconf 74' lang='lat' dir='ltr'><strong>autem</strong></span> <span class='ocrx_word' id='word_1_790' title='bbox 2940 4065 3113 4105; x_wconf 81' lang='lat' dir='ltr'><strong>eorum</strong></span> <span class='ocrx_word' id='word_1_791' title='bbox 3133 4049 3281 4119; x_wconf 84' lang='lat' dir='ltr'><strong>longe</strong></span> <span class='ocrx_word' id='word_1_792' title='bbox 3299 4058 3373 4103; x_wconf 88' lang='lat' dir='ltr'><strong>est</strong></span> <span class='ocrx_word' id='word_1_793' title='bbox 3396 4065 3429 4101; x_wconf 89' lang='lat' dir='ltr'><strong>a</strong></span> <span class='ocrx_word' id='word_1_794' title='bbox 3454 4065 3532 4102; x_wconf 88' lang='lat' dir='ltr'><strong>me</strong></span> <span class='ocrx_word' id='word_1_795' title='bbox 3556 4047 3707 4117; x_wconf 86' lang='lat' dir='ltr'><strong>(Isai.</strong></span> <span class='ocrx_word' id='word_1_796' title='bbox 3735 4047 3827 4104; x_wconf 73' lang='grc'><strong>29.</strong></span> <span class='ocrx_word' id='word_1_797' title='bbox 3856 4048 3981 4120; x_wconf 76' lang='lat' dir='ltr'><strong>l3).</strong></span> 
     </span>
    </p>
   </div>
   <div class='ocr_carea' id='block_1_103' title="bbox 2378 4138 3981 4207">
    <p class='ocr_par' dir='ltr' id='par_1_103' title="bbox 2378 4138 3981 4207">
     <span class='ocr_line' id='line_1_103' title="bbox 2378 4138 3981 4207; baseline -0.004 -7"><span class='ocrx_word' id='word_1_798' title='bbox 2378 4144 2432 4200; x_wconf 88' lang='lat'><strong>9.</strong></span> <span class='ocrx_word' id='word_1_799' title='bbox 2466 4144 2684 4198; x_wconf 86' lang='lat' dir='ltr'><strong>Frustra</strong></span> <span class='ocrx_word' id='word_1_800' title='bbox 2707 4138 2873 4197; x_wconf 78' lang='lat' dir='ltr'><strong>autem</strong></span> <span class='ocrx_word' id='word_1_801' title='bbox 2900 4145 3070 4196; x_wconf 81' lang='lat' dir='ltr'><strong>colunt</strong></span> <span class='ocrx_word' id='word_1_802' title='bbox 3104 4158 3203 4203; x_wconf 86' lang='lat' dir='ltr'><strong>me,</strong></span> <span class='ocrx_word' id='word_1_803' title='bbox 3238 4142 3475 4195; x_wconf 85' lang='lat' dir='ltr'><strong>docentes</strong></span> <span class='ocrx_word' id='word_1_804' title='bbox 3502 4140 3780 4207; x_wconf 78' lang='lat' dir='ltr'><strong>doctrinas,</strong></span> <span class='ocrx_word' id='word_1_805' title='bbox 3819 4156 3981 4194; x_wconf 82' lang='lat' dir='ltr'><strong>man-</strong></span> 
     </span>
    </p>
   </div>
   <div class='ocr_carea' id='block_1_104' title="bbox 2382 4232 3985 4305">
    <p class='ocr_par' dir='ltr' id='par_1_104' title="bbox 2382 4232 3985 4305">
     <span class='ocr_line' id='line_1_104' title="bbox 2382 4232 3985 4305; baseline -0.001 -13"><span class='ocrx_word' id='word_1_806' title='bbox 2382 4238 2504 4292; x_wconf 84' lang='lat' dir='ltr'><strong>data</strong></span> <span class='ocrx_word' id='word_1_807' title='bbox 2550 4238 2829 4291; x_wconf 85' lang='lat' dir='ltr'><strong>hominum.</strong></span> <span class='ocrx_word' id='word_1_808' title='bbox 2892 4234 3077 4289; x_wconf 82' lang='lat' dir='ltr'><strong>Viden&#39;</strong></span> <span class='ocrx_word' id='word_1_809' title='bbox 3124 4235 3454 4305; x_wconf 89' lang='lat' dir='ltr'><strong>prophetiam</strong></span> <span class='ocrx_word' id='word_1_810' title='bbox 3505 4242 3756 4288; x_wconf 87' lang='lat' dir='ltr'><strong>accurate</strong></span> <span class='ocrx_word' id='word_1_811' title='bbox 3812 4232 3985 4290; x_wconf 82' lang='lat' dir='ltr'><strong>dictis</strong></span> 
     </span>
    </p>
   </div>
   <div class='ocr_carea' id='block_1_105' title="bbox 2378 4326 3983 4399">
    <p class='ocr_par' dir='ltr' id='par_1_105' title="bbox 2378 4326 3983 4399">
     <span class='ocr_line' id='line_1_105' title="bbox 2378 4326 3983 4399; baseline -0.002 -14"><span class='ocrx_word' id='word_1_812' title='bbox 2378 4344 2693 4394; x_wconf 80' lang='lat' dir='ltr'><strong>consonam,</strong></span> <span class='ocrx_word' id='word_1_813' title='bbox 2727 4345 2845 4399; x_wconf 73' lang='lat' dir='ltr'><strong>qua:</strong></span> <span class='ocrx_word' id='word_1_814' title='bbox 2878 4328 2990 4398; x_wconf 90' lang='lat' dir='ltr'><strong>jam</strong></span> <span class='ocrx_word' id='word_1_815' title='bbox 3029 4326 3157 4381; x_wconf 88' lang='lat' dir='ltr'><strong>olim</strong></span> <span class='ocrx_word' id='word_1_816' title='bbox 3188 4342 3374 4381; x_wconf 90' lang='lat' dir='ltr'><strong>eorum</strong></span> <span class='ocrx_word' id='word_1_817' title='bbox 3415 4326 3795 4395; x_wconf 81' lang='lat' dir='ltr'><strong>malignitatem</strong></span> <span class='ocrx_word' id='word_1_818' title='bbox 3830 4342 3983 4395; x_wconf 76' lang='lat' dir='ltr'><strong>pra:-</strong></span> 
     </span>
    </p>
   </div>
   <div class='ocr_carea' id='block_1_106' title="bbox 2380 4418 3987 4490">
    <p class='ocr_par' dir='ltr' id='par_1_106' title="bbox 2380 4418 3987 4490">
     <span class='ocr_line' id='line_1_106' title="bbox 2380 4418 3987 4490; baseline -0.002 -10"><span class='ocrx_word' id='word_1_819' title='bbox 2380 4423 2629 4479; x_wconf 75' lang='lat' dir='ltr'><strong>nuntiati</strong></span> <span class='ocrx_word' id='word_1_820' title='bbox 2650 4422 2802 4490; x_wconf 87' lang='lat' dir='ltr'><strong>Quod</strong></span> <span class='ocrx_word' id='word_1_821' title='bbox 2833 4421 3081 4477; x_wconf 89' lang='lat' dir='ltr'><strong>Christus</strong></span> <span class='ocrx_word' id='word_1_822' title='bbox 3105 4435 3246 4475; x_wconf 90' lang='lat' dir='ltr'><strong>nunc</strong></span> <span class='ocrx_word' id='word_1_823' title='bbox 3270 4420 3572 4475; x_wconf 86' lang='lat' dir='ltr'><strong>accusando</strong></span> <span class='ocrx_word' id='word_1_824' title='bbox 3598 4419 3822 4489; x_wconf 79' lang='lat' dir='ltr'><strong>profert,</strong></span> <span class='ocrx_word' id='word_1_825' title='bbox 3872 4418 3987 4476; x_wconf 81' lang='lat' dir='ltr'><strong>hoc</strong></span> 
     </span>
    </p>
   </div>
   <div class='ocr_carea' id='block_1_107' title="bbox 2375 4513 3985 4587">
    <p class='ocr_par' dir='ltr' id='par_1_107' title="bbox 2375 4513 3985 4587">
     <span class='ocr_line' id='line_1_107' title="bbox 2375 4513 3985 4587; baseline -0.001 -15"><span class='ocrx_word' id='word_1_826' title='bbox 2375 4519 2487 4587; x_wconf 88' lang='lat' dir='ltr'><strong>jam</strong></span> <span class='ocrx_word' id='word_1_827' title='bbox 2518 4518 2646 4571; x_wconf 90' lang='lat' dir='ltr'><strong>olim</strong></span> <span class='ocrx_word' id='word_1_828' title='bbox 2676 4516 2809 4570; x_wconf 82' lang='lat' dir='ltr'><strong>dixit</strong></span> <span class='ocrx_word' id='word_1_829' title='bbox 2850 4514 3033 4581; x_wconf 90' lang='lat' dir='ltr'><strong>Isaias,</strong></span> <span class='ocrx_word' id='word_1_830' title='bbox 3076 4515 3221 4585; x_wconf 85' lang='lat' dir='ltr'><strong>quod</strong></span> <span class='ocrx_word' id='word_1_831' title='bbox 3250 4514 3499 4570; x_wconf 86' lang='lat' dir='ltr'><strong>mandata</strong></span> <span class='ocrx_word' id='word_1_832' title='bbox 3528 4513 3625 4569; x_wconf 87' lang='lat' dir='ltr'><strong>Dei</strong></span> <span class='ocrx_word' id='word_1_833' title='bbox 3656 4522 3921 4584; x_wconf 79' lang='lat' dir='ltr'><strong>spernant</strong></span> <span class='ocrx_word' id='word_1_834' title='bbox 3967 4534 3985 4571; x_wconf 91' lang='lat'><strong>:</strong></span> 
     </span>
    </p>
   </div>
   <div class='ocr_carea' id='block_1_108' title="bbox 2381 4606 3990 4677">
    <p class='ocr_par' dir='ltr' id='par_1_108' title="bbox 2381 4606 3990 4677">
     <span class='ocr_line' id='line_1_108' title="bbox 2381 4606 3990 4677; baseline -0.003 -11"><span class='ocrx_word' id='word_1_835' title='bbox 2381 4611 2600 4666; x_wconf 80' lang='lat' dir='ltr'><strong>Frustra</strong></span> <span class='ocrx_word' id='word_1_836' title='bbox 2624 4610 2767 4665; x_wconf 89' lang='lat' dir='ltr'><strong>enim</strong></span> <span class='ocrx_word' id='word_1_837' title='bbox 2808 4609 2979 4663; x_wconf 84' lang='lat' dir='ltr'><strong>colunt</strong></span> <span class='ocrx_word' id='word_1_838' title='bbox 3010 4624 3109 4676; x_wconf 87' lang='lat' dir='ltr'><strong>me,</strong></span> <span class='ocrx_word' id='word_1_839' title='bbox 3157 4607 3361 4677; x_wconf 88' lang='lat' dir='ltr'><strong>inquit;</strong></span> <span class='ocrx_word' id='word_1_840' title='bbox 3402 4606 3471 4662; x_wconf 89' lang='lat' dir='ltr'><strong>de</strong></span> <span class='ocrx_word' id='word_1_841' title='bbox 3509 4606 3620 4661; x_wconf 79' lang='lat' dir='ltr'><strong>suis</strong></span> <span class='ocrx_word' id='word_1_842' title='bbox 3658 4621 3789 4662; x_wconf 87' lang='lat' dir='ltr'><strong>vero</strong></span> <span class='ocrx_word' id='word_1_843' title='bbox 3828 4622 3990 4677; x_wconf 68' lang='lat' dir='ltr'><strong>pra:-</strong></span> 
     </span>
    </p>
   </div>
   <div class='ocr_carea' id='block_1_109' title="bbox 2379 4696 3992 4774">
    <p class='ocr_par' dir='ltr' id='par_1_109' title="bbox 2379 4696 3992 4774">
     <span class='ocr_line' id='line_1_109' title="bbox 2379 4696 3992 4774; baseline -0.005 -15"><span class='ocrx_word' id='word_1_844' title='bbox 2379 4705 2549 4774; x_wconf 88' lang='lat' dir='ltr'><strong>eeptis</strong></span> <span class='ocrx_word' id='word_1_845' title='bbox 2592 4717 2838 4773; x_wconf 85' lang='lat' dir='ltr'><strong>magnam</strong></span> <span class='ocrx_word' id='word_1_846' title='bbox 2887 4715 3071 4755; x_wconf 89' lang='lat' dir='ltr'><strong>curam</strong></span> <span class='ocrx_word' id='word_1_847' title='bbox 3122 4698 3372 4765; x_wconf 87' lang='lat' dir='ltr'><strong>habeant,</strong></span> <span class='ocrx_word' id='word_1_848' title='bbox 3416 4696 3665 4753; x_wconf 82' lang='lat' dir='ltr'><strong>Docentes</strong></span> <span class='ocrx_word' id='word_1_849' title='bbox 3707 4697 3992 4765; x_wconf 80' lang='lat' dir='ltr'><strong>mandata,</strong></span> 
     </span>
    </p>
   </div>
   <div class='ocr_carea' id='block_1_110' title="bbox 2381 4790 3991 4863">
    <p class='ocr_par' dir='ltr' id='par_1_110' title="bbox 2381 4790 3991 4863">
     <span class='ocr_line' id='line_1_110' title="bbox 2381 4790 3991 4863; baseline -0.002 -13"><span class='ocrx_word' id='word_1_850' title='bbox 2381 4798 2638 4851; x_wconf 87' lang='lat' dir='ltr'><strong>doctrinas</strong></span> <span class='ocrx_word' id='word_1_851' title='bbox 2664 4796 2947 4849; x_wconf 85' lang='lat' dir='ltr'><strong>hominum.</strong></span> <span class='ocrx_word' id='word_1_852' title='bbox 2978 4792 3107 4849; x_wconf 86' lang='lat' dir='ltr'><strong>Jttrc</strong></span> <span class='ocrx_word' id='word_1_853' title='bbox 3149 4806 3281 4863; x_wconf 89' lang='lat' dir='ltr'><strong>ergo</strong></span> <span class='ocrx_word' id='word_1_854' title='bbox 3310 4792 3408 4846; x_wconf 86' lang='lat' dir='ltr'><strong>has</strong></span> <span class='ocrx_word' id='word_1_855' title='bbox 3436 4790 3684 4861; x_wconf 86' lang='lat' dir='ltr'><strong>discipuli</strong></span> <span class='ocrx_word' id='word_1_856' title='bbox 3715 4806 3821 4844; x_wconf 86' lang='lat' dir='ltr'><strong>non</strong></span> <span class='ocrx_word' id='word_1_857' title='bbox 3854 4805 3991 4847; x_wconf 75' lang='lat' dir='ltr'><strong>Ser-</strong></span> 
     </span>
    </p>
   </div>
   <div class='ocr_carea' id='block_1_111' title="bbox 2385 4881 3993 4958">
    <p class='ocr_par' dir='ltr' id='par_1_111' title="bbox 2385 4881 3993 4958">
     <span class='ocr_line' id='line_1_111' title="bbox 2385 4881 3993 4958; baseline -0.004 -15"><span class='ocrx_word' id='word_1_858' title='bbox 2385 4899 2533 4944; x_wconf 89' lang='lat' dir='ltr'><strong>vant.</strong></span> <span class='ocrx_word' id='word_1_859' title='bbox 2569 4889 2852 4958; x_wconf 87' lang='lat' dir='ltr'><strong>Postquam</strong></span> <span class='ocrx_word' id='word_1_860' title='bbox 2884 4886 3046 4955; x_wconf 82' lang='lat' dir='ltr'><strong>igitur</strong></span> <span class='ocrx_word' id='word_1_861' title='bbox 3084 4884 3298 4940; x_wconf 84' lang='lat' dir='ltr'><strong>letalem</strong></span> <span class='ocrx_word' id='word_1_862' title='bbox 3328 4884 3464 4937; x_wconf 88' lang='lat' dir='ltr'><strong>hanc</strong></span> <span class='ocrx_word' id='word_1_863' title='bbox 3501 4883 3709 4952; x_wconf 87' lang='lat' dir='ltr'><strong>plagam</strong></span> <span class='ocrx_word' id='word_1_864' title='bbox 3741 4881 3850 4936; x_wconf 89' lang='lat' dir='ltr'><strong>illis</strong></span> <span class='ocrx_word' id='word_1_865' title='bbox 3894 4882 3993 4937; x_wconf 86' lang='lat' dir='ltr'><strong>in-</strong></span> 
     </span>
    </p>
   </div>
   <div class='ocr_carea' id='block_1_112' title="bbox 2381 4976 3997 5053">
    <p class='ocr_par' dir='ltr' id='par_1_112' title="bbox 2381 4976 3997 5053">
     <span class='ocr_line' id='line_1_112' title="bbox 2381 4976 3997 5053; baseline -0.006 -14"><span class='ocrx_word' id='word_1_866' title='bbox 2381 4984 2537 5049; x_wconf 77' lang='lat' dir='ltr'><strong>ﬂixit,</strong></span> <span class='ocrx_word' id='word_1_867' title='bbox 2566 4990 2726 5053; x_wconf 89' lang='lat' dir='ltr'><strong>atque</strong></span> <span class='ocrx_word' id='word_1_868' title='bbox 2781 4996 2849 5036; x_wconf 76' lang='lat' dir='ltr'><strong>ex</strong></span> <span class='ocrx_word' id='word_1_869' title='bbox 2902 4979 3089 5045; x_wconf 79' lang='lat' dir='ltr'><strong>factis,</strong></span> <span class='ocrx_word' id='word_1_870' title='bbox 3149 4987 3207 5035; x_wconf 89' lang='lat' dir='ltr'><strong>et</strong></span> <span class='ocrx_word' id='word_1_871' title='bbox 3258 4992 3326 5033; x_wconf 77' lang='lat' dir='ltr'><strong>ex</strong></span> <span class='ocrx_word' id='word_1_872' title='bbox 3349 4977 3561 5047; x_wconf 84' lang='lat' dir='ltr'><strong>propria</strong></span> <span class='ocrx_word' id='word_1_873' title='bbox 3588 4976 3825 5045; x_wconf 89' lang='lat' dir='ltr'><strong>ipsorum</strong></span> <span class='ocrx_word' id='word_1_874' title='bbox 3853 4990 3997 5030; x_wconf 85' lang='lat' dir='ltr'><strong>sen-</strong></span> 
     </span>
    </p>
   </div>
   <div class='ocr_carea' id='block_1_113' title="bbox 2384 5066 3993 5142">
    <p class='ocr_par' dir='ltr' id='par_1_113' title="bbox 2384 5066 3993 5142">
     <span class='ocr_line' id='line_1_113' title="bbox 2384 5066 3993 5142; baseline -0.006 -11"><span class='ocrx_word' id='word_1_875' title='bbox 2384 5075 2570 5139; x_wconf 88' lang='lat' dir='ltr'><strong>tentia,</strong></span> <span class='ocrx_word' id='word_1_876' title='bbox 2597 5087 2771 5142; x_wconf 74' lang='lat' dir='ltr'><strong>exque</strong></span> <span class='ocrx_word' id='word_1_877' title='bbox 2803 5069 3057 5139; x_wconf 82' lang='lat' dir='ltr'><strong>propheta</strong></span> <span class='ocrx_word' id='word_1_878' title='bbox 3084 5069 3477 5123; x_wconf 82' lang='lat' dir='ltr'><strong>accusationem</strong></span> <span class='ocrx_word' id='word_1_879' title='bbox 3508 5069 3675 5128; x_wconf 83' lang='lat' dir='ltr'><strong>auxit.</strong></span> <span class='ocrx_word' id='word_1_880' title='bbox 3706 5066 3811 5122; x_wconf 83' lang='lat' dir='ltr'><strong>illis</strong></span> <span class='ocrx_word' id='word_1_881' title='bbox 3851 5069 3993 5138; x_wconf 87' lang='lat' dir='ltr'><strong>qni-</strong></span> 
     </span>
    </p>
   </div>
   <div class='ocr_carea' id='block_1_114' title="bbox 2380 5158 3993 5231">
    <p class='ocr_par' dir='ltr' id='par_1_114' title="bbox 2380 5158 3993 5231">
     <span class='ocr_line' id='line_1_114' title="bbox 2380 5158 3993 5231; baseline -0.004 -8"><span class='ocrx_word' id='word_1_882' title='bbox 2380 5168 2503 5223; x_wconf 91' lang='lat' dir='ltr'><strong>dem</strong></span> <span class='ocrx_word' id='word_1_883' title='bbox 2549 5166 2682 5221; x_wconf 92' lang='lat' dir='ltr'><strong>nihil</strong></span> <span class='ocrx_word' id='word_1_884' title='bbox 2726 5165 2861 5219; x_wconf 69' lang='lat' dir='ltr'><strong>ultra</strong></span> <span class='ocrx_word' id='word_1_885' title='bbox 2903 5162 3156 5231; x_wconf 85' lang='lat' dir='ltr'><strong>loquitur,</strong></span> <span class='ocrx_word' id='word_1_886' title='bbox 3188 5168 3372 5229; x_wconf 88' lang='lat' dir='ltr'><strong>utpote</strong></span> <span class='ocrx_word' id='word_1_887' title='bbox 3409 5160 3502 5231; x_wconf 89' lang='lat' dir='ltr'><strong>qui</strong></span> <span class='ocrx_word' id='word_1_888' title='bbox 3542 5158 3820 5215; x_wconf 86' lang='lat' dir='ltr'><strong>emendari</strong></span> <span class='ocrx_word' id='word_1_889' title='bbox 3870 5178 3993 5217; x_wconf 86' lang='lat' dir='ltr'><strong>non</strong></span> 
     </span>
    </p>
   </div>
   <div class='ocr_carea' id='block_1_115' title="bbox 2384 5252 3996 5333">
    <p class='ocr_par' dir='ltr' id='par_1_115' title="bbox 2384 5252 3996 5333">
     <span class='ocr_line' id='line_1_115' title="bbox 2384 5252 3996 5333; baseline -0.004 -15"><span class='ocrx_word' id='word_1_890' title='bbox 2384 5269 2651 5333; x_wconf 76' lang='lat' dir='ltr'><strong>poterant,</strong></span> <span class='ocrx_word' id='word_1_891' title='bbox 2702 5272 3007 5314; x_wconf 88' lang='lat' dir='ltr'><strong>sermonem</strong></span> <span class='ocrx_word' id='word_1_892' title='bbox 3053 5272 3181 5310; x_wconf 84' lang='lat' dir='ltr'><strong>vero</strong></span> <span class='ocrx_word' id='word_1_893' title='bbox 3228 5254 3495 5310; x_wconf 89' lang='lat' dir='ltr'><strong>convertit</strong></span> <span class='ocrx_word' id='word_1_894' title='bbox 3536 5252 3604 5309; x_wconf 87' lang='lat' dir='ltr'><strong>ad</strong></span> <span class='ocrx_word' id='word_1_895' title='bbox 3655 5252 3871 5318; x_wconf 86' lang='lat' dir='ltr'><strong>turbas,</strong></span> <span class='ocrx_word' id='word_1_896' title='bbox 3925 5265 3996 5311; x_wconf 80' lang='lat' dir='ltr'><strong>ut</strong></span> 
     </span>
    </p>
   </div>
   <div class='ocr_carea' id='block_1_116' title="bbox 2383 5347 3994 5427">
    <p class='ocr_par' dir='ltr' id='par_1_116' title="bbox 2383 5347 3994 5427">
     <span class='ocr_line' id='line_1_116' title="bbox 2383 5347 3994 5427; baseline -0.004 -18"><span class='ocrx_word' id='word_1_897' title='bbox 2383 5355 2575 5427; x_wconf 83' lang='lat' dir='ltr'><strong>dogma</strong></span> <span class='ocrx_word' id='word_1_898' title='bbox 2603 5350 2820 5407; x_wconf 89' lang='lat' dir='ltr'><strong>inducat</strong></span> <span class='ocrx_word' id='word_1_899' title='bbox 2848 5350 3099 5411; x_wconf 87' lang='lat' dir='ltr'><strong>sublime,</strong></span> <span class='ocrx_word' id='word_1_900' title='bbox 3137 5362 3408 5418; x_wconf 80' lang='lat' dir='ltr'><strong>magnum,</strong></span> <span class='ocrx_word' id='word_1_901' title='bbox 3437 5358 3491 5403; x_wconf 92' lang='lat' dir='ltr'><strong>et</strong></span> <span class='ocrx_word' id='word_1_902' title='bbox 3521 5347 3685 5402; x_wconf 88' lang='lat' dir='ltr'><strong>multa</strong></span> <span class='ocrx_word' id='word_1_903' title='bbox 3726 5347 3994 5420; x_wconf 73' lang='lat' dir='ltr'><strong>philoso-</strong></span> 
     </span>
    </p>
   </div>
   <div class='ocr_carea' id='block_1_117' title="bbox 2444 5531 3997 5601">
    <p class='ocr_par' dir='ltr' id='par_1_117' title="bbox 2444 5531 3997 5601">
     <span class='ocr_line' id='line_1_117' title="bbox 2444 5531 3997 5601; baseline -0.003 -12"><span class='ocrx_word' id='word_1_904' title='bbox 2444 5538 2517 5601; x_wconf 88' lang='lat' dir='ltr'><strong>(a)</strong></span> <span class='ocrx_word' id='word_1_905' title='bbox 2535 5544 2704 5586; x_wconf 80' lang='lat' dir='ltr'><strong>Eorum</strong></span> <span class='ocrx_word' id='word_1_906' title='bbox 2725 5533 2810 5601; x_wconf 66' lang='lat' dir='ltr'><strong>qui</strong></span> <span class='ocrx_word' id='word_1_907' title='bbox 2829 5533 2901 5584; x_wconf 88' lang='lat' dir='ltr'><strong>sic</strong></span> <span class='ocrx_word' id='word_1_908' title='bbox 2921 5532 3370 5601; x_wconf 74' lang='lat' dir='ltr'><strong>interpretabantur</strong></span> <span class='ocrx_word' id='word_1_909' title='bbox 3380 5545 3523 5601; x_wconf 78' lang='lat' dir='ltr'><strong>mens</strong></span> <span class='ocrx_word' id='word_1_910' title='bbox 3541 5531 3852 5601; x_wconf 63' lang='lat' dir='ltr'><strong>bacvidetur</strong></span> 
     </span>
    </p>
   </div>
   <div class='ocr_carea' id='block_1_118' title="bbox 2380 5594 4001 5661">
    <p class='ocr_par' dir='ltr' id='par_1_118' title="bbox 2380 5594 4001 5661">
     <span class='ocr_line' id='line_1_118' title="bbox 2380 5594 4001 5661; baseline -0.004 -7"><span class='ocrx_word' id='word_1_911' title='bbox 2380 5594 2474 5654; x_wconf 66' lang='lat' dir='ltr'><strong>se&#39;:</strong></span> <span class='ocrx_word' id='word_1_912' title='bbox 2502 5594 2693 5651; x_wconf 69' lang='lat' dir='ltr'><strong>bonum</strong></span> <span class='ocrx_word' id='word_1_913' title='bbox 2712 5594 2886 5661; x_wconf 71' lang='lat' dir='ltr'><strong>o&#39;ﬁ‘ero.</strong></span> <span class='ocrx_word' id='word_1_914' title='bbox 2912 5594 3309 5661; x_wconf 72' lang='lat' dir='ltr'><strong>quodetiamtibi</strong></span> <span class='ocrx_word' id='word_1_915' title='bbox 3330 5595 3509 5657; x_wconf 85' lang='lat' dir='ltr'><strong>prosit,</strong></span> <span class='ocrx_word' id='word_1_916' title='bbox 3534 5594 3716 5661; x_wconf 76' lang='lat' dir='ltr'><strong>siquid</strong></span> <span class='ocrx_word' id='word_1_917' title='bbox 3738 5607 3852 5646; x_wconf 82' lang='lat' dir='ltr'><strong>uero</strong></span> <span class='ocrx_word' id='word_1_918' title='bbox 3892 5596 4001 5661; x_wconf 65' lang='lat' dir='ltr'><strong>tibi</strong></span> 
     </span>
    </p>
   </div>
   <div class='ocr_carea' id='block_1_119' title="bbox 2380 5657 3996 5732">
    <p class='ocr_par' dir='ltr' id='par_1_119' title="bbox 2380 5657 3996 5732">
     <span class='ocr_line' id='line_1_119' title="bbox 2380 5657 3996 5732; baseline -0.001 -21"><span class='ocrx_word' id='word_1_919' title='bbox 2380 5657 2773 5732; x_wconf 52' lang='lat' dir='ltr'><strong>amycum}</strong></span> <span class='ocrx_word' id='word_1_920' title='bbox 2794 5696 2808 5719; x_wconf 89' lang='lat'><strong>,</strong></span> <span class='ocrx_word' id='word_1_921' title='bbox 2840 5660 2909 5732; x_wconf 44' lang='grc' dir='ltr'>ιρι,</span> <span class='ocrx_word' id='word_1_922' title='bbox 2926 5658 3080 5732; x_wconf 72' lang='lat' dir='ltr'><strong>gratis</strong></span> <span class='ocrx_word' id='word_1_923' title='bbox 3125 5657 3283 5732; x_wconf 57' lang='lat' dir='ltr'><strong>rapio,</strong></span> <span class='ocrx_word' id='word_1_924' title='bbox 3321 5671 3429 5732; x_wconf 74' lang='lat' dir='ltr'><strong>cum</strong></span> <span class='ocrx_word' id='word_1_925' title='bbox 3467 5657 3625 5709; x_wconf 64' lang='lat' dir='ltr'><strong>omnia</strong></span> <span class='ocrx_word' id='word_1_926' title='bbox 3658 5670 3768 5732; x_wconf 72' lang='lat' dir='ltr'><strong>mea</strong></span> <span class='ocrx_word' id='word_1_927' title='bbox 3797 5659 3996 5732; x_wconf 62' lang='lat' dir='ltr'><strong>possim</strong></span> 
     </span>
    </p>
   </div>
   <div class='ocr_carea' id='block_1_120' title="bbox 2387 5719 3992 5789">
    <p class='ocr_par' dir='ltr' id='par_1_120' title="bbox 2387 5719 3992 5789">
     <span class='ocr_line' id='line_1_120' title="bbox 2387 5719 3992 5789; baseline -0.004 -10"><span class='ocrx_word' id='word_1_928' title='bbox 2387 5719 2701 5789; x_wconf 68' lang='lat' dir='ltr'><strong>beooﬁ‘errc;</strong></span> <span class='ocrx_word' id='word_1_929' title='bbox 2723 5720 2767 5773; x_wconf 76' lang='lat' dir='ltr'><strong>si</strong></span> <span class='ocrx_word' id='word_1_930' title='bbox 2790 5720 2909 5785; x_wconf 84' lang='lat' dir='ltr'><strong>quid</strong></span> <span class='ocrx_word' id='word_1_931' title='bbox 2930 5719 2983 5773; x_wconf 79' lang='lat' dir='ltr'><strong>in</strong></span> <span class='ocrx_word' id='word_1_932' title='bbox 3006 5728 3051 5771; x_wconf 83' lang='lat' dir='ltr'><strong>te</strong></span> <span class='ocrx_word' id='word_1_933' title='bbox 3074 5720 3339 5783; x_wconf 79' lang='lat' dir='ltr'><strong>conferam,</strong></span> <span class='ocrx_word' id='word_1_934' title='bbox 3357 5719 3411 5772; x_wconf 82' lang='lat' dir='ltr'><strong>id</strong></span> <span class='ocrx_word' id='word_1_935' title='bbox 3431 5733 3497 5771; x_wconf 70' lang='lat' dir='ltr'><strong>ex</strong></span> <span class='ocrx_word' id='word_1_936' title='bbox 3515 5733 3623 5773; x_wconf 84' lang='lat' dir='ltr'><strong>utea</strong></span> <span class='ocrx_word' id='word_1_937' title='bbox 3638 5719 3813 5786; x_wconf 77' lang='lat' dir='ltr'><strong>pendet</strong></span> <span class='ocrx_word' id='word_1_938' title='bbox 3832 5719 3992 5773; x_wconf 74' lang='lat' dir='ltr'><strong>tiber-</strong></span> 
     </span>
    </p>
   </div>
   <div class='ocr_carea' id='block_1_121' title="bbox 2377 5797 2495 5845">
    <p class='ocr_par' dir='ltr' id='par_1_121' title="bbox 2377 5797 2495 5845">
     <span class='ocr_line' id='line_1_121' title="bbox 2377 5797 2495 5845; baseline -0.059 -1"><span class='ocrx_word' id='word_1_939' title='bbox 2377 5797 2495 5845; x_wconf 83' lang='lat' dir='ltr'><strong>totc.</strong></span> 
     </span>
    </p>
   </div>
  </div>
