4154 6324
196 482 313 554 pbia
340 476 604 552 plenum;
635 480 964 545 sntuptaque
989 485 1055 526 ex
1085 468 1179 524 illo
1204 448 1517 528 Occasione,
1545 455 1723 554 majus
1752 453 1819 509 il-

202 550 287 631 Iud
324 550 631 637 contexuit,
678 579 736 626 et
781 569 1026 623 ciborum
1070 558 1505 618 observationem
1552 550 1814 607 eliminat.

197 668 301 725 Sed
330 666 453 721 vide
477 662 725 735 quando.
747 659 883 717 Cum
909 658 1187 728 leprosum
1211 649 1511 713 mundavit,
1541 660 1666 702 cum
1692 642 1816 698 sab-

197 763 373 818 batum
402 757 603 823 solvit;
637 754 855 830 quando
894 761 1054 807 terra:
1099 746 1371 815 marisque
1400 755 1583 812 regem
1621 753 1681 794 se
1720 735 1815 792 de-

194 851 440 917 claravit,
470 848 690 922 quando
716 847 865 917 leges
893 843 1063 906 dedit,
1088 838 1307 912 quando
1339 845 1557 908 peccata
1583 830 1807 894 dimisit,

190 944 408 1015 quando
437 949 684 998 mortuos
723 937 996 1003 excitavit,
1028 931 1248 1004 quando
1284 937 1604 1001 argumenta
1644 925 1813 979 multa

190 1034 492 1092 divinitatis
534 1048 650 1090 suae
694 1030 828 1105 ipsis
868 1027 1120 1101 praahuit,
1166 1035 1295 1079 tunc
1338 1022 1408 1078 de
1449 1020 1589 1077 cibis
1632 1016 1812 1087 loqui-

188 1139 297 1187 tur.

260 1223 317 1279 5.
363 1218 695 1293 Abroganda:
746 1214 1149 1273 circantcisionis
1201 1209 1492 1284 dimeultas.
1527 1237 1602 1249 —
1640 1204 1810 1261 Totus

188 1314 336 1370 enim
370 1311 687 1370 Judaismus
726 1310 829 1366 hac
857 1310 908 1364 in
940 1323 1005 1364 re
1024 1306 1378 1362 centinetur:
1408 1302 1455 1358 si
1495 1301 1600 1357 hoc
1624 1298 1811 1355 abstu-

188 1408 356 1475 leris,
405 1416 579 1463 totum
639 1402 928 1461 abstulisti.
997 1400 1132 1458 Nam
1196 1397 1322 1455 inde
1372 1401 1805 1460 commonstrat,

185 1504 353 1558 etiam
399 1498 871 1557 circumciSionem
914 1494 1166 1567 abrogari
1211 1499 1507 1565 oportere:
1539 1488 1637 1545 sed
1676 1486 1808 1543 illttd

186 1612 300 1651 non
357 1593 629 1666 prmcipue
695 1588 937 1670 induxit.
989 1587 1244 1659 quoniam
1310 1583 1415 1639 hoc
1479 1589 1807 1670 przeceptum

185 1687 314 1743 aliis
363 1693 485 1741 erat
532 1681 842 1753 antiquius,
888 1689 947 1735 et
993 1679 1201 1748 majore
1243 1673 1637 1732 observabatur
1677 1669 1808 1727 reli-

185 1778 381 1846 gione;
410 1775 508 1831 sed
553 1790 650 1846 per
668 1772 966 1844 discipulos
996 1770 1129 1826 illud
1152 1769 1358 1824 statuit.
1389 1766 1465 1822 Ita
1495 1780 1688 1837 magna
1719 1778 1810 1821 res

183 1841 344 1936 eral,
370 1841 435 1925 ut
481 1841 605 1926 cum
645 1841 894 1937 discipuli
945 1873 1068 1937 post
1105 1872 1315 1919 tantum
1347 1871 1563 1932 tempus
1605 1858 1810 1915 vellent

181 1964 337 2020 illam
390 1963 688 2035 abrogare,
748 1962 919 2030 primo
965 1960 1112 2017 illam
1165 1957 1549 2023 adhibuerint,
1608 1954 1808 2011 deinde

180 2060 525 2125 abrogariut.
582 2056 716 2112 Vide
768 2063 947 2111 autem
1000 2051 1275 2125 quomodo
1328 2051 1503 2121 legem
1563 2048 1805 2105 inducat.

182 2153 278 2208 1ο.
318 2149 453 2207 Cum
509 2150 805 2204 advocasset
849 2147 984 2201 enim
1028 2144 1241 2210 turbas,
1284 2140 1491 2213 inquit,
1524 2142 1656 2197 dixit
1689 2140 1802 2208 eis,

180 2242 377 2298 Audite
400 2250 449 2296 et
475 2241 763 2311 intelligite.
794 2234 983 2310 Neque
1013 2238 1158 2292 enim
1184 2234 1504 2304 simpliciter
1544 2233 1676 2302 ipsis
1702 2231 1806 2287 hoc

180 2335 505 2400 annuntiat,
558 2332 654 2388 sed
699 2331 851 2403 prius
880 2330 1086 2385 honore
1125 2337 1288 2398 atque
1328 2324 1591 2396 obsequio
1625 2332 1806 2380 atten-

182 2428 388 2484 tionem
432 2425 678 2483 sermoni
714 2438 819 2480 suo
858 2422 1111 2480 conciliat
1156 2420 1285 2492 (hoc
1307 2418 1453 2476 enim
1480 2416 1806 2489 signiﬁcavit

180 2521 518 2593 evangelista
548 2536 672 2574 cum
702 2518 873 2584 dixit,
906 2515 1037 2572 Cum
1061 2514 1358 2570 advocasset
1383 2512 1630 2583 deinde),
1672 2526 1804 2567 nec-

182 2628 285 2668 non
312 2627 385 2668 ex
419 2611 683 2683 temporis
706 2608 1130 2680 opportunitate.
1178 2605 1469 2675 Postquam
1508 2603 1651 2658 enim
1679 2602 1802 2657 illos

180 2708 558 2766 conlutaverat
596 2715 651 2761 et
695 2704 932 2767 vicerat,
969 2710 1251 2771 postquam
1279 2715 1345 2753 ex
1376 2696 1638 2769 propheta
1681 2694 1805 2749 red-

180 2806 468 2872 arguerat,
517 2806 645 2853 tunc
694 2795 866 2866 legem
914 2793 1060 2850 ferre
1125 2791 1348 2863 incipit,
1415 2804 1538 2851 cum
1592 2787 1801 2843 facilius

181 2901 430 2963 poterant
474 2889 618 2947 dicta
667 2889 956 2959 excipere;
1017 2901 1120 2943 nec
1166 2886 1328 2942 modo
1376 2885 1641 2950 adVocat,
1701 2884 1799 2939 sed

179 2988 503 3043 attentiores
548 2985 745 3041 reddit.
782 2977 1092 3057 Intelligite,
1137 2982 1344 3052 inquit;
1391 2980 1495 3035 hoc
1528 2988 1647 3044 est,
1693 2978 1799 3031 Co-

178 3083 374 3153 gitate,
398 3082 644 3135 animum
674 3079 868 3150 erigite
885 3119 903 3146 ,
925 3077 1226 3132 attentione
1260 3074 1420 3145 digna
1442 3082 1528 3128 est
1550 3072 1635 3127 lex
1672 3087 1796 3128 mox

177 3173 489 3228 scribenda.
538 3171 673 3227 Nam
703 3172 747 3226 si
788 3170 866 3225 illi
907 3179 1151 3238 tempore
1188 3181 1294 3221 non
1326 3172 1692 3221 consentaneo
1719 3163 1798 3219 lc~

176 3279 295 3336 gem
346 3264 637 3319 solverunt
693 3271 913 3331 propter
957 3258 1301 3314 traditionem
1352 3271 1540 3321 suam,
1590 3259 1668 3311 et'
1698 3270 1796 3311 vos

178 3356 404 3411 audistis
442 3355 567 3411 illos
604 3371 619 3408 :
663 3352 833 3409 multo
862 3352 1033 3423 magis
1075 3366 1163 3407 me
1202 3350 1388 3407 audire
1413 3358 1663 3419 oportet,
1701 3349 1791 3420 qui

178 3458 424 3520 tempore
472 3457 779 3517 Opportune
824 3446 892 3500 ad
934 3444 1194 3515 majorem
1248 3458 1343 3498 vos
1391 3441 1791 3515 philn30phiatn

181 3542 402 3598 induco.
458 3538 571 3595 Nec
607 3539 783 3602 dixit,
832 3536 975 3593 Nihil
1023 3546 1108 3593 est
1154 3536 1397 3591 ciborum
1444 3534 1789 3599 observatio,

175 3634 293 3699 vel.
322 3633 539 3705 Moyses
564 3629 617 3686 id
643 3630 786 3685 male
813 3629 1071 3699 przecepit
1091 3670 1105 3688 .
1135 3627 1220 3682 vel
1253 3642 1376 3683 sese
1400 3626 1555 3681 vobis
1592 3634 1791 3681 attem-

176 3725 420 3797 peravit;
465 3721 563 3778 sed
602 3722 753 3793 quasi
794 3719 1138 3775 admonendo
1180 3717 1636 3784 et.consulendo,
1677 3728 1729 3773 et
1757 3732 1789 3773 a

175 3832 360 3873 rerum
406 3822 595 3869 natura
627 3814 993 3868 testimonium
1035 3810 1307 3881 accipiens
1334 3809 1468 3866 dicit
1495 3827 1509 3866 :
1542 3811 1633 3866 11.
1665 3808 1788 3864 Νοη

174 3925 287 3978 qua
317 3909 512 3961 intrant
548 3908 602 3960 in
637 3923 723 3969 os,
754 3906 1087 3977 coinquinant
1127 3906 1384 3959 hominem
1406 3946 1421 3970 ,
1452 3903 1543 3959 sed
1576 3919 1691 3972 qute
1726 3919 1791 3958 ea:

173 4017 257 4055 are
288 4001 572 4070 procedunt
600 4016 622 4055 :
651 3999 946 4054 secundum
984 3998 1157 4069 ipsam
1204 4008 1449 4053 naturam
1470 4040 1488 4064 ,
1528 4006 1584 4053 et
1612 3997 1786 4069 legem

172 4094 380 4162 profert
429 4102 483 4147 et
527 4093 851 4148 sententiam
879 4091 1031 4148 dicit.
1083 4090 1207 4146 Ilazc
1238 4091 1313 4146 illi
1354 4090 1637 4146 audientes
1677 4106 1785 4145 non

168 4184 652 4246 contradixerunt,
700 4201 874 4256 neque
922 4184 1215 4253 dixerunt,
1243 4184 1381 4253 Quid
1427 4192 1482 4239 tu
1509 4183 1625 4240 ais?
1661 4200 1785 4240 cum

168 4280 317 4337 Deus
358 4280 428 4337 de
471 4281 718 4337 ciborum
758 4280 1137 4336 observatione
1180 4280 1462 4337 innumera
1510 4294 1786 4351 praecepe-

168 4374 268 4437 rit.
303 4382 361 4427 tu
395 4372 705 4443 hujusmodi
738 4372 883 4443 leges
916 4370 1120 4427 tradis?
1147 4371 1241 4427 sed
1279 4373 1402 4442 quia
1432 4370 1783 4426 vehementer

168 4468 290 4523 illos
318 4478 687 4537 represserat,
717 4483 823 4521 non
869 4466 1196 4521 confutando
1235 4467 1444 4529 Solum,
1476 4467 1570 4521 sed
1602 4466 1782 4521 dolum

167 4562 411 4627 ipsorum
472 4562 526 4615 in
587 4558 823 4616 medium
869 4560 1182 4627 efferendo,
1241 4576 1304 4617 ac
1360 4577 1479 4631 qua:
1517 4561 1655 4615 clam
1711 4561 1781 4614 illi

168 4668 515 4723 struxerant,
584 4674 888 4728 arcanaque
950 4658 1146 4713 mentis
1197 4673 1384 4713 eorum
1450 4656 1780 4722 revelando,

168 4766 290 4806 eum
334 4751 555 4807 silentio
596 4763 958 4807 recesserunt.
1002 4751 1084 4806 Tu
1126 4767 1256 4805 vero
1296 4749 1425 4805 mihi
1461 4748 1739 4820 perpende
1763 4791 1779 4816 ,

167 4843 443 4913 quomodo
496 4858 597 4898 nec
647 4842 931 4899 manifeste
980 4858 1079 4898 nec
1141 4843 1317 4912 palam
1357 4842 1426 4897 de
1462 4842 1596 4897 cibis
1639 4840 1785 4896 edis-

164 4948 335 4992 serat.
366 4935 602 5008 Ideoque
633 4952 739 4992 non
766 4937 933 5003 dixit,
974 4936 1119 5000 Cibi,
1150 4936 1244 4992 sed
1268 4979 1284 5002 ,
1321 4936 1431 5003 Ea,
1474 4937 1780 5007 quaeingre-

163 5030 413 5095 ἄκικυν,
447 5046 553 5084 non
597 5030 930 5100 coinquinant
973 5031 1264 5093 hominem;
1306 5030 1449 5101 quod
1481 5031 1642 5086 etiam
1688 5045 1783 5098 po-

164 5130 348 5177 terant
400 5120 472 5177 de
508 5121 672 5176 illotis
731 5123 978 5179 manibus
1017 5122 1301 5193 suspicari.
1365 5122 1484 5193 Ipse
1546 5136 1781 5192 namque

160 5213 226 5270 de
284 5214 432 5270 cibis
470 5213 829 5285 loquebatur;
874 5225 1191 5286 poteratque
1231 5226 1407 5271 tamen
1450 5215 1671 5285 intelligi
1712 5215 1781 5270 de

160 5304 331 5361 illatis
362 5305 632 5362 manibus.
676 5304 845 5361 Tanta
890 5310 1033 5361 enim
1068 5318 1185 5361 erat
1230 5307 1473 5362 ciborum
1518 5308 1781 5362 observa-

160 5396 269 5463 tio,
315 5406 379 5450 ut
420 5398 584 5452 etiam
628 5408 749 5467 post
788 5397 1242 5453 resurrectionem
1286 5398 1478 5453 Petrus
1516 5398 1723 5454 diceret
1762 5414 1777 5451 :

164 5485 326 5554 Non,
382 5487 634 5557 Domine,
676 5490 795 5562 quia
854 5508 1131 5564 numquam
1179 5509 1480 5559 commune,
1536 5504 1625 5546 aut
1680 5495 1780 5547 im-

162 5584 414 5636 mundum
461 5584 584 5654 quid
624 5584 822 5639 comedi
877 5585 1017 5654 (Act.
1066 5585 1154 5641 10.
1200 5587 1311 5657 14).
1364 5585 1583 5641 Etiamsi
1635 5588 1779 5642 enim

161 5674 401 5731 aliorum
435 5692 598 5732 causa
648 5677 763 5734 hinc
791 5678 1031 5747 diceret,
1066 5689 1122 5734 ut
1161 5679 1262 5733 sibi
1312 5678 1574 5734 adversus
1617 5694 1778 5736 accu-

164 5778 381 5824 satores
415 5768 792 5840 defensionem
842 5782 1086 5841 pararet,
1136 5771 1558 5843 ostenderetque
1602 5787 1663 5829 se
1688 5789 1779 5830 re-

166 5862 408 5932 stitisse,
436 5879 609 5935 neque
632 5864 712 5920 sic
749 5864 799 5919 id
827 5865 927 5921 sibi
956 5881 1278 5923 concessum
1306 5864 1474 5923 fuisse
1493 5906 1509 5936 ,
1541 5875 1777 5925 attamen

1260 344 1325 405 IN
1362 333 1782 401 MAT‘TIIEUM
1820 332 2057 394 HOMIL.
2098 336 2187 395 LI.
2229 339 2302 395 al.
2345 336 2455 396 LII.

3446 336 3559 395 516

1926 453 2162 509 ostendit
2184 470 2432 525 magnam
2462 454 2624 527 hujus
2655 456 2732 512 rei
2758 469 2945 511 curam
2976 463 3031 511 et
3063 455 3398 526 opinionem.
3428 454 3557 511 Ideo

1921 544 2171 603 Christus
2192 547 2245 603 in
2269 548 2538 620 principio
2573 564 2684 605 non
2718 550 2788 605 ita
2818 559 3007 620 aperte
3033 549 3103 606 de
3128 550 3266 606 cibis
3294 549 3555 621 loquutus

1919 648 2033 707 est,
2061 639 2157 694 sed
2197 639 2364 705 dixit,
2397 639 2526 705 Qua:
2565 656 2660 713 per
2682 658 2739 698 os
2772 643 3134 715 ingrediuntur
3172 659 3192 698 :
3227 657 3294 698 ac
3322 654 3554 710 rursus,

1920 747 2044 787 cum
2086 734 2425 789 manifestius
2456 733 2558 790 hac
2592 734 2662 792 de
2708 751 2768 792 re
2812 744 3000 807 postea
3044 735 3304 805 loquutus
3331 734 3555 792 videre-
3658 748 3661 749 '

1923 835 2011 883 tur
2033 869 2050 895 ,
2081 843 2113 883 a
2146 828 2255 885 fine
2284 829 2372 885 illa
2398 828 2743 887 obumbravit
2768 830 2960 887 dicens
2988 848 3003 885 :
3036 829 3209 886 Illotis
3234 841 3406 887 autem
3441 846 3558 884 ma-

1918 920 2069 976 nibus
2111 921 2428 978 manducare
2469 930 2574 979 non
2618 925 2916 995 coinquinat
2961 923 3264 979 hominem:
3309 932 3369 978 ut
3427 923 3556 979 hinc

1919 1014 2196 1072 videretur
2227 1017 2437 1073 initium
2479 1018 2715 1085 ducere,
2761 1018 3087 1092 interimque
3128 1018 3220 1075 illa
3249 1017 3319 1075 de
3352 1034 3414 1075 re
3440 1018 3557 1075 dis-

1919 1110 2177 1167 seruisse.
2219 1110 2433 1169 Idcirco
2458 1127 2568 1169 non
2610 1113 2779 1182 dixit,
2809 1112 3069 1170 Ciborum
3091 1127 3223 1170 esus
3254 1128 3363 1169 non
3392 1115 3552 1170 eoin-

1916 1203 2105 1275 quinat
2124 1203 2434 1272 hominem;
2468 1206 2563 1263 sed
2590 1209 2743 1279 quasi
2779 1205 2852 1263 de
2885 1207 2991 1264 alia
3018 1222 3094 1271 re
3133 1206 3458 1278 disputans,
3489 1215 3552 1262 ut

1920 1296 2056 1353 nihil
2098 1306 2323 1369 possent
2363 1298 2439 1355 illi
2468 1299 2730 1372 objicere.
2772 1300 2902 1357 Hinc
2940 1316 3065 1357 cum
3104 1300 3426 1367 audissent,
3461 1299 3548 1355 in-

1916 1392 2063 1461 quit,
2091 1393 2445 1450 seandalizati
2476 1404 2639 1462 sunt,
2675 1394 2933 1452 Pharisaei
2961 1411 3183 1467 nempe,
3217 1411 3326 1452 non
3350 1396 3544 1453 lttrba‘.

1917 1482 2008 1541 I2.
2051 1484 2367 1543 Accedentes
2412 1487 2590 1553 enim,
2644 1488 2842 1561 inquit,
2878 1488 3125 1561 discipuli
3167 1490 3279 1560 ejus
3306 1489 3548 1546 dixerunt

1917 1576 1963 1630 ei
1988 1593 2009 1631 :
2041 1574 2159 1632 Scis
2197 1578 2321 1649 quia
2366 1576 2661 1644 Pharisci,
2693 1581 2873 1636 audito
2906 1581 3005 1636 hoc
3049 1582 3203 1638 verbo
3223 1623 3240 1649 ,
3280 1582 3547 1638 scandali-

1914 1671 2019 1725 ιηιὶ
2046 1672 2213 1727 sant?
2243 1672 2308 1728 Et
2337 1683 2515 1730 tamen
2548 1674 2963 1732 nihiladversus
2991 1690 3087 1732 eos
3114 1674 3319 1732 dictum
3348 1674 3545 1732 fuerat.

1915 1762 2055 1831 Quid
2088 1764 2250 1836 igitur
2284 1762 2572 1821 Christus?
2606 1766 2723 1823 Non
2756 1768 2918 1823 solvit
2959 1768 3281 1825 scandalum
3310 1764 3501 1826 earum
3525 1810 3542 1833 ,

1914 1855 2011 1911 sed
2040 1857 2377 1930 increpavit,
2420 1861 2613 1918 dicens
2644 1880 2659 1918 :
2693 1862 2785 1919 I3.
2818 1861 3001 1918 Omnis
3051 1862 3342 1934 plantatio,
3385 1880 3543 1935 quam

1913 1964 2018 2004 non
2046 1949 2313 2021 plantavit,
2337 1951 2495 2008 Pater
2536 1971 2681 2010 meus
2714 1956 2931 2012 scelestis
2951 1996 2968 2025 ,
3015 1955 3383 2013 erodit-obitur.
3425 1955 3542 2014 No-

1913 2052 2068 2099 verat
2113 2047 2260 2101 enim
2300 2046 2647 2118 quandonatn
2701 2048 2956 2105 scandala
2999 2051 3437 2117 contemnenda,
3485 2058 3542 2109 et

1911 2138 2129 2210 quando
2181 2155 2289 2196 non
2341 2141 2691 2214 despicienda
2738 2154 2914 2200 erant.
2959 2144 3101 2202 Alibi
3152 2146 3351 2218 quippe
3395 2147 3472 2202 ait
3520 2165 3536 2202 :

1915 2229 2001 2287 Ne
2024 2233 2434 2291 scandalizemus
2457 2252 2573 2301 eos,
2619 2237 2763 2292 mitte
2805 2237 3017 2292 hamum
3042 2238 3097 2293 in
3135 2255 3281 2293 mare
3319 2238 3536 2309 (Matth.

1916 2326 2006 2381 17.
2035 2326 2171 2400 26);
2208 2328 2296 2384 hic
2336 2345 2468 2386 vero
2496 2330 2628 2386 dicit
2660 2349 2674 2384 :
2710 2332 2799 2388 11.
2843 2331 3014 2389 Sinits
3040 2331 3195 2397 illos,
3223 2332 3346 2388 eieci
3381 2343 3536 2397 sunt,

1911 2428 1960 2473 et
2002 2419 2157 2475 duces
2205 2436 2479 2476 raeorum.
2544 2421 2722 2479 Cocus
2772 2436 2943 2479 autem
3004 2425 3050 2478 si
3096 2440 3231 2479 ειεσο
3293 2424 3537 2479 ducatum

1912 2522 2115 2579 prtt'stel
2131 2555 2148 2582 ,
2175 2515 2326 2569 ambo
2361 2516 2415 2571 in
2443 2520 2645 2587 foveam
2672 2515 2877 2572 cadent.
2910 2516 3041 2573 Haec
3068 2528 3254 2575 autem
3281 2517 3536 2574 dicebant

1910 2604 2196 2676 discipuli,
2245 2623 2352 2663 non
2384 2616 2491 2664 tam
2520 2608 2665 2680 quod
2708 2607 2779 2665 de
2808 2609 2915 2664 illis
2939 2608 3220 2675 dolerent,
3249 2610 3346 2668 sed
3388 2611 3535 2683 quod

1910 2712 1965 2759 et
1993 2702 2096 2773 ipsi
2141 2705 2479 2776 aliquantum
2528 2706 2896 2761 turbarentur.
2929 2704 3067 2774 Quia
3098 2722 3227 2763 vero
3275 2723 3384 2762 non
3429 2722 3531 2761 au-

1909 2796 2112 2853 debant
2160 2798 2291 2853 illttd
2334 2814 2400 2854 ex
2436 2798 2652 2871 propria
2686 2814 2917 2871 persona
2964 2798 3180 2864 dicere,
3228 2799 3281 2854 itt
3332 2815 3525 2855 narra-

1910 2892 2056 2946 tione
2088 2890 2160 2948 de
2211 2892 2332 2948 aliis
2366 2892 2609 2948 instituta
2663 2892 2716 2948 id
2766 2892 3015 2949 ediscere
3060 2892 3337 2949 volebant.
3394 2893 3532 2950 Nam

1904 2986 2051 3058 quod
2078 3000 2170 3042 res
2204 2987 2274 3041 ita
2310 3000 2371 3046 se
2396 2986 2594 3043 habeat
2612 3028 2628 3049 ,
2657 2986 2782 3042 audi
2820 2986 3093 3057 quomodo
3120 2997 3307 3058 postea
3338 2986 3530 3043 Petrus

1906 3079 2127 3137 fervens
2157 3082 2278 3147 ille,
2307 3082 2398 3152 qtti
2443 3096 2663 3151 semper
2692 3081 2842 3151 prior
2868 3080 3113 3147 accedit,
3143 3081 3290 3136 dicat
3321 3099 3335 3135 :
3372 3079 3530 3136 Edis-

1902 3189 2009 3229 sere
2038 3172 2182 3228 nobis
2223 3175 2523 3244 parabolant
2543 3174 2675 3227 hanc
2709 3172 2925 3243 (Matth.
2960 3172 3048 3229 15.
3080 3171 3209 3245 15);
3250 3175 3416 3230 animi
3440 3176 3526 3232 sui

1904 3267 2363 3337 perturbationem
2422 3266 2741 3330 declarans,
2790 3280 2893 3322 nec
2940 3265 3150 3321 audens
3198 3267 3371 3336 palam
3439 3268 3525 3322 di-

1900 3374 2060 3425 cere,
2114 3358 2217 3414 hoc
2265 3358 2366 3413 sibi
2426 3356 2753 3413 offendiculo
2818 3373 2977 3421 esse,
3030 3359 3129 3415 sed
3177 3374 3408 3431 rogans,
3465 3377 3526 3416 se

1900 3458 2270 3517 commotum,
2364 3449 2812 3521 interpretatione
2901 3450 3113 3518 sedari;
3194 3464 3527 3524 quapropter

1900 3542 2064 3599 etiam
2125 3544 2434 3613 increpatus
2488 3541 2607 3598 fuit.
2676 3542 2815 3611 Quid
2867 3542 3030 3615 igitur
3091 3545 3167 3599 ait
3230 3544 3524 3603 Christus?

1900 3634 2084 3692 Omnis
2126 3635 2380 3705 plantatio
2402 3677 2419 3703 ,
2476 3652 2632 3707 quam
2685 3652 2789 3690 non
2851 3637 3101 3707 plantavit
3154 3637 3317 3693 Pater
3377 3657 3524 3696 meus

1898 3731 2151 3796 (celestis,
2202 3729 2567 3785 eradicabitur.
2625 3730 2737 3788 Hoc
2767 3728 2836 3785 de
2886 3730 3003 3803 lege
3037 3732 3242 3787 dictum
3290 3734 3522 3791 achruut

1900 3825 1935 3879 ii
1964 3826 2054 3896 qui
2105 3824 2529 3881 Manichaeorum
2583 3826 2776 3881 morbo
2816 3825 3067 3882 laborant
3094 3828 3206 3900 (a);
3254 3829 3348 3885 sed
3397 3845 3519 3901 quae

1899 3920 2047 3990 prius
2073 3920 2217 3976 dicta
2261 3929 2424 3986 sunt,
2458 3936 2553 3974 ora
2586 3920 2799 3975 illorum
2836 3920 3146 3977 obstruunt.
3196 3920 3331 3977 Nam
3377 3925 3421 3978 si
3449 3924 3521 3980 de

1898 4013 2015 4083 lege
2051 4012 2309 4077 dixisset,
2342 4012 2619 4083 quomodo
2649 4027 2811 4082 supra
2844 4012 3020 4084 legem
3041 4012 3410 4081 defendisset,
3452 4032 3521 4073 ac

1895 4123 1995 4178 pro
2041 4123 2102 4162 ea
2147 4117 2437 4177 pugnasset
2467 4107 2874 4163 dicendo:Cur
2918 4109 3337 4181 transgredimini
3363 4128 3517 4166 mane

1894 4201 2074 4254 datum
2117 4198 2209 4254 Dei
2248 4216 2340 4271 per
2369 4199 2697 4255 traditionem
2726 4201 2990 4255 vestram?
3032 4202 3308 4271 quomodo
3332 4213 3514 4260 autem

1896 4295 2215 4366 prophetam
2263 4295 2317 4349 in
2365 4294 2602 4349 medium
2650 4294 2857 4350 inducit
2900 4293 3177 4351 dicentem
3228 4315 3241 4350 :
3281 4294 3517 4367 Populus

1895 4390 1976 4444 hic
2028 4389 2179 4444 labiis
2230 4405 2312 4442 me
2368 4389 2627 4454 honorat,
2674 4400 2786 4444 etc.
2851 4388 2959 4444 Sed
3013 4389 3082 4445 de
3132 4391 3237 4446 illis
3285 4392 3415 4463 ipsis
3457 4403 3517 4449 et

1893 4484 1960 4539 de
1993 4482 2372 4538 traditionibus
2402 4498 2591 4537 eorum
2626 4481 2744 4537 haec
2786 4481 3041 4553 loquitur.
3090 4483 3223 4539 Nam
3272 4485 3316 4540 si
3372 4485 3515 4541 Deus

1890 4577 2062 4642 dixit,
2137 4574 2353 4629 Honora
2413 4585 2611 4645 patrem
2676 4583 2859 4642 tuum,
2926 4585 2974 4629 et
3035 4587 3248 4630 matrem
3312 4587 3451 4631 tuam
3493 4595 3515 4635 .'

1892 4671 2165 4741 quomodo
2189 4670 2238 4725 id
2270 4670 2414 4741 quod
2437 4686 2464 4722 a
2494 4670 2605 4725 Deo
2632 4669 2833 4724 dictum
2863 4679 2966 4735 est,
2999 4686 3103 4725 non
3138 4679 3222 4726 est
3253 4672 3516 4741 plantatio

1895 4766 2031 4820 Dei?

1964 4858 2017 4913 4.
2054 4857 2108 4912 Id
2149 4858 2317 4912 etiam
2368 4856 2514 4927 quod
2563 4857 2808 4927 sequitur
2849 4857 3076 4928 probat,
3107 4857 3175 4914 de
3208 4860 3313 4913 illis
3339 4869 3399 4916 et
3443 4860 3514 4916 de

1895 4948 2275 5003 traditionibus
2329 4948 2545 5003 illorum
2606 4947 2724 5003 hcce
2769 4949 2911 5004 dicta
2944 4949 3111 5005 fuisse
3167 4973 3180 5007 :
3230 4967 3353 5006 nam
3381 4953 3513 5007 sub—

1887 5043 2067 5113 junxit
2097 5060 2111 5095 :
2139 5041 2275 5099 Cteci
2303 5054 2422 5097 sunt
2463 5044 2619 5098 duces
2656 5060 2924 5100 ursorum.
2962 5046 3017 5099 Si
3044 5044 3114 5101 de
3160 5047 3279 5117 lege
3332 5047 3383 5102 id
3430 5048 3512 5103 lo.

1892 5146 2092 5207 quotus
2123 5138 2309 5193 fuisse!
2331 5181 2345 5205 ,
2377 5138 2627 5193 dietnrus
2658 5149 2810 5203 erat,
2860 5140 2972 5196 Dux
3004 5152 3082 5196 est
3133 5159 3308 5197 C(I‘CIIS
3338 5159 3514 5198 careo-

1889 5247 2046 5298 rum;
2096 5247 2280 5287 verum
2329 5249 2433 5287 non
2487 5233 2557 5287 ita
2612 5233 2780 5300 dixit,
2830 5234 2960 5299 sed,
3019 5234 3186 5291 Duces
3237 5249 3353 5291 sunt
3392 5242 3513 5293 arri

1889 5340 2176 5389 ciet-orum,
2225 5325 2396 5394 legem
2442 5326 2511 5381 ab
2540 5328 2887 5383 accusatione
2917 5329 3229 5394 vindicans,
3266 5330 3317 5385 in
3366 5332 3515 5386 illos-

1890 5434 1993 5487 que
2036 5428 2205 5472 totutu
2238 5418 2556 5473 refundens.
2606 5420 2810 5475 Deinde
2851 5430 2909 5475 ut
2939 5421 3149 5475 turbam
3200 5421 3267 5476 ab
3298 5423 3402 5477 illis
3429 5426 3514 5477 di-

1891 5510 2113 5565 vellerct
2138 5553 2153 5574 ,
2193 5526 2258 5562 ne
2302 5511 2355 5564 in
2390 5510 2700 5566 barathrum
2738 5512 2805 5566 ab
2837 5512 2967 5581 ipsis
2996 5512 3358 5583 dejiceretur,
3390 5518 3463 5569 ait
3497 5533 3514 5571 :

1892 5602 1952 5657 Si
1983 5620 2150 5657 caecus
2180 5602 2371 5657 ctccam
2416 5604 2603 5668 ducat,
2649 5604 2879 5659 amboin
2923 5606 3119 5675 foveam
3164 5605 3367 5661 cadent.
3401 5608 3514 5663 Μίδ-

1892 5711 2052 5767 gnum
2081 5696 2297 5767 quidem
2326 5697 2527 5750 malum
2561 5698 2777 5753 cmcitas
2805 5705 2888 5752 est
2937 5716 2950 5752 :
2996 5699 3090 5754 sed
3118 5715 3241 5757 esse
3274 5717 3475 5756 cwcum
3495 5741 3513 5771 ,

1960 5874 2033 5933 (α)
2072 5873 2318 5923 Manichazi
2346 5872 2514 5936 legem
2541 5886 2637 5922 non
2662 5884 2690 5920 a
2710 5869 2822 5920 Deo
2848 5878 2987 5921 Patre.
3014 5886 3127 5923 esse
3146 5872 3399 5921 (licebant.
