4154 6324
642 366 744 422 M5

640 502 743 540 nec
773 486 966 539 habere
990 482 1176 538 ducem
1196 525 1211 548 ,
1244 490 1305 536 et
1331 496 1387 534 se
1412 481 1605 535 ducem
1634 477 1902 548 prmbere,
1937 471 1988 526 id
2033 471 2231 540 duplex

644 577 943 648 triplexque
989 575 1195 628 crimen
1252 582 1352 626 est.
1400 570 1534 626 Nam
1588 569 1632 624 si
1679 565 2036 638 periculosum
2087 575 2232 617 cmco

643 679 764 734 est,
800 687 904 722 non
953 666 1151 722 habere
1181 666 1403 728 ducem,
1441 664 1608 718 multo
1650 658 2005 732 pericuiosius
2047 657 2150 712 crit
2187 655 2229 708 si

641 776 698 815 se
743 758 897 814 atteri
941 759 1130 814 ducem
1163 758 1420 827 prmbeat.
1451 754 1587 822 Quid
1634 754 1792 824 igitur
1841 749 2066 806 Petrus?
2115 749 2229 803 Non

640 852 809 917 dixit,
837 851 945 906 Cur
1001 849 1118 905 haec
1164 848 1383 904 dixisti?
1430 847 1523 903 sed
1570 846 1722 916 quasi
1769 843 1850 900 rei
1901 842 2231 898 obscuritate

641 955 861 1011 pressus
885 941 1199 1012 interrogat.
1232 940 1342 995 Nec
1373 938 1502 994 dicit
1529 951 1546 987 ς
1573 937 1680 993 Cur
1701 947 1890 991 contra
1934 935 2107 1006 legem
2149 935 2230 990 lo-

636 1043 834 1104 quutus
864 1033 962 1090 est
994 1034 1212 1088 timebat
1241 1032 1380 1106 enim
1422 1047 1489 1086 ne
1519 1029 1910 1084 scandalizatus
1957 1028 2120 1082 fuisse
2145 1026 2220 1079 vi-

638 1125 888 1192 deretur;
920 1125 1011 1181 sed
1059 1125 1207 1194 quasi
1233 1124 1461 1177 obscura
1492 1137 1578 1177 res
1608 1129 1756 1177 esset
1793 1120 2048 1190 loquitur.
2076 1117 2226 1185 Quod

637 1235 770 1274 vero
811 1234 916 1275 non
948 1217 1289 1274 obscuritatis
1314 1230 1474 1270 causa
1498 1258 1512 1280 ,
1559 1214 1656 1268 sed
1708 1213 1849 1284 quod
1901 1210 2228 1284 scandaliza-

634 1322 815 1375 retur,
863 1313 979 1365 lucc
1003 1310 1233 1372 dixerit,
1266 1309 1440 1378 palam
1486 1318 1567 1363 est
1599 1326 1610 1359 :
1647 1306 1774 1360 nihil
1820 1305 1961 1361 enim
2007 1304 2075 1359 ibi
2127 1303 2226 1357 ob—

635 1403 905 1458 scuritatis
959 1404 1146 1458 inerat.
1201 1401 1459 1468 Quocirca
1513 1398 1756 1454 Christus
1805 1397 2044 1466 increpat
2103 1394 2226 1451 illos

635 1497 867 1552 dicens:
915 1493 1002 1549 16.
1060 1493 1238 1548 Adhuc
1277 1509 1364 1548 cos
1412 1493 1561 1546 etiam
1607 1491 1716 1545 sine
1761 1489 2016 1543 intellectu
2063 1487 2227 1543 estis!

634 1589 765 1644 Nam
798 1590 968 1644 turbae
988 1587 1207 1642 forsitan
1231 1585 1370 1641 dicta
1395 1601 1501 1640 non
1529 1584 1906 1640 intellexerunt
1932 1601 1944 1636 :
1975 1583 2076 1651 ipsi
2096 1598 2225 1640 vero

633 1679 974 1736 scandalisati
1013 1680 1243 1735 fuerant.
1291 1678 1467 1748 Quare
1511 1678 1692 1744 initio,
1739 1676 1890 1747 quasi
1931 1676 1998 1730 de
2042 1674 2226 1730 Phari-

632 1775 754 1827 satis
803 1774 1226 1842 interregautes,
1284 1770 1527 1825 ediscere
1573 1768 1854 1834 volebant;
1903 1767 1989 1821 ubi
2044 1773 2222 1821 autem

633 1866 918 1920 audierunt
956 1880 1076 1918 eum
1103 1863 1336 1934 graviter
1360 1862 1777 1917 comminantem
1821 1875 1884 1917 ac
1911 1860 2178 1914 dicentem
2203 1900 2219 1924 ,

638 1957 817 2010 Omnis
856 1956 1141 2025 ptantatio,
1191 1971 1344 2024 quam
1405 1969 1504 2007 non
1557 1952 1804 2022 plantavit
1870 1950 2030 2005 Pater
2081 1966 2222 2005 metu

630 2050 870 2115 celestis,
914 2046 1280 2112 eradicatn'tur,
1309 2055 1397 2108 et.
1429 2044 1563 2100 Caci
1583 2055 1702 2099 sunt
1745 2043 1898 2097 duces
1936 2058 2217 2108 catt-orum,

629 2143 863 2209 repressi
905 2151 1046 2196 sunt.
1101 2139 1203 2196 Sed
1265 2139 1452 2192 Petrus
1496 2152 1708 2206 semper
1752 2136 1982 2202 ardens,
2029 2149 2096 2189 ne
2142 2133 2222 2189 sic

628 2235 842 2306 quidetn
872 2243 1054 2288 tacete
1097 2231 1302 2301 potuit,
1345 2229 1438 2284 sed
1467 2229 1594 2284 dicit
1625 2246 1638 2281 :
1673 2228 1758 2282 15.
1812 2225 2051 2281 Edissere
2077 2226 2219 2280 nobis

631 2326 927 2398 parabotam
979 2326 1125 2377 hanc.
1158 2323 1296 2391 Quid
1345 2337 1473 2392 ergo
1520 2320 1805 2378 Christus?
1841 2318 2218 2373 Vehementius

629 2416 916 2488 respondet
967 2433 979 2468 :
1029 2417 1209 2469 Adhuc
1261 2415 1410 2467 etiam
1461 2429 1548 2467 ros
1605 2413 1712 2466 sine
1764 2411 2019 2465 intellectu
2062 2409 2220 2465 estis?

628 2515 715 2569 17.
751 2513 990 2566 Nondum
1035 2511 1336 2580 intelligt'tis.
1367 2508 1493 2563 Haec
1536 2506 1671 2561 dixit
1701 2508 2013 2574 increpans,
2062 2513 2118 2559 ut
2151 2504 2219 2558 il-

627 2607 797 2660 !erurr.
839 2604 1235 2674 pra-judicatam
1284 2600 1584 2671 opinionem
1622 2599 1873 2666 ejiceret,
1907 2611 2006 2651 nec
2058 2596 2218 2651 tinem

626 2698 835 2754 dicendi
879 2700 1030 2759 fecit,
1061 2696 1154 2751 sed
1184 2696 1302 2750 haec
1343 2694 1536 2764 adjecit
1565 2709 1578 2745 :
1611 2692 1776 2746 Omne
1820 2691 1955 2762 quod
1981 2693 2135 2745 intrat
2163 2691 2217 2745 in

627 2807 718 2856 ss,
785 2791 838 2842 in
892 2798 1112 2842 uentrem
1168 2784 1340 2852 vadit,
1398 2794 1445 2840 ct
1504 2786 1559 2838 in
1625 2801 1875 2838 secessatm
1940 2784 2216 2847 emittitur;

628 2882 714 2938 18.
746 2898 858 2952 quw
893 2889 1058 2934 cidem
1097 2878 1374 2949 procedunt
1422 2893 1485 2931 ea:
1535 2893 1654 2937 ore.
1707 2876 1770 2929 de
1817 2874 1966 2928 corde
1993 2883 2213 2940 exeunt,

624 2985 669 3032 ct
689 2974 781 3027 illa
805 2972 1131 3040 coinquinant
1161 2970 1432 3023 hominem.
1477 2967 1560 3022 l9.
1596 2965 1674 3020 De
1696 2967 1848 3040 corde
1873 2966 2006 3020 enim
2029 2973 2215 3020 eum

623 3067 947 3138 cogitationes
996 3064 1182 3126 male,
1227 3061 1532 3124 homicidia,
1580 3061 1864 3125 adulteria,
1917 3059 2215 3132 fornicatio-

624 3179 747 3226 nes,
804 3161 975 3230 furta,
1018 3157 1386 3226 blasphemia,
1436 3156 1567 3224 falsa
1619 3156 1924 3209 testimonia.
1982 3153 2074 3210 20.
2143 3153 2214 3209 Et

625 3253 731 3306 hinc
758 3262 872 3305 sunt
915 3266 1027 3321 qua:
1065 3249 1390 3318 coinquinant
1434 3247 1703 3301 hominem.
1735 3245 1857 3300 Non
1892 3245 2008 3300 totis
2045 3254 2215 3300 autem

621 3346 851 3401 manibus
880 3344 1220 3406 manducare,
1258 3357 1358 3396 non
1393 3342 1685 3410 coinquinat
1721 3340 1990 3394 hominem.
2026 3338 2213 3394 Viden’

621 3455 780 3510 quam
814 3437 1162 3493 vehementer
1190 3437 1308 3490 illos
1337 3433 1614 3503 increpet?
1654 3431 1857 3487 Deinde
1878 3448 1906 3486 a
1936 3430 2211 3486 communi

622 3541 808 3587 natura
858 3529 1286 3590 sermocinatur.
1333 3535 1387 3582 ut
1446 3527 1562 3580 illos
1614 3525 1680 3579 ad
1729 3526 1921 3579 bonam
1974 3530 2208 3578 mentem

619 3625 798 3680 ducat.
843 3623 976 3678 Cum
1006 3622 1150 3677 enim
1195 3621 1356 3688 dicit,
1390 3619 1455 3673 In
1493 3628 1715 3674 ventrem
1755 3618 1927 3683 cadit,
1957 3628 2001 3670 et
2038 3617 2091 3670 in
2133 3633 2211 3670 se-

621 3733 815 3772 cessum
855 3717 1127 3779 emittitur,
1168 3712 1345 3767 adhuc
1391 3712 1683 3767 secundum
1734 3710 2012 3766 Iudaicum
2059 3709 2210 3780 abje-

620 3819 764 3864 ctum
791 3823 1008 3863 sensum
1037 3806 1289 3876 loquitur.
1320 3803 1456 3859 Dicit
1478 3805 1656 3870 enim,
1688 3802 1781 3858 illa
1809 3817 1916 3858 non
1946 3816 2168 3858 manere
2191 3841 2207 3866 ,

618 3904 713 3958 sed
757 3900 959 3973 egredi.
993 3900 1326 3970 Quamquam
1356 3898 1567 3954 etiamsi
1609 3906 1920 3965 manerent,
1953 3911 2062 3952 non
2105 3898 2210 3954 im-

618 3993 875 4051 mundum
921 3991 1227 4048 redderent.
1278 3990 1383 4046 Sed
1416 3989 1647 4045 nondum
1696 3997 1944 4060 poterant
1972 3989 2087 4046 haec
2113 4005 2209 4046 au-

617 4088 755 4142 dire.
787 4086 910 4141 Ideo
939 4085 1212 4156 legislator
1255 4091 1405 4138 tanto
1433 4081 1653 4138 dimittit
1697 4090 1974 4151 tempore.
2007 4090 2208 4152 quanto

613 4180 764 4233 illius
804 4187 1018 4231 maneat
1060 4193 1076 4231 :
1117 4191 1238 4230 cum
1287 4183 1464 4229 autem
1520 4190 1795 4244 egressura
1862 4173 2049 4238 fuerit,
2100 4191 2205 4230 non

620 4271 780 4326 ultra.
812 4270 1048 4338 Vespere
1085 4269 1245 4338 igitur
1273 4267 1436 4322 lavari
1455 4267 1642 4336 jubet,
1667 4281 1729 4320 ac
1766 4266 2022 4320 mundum
2051 4281 2204 4332 esse,

618 4361 931 4432 digestionis
959 4368 1014 4415 ct
1041 4359 1368 4428 espulsiouis
1395 4368 1603 4428 tempus
1625 4367 1875 4414 accurate
1899 4357 2204 4413 dimetiens.

620 4455 745 4523 Qua:
785 4463 960 4508 autem
992 4453 1168 4507 cordis
1224 4459 1382 4517 sunt,
1428 4451 1629 4520 inquit,
1681 4451 1823 4504 intus
1872 4459 2123 4515 manent,
2153 4461 2207 4505 ct

615 4562 735 4601 cum
779 4545 1151 4616 egrediuntur,
1183 4545 1563 4615 coinquinant,
1605 4559 1704 4600 nec
1734 4543 1895 4598 modo
1925 4559 2046 4599 cum
2091 4559 2206 4598 ma-

618 4649 777 4704 nent,
829 4639 881 4694 id
918 4638 1137 4694 faciunt.
1186 4639 1366 4693 Primo
1412 4637 1563 4707 ponit
1610 4636 1774 4690 malas
1817 4637 2200 4705 cogitationes,

618 4731 759 4800 quod
780 4729 1084 4786 Jndznorum
1112 4737 1224 4784 erat
1277 4746 1290 4782 :
1342 4744 1440 4783 nec
1468 4727 1643 4782 adhuc
1688 4743 1716 4781 τι
1767 4735 1992 4792 natura,
2035 4727 2127 4781 sed
2173 4743 2203 4781 a

618 4831 772 4888 partu
800 4822 1000 4876 ventris
1025 4830 1080 4876 et
1108 4820 1284 4875 cordis
1323 4818 1625 4890 redarguit,
1655 4828 1710 4875 et
1735 4834 1801 4874 ex
1825 4833 1892 4874 eo
1933 4818 2074 4889 quod
2102 4819 2203 4873 alia

618 4914 901 4968 maneant,
940 4907 1046 4961 alia
1075 4924 1183 4962 non
1210 4910 1357 4962 item.
1403 4912 1518 4965 Alia
1547 4913 1714 4980 enim,
1735 4913 1802 4969 de
1837 4915 1972 4970 foris
1999 4916 2204 4985 ingres-

615 5013 678 5052 sa
700 5039 715 5062 ,
764 4997 913 5054 foras
959 5015 1154 5056 rursus
1195 5014 1397 5062 exeunt
1430 5023 1442 5060 :
1476 5007 1594 5061 alia
1623 5022 1772 5072 vero,
1817 5008 1964 5064 intus
1998 5009 2200 5079 genita,

616 5106 744 5146 cum
801 5100 1038 5156 exeunt,
1091 5094 1496 5166 coinquinant,
1548 5107 1603 5152 et
1658 5105 1789 5153 tunc
1831 5100 2040 5171 magis,
2076 5116 2202 5155 cum

613 5185 982 5252 egrediuntur.
1031 5181 1272 5237 Nondum
1307 5184 1449 5238 enim
1494 5193 1779 5253 poterant,
1813 5193 1868 5238 ut
1913 5187 2056 5248 dixi,
2087 5185 2203 5239 lucc

608 5289 729 5328 cum
770 5274 1085 5344 congruenti
1120 5275 1454 5345 philosophia
1498 5275 1702 5331 audire.
1736 5276 1942 5331 Marcus
1970 5277 2115 5347 (Cap.
2145 5279 2196 5331 7.

613 5368 701 5436 19)
726 5378 902 5422 autem
929 5367 1088 5431 dicit,
1123 5369 1295 5437 ipsum
1325 5369 1389 5421 ad
1420 5368 1720 5438 purgandos
1747 5368 1894 5423 cibos
1912 5371 2024 5424 haec
2042 5369 2203 5424 dixis-

611 5477 703 5526 se;
737 5478 838 5516 non
893 5473 1068 5518 tamen
1130 5462 1181 5516 id
1234 5463 1526 5532 expressit,
1558 5462 1696 5531 quod
1746 5461 1867 5515 talia
1915 5462 2198 5517 comedere

611 5569 717 5606 non
751 5553 1061 5622 coinquinet
1107 5553 1378 5608 hominem
1431 5569 1444 5605 :
1499 5568 1604 5606 non
1636 5552 1777 5607 enim
1811 5552 2101 5606 voluissent
2130 5553 2195 5605 il-

611 5645 721 5699 lum
751 5656 858 5700 tam
887 5647 1032 5700 clare
1071 5648 1372 5716 loquentem
1416 5646 1621 5701 audire.
1657 5645 1778 5700 Ideo
1807 5645 1922 5700 hanc
1947 5645 2149 5700 addidit
2181 5664 2194 5701 :

613 5735 732 5790 Non
775 5737 890 5790 lotis
934 5737 1164 5790 manibus
1213 5737 1516 5791 manducare
1538 5779 1552 5802 ,
1583 5754 1681 5791 non
1712 5737 2001 5806 coinquinat
2029 5738 2195 5790 homi-

615 5845 749 5883 nem.
780 5828 1056 5884 Disoamus
1085 5842 1212 5899 ergo
1233 5844 1477 5899 quzcnam
1507 5829 1852 5901 coinqniucnt
1877 5831 2143 5888 hominem
2177 5850 2191 5887 :

1353 361 1404 419 S
1449 358 1724 418 JOANNfS
1759 349 2232 412 (Illl‘tYSOSTOMI
2277 349 2591 406 ARCIIIEP.
2634 350 3171 411 CONSTANTINOP.

3834 358 3932 415 Em

2339 467 2604 523 discamus
2633 470 2746 539 huic
2765 511 2780 536 ,
2809 480 2864 525 et
2891 471 3175 541 fugiamus.
3201 468 3332 527 Nam
3362 473 3416 528 in
3443 472 3666 530 ecclesia
3694 474 3943 532 videmus

2339 561 2482 616 hunc
2523 577 2727 617 morem
2777 563 2916 634 apud
2963 566 3159 620 multos
3183 566 3392 636 vigere,
3429 568 3519 637 qui
3571 568 3788 622 mundis
3836 583 3936 625 vc-

2339 653 2509 708 sdbus
2556 652 2754 710 intrare
2803 654 3047 722 student,
3109 657 3344 727 itemque
3393 660 3516 714 lotis
3557 658 3833 726 manibus;
3883 673 3939 717 ut

2339 761 2466 800 vero
2503 747 2736 800 animam
2781 763 2970 818 puram
3003 749 3113 803 Deo
3138 751 3364 816 sistant,
3409 751 3543 806 nihil
3572 761 3781 807 curant.
3813 752 3941 808 ﬂare

2340 853 2504 906 porro
2523 838 2677 906 diro,
2712 855 2820 895 non
2868 843 3010 911 quod
3064 841 3376 911 prohibeam
3408 860 3601 900 manus
3639 846 3724 902 rel
3755 861 3816 901 os
3859 847 3938 901 la-

2338 945 2462 986 vare
2483 972 2497 996 ,
2530 931 2623 987 sed
2654 933 2796 1002 quod
2825 933 2980 989 velim
3005 934 3072 989 ita
3107 935 3269 990 lavari
3299 945 3356 989 ut
3384 951 3478 1004 par
3503 947 3587 990 est
3609 979 3624 1002 ,
3658 951 3767 993 non
3797 953 3938 1008 aqua

2335 1020 2545 1086 solum,
2586 1021 2678 1077 sed
2724 1024 3027 1081 virtutibus.
3061 1025 3195 1082 Nam
3224 1028 3414 1083 sordes
3456 1028 3569 1084 oris
3597 1038 3725 1084 sunt
3766 1031 3939 1085 malc-

2335 1110 2507 1178 dicta,
2567 1113 2934 1185 blasphemia,
3001 1119 3339 1182 convicium,
3405 1122 3569 1176 verba
3645 1123 3941 1178 iracundia:

2335 1202 2511 1271 plena,
2540 1207 2625 1260 vet
2651 1206 2935 1274 obscaena,
2965 1209 3188 1266 ridicula
3210 1252 3226 1277 ,
3259 1213 3524 1267 scurrilia.
3558 1213 3615 1269 Si
3659 1229 3788 1285 ergo
3839 1215 3936 1270 tibi

2331 1295 2582 1350 conscius
2620 1297 2696 1353 sis
2727 1298 2855 1352 nihil
2884 1299 2990 1356 tale
3013 1299 3214 1358 dixisse
3257 1310 3341 1369 te,
3371 1318 3548 1374 neque
3574 1303 3658 1360 his
3685 1305 3939 1361 sordibus

2335 1387 2634 1456 inquinari,
2664 1406 2786 1447 cum
2830 1392 3021 1449 ﬁducia
3067 1395 3298 1462 accede;
3330 1396 3412 1453 sin
3463 1398 3656 1454 millies
3687 1399 3786 1456 has
3834 1404 3939 1454 ad-

2334 1481 2522 1536 misisti
2569 1485 2838 1551 maculas,
2869 1502 2968 1542 cur
3015 1479 3212 1544 frustra
3266 1492 3498 1562 linguam
3549 1494 3757 1563 abluis,
3799 1496 3938 1554 dum

2334 1575 2664 1642 perniciosas
2685 1588 2740 1632 et
2769 1580 2957 1635 noxias
2977 1583 3166 1638 sordes
3194 1583 3250 1638 in
3278 1584 3364 1639 illa
3388 1587 3736 1643 circumfers?

2403 1665 2456 1719 5.
2492 1666 2606 1733 Qua
2635 1669 2830 1724 ratione
2854 1673 3106 1727 orandum
3130 1675 3214 1729 sit.
3231 1705 3304 1718 —
3322 1675 3454 1732 Nam
3490 1678 3575 1734 dic
3600 1680 3732 1735 mihi
3758 1723 3772 1744 ,
3797 1683 3838 1736 si
3872 1683 3939 1738 ﬁ-

2332 1771 2475 1812 mum
2520 1770 2574 1816 et
2621 1761 2785 1816 lutum
2827 1779 2937 1834 pra:
2982 1767 3227 1823 manibus
3275 1768 3533 1839 haberes,
3583 1788 3651 1828 an
3700 1776 3939 1832 auderes

2328 1853 2528 1906 orare?
2559 1853 2923 1926 Nequaquam.
2956 1859 3208 1916 Attamen
3239 1863 3370 1918 nihil
3399 1863 3526 1920 hinc
3553 1865 3732 1923 damni
3758 1886 3772 1931 ;
3799 1869 3938 1927 illud

2328 1954 2504 2000 autem
2534 1949 2893 2016 perniciosum
2917 1961 3016 2005 est.
3049 1952 3160 2007 Cur
3187 1969 3316 2024 ergo
3345 1957 3397 2010 in
3438 1957 3598 2013 rebus
3626 1960 3940 2018 indifferen-

2329 2038 2470 2092 tibus
2508 2043 2644 2108 pius,
2680 2042 2729 2095 in
2758 2041 3043 2111 prohibitis
3065 2045 3134 2100 ita
3160 2047 3435 2118 negligens
3463 2065 3524 2105 es
3549 2051 3572 2105 1
3597 2051 3736 2121 Quid
3763 2058 3940 2127 ergo?

2327 2130 2570 2202 inquies;
2603 2149 2708 2188 non
2753 2138 2963 2205 precari
3007 2143 3262 2209 oportet?
3292 2141 3520 2212 Oportet
3559 2148 3798 2216 quidem,
3835 2152 3937 2207 sed

2328 2241 2432 2280 non
2468 2228 2714 2284 sordibus
2762 2231 3110 2300 maculatum,
3151 2250 3256 2288 non
3285 2229 3432 2292 tanto
3459 2253 3616 2296 caauo
3651 2253 3933 2299 onustum.

2326 2319 2462 2384 Quid
2491 2319 2535 2374 si
2554 2334 2682 2375 casu
2709 2322 2890 2392 lapsus
2914 2323 3106 2380 fuero?
3135 2327 3304 2398 Purga
3335 2329 3583 2400 teipsum.
3603 2332 3891 2402 Quomodo
3912 2338 3938 2390 9

2326 2409 2494 2480 Luge,
2522 2426 2695 2481 geme,
2724 2414 3118 2487 elecmosynam
3150 2435 3329 2491 erOga,
3360 2439 3522 2494 purga
3554 2434 3606 2481 te
3630 2427 3772 2497 apud
3803 2444 3935 2486 eum

2326 2517 2482 2570 quem
2512 2505 2830 2559 contumelia
2864 2507 3111 2575 atl‘ecisti,
3140 2513 3423 2568 reconcilia
3466 2525 3518 2570 te
3548 2516 3644 2582 illi,
3680 2519 3938 2591 absterge

2325 2593 2582 2664 linguam,
2614 2611 2680 2650 ne
2708 2599 2922 2667 gravius
2953 2599 3116 2656 Deum
3146 2603 3340 2660 irrites.
3371 2605 3505 2662 Nam
3534 2611 3578 2662 si
3610 2613 3731 2679 quis
3751 2613 3937 2668 sordi-

2323 2683 2462 2739 datis
2491 2694 2729 2743 stercore
2767 2690 3012 2748 manibus
3045 2692 3210 2762 pedes
3241 2704 3360 2751 tuos
3383 2700 3696 2770 supplicans
3739 2713 3933 2776 tange-

2322 2786 2422 2842 ret,
2444 2793 2548 2832 non
2577 2779 2739 2834 modo
2766 2781 2910 2836 illum
2935 2799 3039 2839 non
3063 2785 3299 2856 audires,
3320 2790 3413 2845 sed
3447 2792 3582 2861 pede
3605 2793 3930 2865 intpeteres:

2320 2869 2590 2938 quomodo
2613 2872 2778 2929 audes
2807 2875 2886 2931 sic
2915 2876 3083 2933 Deum
3114 2879 3304 2935 adire?
3329 2881 3459 2938 Nam
3490 2885 3666 2958 lingua
3697 2903 3931 2959 precan-

2323 2962 2451 3017 tium
2488 2973 2570 3019 est
2599 2981 2810 3031 manus,
2841 2984 2904 3024 ac
2941 2985 3039 3041 per
3061 2987 3182 3028 eam
3227 2974 3316 3029 Dei
3347 2992 3522 3048 genua
3568 2982 3933 3051 apprehendi-

2320 3071 2462 3110 mns.
2483 3055 2562 3112 Ne
2603 3057 2780 3129 itaque
2809 3061 2954 3115 illam
2982 3066 3362 3136 commacules,
3390 3085 3457 3125 ne
3486 3070 3579 3126 tibi
3613 3072 3753 3129 dicat
3779 3074 3880 3131 ille
3908 3094 3926 3131 :

2322 3149 2384 3204 Si
2405 3150 2859 3220 muttiplicaveritis
2879 3155 3306 3227 deprecationem,
3340 3178 3439 3215 non
3468 3165 3736 3219 erandiam
3763 3165 3928 3238 (Isni.

2323 3241 2375 3296 Ι.
2396 3243 2506 3312 15).
2531 3243 2663 3298 Nam
2691 3243 2758 3298 In
2784 3247 2937 3300 manu
2962 3247 3150 3320 tinguce
3175 3251 3277 3304 vita
3306 3262 3353 3305 et
3369 3270 3505 3308 mors
3523 3266 3595 3309 est
3616 3255 3798 3328 (Prov.
3834 3261 3927 3318 18.

2320 3332 2380 3388 21
2413 3332 2431 3405 )
2454 3344 2483 3399 ;'
2499 3346 2553 3389 et
2579 3335 2663 3390 Ea:
2689 3340 3002 3394 sermonibus
3025 3343 3125 3395 tuis
3146 3344 3529 3412 justiﬁcaberis,
3553 3358 3703 3417 atque
3721 3367 3786 3405 ea:
3811 3369 3930 3408 ser-

2318 3425 2548 3480 monibus
2593 3427 2691 3481 tuis
2729 3429 3139 3485 condemnaberis
3175 3438 3192 3503 (
3221 3432 3405 3488 Matth.
3455 3436 3541 3490 12.
3585 3440 3653 3495 57
3679 3440 3719 3510 ).
3753 3441 3928 3515 Magis

2320 3518 2478 3585 igitur
2503 3535 2663 3588 quam
2703 3521 2960 3591 pupillam
2995 3524 3134 3578 oculi
3169 3525 3402 3596 linguam
3441 3539 3582 3584 tuam
3625 3535 3931 3592 custodias.

2317 3611 2518 3682 Regius
2541 3613 2756 3684 quidam
2799 3631 2967 3685 equus
2995 3627 3080 3690 est
3127 3618 3326 3690 lingua.
3360 3621 3413 3677 Si
3445 3637 3573 3694 ergo
3601 3625 3675 3680 illi
3710 3626 3930 3684 frenum

2319 3707 2626 3772 immiseris,
2655 3719 2710 3764 et
2734 3711 2996 3766 concinne
3029 3713 3105 3768 ire
3135 3713 3382 3770 docueris
3401 3759 3416 3782 ,
3437 3734 3533 3772 rex
3563 3718 3615 3773 in
3643 3721 3735 3774 illa
3765 3725 3934 3778 sede-

2319 3798 2396 3852 bit
2423 3807 2477 3853 et
2502 3799 2775 3870 quiescet;
2807 3802 2892 3856 sin
2924 3803 3186 3858 infrenem
3218 3806 3333 3862 ﬁeri
3365 3818 3420 3863 et
3435 3809 3625 3879 jactari
3662 3816 3935 3881 permise-

2318 3890 2413 3954 ris,
2456 3891 2651 3948 diaboli
2695 3903 2749 3948 et
2790 3893 3094 3950 daemonum
3142 3897 3446 3955 vehiculum
3493 3903 3616 3959 erit.
3662 3903 3743 3960 Tu
3791 3922 3935 3962 vero

2316 3986 2530 4057 quando
2554 4003 2674 4043 cum
2705 4004 2871 4045 uxore
2891 3991 3246 4061 concubuisti,
3275 3994 3419 4064 quod
3446 4011 3576 4052 sane
3603 3999 3759 4068 culpa
3789 3999 3936 4058 libe-

2315 4096 2432 4134 rum
2459 4089 2560 4148 est,
2593 4083 2798 4150 precari
2826 4098 2932 4138 non
2958 4083 3158 4151 audes;
3188 4095 3307 4155 post
3333 4087 3635 4143 convicium
3661 4072 3841 4147 autem
3869 4105 3937 4151 et

2315 4174 2690 4228 contumeliam
2717 4217 2732 4239 ,
2764 4191 2883 4244 quae
2904 4175 3200 4246 gehennam
3229 4189 3526 4246 merentur,
3550 4192 3839 4254 antequam
3871 4196 3937 4243 te

2319 4266 2485 4332 probe
2510 4269 2837 4338 purgaveris,
2861 4270 3104 4326 extendis
3131 4273 3361 4327 manus?
3385 4285 3440 4330 et
3465 4277 3756 4345 quomodo,
3772 4293 3938 4349 qua:-

2316 4372 2395 4422 so,
2427 4375 2533 4412 non
2584 4359 2991 4427 perhorrescis?
3016 4362 3132 4416 Non
3159 4363 3354 4418 audisti
3383 4365 3602 4420 Paulum
3627 4368 3928 4436 dicentem,

2319 4451 2630 4506 Honorabilc
2645 4455 2959 4525 conjugium,
2991 4465 3037 4509 et
3067 4465 3205 4510 torus
3225 4457 3584 4514 immaculatus
3611 4464 3630 4529 (
3650 4460 3810 4516 Hebr.
3831 4466 3933 4523 13,

2313 4546 2348 4600 ιι
2372 4545 2388 4615 )
2413 4547 2436 4600 ?
2469 4546 2522 4601 Si
2552 4557 2728 4601 autem
2756 4562 2824 4603 ex
2847 4548 3190 4603 immaculato
3225 4560 3342 4605 toro
3363 4565 3591 4622 surgens
3615 4569 3719 4607 non
3749 4557 3940 4615 audes

2312 4639 2377 4694 ad
2428 4641 2725 4695 orationem
2769 4641 3050 4709 accedere,
3080 4657 3203 4697 cum
3249 4658 3315 4699 ex
3345 4655 3462 4700 toro
3506 4645 3774 4704 diabolico
3821 4652 3937 4718 sis,

2312 4748 2409 4788 Cur
2477 4733 2734 4790 horribile
2803 4735 2929 4789 illud
2999 4737 3342 4809 terribileque
3408 4754 3604 4796 nomen
3666 4743 3941 4804 invocare

2313 4828 2515 4882 audes?
2560 4826 2762 4882 Diaboli
2793 4829 2988 4898 quippe
3019 4828 3186 4885 lectus
3224 4840 3306 4884 est
3349 4830 3401 4885 in
3446 4832 3705 4890 conviciis
3731 4844 3787 4889 et
3817 4851 3940 4908 0p—

2313 4920 2540 4990 prnbriis
2568 4919 2730 4975 lavari
2759 4919 2854 4992 (a).
2886 4922 2965 4976 Ac
2996 4921 3139 4976 velut
3163 4923 3494 4991 perniciosus
3517 4924 3734 4995 quidam
3765 4927 3941 4984 adnl-

2315 5021 2396 5065 ter
2437 5011 2710 5067 ircundia
2769 5027 2870 5067 nos
2915 5027 3037 5068 cum
3092 5029 3283 5084 magna
3329 5016 3602 5088 voluptate
3666 5017 3878 5075 invadit
3918 5067 3940 5091 ,

2313 5106 2609 5174 perniciosa
2654 5107 2707 5160 in
2758 5106 2912 5162 nobis
2959 5107 3166 5177 jaciens
3220 5109 3464 5177 semina,
3513 5118 3568 5166 et
3621 5110 3944 5172 diabolicas

2309 5197 2532 5267 gignens
2564 5198 2890 5263 inimicitias,
2915 5214 2976 5253 ac
3000 5209 3185 5254 contra
3215 5201 3540 5255 conuubium
3559 5205 3737 5258 omnia
3766 5204 3940 5264 facit.

2310 5290 2440 5346 Nam
2469 5292 2774 5361 coniugium
2825 5291 2873 5346 id
2920 5291 3047 5347 facit
3092 5302 3150 5346 ut
3197 5293 3303 5348 duo
3332 5294 3438 5349 sint
3480 5310 3605 5350 caro
3645 5311 3784 5362 una;
3838 5298 3939 5354 ira

2306 5401 2437 5440 vero
2463 5400 2556 5441 eos
2578 5387 2667 5455 qui
2707 5386 2875 5454 juncti
2916 5397 3041 5441 sunt
3069 5387 3122 5440 in
3165 5397 3341 5456 partes
3375 5387 3599 5451 dividit,
3631 5389 3942 5458 ipsamque

2308 5477 2540 5532 animam
2585 5479 2781 5535 scindit
2827 5487 2882 5531 et
2938 5477 3158 5532 lacerat.
3203 5477 3271 5533 Ut
3315 5479 3492 5549 itaque
3535 5495 3657 5534 cum
3717 5479 3939 5539 ﬁducia

2308 5567 2475 5624 Deum
2512 5570 2693 5633 adeas,
2741 5571 2871 5623 iram
2905 5578 2957 5624 te
2996 5569 3336 5625 invadentem
3369 5587 3436 5625 ne
3482 5571 3731 5626 admittas
3756 5611 3770 5635 ,
3815 5578 3941 5634 sed

2306 5661 2457 5730 quasi
2485 5659 2726 5716 rabidum
2753 5676 2941 5715 canem
2972 5660 3202 5732 depelle.
3236 5660 3368 5715 Illud
3397 5662 3538 5716 enim
3563 5662 3756 5715 Paulus
3789 5660 3942 5733 jus-

2297 5784 2948 5915 jéang‘qsg'oiéieEDhorum
2975 5795 3362 5844 consonantiam.
3391 5821 3448 5828 —-
3477 5793 3607 5845 Vidit
3632 5795 3795 5860 Fietd,
3820 5808 3902 5846 cas
3929 5828 3943 5835 -

2470 5886 2481 5900 ο
2671 5889 2680 5900 .
2730 5869 2737 5882 ⁸
2804 5869 2845 5901 τ.

2470 5886 2481 5900 .
2509 5869 2680 5901 Λαηυι.
2711 5869 2845 5901 1301⁵1³.
