4154 6324
204 389 299 443 517

201 507 301 560 sit:
332 504 575 561 Leucates
602 516 811 561 sanctas
838 522 1018 559 nianus
1051 505 1236 577 absque
1269 506 1345 559 ira
1370 514 1416 559 et
1438 505 1800 575 disceptatione

200 597 286 668 (1.
320 595 454 652 Tim.
501 597 558 652 ‘2.
592 597 687 671 8).
719 597 798 653 Nc
846 598 1079 668 linguam
1138 613 1270 667 ergo
1315 598 1569 667 deturpes
1608 616 1619 650 :
1676 612 1797 651 nam

196 691 465 758 quomodo
494 705 592 759 pro
624 702 677 745 te
702 691 1005 761 precabitur
1025 732 1040 755 ,
1067 704 1187 745 cum
1221 689 1467 744 fiduciam
1513 689 1801 743 amiseris?

194 781 284 835 sed
314 796 449 836 orna
475 784 617 837 illam
649 783 927 847 modestia,
952 782 1281 837 humilitate:
1317 781 1397 837 fac
1419 783 1631 851 dignam
1664 782 1791 845 lleo,

192 873 279 943 qui
322 891 423 942 per
472 876 611 928 illam
658 884 916 944 rogatur;
952 875 1090 929 illam
1137 872 1283 943 reple
1329 874 1697 929 benedicnone
1742 884 1795 927 et

190 966 558 1037 elecmosyna.
616 965 747 1020 Nam
800 966 976 1021 verbis
1027 967 1187 1021 etiam
1235 975 1407 1034 potest
1450 966 1791 1033 clcemosyna

190 1061 400 1128 erogari
426 1079 439 1112 :
476 1058 661 1113 Melior
686 1072 757 1114 est
787 1061 928 1114 enim
951 1077 1136 1125 sermo,
1166 1076 1316 1130 quam
1338 1060 1527 1112 donum
1552 1067 1629 1122 ;et
1651 1072 1664 1110 :
1688 1055 1787 1111 Re-

185 1152 380 1220 sponde
410 1153 626 1219 pauperi
650 1148 866 1223 pari/ica
894 1153 947 1205 in
974 1152 1359 1205 mansuetudine
1377 1149 1564 1223 (Eccli.
1590 1150 1674 1205 l8.
1702 1150 1785 1203 l6.

183 1252 228 1295 et
254 1242 303 1296 ι.
323 1240 405 1314 8).
432 1243 624 1296 Totum
652 1258 776 1297 vero
803 1244 1061 1314 reliquum
1085 1254 1293 1314 tempus
1315 1245 1612 1297 divinarum
1636 1258 1789 1296 enar-

186 1333 391 1389 ratione
424 1334 600 1403 legum
639 1350 859 1390 exorna.
892 1336 1068 1391 Omnis
1096 1337 1350 1390 enarratio
1373 1346 1458 1387 tuo
1498 1337 1561 1389 sit
1590 1336 1642 1388 in
1683 1336 1789 1403 lege

187 1425 431 1479 Altissimi
460 1425 481 1498 (
496 1425 633 1481 lln'd.
661 1427 713 1482 9.
745 1428 815 1481 23
913 1428 983 1481 Ita
1041 1443 1139 1482 nos
1169 1427 1455 1483 adorantes
1485 1427 1550 1481 ad
1587 1428 1783 1495 Regem

182 1517 505 1571 accedamus
528 1558 544 1581 ,
576 1527 631 1572 et
675 1519 741 1571 ad
785 1533 955 1588 genua
982 1519 1097 1587 ejus
1126 1520 1497 1588 procidamus,
1531 1536 1635 1573 non
1667 1535 1786 1574 cor-

183 1623 308 1678 pore
360 1619 611 1673 tantum,
658 1610 751 1665 sed
801 1612 960 1664 etiam
1015 1621 1214 1665 mente.
1268 1611 1577 1682 Cogitemus
1623 1628 1781 1681 quem

180 1700 456 1763 adeamus,
503 1711 559 1754 et
605 1717 700 1771 pro
748 1703 959 1771 quibus,
999 1715 1053 1757 et
1090 1702 1214 1773 quid
1262 1705 1501 1758 volentes
1544 1703 1777 1758 efficere.

181 1791 341 1844 Deum
376 1792 614 1859 adimus,
638 1808 797 1863 quem
825 1794 1104 1863 Seraphim
1137 1794 1397 1859 videntes,
1424 1797 1598 1849 vultus
1624 1811 1777 1850 aver-

179 1892 313 1950 tunt,
346 1901 455 1939 non
490 1885 724 1941 ferentes
756 1885 1016 1957 fulgorem
1046 1903 1242 1956 ;qucm
1269 1888 1453 1943 videns
1482 1899 1621 1944 terra
1652 1904 1780 1943 con-

182 1979 466 2033 tremiscit.
496 1979 663 2033 Deum
694 1977 924 2043 adimus,
959 1979 1046 2050 qui
1085 1979 1256 2035 lucem
1298 1979 1500 2036 habitat
1538 1982 1777 2037 inacces-

175 2071 403 2126 sibilcm.
437 2070 685 2137 Adimus,
730 2082 787 2126 ut
815 2088 843 2125 a
870 2072 1115 2144 gehenua
1148 2074 1456 2141 liberemur,
1487 2084 1544 2129 ut
1589 2076 1778 2130 remis“

178 2166 379 2219 sionem
406 2178 750 2235 peccatorum
773 2167 1137 2237 impetremus,
1160 2176 1216 2222 ut
1241 2168 1426 2223 abillo
1453 2169 1774 2228 intolerabili

176 2255 433 2323 supplicio
462 2256 773 2323 liberemur,
803 2266 860 2311 ut
901 2256 1089 2313 caelum
1136 2267 1191 2313 et
1241 2258 1314 2314 ibi
1356 2260 1585 2329 reposita
1636 2260 1773 2315 bona

172 2361 189 2396 t
200 2362 583 2414 onsequatnur.

236 2438 288 2490 6.
322 2437 669 2493 Mansuetudo
696 2440 749 2493 in
769 2442 996 2496 oratione
1014 2443 1319 2497 adhibenda.
1352 2444 1520 2499 Nemo
1549 2447 1770 2513 (reditur,

171 2529 262 2583 nisi
296 2546 327 2582 a
371 2531 564 2600 seipse.
607 2529 795 2585 Contra
828 2549 910 2587 eos
940 2535 1025 2604 qui
1048 2535 1263 2589 aliorum
1292 2539 1421 2591 bona
1450 2539 1673 2608 rapiunt.
1704 2570 1774 2581 —-

173 2619 517 2675 Procidamus
545 2622 703 2693 igitur
726 2633 780 2678 et
818 2639 1044 2694 corpore
1072 2635 1126 2681 et
1152 2636 1352 2693 mente,
1385 2637 1440 2682 ut
1471 2629 1560 2683 ille
1583 2631 1770 2696 jacen.

172 2721 246 2767 tes
284 2714 462 2783 erigat
513 2732 526 2767 :
581 2731 703 2769 cum
751 2717 1011 2773 modestia
1061 2722 1314 2789 omnique
1363 2724 1773 2780 umnsuctudine

175 2802 341 2873 ipsum
370 2805 732 2875 alloquamur.
767 2807 835 2862 Et
856 2810 975 2879 quis
1001 2820 1103 2874 est,
1140 2812 1370 2881 inquies,
1406 2814 1475 2867 ita
1509 2816 1673 2871 miser
1720 2828 1772 2871 et

174 2894 377 2960 infelix,
404 2907 464 2951 ut
490 2899 543 2952 in
575 2900 816 2954 oratione
844 2918 948 2956 non
977 2904 1047 2958 sit
1073 2905 1421 2961 moderatus?
1443 2909 1537 2964 llle
1565 2911 1652 2981 qui
1687 2911 1769 2965 vel

169 2989 432 3057 precando
460 2992 744 3048 maledicta
791 2994 1012 3064 profert,
1051 2996 1335 3067 furoreque
1367 3002 1555 3070 plenus
1584 3012 1687 3070 est,
1716 3014 1770 3058 ct

167 3092 346 3134 contra
396 3083 645 3139 inimicos
688 3087 966 3143 acclamat.
1008 3089 1060 3144 Si
1096 3091 1172 3144 vis
1214 3106 1465 3147 accusare
1490 3137 1503 3157 ,
1537 3096 1766 3163 toipsum

168 3188 378 3229 accusa.
417 3176 472 3230 Si
522 3176 601 3231 vis
645 3177 877 3249 linguam
922 3196 1133 3243 acuere,
1171 3194 1356 3239 contra
1408 3200 1621 3255 peccata
1680 3199 1765 3243 tua

166 3281 310 3322 acue.
332 3268 445 3324 Nec
473 3270 621 3340 dicas
650 3273 774 3342 quid
806 3274 940 3329 alius
969 3276 1058 3331 tibi
1087 3278 1209 3330 mali
1242 3280 1494 3343 intulerit,
1521 3282 1612 3334 sctl
1641 3283 1764 3353 quid

170 3360 349 3413 tu‘tibi
386 3361 511 3413 mali
543 3361 771 3417 feceris:
804 3364 927 3419 illud
977 3368 1119 3421 enim
1152 3372 1381 3424 maxime
1423 3374 1615 3426 malum
1661 3384 1761 3429 est.

166 3448 343 3520 Neque
373 3453 519 3506 enim
547 3455 665 3523 quis
700 3466 749 3511 te
779 3456 973 3513 laedere
1018 3462 1247 3528 poterit,
1288 3464 1386 3516 nivi
1436 3475 1484 3519 te
1513 3466 1625 3533 ipse
1671 3469 1763 3521 lce-

166 3542 257 3597 das
286 3543 385 3616 (a).
422 3544 609 3617 Itaque
652 3549 695 3603 si
729 3551 806 3606 vis
852 3562 1037 3606 contra
1080 3554 1333 3610 hedentes
1375 3567 1424 3611 lc
1466 3561 1759 3630 insurgere,

172 3635 394 3702 teipsnm
427 3639 654 3705 primum
690 3640 932 3709 impetas.
965 3643 1135 3707 Nemo
1172 3646 1220 3699 id
1253 3648 1512 3717 impedit;
1566 3669 1685 3706 nam
1717 3655 1760 3708 si

166 3724 319 3780 alium
349 3728 702 3798 aggrediaris,
738 3735 903 3803 magis
926 3735 1081 3791 laesus
1104 3738 1292 3793 abibis.
1324 3742 1493 3808 Quam
1522 3760 1649 3798 vero
1669 3747 1759 3801 tibi

167 3816 363 3872 illatam
412 3820 659 3889 injuriam
702 3824 942 3893 proferre
978 3838 1125 3896 potes
1152 3830 1174 3882 Ἰ
1205 3831 1297 3885 Ille
1338 3834 1465 3888 ιηίιιί
1513 3835 1759 3903 injuriam

167 3908 365 3976 intulit,
407 3913 542 3967 bona
573 3917 771 3984 rapuit,
804 3933 888 3974 me
921 3920 970 3973 in
1001 3924 1233 3989 pericula
1265 3925 1484 3994 injecit?
1513 3929 1617 3984 Sed
1662 3931 1761 3987 ltoc

168 4014 269 4053 non
299 4012 379 4055 est
426 4002 567 4071 la-di,
600 4006 791 4071 sed,si
840 4010 1023 4079 vigiles
1048 4014 1247 4078 simus,
1285 4017 1398 4073 lucc
1427 4020 1580 4075 nobis
1620 4026 1759 4077 mul-

166 4102 269 4147 tum
316 4096 574 4165 prodesse
614 4109 883 4167 poterunt.
922 4102 1053 4159 Nam
1093 4107 1256 4162 laesus
1282 4118 1363 4164 est
1404 4112 1490 4166 ille
1529 4117 1615 4182 qui
1646 4116 1761 4170 lure

165 4189 295 4239 mala
330 4191 530 4256 intulit,
562 4210 667 4246 non
697 4196 784 4262 qui
816 4212 1003 4265 passus
1029 4210 1129 4255 est.
1165 4201 1230 4256 Et
1262 4202 1365 4259 hoc
1391 4210 1620 4263 maxime
1650 4228 1760 4265 ma-

163 4281 330 4333 lnrtnn
348 4285 585 4337 omnium
607 4301 763 4339 causa
786 4297 887 4354 est,
905 4291 1046 4360 quod
1076 4294 1376 4352 nesciamus
1397 4300 1512 4366 quis
1539 4302 1755 4367 lmdcns,

163 4371 279 4435 quis
328 4372 482 4425 lil'SllS
514 4375 603 4427 sit.
652 4375 705 4431 Si
739 4378 866 4433 illud
910 4381 1076 4449 probe
1120 4386 1419 4454 sciremus,
1468 4408 1755 4463 numquam

164 4476 257 4513 nos
311 4465 726 4533 ulciscerentur,
775 4486 878 4525 non
927 4489 1267 4542 precaremur
1311 4491 1494 4536 contra
1546 4459 1708 4540 alium
1740 4530 1755 4556 ,

219 4632 403 4714 (ulla
426 4637 551 4714 banc
574 4639 1267 4714 pulcberrimam-senteutiam
1302 4659 1573 4708 orationem
1608 4662 1759 4714 edidit

159 4691 531 4775 ἔξίῐξοδιοηιυει
562 4691 725 4775 ἑκευι.
750 4691 1579 4775 ιιυάιῖίίἰιῦζᾶὃᾶἶὶὢΐιὲἀῖὧ
1608 4691 1759 4775 ῖῖίςῖῃ

157 4767 331 4819 seipse,
356 4774 498 4823 quam
520 4764 674 4813 babes
692 4779 837 4827 supra
860 4764 1077 4835 't'omo'i’i',
1102 4774 1195 4823 col.
1224 4764 1458 4830 4599466:

158 4880 2755 4930 Ἥ

1204 385 1271 444 lN
1311 385 1715 442 .llATTll/EUM
1759 383 1991 442 llOMlL.
2036 387 2144 444 Lll.
2188 392 2259 445 al.
2305 390 2439 446 Llll.

3418 395 3523 456 518

1909 507 2060 575 gnari
2097 522 2201 562 non
2250 523 2408 577 posse
2440 523 2538 563 nos
2566 510 2708 565 malo
2736 510 2877 566 allici
2907 513 2974 568 ab
3004 512 3129 567 alio.
3164 514 3349 586 Neque
3376 522 3526 577 enim

1909 598 2147 669 rapinam
2181 600 2310 669 pati,
2342 601 2437 656 sed
2458 599 2657 667 facere,
2690 602 2912 659 malum.
2937 602 2991 659 Si
3023 606 3265 674 rapuisti,
3290 610 3519 680 teipsum

1905 700 2195 757 accusato;
2225 693 2308 747 sin
2340 694 2471 749 verb
2500 703 2587 748 tua
2629 695 2766 749 alius
2806 692 3003 765 rapuit,
3028 712 3249 767 precare
3291 716 3391 772 pro
3428 715 3519 756 rae

1906 793 2077 852 ptore,
2112 786 2235 854 quia
2287 785 2379 839 tibi
2427 785 2660 842 maxime
2702 785 2923 857 profuit.
2958 788 3178 844 Etiamsi
3212 792 3355 847 enim
3405 810 3514 848 non

1904 877 2022 931 talis
2048 878 2117 932 sit
2142 892 2295 932 mens
2328 878 2488 944 illius,
2521 887 2669 934 certe
2700 890 2753 933 tu
2777 896 3022 950 magnam
3055 882 3335 939 utilitatem
3366 902 3519 943 acce-

1901 969 2021 1039 pisti
2050 1010 2066 1035 ,
2100 970 2146 1024 si
2178 968 2388 1025 fortiter
2433 971 2641 1026 tuleris.
2674 970 2827 1026 Illum
2858 973 3000 1027 enim
3031 982 3087 1029 et
3112 974 3308 1030 divina!
3334 987 3386 1032 et
3414 980 3515 1033 litt-

1899 1060 2233 1130 manazlegcs
2266 1061 2522 1116 miserum
2557 1061 2883 1131 prmtlicant;
2910 1074 2963 1119 te
2991 1079 3118 1120 vero
3145 1066 3330 1122 laesum
3359 1085 3517 1124 coro-

1898 1162 2027 1204 nant
2051 1159 2107 1207 et
2134 1152 2432 1207 celebrant.
2474 1152 2659 1223 Neque
2686 1155 2830 1209 enim
2861 1155 2906 1210 si
2938 1156 3061 1225 quis
3087 1148 3397 1214 febricitans
3421 1176 3515 1216 vas

1895 1261 2031 1316 aqua
2061 1247 2276 1316 plenum
2310 1251 2549 1316 rapuerit
2574 1249 2643 1303 ab
2670 1249 2797 1317 alio,
2832 1259 2887 1305 ct
2913 1252 3134 1306 noxiam
3170 1249 3386 1309 bibendi
3417 1273 3512 1311 cn—

1896 1340 2174 1409 piditatem
2201 1342 2534 1414 expleverit,
2564 1344 2808 1401 dicemus
2857 1347 3041 1402 lmsum
3080 1348 3230 1404 illum
3279 1351 3441 1406 fuisse
3479 1368 3508 1406 a

1893 1446 1999 1500 quo
2036 1442 2247 1501 raptum
2292 1448 2389 1489 vas
2417 1445 2521 1501 est,
2562 1436 2657 1490 scd
2703 1437 2882 1507 potius
2929 1439 3224 1508 rapientem
3258 1460 3271 1495 :
3319 1442 3508 1496 febrim

1891 1524 2034 1577 enim
2082 1526 2256 1591 auxit,
2285 1526 2644 1597 morbumque
2672 1532 2938 1584 acriorem
2964 1531 3164 1587 ell’ecit'.
3190 1532 3301 1589 lloc
3333 1533 3507 1604 ipsum

1890 1614 1956 1669 de
1984 1618 2328 1684 pecuniarum
2357 1626 2411 1672 et
2434 1634 2596 1687 opum
2624 1630 2839 1676 amante
2862 1634 3069 1693 reputa.
3096 1625 3226 1680 Nam
3273 1626 3357 1681 hic
3392 1628 3507 1697 plus

1887 1722 2045 1776 quam
2091 1709 2180 1764 ille
2205 1710 2339 1764 alius
2371 1710 2698 1777 febricitans,
2732 1729 2827 1784 per
2866 1716 3003 1771 lianc
3043 1720 3319 1787 rapinam,
3354 1736 3505 1774 suam

1888 1800 2124 1855 incendit
2156 1801 2449 1857 ﬂammam.
2497 1804 2561 1858 Et
2587 1806 2632 1859 si
2664 1807 2782 1876 quis
2824 1791 3012 1863 furens
3037 1810 3261 1879 abrepto
3306 1828 3335 1865 a
3368 1829 3502 1880 quo-

1888 1893 2027 1960 piam
2057 1893 2234 1963 gladio
2270 1911 2328 1949 se
2372 1896 2707 1965 confoderit,
2740 1900 2860 1969 quis
2892 1900 3052 1957 lzesus
3092 1904 3209 1958 est?
3238 1905 3282 1957 is
3324 1922 3354 1960 a
3397 1922 3503 1977 quo

1884 1984 2140 2053 abreptus
2165 1986 2374 2055 gladius
2395 2031 2407 2050 ,
2439 2003 2507 2041 an
2537 1991 2626 2059 qui
2670 1990 2891 2059 rapuit?
2920 1992 3019 2047 llic
3055 1995 3257 2064 utique.
3295 1997 3369 2052 De
3404 2014 3499 2066 pe-

1884 2076 2161 2130 cuniarum
2192 2078 2349 2147 igitur
2378 2080 2561 2149 rapina
2593 2081 2823 2152 idipsum
2856 2086 3173 2154 cogitemus.
3195 2086 3326 2141 Nam
3356 2091 3499 2158 quod

1886 2165 2079 2221 furenti
2111 2168 2316 2238 gladius
2360 2180 2472 2238 cst,
2504 2172 2555 2227 id
2586 2188 2752 2229 avaro
2782 2174 2982 2230 divitia:
3026 2188 3189 2243 sunt;
3234 2179 3342 2233 imo
3381 2197 3498 2250 pcr-

1884 2260 2217 2316 niciosiores.
2248 2262 2380 2316 Nam
2410 2266 2500 2334 qui
2533 2264 2658 2320 furit
2684 2309 2698 2337 ,
2730 2276 2785 2321 ct
2814 2283 2935 2323 sese
2984 2268 3163 2339 gladio
3218 2273 3458 2328 confodit
3481 2317 3495 2339 ,

1876 2355 1988 2425 jam
2022 2374 2049 2409 a
2082 2358 2259 2412 furore
2297 2359 2557 2414 liberatus
2601 2372 2684 2421 est
2708 2404 2723 2429 ,
2756 2378 2930 2433 neque
2975 2365 3271 2419 secundum
3303 2369 3494 2436 accip‘t

1883 2451 2079 2504 vulnus
2110 2466 2344 2506 :avarus
2382 2468 2508 2507 vero
2548 2454 2827 2508 innumera
2874 2454 3115 2524 quotidie
3156 2465 3210 2511 et
3248 2458 3494 2527 graviora

1879 2543 2073 2611 accipit
2102 2543 2342 2608 vulnera,
2382 2558 2489 2599 non
2521 2558 2642 2600 sese
2663 2544 2732 2598 ab
2763 2543 2863 2600 bac
2890 2547 3095 2601 insania
3126 2548 3380 2616 edocens,
3398 2552 3493 2606 sed

1878 2637 2049 2705 magis
2075 2651 2277 2707 angens
2306 2637 2356 2691 in
2384 2637 2501 2693 dies
2529 2655 2542 2691 :
2576 2648 2629 2692 et
2656 2648 2856 2707 quanto
2885 2640 3036 2709 plura
3067 2642 3338 2712 acceperit
3370 2645 3493 2699 γυι-

1880 2743 2005 2781 nera
2034 2770 2049 2793 ,
2086 2738 2232 2782 tanto
2262 2729 2430 2799 magis
2468 2732 2807 2785 occasionem
2840 2732 3047 2801 praebet
3073 2734 3242 2804 plagis
3268 2734 3491 2807 majori-

1879 2817 1997 2872 bus.
2029 2818 2155 2873 llarc
2193 2834 2324 2889 ergo
2350 2822 2681 2891 cogitantes,
2715 2821 2983 2893 fugiamus
3032 2826 3171 2881 hunc
3212 2828 3450 2896 gladium
3474 2870 3490 2895 ,

1878 2908 2016 2963 hanc
2056 2910 2337 2976 insaniam,
2363 2923 2418 2966 et
2451 2928 2575 2967 sero
2605 2906 2819 2969 tandem
2854 2914 3155 2987 vigilemus.
3187 2917 3320 2973 Nam
3352 2919 3490 2979 hanc

1873 3012 2022 3056 certe
2053 3003 2299 3057 virtutem
2339 3004 2722 3061 continentiam
2752 3018 2898 3064 recte
2924 3022 3179 3065 soccatus
3202 3053 3218 3071 .
3250 3028 3355 3067 non
3384 3016 3489 3068 mi-

1876 3110 1977 3148 nus
2018 3110 2175 3165 quam
2224 3096 2366 3150 illam
2417 3114 2537 3167 qua:
2582 3100 2661 3153 sic
2710 3101 2911 3169 passim
2946 3112 3187 3157 vocatur.
3235 3105 3307 3159 lbi
3341 3108 3486 3163 enim

1873 3198 2057 3240 c0ntra
2104 3204 2260 3241 unam
2304 3190 2756 3258 concupiscentiae
2801 3193 3141 3263 tyrannidem
3177 3208 3484 3268 pugnatur.

1874 3276 1959 3332 hic
1984 3293 2113 3333 vero
2128 3280 2322 3333 multas
2342 3295 2406 3335 ac
2431 3280 2671 3335 diversas
2695 3283 3018 3353 cupiditates
3044 3302 3300 3356 superare
3325 3305 3488 3361 opor-

1873 3380 1966 3425 tet.
1992 3371 2161 3426 Nemo
2187 3374 2352 3437 enim,
2379 3388 2538 3429 nemo
2563 3374 2781 3430 stultior
2809 3390 2877 3432 eo
2908 3378 2996 3447 qui
3023 3378 3333 3435 divitiarum
3365 3396 3484 3439 scr-

1871 3478 1968 3518 vns
1996 3474 2097 3519 est.
2140 3464 2410 3535 Imperare
2451 3465 2553 3521 sibi
2601 3466 2854 3534 videtur,
2901 3469 3031 3525 dum
3072 3471 3318 3527 subditus
3353 3485 3482 3542 est;

1870 3557 2135 3612 tlotn'mari
2165 3550 2379 3613 videtur
2402 3601 2416 3627 ,
2451 3574 2572 3617 cum
2621 3560 2692 3615 sit
2736 3576 2963 3628 servus;
2996 3562 3124 3617 dum
3153 3579 3213 3621 se
3256 3565 3483 3625 vinculis

1869 3650 2214 3720 constringit,
2265 3650 2495 3722 gaudet;
2526 3668 2647 3707 cum
2690 3653 2957 3709 acriorem
3009 3654 3176 3711 feram
3218 3658 3478 3726 reddidit,

1870 3742 2119 3806 laetatur;
2152 3756 2273 3796 cum
2304 3744 2552 3811 captivus
2577 3743 2812 3810 ducitur,
2844 3745 3112 3812 exsultat;
3136 3764 3199 3803 ac
3229 3749 3358 3804 dum
3406 3755 3481 3806 vi.

1869 3832 1957 3887 det
2006 3848 2194 3887 canem
2246 3834 2490 3888 rabidum
2542 3836 2593 3889 iu
2640 3836 2874 3890 animam
2920 3853 3070 3891 suam
3116 3839 3471 3906 insilientem,

1867 3942 1988 3981 cum
2020 3936 2293 3996 oporteret
2318 3928 2463 3982 illum
2493 3929 2658 3999 ligare
2674 3941 2726 3986 et
2749 3928 2890 3986 fame
2912 3933 3175 4001 cruciare,
3206 3935 3301 4005 ipsi
3332 3936 3479 4006 large

1866 4018 2043 4073 cibum
2068 4019 2396 4088 suppeditat,
2429 4029 2485 4073 nt
2514 4022 2887 4077 vehementius
2930 4023 3131 4079 insiliat
3170 4038 3222 4080 et
3246 4025 3479 4083 ferocior

1866 4113 1955 4165 sit.
1984 4111 2110 4166 Ilaac
2139 4113 2318 4181 itaque
2360 4112 2539 4166 omnia
2571 4113 2895 4184 cogitantes,
2926 4115 3135 4171 vincula
3178 4119 3475 4185 solvamus,

1866 4201 2034 4258 feram
2065 4202 2396 4266 occidamus,
2421 4204 2666 4257 morbum
2704 4204 2966 4274 pellamus
2992 4248 3005 4267 ,
3044 4208 3283 4262 furorem
3334 4210 3475 4266 hunc

1866 4295 2165 4365 ejiciatnus,
2201 4306 2257 4349 ut
2302 4296 2681 4365 tranquillitate
2724 4307 2777 4350 ct
2822 4314 2951 4367 pura
2995 4299 3301 4356 valetudine
3330 4304 3472 4357 frna-

1868 4404 2006 4453 mur,
2034 4396 2242 4442 etcum
2288 4388 2452 4440 multa
2496 4388 2769 4457 voluptate
2809 4388 2875 4441 ad
2917 4390 3257 4459 tranquillum
3287 4394 3475 4462 appel-

1867 4480 2038 4533 lentes
2067 4490 2300 4548 portum,
2321 4490 2521 4534 :rtcrna
2549 4480 2683 4534 bona
2711 4481 3073 4549 adipiscamur
3092 4502 3106 4537 :
3128 4500 3247 4553 qua:
3272 4487 3473 4543 utinam

1865 4586 2052 4627 omnes
2079 4586 2450 4642 assequamur,
2480 4572 2649 4641 gratia
2682 4582 2733 4626 et
2770 4574 3096 4642 benignitate
3130 4576 3337 4631 Domini
3381 4596 3472 4634 uo-

1865 4663 2099 4718 striJesu
2122 4663 2338 4727 L‘liristi,
2364 4664 2448 4716 cui
2480 4663 2644 4732 gloria
2674 4673 2729 4717 et
2756 4664 3219 4732 imperium,nunc
3245 4680 3297 4722 et
3327 4685 3471 4727 sein-

1867 4772 1980 4827 per,
2004 4766 2057 4810 et
2079 4755 2132 4809 in
2157 4755 2349 4809 sa3cu|a
2376 4754 2716 4810 szeculornm.
2743 4758 2932 4809 Amen.

3236 4916 3460 4932 f——-——_

1384 4980 1730 5049 HOMILIA
1774 4990 1907 5053 ιιι.
1965 4990 2051 5052 al.
2093 4988 2255 5051 Llll.

152 5106 276 5205 (ἰλῖ.
304 5111 391 5165 15.
417 5129 468 5165 v.
490 5112 553 5167 2i
569 5153 583 5166 .
610 5112 674 5167 Et
699 5132 926 5187 egressus
960 5122 1079 5177 inde
1095 5123 1269 5189 Iesus,
1292 5132 1491 5186 secessit
1513 5135 1564 5187 in
1587 5146 1756 5205 partes

217 5198 350 5269 Tyri
373 5214 417 5254 et
446 5204 651 5262 Sidonis
698 5208 787 5265 2‘2.
813 5210 881 5266 Et
906 5230 1017 5268 erce
1037 5218 1217 5273 mulier
1237 5221 1529 5279 Lithnrma'a
1552 5198 1754 5300 egressa

217 5307 282 5345 ea:
310 5298 496 5360 ﬁnibus
530 5300 659 5365 suis,
699 5302 935 5360 clamavit
974 5309 1146 5364 dicens
1185 5314 1231 5365 ei
1273 5329 1293 5367 :
1337 5298 1593 5373 Misererer
1614 5323 1746 5388 mei,

216 5380 435 5439 Domine
455 5387 533 5453 ﬁli
556 5388 759 5457 Daniel;
780 5394 887 5459 ﬁlia
909 5413 1019 5451 mea
1040 5401 1171 5453 male
1190 5403 1494 5460 a-dwmonio
1516 5380 1746 5468 vexatur:

216 5474 265 5527 1.
297 5474 404 5528 Cur
424 5477 656 5535 Christus
690 5495 862 5553 gentes
896 5487 1042 5543 adiit.
1070 5520 1140 5532 -—
1173 5492 1384 5551 Marcus
1427 5510 1607 5553 autem
1650 5503 1746 5569 ait,

150 5564 316 5632 ipsum
351 5568 517 5627 lati-re
549 5590 652 5629 non
686 5579 957 5647 potuisse;
990 5598 1111 5638 cum
1148 5585 1201 5639 in
1248 5586 1465 5644 domum
1512 5594 1747 5649 venisset

148 5654 344 5725 (illam.
380 5663 432 5719 7.
472 5665 596 5735 24).
637 5667 749 5723 Cur
775 5683 951 5727 autem
994 5675 1045 5729 in
1084 5687 1265 5748 partes
1308 5681 1424 5737 illas
1470 5685 1745 5755 prolectus

151 5759 256 5808 esti
292 5755 520 5825 Quando
552 5760 797 5816 liberavit
826 5778 919 5819 eos
947 5766 1015 5821 ab
1043 5768 1416 5828 observatione
1455 5776 1697 5831 ciborum
1719 5819 1734 5841 .

152 5852 266 5900 tunc
293 5850 484 5902 eadem
514 5851 598 5901 via
630 5866 959 5923 progressus,
994 5860 1241 5927 gentibus
1270 5879 1480 5934 quoque
1522 5865 1737 5932 ianuam

471 5953 744 6015 l’u'tvttL.
795 5958 911 6017 Gn.
970 5961 1059 6019 1.1’
1076 5962 1181 6021 111.

1849 5128 2059 5200 aperit:
2087 5125 2541 5197 quemadmodum
2573 5138 2629 5182 et
2668 5124 2880 5187 Petrus.
2931 5139 3053 5180 cum
3104 5125 3336 5195 primum
3363 5126 3449 5195 ju-

1852 5222 2010 5277 betur
2061 5219 2202 5275 lianc
2248 5218 2420 5289 legem
2466 5219 2700 5282 solvere,
2754 5216 2984 5273 mittitur
3030 5215 3095 5272 ad
3142 5213 3452 5277 Cornelium

1851 5314 1991 5383 (Aet.
2028 5313 2139 5379 10).
2173 5310 2229 5366 Si
2268 5312 2389 5382 quis
2420 5324 2553 5366 vero
2600 5310 2819 5375 dixerit,
2846 5307 2957 5363 Cur
3002 5321 3131 5379 ergo
3172 5308 3263 5381 qui
3292 5309 3456 5397 discl-

1850 5405 1997 5473 wlis
2021 5404 2173 5467 dicit,
2196 5402 2259 5456 In
2284 5404 2416 5456 viam
2437 5402 2661 5474 gentium
2681 5417 2747 5456 ne
2772 5401 2996 5455 obieritis
3014 5400 3233 5470 (Manli.
3259 5400 3345 5457 l0.
3370 5400 3452 5472 5),

1853 5496 1992 5551 banc
2032 5496 2150 5564 ipse
2196 5494 2338 5547 viam
2366 5491 2517 5548 adit?
2545 5492 2720 5576 primo
2744 5492 2965 5565 quidem
2996 5492 3124 5546 illud
3157 5491 3451 5562 responde-

1848 5585 2047 5648 bimus,
2102 5601 2208 5639 non
2258 5584 2576 5640 adstrictum
2624 5584 2773 5639 illum
2814 5583 2883 5638 iis
2930 5582 3209 5638 servandis
3263 5581 3457 5639 fuisse.

1849 5695 1968 5749 quae
1994 5679 2276 5750 discipulis
2306 5677 2592 5747 prirceitit;
2622 5676 2886 5744 secundo,
2914 5676 3061 5733 illum
3086 5690 3192 5730 non
3222 5686 3279 5731 ut
3308 5690 3452 5742 prm-

1847 5774 2149 5829 dicaturum
2179 5774 2273 5827 illo
2299 5772 2524 5835 abiisse;
2553 5770 2693 5843 quod
2719 5768 3066 5826 subindicans
3082 5765 3454 5823 Marcusdice-

1849 5867 1957 5934 bat,
1978 5866 2099 5937 quia
2119 5866 2407 5921 occultavit
2437 5864 2675 5934 seipsum
2691 5872 2746 5920 et
2770 5878 2877 5917 non
2900 5863 3067 5918 latere
3085 5862 3276 5932 potuit.
3296 5857 3449 5915 Sicut

3098 5981 3137 6041 ι
