4154 6324
704 358 815 416 ’519

706 838 835 894 Vide
861 838 1020 908 igitur
1044 839 1310 910 quomodo
1334 841 1475 894 onmi
1508 841 1765 895 beneficio
1789 841 1942 908 digna
1972 842 2040 895 sit
2067 842 2273 897 tunlier.

702 928 880 1000 Neque
908 929 1048 984 enim
1079 944 1202 983 ausa
1234 940 1315 984 est
1345 932 1526 985 venite
1560 931 1942 1002 .lerosolymam
1962 973 1977 994 ,
2008 932 2198 987 timens
2223 944 2275 988 et

697 1035 755 1073 se
790 1035 848 1073 re
890 1020 976 1074 illa
1021 1020 1285 1090 indignam
1323 1030 1593 1088 reputans.
1632 1021 1740 1076 Nisi
1768 1020 1907 1077 enim
1940 1022 2038 1076 hoc
2059 1021 2271 1078 detenta

699 1120 840 1164 metu
871 1110 1085 1174 fuisset,
1127 1120 1344 1165 ventura
1376 1112 1466 1165 illo
1489 1121 1633 1174 erat,
1667 1122 1720 1165 ut
1748 1127 1812 1164 ex
1840 1111 2087 1182 pra-senti
2116 1111 2274 1166 vehe-

697 1201 888 1255 mentia
917 1201 1098 1271 liquet,
1123 1210 1178 1255 et
1197 1217 1262 1256 ex
1285 1216 1349 1254 eo
1375 1200 1515 1270 quod
1543 1201 1674 1256 fines
1699 1216 1825 1255 suos
1848 1215 2059 1271 egressa
2091 1202 2265 1256 fuerit.

693 1289 915 1355 Quidam
935 1305 1057 1346 vero
1077 1290 1188 1346 hmc
1204 1291 1486 1357 allegorice
1501 1291 1825 1360 explicantes
1839 1291 2038 1356 dicunt,
2055 1293 2268 1361 quando

693 1401 756 1438 cx
785 1383 963 1439 Jtnlu‘a
995 1399 1238 1454 egressus
1258 1375 1346 1439 est
1373 1383 1629 1449 Christus,
1666 1394 1788 1438 tunc
1826 1384 1891 1437 ad
1934 1386 2078 1438 illum
2112 1400 2265 1440 acce-

691 1476 817 1530 dere
841 1491 1022 1529 ausam
1049 1491 1168 1530 esse
1198 1474 1527 1540 Ecolesiam,
1563 1490 1681 1544 quae
1719 1485 1772 1529 ct
1815 1477 1924 1544 ipsa
1965 1492 2028 1528 ex
2075 1477 2265 1530 finibus

693 1564 799 1619 suis
822 1579 1031 1635 egressa
1061 1575 1167 1629 est;
1199 1565 1272 1619 ait
1292 1566 1431 1620 enim
1465 1583 1476 1616 :
1505 1564 1803 1618 Obliviscere
1829 1566 2073 1635 populum
2099 1578 2258 1628 tuum,

689 1668 733 1710 et
762 1657 965 1711 domum
993 1659 1150 1728 patris
1177 1658 1250 1711 tui
1275 1657 1292 1726 (
1317 1657 1458 1713 Ρσιέι.
1488 1659 1576 1714 Η.
1609 1660 1669 1714 Η
1771 1658 1900 1713 Nam
1929 1659 2170 1714 Christus
2195 1675 2259 1716 ex

690 1746 879 1802 Iinibus
896 1748 1005 1801 suis
1025 1749 1278 1813 excessit,
1303 1757 1356 1802 et
1381 1749 1573 1804 mulier
1587 1765 1796 1818 quoque
1815 1765 1880 1806 ex
1905 1750 2095 1805 linibus
2115 1751 2224 1806 suis
2244 1769 2256 1804 :

687 1845 737 1892 et
761 1837 840 1893 sic
872 1846 1155 1906 potuerunt
1181 1855 1279 1891 una
1308 1839 1556 1910 colloqui.
1582 1839 1714 1893 Ecce
1741 1840 1912 1905 enim,
1944 1842 2049 1904 ait,
2082 1839 2259 1894 mulier

681 1928 972 1984 Claanana’a
1005 1947 1203 2000 egressa
1241 1947 1302 1984 ea:
1340 1931 1522 1998 ﬁnibus
1562 1933 1684 1984 suis.
1717 1934 1943 1985 Accusat
1984 1932 2256 1986 n'mlierem

685 2023 1033 2092 evangelista,
1063 2034 1116 2074 ttl
1142 2037 1194 2076 o.-
1207 2022 1386 2077 tendat
1419 2023 1726 2076 miraCnlnm
1748 2061 1762 2085 ,
1794 2023 2063 2091 ipsamque
2090 2024 2255 2091 magis

685 2112 949 2180 pra-dicet.
981 2111 1189 2166 Etenim
1219 2127 1338 2164 cum
1377 2111 1526 2166 audis
1552 2111 1932 2179 Chananzeam,
1976 2115 2254 2167 recordare

682 2204 911 2274 gentium
945 2203 1151 2258 illarum
1173 2204 1474 2274 iniquarum
1495 2246 1508 2267 ,
1548 2219 1666 2274 qua;
1692 2205 1848 2257 etiam
1886 2204 2027 2274 leges
2054 2215 2254 2260 natura:

682 2313 711 2351 a
749 2295 1105 2352 fundamentis
1132 2306 1450 2359 everterant.
1493 2298 1705 2352 illorum
1745 2314 1872 2354 vero
1910 2299 2251 2366 recordatus,

679 2387 847 2458 cogita
871 2389 974 2442 vim
996 2387 1190 2443 Christi
1219 2389 1492 2443 adventus.
1524 2388 1622 2455 Qui
1649 2390 1788 2443 enim
1817 2389 1970 2459 ejeeti
1999 2401 2154 2457 sunt,
2186 2408 2253 2446 ne

678 2478 888 2534 Judzuos
916 2489 1279 2549 perverterent
1298 2521 1313 2540 ,
1347 2481 1398 2534 hi
1429 2479 1560 2534 adeo
1593 2480 1789 2535 Juda-is
1818 2482 2062 2537 meliores
2087 2483 2099 2513 '
2134 2480 2243 2537 fne-

679 2581 887 2638 runt,ut
905 2573 1058 2626 etiam
1082 2587 1145 2626 ex
1172 2570 1362 2626 finibus
1383 2573 1494 2626 suis
1513 2573 1709 2642 egressi
1733 2571 1996 2626 tlhristnm
2022 2573 2246 2638 adirent,

678 2663 802 2716 dum
830 2661 997 2717 Judaai
1029 2661 1174 2716 illum
1205 2662 1269 2715 ad
1296 2676 1354 2716 se
1383 2662 1679 2716 venientem
1711 2665 2048 2730 repellerent.
2078 2665 2246 2719 Acce-

677 2752 807 2808 dens
842 2769 969 2824 ergo
1009 2754 1136 2807 nihil
1180 2754 1318 2807 aliud
1364 2753 1524 2819 dixit,
1572 2754 1704 2814 nisi,
1753 2753 1990 2808 Miserere
2025 2755 2154 2820 mei,
2195 2764 2250 2810 et

673 2844 905 2901 clamore
932 2861 1028 2900 suo
1055 2859 1300 2915 magnum
1334 2844 1593 2899 theatrum
1622 2856 1896 2901 convocat.
1939 2844 2062 2901 Erat
2103 2848 2244 2902 enim

675 2936 970 2992 miserabile
999 2938 1392 3005 spectaculum,
1435 2937 1710 2992 mulierem
1742 2952 1964 2994 eernere
2001 2953 2121 2996 cum
2162 2939 2242 2994 af-

677 3029 811 3086 fectu
843 3038 988 3084 tanto
1015 3033 1363 3094 clamantem,
1391 3040 1446 3086 et
1469 3030 1741 3085 mulierem
1772 3041 1992 3086 matrem
2022 3046 2118 3102 pro
2140 3032 2242 3087 lilia

671 3125 1051 3193 supplicantem
1093 3123 1300 3185 videre.
1341 3139 1438 3193 pro
1477 3123 1618 3191 filia,
1670 3126 1914 3195 inquam,
1961 3137 2063 3180 tam
2108 3128 2244 3183 male

668 3213 876 3270 affecta.
905 3212 1085 3285 Neque
1114 3218 1252 3269 cnim
1281 3229 1408 3269 ausa
1437 3215 1531 3269 fuit
1561 3217 1613 3270 in
1641 3216 1868 3288 Magistri
1901 3231 2240 3288 conspectuin

667 3306 1045 3362 daemoniacam
1084 3307 1388 3362 adducere:
1419 3307 1512 3362 sed
1556 3308 1643 3362 illa
1682 3309 1823 3362 domi
1866 3313 2044 3366 relicta
2067 3353 2081 3376 ,
2129 3313 2265 3380 ipsa

667 3413 726 3453 se
752 3399 1040 3468 supplicem
1060 3398 1223 3462 .sistit,
1248 3398 1594 3468 morbumqne
1617 3409 1814 3461 tantum
1836 3411 2235 3464 commemorat,

666 3490 794 3544 nihil
821 3490 1048 3560 amplius
1073 3489 1357 3559 adjicicns;
1405 3505 1574 3560 neque
1614 3491 1871 3545 medicum
1909 3491 2124 3545 domum
2157 3502 2238 3546 at-

667 3581 857 3646 trahit,
901 3581 1036 3634 sicut
1072 3579 1281 3650 regulus
1321 3581 1439 3642 ille,
1478 3581 1564 3650 qui
1595 3580 1800 3635 dicebat
1836 3599 1849 3633 :
1892 3580 2016 3636 Veni
2056 3593 2101 3636 et
2141 3584 2238 3635 imo

667 3688 794 3740 pone
823 3688 1028 3725 manum
1060 3679 1226 3736 tuam,
1269 3681 1316 3725 et
1343 3663 1585 3726 descende
1612 3681 1874 3741 antequam
1905 3673 2144 3727 moriatur
2171 3676 2237 3742 [i-

665 3764 763 3817 lius
787 3779 923 3818 meus
953 3761 1142 3835 (Joan.
1173 3763 1225 3816 ι.
1251 3761 1356 3836 49)
1386 3782 1400 3816 :
1423 3762 1515 3816 sed
1541 3763 1837 3817 calamitate
1854 3777 1945 3816 sna
1974 3765 2235 3832 exposita,

664 3865 716 3912 et
742 3852 910 3909 morbi
941 3854 1332 3925 magnitudine,
1367 3853 1779 3909 misericordiam
1815 3853 2018 3907 Domini
2049 3868 2238 3924 magno

665 3947 894 4000 clamore
938 3946 1184 4015 implorat
1227 3961 1240 3999 :
1291 3960 1388 4001 nec
1418 3945 1577 4010 dicit,
1620 3944 1868 4000 Miserere
1911 3945 2031 3999 lilia:
2069 3960 2234 4008 meai,

663 4039 756 4093 sed
777 4080 795 4101 ,
829 4038 1066 4093 Miserere
1089 4040 1205 4094 mei.
1240 4037 1331 4094 Illa
1358 4040 1553 4108 quippe
1583 4026 1750 4092 morbi
1781 4052 1994 4092 sensum
2036 4039 2235 4093 nullum

666 4127 853 4192 habet;
885 4143 984 4196 ego
1009 4141 1136 4182 vero
1166 4128 1691 4189 millies-discrucior,
1734 4128 1784 4181 in
1825 4143 2038 4184 sensum
2081 4129 2238 4200 a-gri-

667 4219 860 4274 tudinis
886 4221 1061 4278 venio.
1100 4230 1153 4276 et
1191 4223 1302 4276 viso
1340 4223 1524 4275 morbo
1564 4221 1786 4275 insanio.
1827 4221 1914 4278 23.
1951 4221 2048 4278 Ille
2073 4233 2238 4278 autent

665 4327 762 4363 non
791 4312 1047 4381 respondit
1077 4313 1122 4364 ei
1149 4313 1368 4365 verbum.
1396 4311 1561 4378 Quam
1595 4329 1785 4366 novum
1819 4311 1917 4369 hoc
1943 4326 1997 4369 et
2021 4315 2234 4370 inaudi-

669 4402 806 4455 tum!
839 4401 1050 4456 Jndn-os
1080 4413 1129 4456 ct
1171 4402 1401 4472 ingratos
1442 4403 1673 4464 inducit,
1713 4413 1765 4458 ct
1807 4405 2238 4473 blasphemanlcs

669 4500 846 4561 rugat.
894 4503 944 4545 et
999 4502 1260 4546 tentantes
1302 4508 1406 4545 non
1449 4493 1668 4547 dimittit
1711 4512 1724 4547 :
1769 4493 1901 4547 hanc
1947 4510 2074 4548 vero
2119 4511 2237 4565 qtuc

665 4582 730 4633 ad
760 4582 927 4648 ipsum
959 4583 1218 4645 accurrit,
1250 4597 1367 4651 qua:
1406 4593 1552 4653 rogat
1581 4594 1632 4637 et
1659 4585 1916 4653 supplicat
1937 4627 1950 4646 ,
1984 4601 2100 4654 qua:
2140 4601 2236 4639 nec

669 4672 718 4722 in
751 4671 862 4740 lege
894 4688 990 4725 nec
1022 4673 1071 4726 in
1105 4672 1373 4741 prophetis
1403 4674 1650 4739 educata,
1696 4682 1893 4727 laniant
1922 4685 2095 4728 tamen
2130 4677 2229 4743 pie-

668 4772 825 4815 tatem
855 4762 1089 4828 exhibet,
1119 4779 1184 4817 ne
1209 4764 1554 4832 responsione
1578 4764 1786 4834 quidem
1818 4766 2077 4833 dignatur.
2109 4767 2234 4831 Quis

665 4869 767 4906 non
799 4852 1032 4908 offensus
1060 4853 1274 4920 fuisset,
1304 4855 1455 4908 famae
1484 4855 1646 4924 ipsius
1676 4871 1785 4910 rem
1824 4857 1893 4912 ita
1918 4859 2234 4912 contrariam

669 4943 888 4997 videns?
918 4943 1205 4998 Audierant
1245 4946 1422 5012 enim,
1465 4947 1633 5015 ipsum
1679 4947 1822 5001 vicos
1863 4949 2236 5004 circumeundo

666 5032 880 5088 morbos
899 5047 1087 5088 curare
1108 5051 1121 5088 :
1145 5034 1281 5089 hanc
1309 5049 1436 5089 vero
1456 5035 1792 5092 accedentem
1813 5038 1927 5108 tlt‘p'
1952 5038 2046 5092 Ilil.
2066 5043 2237 5105 Quem

663 5140 768 5202 non
807 5127 1040 5182 ﬂexisset
1082 5126 1296 5180 morbus
1335 5129 1452 5182 tatis
1493 5141 1648 5198 atque
1689 5133 2030 5198 supplicatio,
2076 5150 2233 5202 quam

664 5197 934 5270 (inﬂuebat
957 5231 1051 5287 pro
1074 5215 1176 5270 filia
1198 5227 1302 5271 tam
1327 5218 1463 5273 male
1484 5197 1707 5273 affecta?
1729 5197 1904 5290 Neque
1925 5225 2063 5278 enim
2085 5197 2237 5295 quasi

668 5307 822 5374 digna
853 5305 1128 5368 beneﬂcio.
1151 5321 1202 5363 et
1232 5310 1380 5378 quasi
1413 5310 1647 5364 debitum
1684 5316 1956 5380 p--stuians
1980 5318 2227 5381 accessit,

671 5397 761 5452 sed
796 5397 1213 5456 misericordiam
1245 5402 1472 5471 petebat,
1501 5412 1550 5457 cl
1574 5395 1926 5462 calamitatem
1957 5423 2103 5463 suam
2131 5418 2236 5464 tra-

675 5491 789 5561 gice
835 5490 1113 5558 narrabat,
1157 5505 1326 5565 neque
1367 5506 1539 5552 tamen
1583 5503 1926 5569 responsione
1969 5504 2231 5575 dignatur.

675 5581 817 5636 “ulli
861 5584 1081 5639 fortasse
1120 5601 1182 5639 cx
1215 5587 1546 5643 audientibus
1586 5592 1770 5646 ochnsi
1810 5606 1928 5648 sunt
1962 5613 1973 5646 :
2006 5596 2089 5649 illa
2131 5615 2233 5651 non

733 5740 746 5768 ‘
774 5739 886 5789 Μςιι,
913 5736 1322 5800 pbtritnihalient,
1347 5740 1670 5801 s:rpien.‘iorrr,
1696 5759 1781 5805 pro
1825 5744 2064 5797 tiu-liores.

1450 360 1502 412 S.
1545 360 1816 416 .lOANNlS
1839 361 2306 418 ClillYSOSTOMI
2350 364 2663 424 ARCHIEP.
2704 370 3228 434 CONSTANTlNUP.
3863 393 3969 448 5Ξο

710 472 849 528 enim
877 487 1049 530 rerum
1078 473 1454 539 consequentia
1486 475 1815 541 postulabat,
1857 484 1912 527 ut
1955 489 2020 528 ne
2059 474 2122 528 ad
2167 475 2285 530 illos

710 565 907 632 primos
925 571 1227 617 accnrrerct
1256 580 1269 615 :
1297 563 1372 615 sic
1393 565 1708 618 accedentes
1733 565 1988 632 νυνι-Πρω
2015 565 2283 637 indignum

706 663 820 709 erat
849 650 989 728 illius
1017 655 1358 724 benignitate.
1386 654 1514 709 Nam
1538 657 1581 710 si
1613 655 1870 726 fugientes
1896 658 2097 727 insequi
2126 673 2284 728 opor-

707 745 881 811 tebat,
907 727 1094 801 'multo
1124 748 1290 815 magis
1317 746 1654 816 insequentes
1698 747 1875 815 fugere
1906 763 2010 802 non
2039 727 2277 804 decebat.

2395 477 2537 534 item.
2574 481 2774 554 Ecquid
2815 487 2962 555 dico,
2996 507 3058 545 ex
3089 495 3459 550 audientibus?
3488 499 3618 554 Nam
3649 514 3772 571 puto
3807 507 3937 562 disci

2391 571 2537 637 pulos
2561 572 2704 641 ipzns
2719 576 2784 630 de
2806 580 3103 634 calamitate
3125 585 3361 638 mulieris
3388 588 3606 644 allectos
3630 594 3968 662 turbato-que

2387 658 2566 717 fuisse.
2597 663 2776 733 Neque
2806 677 3010 735 tamen,
3046 673 3239 727 turbati
3270 676 3424 740 licet,
3455 678 3633 734 dicere
3661 683 3773 734 ausi
3805 658 3921 737 sunt
3949 701 3962 736 :

2387 750 2531 805 Hane
2571 753 2646 808 illi
2687 761 2918 812 concede
2945 763 3167 830 gratiam
3211 781 3224 817 :
3265 767 3355 820 sed
3399 769 3695 825 Accedentes
3731 775 3970 842 discipuli

2381 842 2620 910 rogabant
2645 862 2755 897 eum
2785 848 3002 903 dicentes
3025 868 3044 904 :
3071 850 3280 908 Dimitte
3309 856 3470 923 illaut,
3499 861 3617 927 quia
3645 861 3829 916 clamat
3855 877 3970 932 past

2378 947 2485 983 nos.
2516 931 2624 988 Nos
2654 938 2794 990 enim
2826 955 2945 991 eum
2977 943 3219 996 volumus
3243 945 3438 1014 aliquid
3468 952 3728 1016 suadere,
3755 931 3965 1008 contra-

2377 1021 2454 1073 ria
2495 1034 2637 1091 sa'pe
2675 1025 2900 1082 dicimus
2934 1047 2944 1079 ε
2978 1030 3220 1086 Christus
3248 1049 3375 1089 vero
3404 1039 3477 1091 ait
3507 1056 3519 1090 :
3548 1039 3635 1095 24.
3686 1041 3806 1096 Non
3850 1058 3963 1096 sum

2376 1110 2556 1164 missus
2588 1115 2682 1166 nisi
2709 1117 2776 1168 ad
2805 1133 2916 1170 oues
2942 1136 3052 1184 qttte
3077 1123 3326 1188 perierunt
3357 1129 3531 1182 domus
3562 1129 3745 1185 Israel.

2440 1201 2494 1254 ἓ.
2524 1205 2657 1268 Quid
2691 1209 2847 1275 igitur
2875 1212 3102 1266 nmlier?
3142 1232 3206 1268 an
3246 1231 3365 1271 cum
3411 1223 3521 1275 lucc
3560 1223 3830 1287 audisset,
3871 1234 3953 1279 ta-

2371 1293 2517 1346 cuit?
2536 1309 2600 1347 an
2627 1297 2906 1352 discessit?
2930 1318 2994 1353 an
3017 1305 3246 1358 Studium
3270 1318 3322 1360 ct
3344 1311 3575 1363 animum
3602 1319 3952 1382 compressit?

2367 1380 2613 1448 Minime;
2659 1387 2764 1440 imo
2807 1395 2972 1458 magis
3011 1394 3254 1448 innabat.
3299 1397 3488 1453 \‘erum
3532 1401 3668 1456 haud
3711 1380 3777 1458 ita
3819 1423 3950 1472 nos;

2366 1475 2456 1527 sed
2488 1490 2606 1528 cum
2639 1481 2897 1545 postulata
2926 1499 3030 1536 non
3056 1489 3409 1556 assequimur,
3438 1491 3742 1548 desistimus
3761 1537 3774 1554 .
3824 1514 3950 1552 cum

2366 1569 2532 1636 magis
2574 1570 2768 1624 instare
2807 1587 2900 1640 par
2936 1587 3094 1627 easct.
3136 1578 3295 1648 Atqui
3339 1597 3496 1649 quem
3529 1600 3632 1636 non
3664 1587 3945 1653 dejeeissel

2362 1655 2559 1719 dictum
2601 1659 2941 1729 llttjlh‘lllOdl?‘
2969 1663 3143 1733 Ipsum
3173 1669 3440 1724 silentium
3470 1685 3672 1740 peterat
3713 1677 3849 1730 illam
3894 1680 3946 1732 in

2361 1743 2786 1819 desperationem
2815 1757 3112 1826 conjicere;
3153 1761 3427 1832 multoque
3461 1765 3626 1835 magis
3668 1785 3713 1821 τε
3730 1772 3947 1837 sponsio

2364 1841 2502 1895 talis.
2523 1841 2656 1897 Nam
2675 1858 2792 1898 cum
2814 1858 3064 1914 patronos
3083 1864 3208 1903 suos
3234 1866 3417 1906 secum
3441 1855 3702 1923 repulsam
3731 1862 3835 1929 pati
3861 1863 3942 1914 vi-

2360 1930 2860 2006 deret,audiretque,
2879 1954 2987 1992 rem
3009 1938 3121 1994 fieri
3140 1956 3243 1993 non
3264 1943 3499 2011 posse,in
3516 1945 3947 2015 desperationem

2357 2027 2701 2094 assequendae
2730 2030 2803 2084 rei
2833 2031 3024 2100 conjici
3069 2040 3293 2102 poterat.
3328 2037 3572 2091 Attamen
3614 2055 3718 2092 non
3760 2043 3945 2095 animo

2357 2113 2547 2170 defecit
2574 2119 2794 2184 mulier;
2830 2119 2921 2175 5rd
2965 2123 3050 2175 ubi
3084 2123 3232 2187 vidit,
3270 2124 3400 2178 nihil
3423 2137 3670 2192 patronos
3701 2128 3943 2196 t-flicere,

2356 2219 2453 2258 ceu
2474 2207 2792 2274 impudentia
2817 2208 3061 2266 laudabili
3083 2213 3097 2243 ¹
3123 2227 3214 2267 usa
3235 2217 3509 2270 est.Antea
3529 2217 3577 2270 in
3593 2229 3944 2288 conspectum

2355 2296 2536 2350 venire
2566 2311 2667 2351 non
2699 2298 2924 2354 audebat
2965 2318 2976 2353 :
3005 2298 3221 2369 Clamat,
3250 2305 3510 2374 inquiunt,
3535 2317 3646 2375 post
3667 2323 3757 2360 nos
3771 2322 3943 2370 ,‘cum

2355 2397 2530 2440 autem
2551 2389 2837 2444 verisimile
2865 2391 3148 2455 videretur,
3173 2392 3342 2462 ipsam
3363 2396 3525 2449 animi
3548 2397 3756 2451 dubiam
3787 2409 3940 2454 retro

2354 2489 2645 2541 cessuram,
2673 2478 2895 2534 tuncilla
2921 2484 3137 2552 propius
3162 2487 3405 2550 accessit,
3433 2497 3482 2538 et
3510 2486 3736 2540 adorans
3757 2487 3892 2544 dixit
3920 2506 3937 2544 :

2351 2566 2438 2622 25.
2472 2566 2705 2632 Domine,
2737 2571 2922 2640 adjuua
2952 2589 3046 2627 me.
3067 2575 3214 2642 Quid
3233 2574 3333 2630 hoc
3361 2585 3464 2644 est,
3487 2591 3523 2632 ο
3550 2578 3773 2634 mulier?
3801 2595 3936 2635 nutn

2352 2657 2604 2726 majorem
2635 2659 2818 2725 habes,
2842 2677 2998 2730 quam
3023 2667 3269 2734 apostoli,
3301 2665 3579 2722 lidnciam?
3607 2685 3729 2722 num
3762 2671 3939 2740 majo-

2351 2764 2462 2803 rem
2493 2749 2887 2809 fortitudinem?
2911 2753 3176 2810 Fiduciam
3198 2768 3252 2813 et
3276 2757 3631 2816 fortitudinem
3671 2763 3891 2820 minime
3915 2801 3937 2826 ν

2351 2839 2455 2894 imo
2473 2843 2672 2910 pudore
2687 2845 2980 2909 sull'undor;
3000 2849 3091 2902 sed
3110 2849 3532 2906 inverecundiam
3547 2866 3645 2922 pro
3659 2855 3936 2924 supplica-

2349 2930 2492 2985 tione
2517 2931 2745 2987 adhibco
2775 2951 2788 2986 :
2823 2936 3150 2991 revercbitur
3175 2939 3415 2994 ﬁduciam
3442 2956 3634 2996 meum.
3664 2943 3770 2999 Sed
3798 2947 3938 3016 quid

2348 3022 2484 3077 hoc?
2513 3039 2617 3078 non
2643 3025 2836 3081 audisti
2871 3027 3134 3084 dicentem
3155 3073 3168 3090 .
3204 3030 3322 3086 Non
3358 3049 3471 3088 sunt
3509 3027 3828 3092 ntissus'niss‘
3855 3039 3933 3092 ad

2346 3129 2456 3168 oves
2481 3130 2592 3184 qua:
2619 3117 2871 3185 perierunt
2899 3118 3075 3172 donius
3105 3119 3307 3176 Israel?
3331 3124 3562 3190 Audivi,
3595 3125 3796 3195 inquit,
3828 3127 3935 3182 sed

2348 3206 2458 3275 ipse
2487 3207 2739 3263 Dominus
2765 3218 2865 3264 est.
2901 3211 3024 3268 Ideo
3050 3228 3158 3267 non
3185 3215 3422 3270 dicebat.
3454 3216 3557 3278 Ora
3587 3226 3639 3272 et
3663 3233 3886 3288 precare
3911 3236 3933 3286 ;

2345 3298 2461 3360 sed,
2492 3299 2687 3368 Adjnva
2714 3317 2805 3356 tne.
2839 3303 2974 3368 Quid
3001 3318 3127 3374 ergo
3151 3301 3429 3362 Christus?
3457 3307 3534 3364 Ne
3562 3309 3676 3364 istis
3702 3311 3933 3379 quidem

2343 3399 2651 3449 contentus.
2683 3389 3060 3448 dubitationem
3092 3396 3266 3462 ausit,
3299 3396 3480 3452 dicens
3510 3416 3521 3451 :
3551 3399 3640 3454 26.
3687 3398 3806 3454 Non
3848 3414 3936 3457 est

2344 3480 2527 3531 bonum
2552 3495 2746 3535 sumere
2769 3498 2947 3550 partem
2972 3484 3193 3553 ﬁliorum
3210 3525 3226 3550 ,
3267 3497 3313 3540 et
3340 3488 3531 3542 mittere
3553 3489 3780 3544 canibus.
3813 3492 3937 3548 Re-

2343 3583 2539 3638 sponso
2576 3571 2742 3641 magis
2785 3588 2941 3644 quam
2981 3575 3190 3631 silentio
3231 3579 3478 3632 intestina
3520 3580 3660 3636 illam
3704 3580 3888 3636 alfecit
3917 3625 3934 3638 .

2341 3659 2456 3714 Jatn
2501 3677 2604 3715 non
2645 3665 2709 3717 ad
2747 3665 2908 3720 alium
2956 3680 3167 3722 causam
3209 3669 3490 3733 transfert,
3542 3687 3712 3741 neque
3749 3674 3888 3729 dicit
3915 3718 3936 3741 ,

2347 3751 2465 3805 Non
2489 3769 2599 3807 sum
2618 3756 2795 3808 missus
2819 3771 2837 3810 :
2859 3757 2951 3810 sed
2973 3768 3169 3827 quanto
3192 3759 3355 3830 magis
3376 3761 3458 3814 illa
3485 3763 3709 3830 petendo
3729 3763 3934 3834 instat,

2345 3854 2489 3898 tanto
2532 3845 2784 3914 majorem
2827 3847 2914 3902 ille
2954 3848 3045 3902 dat
3083 3852 3369 3917 repulsam.
3413 3851 3594 3922 Neque
3630 3853 3739 3922 jam
3788 3873 3942 3914 oves

2343 3943 2493 3989 vocat
2514 3935 2745 4004 Judaios,
2769 3938 2861 3993 sed
2885 3941 3038 4002 ﬁlios,
3064 3942 3227 4010 imam
3252 3958 3373 3996 vero
3395 3960 3599 3998 canem.
3629 3947 3761 4012 Quid
3785 3963 3943 4019 ergo

2343 4026 2565 4080 mulier?
2601 4027 2674 4082 Ex
2717 4029 2841 4097 ipsis
2884 4032 3061 4084 verbis
3097 4032 3459 4089 defensionem
3503 4037 3602 4091 sibi
3645 4049 3816 4106 parat.
3866 4041 3942 4098 Si

2343 4119 2489 4170 canis
2525 4132 2678 4183 sum,
2726 4120 2925 4188 inquit,
2970 4139 3072 4176 non
3113 4138 3229 4177 sum
3276 4127 3467 4182 aliena.
3511 4127 3637 4184 lure
3671 4130 3946 4189 Christus

2342 4206 2545 4261 dicebat
2567 4249 2581 4271 ,
2612 4209 2678 4263 la
2698 4211 2946 4280 judicium
2976 4229 3066 4283 ego
3095 4216 3204 4268 ueni
3244 4214 3433 4283 (Joan.
3475 4217 3527 4272 9.
3569 4220 3690 4289 '59).
3723 4220 3952 4277 Mulier

2343 4289 2428 4351 illa
2457 4299 2872 4370 philosolihatur,
2903 4309 3351 4373 persevcrantiam
3392 4319 3442 4363 et
3485 4310 3636 4364 tidem
3669 4326 3946 4380 magnt

2339 4387 2586 4455 exhibet,
2615 4392 2715 4445 etsi
2739 4396 3071 4450 contumeliis
3098 4395 3282 4450 affecta
3314 4414 3330 4450 :
3361 4397 3528 4454 διιὼκί
3562 4415 3684 4453 vero
3711 4416 3844 4456 cura
3870 4416 3946 4460 et

2341 4480 2541 4535 honore
2572 4483 2719 4546 culti,
2751 4488 3070 4540 contrariam
3098 4489 3264 4542 vicem
3296 4490 3607 4558 rependunt.
3639 4490 3792 4554 Novi,
3833 4496 3951 4550 iu-

2340 4573 2450 4641 qnit
2480 4573 2585 4636 illa,
2607 4575 2779 4628 cibun:
2812 4577 2932 4630 filiis
2957 4592 3074 4631 esse
3109 4582 3501 4645 necessarium;
3535 4598 3704 4653 neque
3735 4594 3957 4641 uiri-cu

2339 4679 2456 4732 ego,
2486 4669 2582 4719 etsi
2611 4668 2775 4731 canis,
2807 4669 2992 4736 repelli
3019 4668 3206 4726 debeo.
3239 4671 3368 4727 Nam
3398 4673 3444 4728 si
3473 4674 3620 4728 nefas
3647 4687 3726 4728 est
3751 4679 3954 4746 quid-

2339 4775 2493 4828 quam
2527 4759 2801 4829 accipere,
2833 4760 2913 4814 vel
2941 4774 2970 4811 a
3003 4760 3151 4814 micis
3176 4761 3581 4829 abstinendum;
3621 4765 3703 4818 sin
3731 4769 3959 4823 tantil-

2341 4850 2442 4903 lum
2483 4859 2685 4920 partem
2734 4850 2927 4904 habere
2968 4849 3119 4913 licet,
3163 4866 3263 4907 nec
3299 4867 3398 4922 ego
3439 4837 3741 4922 prohibeor,
3794 4856 3960 4915 licet

2340 4942 2486 4993 canis
2515 4941 2648 5005 sim;
2683 4942 2773 4995 sed
2802 4941 2919 4995 ideo
2945 4943 3172 4997 maxime
3199 4943 3248 4995 in
3279 4955 3475 5012 partem
3510 4947 3742 4999 vocanda
3772 4961 3964 5007 sum.

2342 5032 2414 5086 Ea
2453 5032 2519 5085 de
2557 5047 2713 5085 causa
2755 5031 2996 5086 Christus
3031 5031 3340 5097 tliﬂ‘erebat,
3384 5037 3524 5104 quod
3568 5039 3726 5091 sciret
3771 5039 3858 5093 ill.
3896 5060 3966 5100 ιη

2340 5121 2452 5175 haec
2481 5120 2740 5175 dicturam
2770 5136 2908 5185 esse,
2941 5121 3059 5176 ideo
3083 5123 3278 5176 donum
3310 5126 3552 5191 negabat,
3587 5136 3642 5178 ut
3663 5127 3780 5193 ejus
3805 5130 3969 5198 μιιξ-

2341 5211 2634 5282 losophiam
2666 5214 2954 5280 exhiberet.
2986 5215 3093 5270 Nisi
3126 5217 3265 5270 enim
3294 5217 3512 5272 daturus
3542 5217 3721 5274 fuisset
3748 5260 3766 5286 ,
3818 5241 3949 5282 no.

2341 5312 2522 5373 postea
2550 5304 2802 5370 dedisset,
2827 5322 2996 5378 neque
3024 5308 3165 5360 illam
3189 5308 3377 5363 iterum
3405 5312 3747 5380 repre~sisset
3779 5331 3792 5367 :
3841 5322 3984 5380 sed

2342 5394 2478 5464 quod
2507 5410 2628 5465 erga
2658 5397 3018 5453 centurionem
3047 5395 3173 5452 fecit
3194 5440 3209 5463 ,
3239 5398 3422 5454 dicens
3449 5417 3461 5452 :
3491 5399 3602 5472 Ego
3632 5402 3879 5467 neniam,
3921 5425 3987 5468 ει

2339 5495 2522 5544 curabo
2550 5506 2664 5542 eum
2693 5492 2709 5556 (
2736 5488 2916 5542 Matth.
2947 5490 2998 5544 8.
3031 5489 3130 5562 7);
3165 5500 3220 5544 nt
3257 5493 3372 5560 ejus
3404 5492 3653 5560 pietatem
3679 5498 3985 5556 discergk

2341 5596 2458 5633 nius
2479 5622 2492 5643 ,
2525 5591 2573 5634 ct
2604 5581 2906 5635 audiremus
2938 5581 3082 5635 illum
3111 5582 3376 5638 dicentem
3405 5603 3418 5636 :
3451 5582 3568 5640 Non
3599 5602 3704 5641 sum
3724 5586 3988 5658 dignus

2404 5759 2418 5787 ¹
2449 5756 2498 5804 In
2538 5756 2824 5807 n.:ot".rulice
2846 5757 2985 5810 deest
3015 5774 3123 5818 vox,
3146 5761 3397 5814 laudabili.
