4154 6324
224 282 312 338 Sil
1279 272 1342 328 ΙΝ
1387 266 1793 328 ΜΑΤἸΊΗῚἯ

1942 267 2062 320 lllL
2110 267 2214 324 ιιι.
2259 273 2327 326 al.
2376 271 2504 326 Lill.

229 419 274 460 ut
301 409 451 458 intres
483 403 579 457 sub
612 411 794 456 tectum
836 415 1035 461 meum;
1075 394 1322 467 quodque
1366 393 1416 447 in
1459 391 1658 446 fluxum
1702 401 1795 441 san

231 501 396 570 guinis
421 499 662 567 patiente
687 494 837 552 fecit.
866 491 975 563 Ego
995 534 1008 554 ,
1042 490 1237 558 inquit,
1267 487 1383 539 novi
1410 486 1639 538 virtutem
1665 497 1728 534 ex
1756 496 1834 533 me

229 609 473 663 egressam
505 588 672 660 (Luc.
707 591 756 641 8.
793 589 858 640 Mi
881 588 918 652 ),
962 593 1020 637 ut
1050 583 1191 637 illius
1224 581 1380 634 fidem
1412 578 1743 637 declararet;
1778 583 1828 627 et

229 684 368 752 quod
396 684 446 735 iu
475 681 811 738 Samaritana
836 722 848 743 ,
885 686 939 731 ut
977 673 1285 729 ostenderet
1313 687 1431 726 eam
1453 712 1467 734 ,
1512 685 1578 722 ne
1617 668 1828 736 quidem

228 778 550 829 confutatam
580 773 841 826 absistere
863 769 1056 841 (Joan.
1090 768 1160 837 4)
1187 784 1199 820 :
1224 767 1300 820 sic
1325 773 1379 819 et
1405 764 1504 818 hoc
1533 763 1651 816 loco
1684 761 1828 815 facit.

231 868 342 922 Non
373 869 516 922 enim
548 875 751 918 tantam
778 863 986 916 volebat
1014 860 1251 913 mulieris
1274 858 1520 911 virtutem
1551 855 1736 908 latere.
1762 854 1853 907 At-

229 961 369 1012 ιιιιὶιιι
406 977 510 1012 non
541 956 916 1026 exprobrantis
945 962 1098 1008 erant
1124 967 1186 1006 ca
1212 966 1331 1021 quze
1359 950 1588 1013 diccbat,
1618 949 1708 1003 sed
1737 946 1830 1000 ad-

233 1052 499 1114 vocantis,
543 1062 594 1104 et
626 1048 893 1103 occultum
926 1047 1235 1101 thesaurum
1267 1044 1575 1096 revelantis.

297 1141 606 1195 Clamanaete
635 1139 761 1208 ﬁdes
799 1146 842 1191 et
879 1134 1337 1190 humilitas.—Tu
1375 1149 1503 1187 vero
1551 1132 1676 1186 mihi
1725 1148 1826 1186 una

227 1249 350 1288 cum
384 1234 490 1288 fide
516 1231 865 1285 humilitatem
894 1244 1106 1299 quoque
1131 1228 1369 1281 mulieris
1391 1225 1685 1295 perpende.
1715 1224 1828 1293 Ipse

230 1338 462 1394 namque
492 1324 629 1376 filios
661 1321 868 1376 vocavit
903 1320 1150 1384 Judaeos;
1183 1318 1298 1372 ha'c
1323 1333 1450 1371 vero
1478 1317 1526 1370 id
1555 1331 1657 1370 non
1698 1316 1829 1370 satis

231 1415 470 1482 habens,
509 1414 757 1468 dominos
798 1411 1081 1482 appellavit
1125 1428 1137 1463 :
1175 1417 1381 1464 tantum
1423 1407 1623 1472 abfuit,
1667 1417 1725 1462 ut
1763 1407 1829 1462 de

227 1507 399 1559 aliena
428 1505 585 1559 laude
607 1504 815 1559 doleret
839 1521 849 1556 :
878 1501 965 1557 27.
999 1501 1198 1556 Etenim
1219 1501 1418 1566 catelli,
1446 1499 1649 1570 inquit,
1675 1499 1829 1551 edunt

227 1599 291 1652 de
334 1601 478 1652 micis
523 1614 637 1667 quae
677 1598 862 1650 cadunt
911 1598 974 1649 de
1015 1610 1187 1648 mensa
1227 1595 1548 1647 dominorum
1597 1608 1825 1646 suorum.

233 1691 423 1746 liideu'
454 1691 789 1761 prudentiam
820 1688 1096 1744 mulieris?
1126 1686 1398 1758 quomodo
1428 1701 1526 1741 nec
1551 1684 1825 1741 contradi-

228 1798 353 1836 cere
382 1782 610 1848 audeat,
641 1796 739 1836 nec
763 1781 987 1834 aliorum
1020 1779 1161 1832 laudi
1195 1779 1461 1844 invideat,
1505 1793 1604 1832 nec
1629 1787 1821 1831 contu—

229 1872 445 1926 nit-liam
479 1887 620 1943 a-gre
649 1873 817 1924 ferat?
843 1870 1015 1923 viden‘
1044 1869 1532 1938 perseverantiam?
1565 1868 1657 1921 Ille
1678 1867 1824 1930 dicit,

233 1962 354 2016 Non
383 1973 454 2015 est
484 1962 704 2024 bonum;
741 1963 828 2016 illa
855 1961 1163 2030 respondet,
1196 1959 1384 2024 Etiam,
1416 1959 1630 2012 Domine
1659 1975 1677 2012 :
1716 1959 1828 2029 ipse

230 2054 368 2106 filios
402 2065 588 2117 vocat;
625 2053 737 2107 haec
763 2053 1010 2107 dominos
1040 2070 1052 2105 :
1083 2053 1194 2120 ipse
1224 2067 1410 2106 canem
1439 2051 1708 2120 appellat;
1739 2052 1827 2106 illa

226 2163 420 2201 canum
474 2163 677 2201 morem
731 2145 950 2201 addidit.
1009 2147 1192 2199 Vidisti
1245 2147 1383 2200 illius
1433 2146 1829 2201 humilitatem?

227 2240 366 2293 Audi
404 2239 712 2295 Iudaeorum
748 2240 1079 2310 jactantixm.
1125 2240 1309 2294 Semen
1357 2239 1574 2293 Abrahae
1615 2257 1826 2306 sumus,

226 2336 498 2405 inquiunt,
542 2345 586 2388 et
628 2335 755 2388 nulli
797 2351 1035 2406 umquam
1065 2335 1390 2399 seruiuimus,
1429 2344 1581 2403 atque
1617 2351 1679 2388 ex
1721 2332 1829 2388 Deo

227 2431 333 2482 nati
355 2447 529 2484 sumus
553 2429 731 2502 (loau.
757 2430 808 2485 8.
832 2431 942 2501 55).
971 2428 1076 2484 Sed
1106 2445 1212 2483 non
1236 2429 1307 2481 ita
1334 2428 1559 2495 mulier;
1582 2428 1828 2483 catellum

227 2539 286 2576 se
316 2533 506 2586 Vocat,
543 2523 768 2592 illosque
809 2522 1052 2576 dominos
1079 2541 1093 2576 :
1123 2522 1347 2590 idecque
1379 2521 1482 2575 filia
1509 2521 1696 2576 effecta
1723 2531 1826 2576 est.

225 2615 364 2680 Quid
389 2630 519 2684 ergo
540 2615 822 2686 Christus?
845 2613 932 2668 28.
964 2611 1008 2667 0
1031 2614 1248 2668 mulier!
1274 2629 1456 2683 magna
1476 2624 1548 2667 est
1568 2613 1697 2680 ﬁdes
1719 2623 1826 2667 tua.

227 2706 354 2762 ideo
399 2724 628 2778 namque
675 2707 980 2773 diderebat,
1015 2717 1068 2761 ut
1102 2710 1152 2761 in
1188 2708 1324 2762 hanc
1354 2723 1538 2763 vocem
1579 2724 1831 2779 erumpe-

228 2813 308 2855 ret
330 2842 346 2865 ,
383 2811 439 2856 ut
463 2803 746 2858 mulierem
775 2814 1076 2858 coronaret.
1107 2802 1225 2856 Fiat
1253 2805 1338 2858 tibi
1366 2805 1493 2856 sicut
1519 2805 1609 2858 ris.
1642 2804 1698 2858 Id
1724 2813 1826 2866 est,

226 2893 364 2947 tides
391 2902 482 2945 tua
516 2894 600 2947 his
631 2893 830 2962 majora
873 2903 1046 2962 potest
1088 2894 1376 2963 perficere;
1415 2905 1668 2950 ueterum
1710 2893 1830 2948 Fiat

228 2987 316 3038 tibi
341 2987 470 3040 sicut
502 2987 597 3040 vis.
633 2987 755 3041 llaec
787 3003 883 3041 vox
913 2987 1087 3042 affinis
1114 2998 1196 3042 est
1227 2989 1335 3054 illi,
1381 2987 1498 3041 Fiat
1539 2989 1719 3043 cretum
1739 3030 1752 3052 ,
1783 2999 1830 3043 et

229 3083 420 3146 factum
448 3088 524 3132 est
554 3079 754 3132 celum.
785 3079 852 3132 Et
876 3090 1056 3134 sanata
1087 3090 1157 3134 est
1195 3081 1303 3148 ﬁlia
1330 3081 1440 3152 ejus
1466 3081 1528 3134 ab
1557 3080 1650 3134 illa
1680 3081 1827 3135 hora.

233 3170 418 3224 Viden‘
443 3186 551 3223 non
581 3186 764 3239 parum
795 3171 937 3224 illam
963 3171 1204 3225 intulisse
1228 3171 1292 3225 ad
1321 3172 1652 3241 curationem
1678 3171 1831 3226 filim?

229 3261 352 3315 Ideo
374 3262 520 3316 enim
545 3277 650 3314 non
673 3261 800 3315 dicit
819 3261 1063 3316 Christus
1083 3305 1096 3326 ,
1129 3263 1358 3317 Sanetur
1382 3263 1485 3316 ﬁlia
1520 3272 1606 3317 tua
1632 3265 1682 3323 ¹;
1710 3262 1827 3331 sed,

232 3354 424 3425 Magna
451 3365 529 3409 est
558 3355 684 3420 fides
711 3365 798 3408 tua
816 3397 832 3419 ,
864 3356 956 3423 ﬁat
983 3356 1070 3408 tibi
1097 3367 1149 3408 ut
1171 3356 1243 3408 vis
1265 3371 1283 3408 :
1306 3366 1364 3410 ut
1390 3355 1582 3420 discas,
1615 3370 1719 3410 non
1747 3371 1833 3410 as-

230 3451 549 3503 sentationis
581 3449 738 3502 verba
771 3447 933 3502 fuisse
953 3490 967 3512 ,
1003 3448 1095 3502 sed
1122 3448 1372 3504 eximiam
1406 3449 1524 3504 fidei
1556 3450 1829 3503 virtutem.

235 3539 543 3608 Rerumque
569 3540 782 3593 eventui
813 3550 1114 3594 accuratam
1145 3541 1220 3594 rei
1250 3541 1618 3609 probationem
1650 3550 1704 3595 et
1733 3540 1829 3596 de-

233 3632 675 3686 monstrationem
719 3631 962 3686 Christus
991 3632 1225 3703 reliquit.
1261 3632 1456 3687 Sauata
1483 3641 1593 3698 est,
1628 3633 1830 3702 inquit,

233 3725 411 3779 atatim
441 3725 552 3778 tilia
578 3724 712 3792 ejus.

306 3819 339 3872 3
393 3817 679 3870 Assiduitas
707 3818 948 3886 precandi
977 3828 1167 3886 quanta
1205 3837 1304 3874 res.
1329 3819 1480 3874 -Τιι
1512 3835 1638 3876 vero
1662 3820 1835 3875 anim-

236 3909 475 3974 adverte,
510 3910 804 3979 quomodo,
832 3911 1091 3980 apostolis
1133 3913 1398 3980 superatis
1438 3913 1676 3982 nihilque
1708 3927 1837 3983 ope-

239 4002 400 4064 ratis,
437 4001 532 4055 illa
583 4009 755 4055 totum
802 4003 1045 4072 perfecit.
1090 4003 1257 4058 Tanta
1313 4020 1397 4058 res
1426 4016 1507 4059 est
1553 4006 1837 4061 assiduitas

239 4095 584 4162 precationis.
614 4095 745 4149 Nam
787 4111 906 4150 cum
951 4096 1018 4151 de
1049 4097 1208 4152 rebus
1254 4099 1452 4153 nostris
1484 4101 1691 4169 agitur,
1725 4117 1838 4154 ma-

241 4188 353 4242 vult
396 4204 425 4241 a
479 4189 638 4242 nobis
670 4191 847 4258 potius
878 4192 1052 4259 rogari
1079 4234 1094 4253 ,
1124 4207 1282 4260 quam
1324 4192 1391 4244 ab
1411 4193 1529 4247 aliis
1559 4208 1656 4262 pro
1685 4194 1839 4249 nobis

245 4282 639 4350 precantibus:
684 4297 1008 4351 quamquam
1061 4283 1134 4337 illi
1191 4285 1397 4354 majore
1442 4295 1596 4339 erant
1648 4287 1837 4342 fiducia

245 4375 491 4428 instructi
525 4391 541 4434 ;
573 4375 667 4429 sed
702 4374 817 4429 hrrc
844 4376 1065 4429 multam
1088 4379 1542 4444 perseverantiam
1574 4378 1834 4433 exhibuit.

246 4467 348 4520 Per
376 4468 586 4521 exitum
622 4478 802 4520 autem
835 4468 912 4522 rei
933 4467 1221 4537 discipulis
1242 4470 1394 4538 quasi
1424 4485 1545 4525 sese
1571 4473 1836 4541 purgavit,

245 4558 383 4626 quod
425 4558 760 4626 distulisset,
789 4567 844 4614 et
873 4559 996 4628 jure
1024 4574 1083 4614 se
1114 4561 1218 4615 illis
1253 4563 1567 4631 rogantibus
1599 4579 1705 4618 non
1749 4581 1841 4618 an-

247 4651 426 4705 nuisse
463 4651 708 4706 ostendit
739 4651 862 4706 :29.
899 4652 1105 4707 Etcum
1134 4656 1393 4710 transisset
1418 4657 1536 4711 inde
1558 4657 1729 4725 Jesus,
1760 4676 1842 4714 ve-

249 4741 326 4793 nit
357 4757 506 4794 secus
539 4756 684 4792 mare
732 4738 992 4794 Galila'te.
1045 4738 1113 4792 Et
1161 4744 1446 4793 ascendens
1497 4741 1550 4792 in
1587 4749 1836 4805 montem,

248 4831 454 4884 sedebat
487 4831 582 4884 ibi.
615 4830 701 4884 50.
737 4828 808 4882 Ει
839 4839 1170 4884 accesserunt
1200 4830 1270 4882 ad
1294 4847 1411 4883 eum
1451 4829 1617 4883 turba:
1657 4829 1839 4883 multa:

249 4924 496 4976 habentes
549 4939 723 4975 secum
780 4923 1026 4986 claudos,
1075 4938 1270 4985 caecos,
1328 4921 1562 4982 debiles,
1609 4931 1837 4979 mutos:

247 5026 295 5066 et
333 5015 666 5082 projecerunt
709 5030 792 5066 eos
844 5025 964 5065 ante
1008 5013 1160 5081 pedes
1197 5013 1308 5083 ejus
1343 5029 1359 5066 :
1394 5024 1441 5065 et
1489 5013 1695 5065 curavit
1727 5029 1836 5076 eos,

251 5107 332 5157 ita
375 5114 432 5156 ut
475 5104 646 5157 turba:
694 5107 1049 5169 mirarentur,
1091 5106 1212 5156 dum
1257 5104 1485 5156 viderent
1535 5113 1703 5156 mutos
1755 5103 1836 5155 lo-

250 5207 485 5262 quentes,
535 5196 732 5249 debiles
760 5212 937 5261 sanos,
971 5206 1020 5248 et
1071 5212 1232 5249 caecos
1273 5196 1503 5248 videntes
1530 5236 1542 5257 ,
1588 5207 1634 5247 et
1677 5195 1838 5264 glori-

252 5295 539 5352 ﬁcaverunt
590 5287 754 5340 Deum
803 5286 997 5341 Israel.
1053 5289 1361 5356 Aliquando
1408 5288 1522 5356 ipse
1563 5289 1836 5352 circumit,

253 5380 547 5446 .liquando
599 5379 753 5432 sedet
793 5394 967 5445 aegros
1020 5390 1363 5448 exspectans,
1417 5388 1467 5430 et
1508 5379 1730 5432 claudos
1772 5379 1838 5432 ad

255 5480 488 5522 amntem
543 5470 781 5522 adducit.
852 5466 1039 5538 Neque
1092 5486 1233 5522 nunc
1282 5471 1662 5524 vestimentum
1720 5480 1838 5523 tatr-

255 5573 424 5630 punt,
491 5563 586 5618 sed
631 5559 703 5616 ad
733 5560 1041 5616 sublimiora
1072 5563 1322 5627 adducti,
1367 5563 1726 5632 projieiuntur
1773 5563 1838 5618 ad

322 5743 338 5775 ¹
372 5742 569 5800 Quidam
597 5742 799 5800 habent,
833 5741 932 5799 tibi,
961 5755 1068 5804 pro,
1095 5746 1196 5791 tua.

3443 270 3544 324 se!

1945 387 2109 454 pedes
2138 385 2275 458 ejus,
2304 389 2683 459 duplicemque
2717 388 2873 442 tidem
2917 405 3067 441 suam
3117 399 3449 445 monstrant.
3494 401 3540 442 et

1940 481 2080 551 quod
2111 482 2284 537 claudi
2318 483 2368 538 in
2401 493 2634 540 inoutem
2668 485 2983 548 ascendant,
3018 493 3070 537 et
3097 483 3239 552 quod
3272 484 3419 538 nullo
3441 483 3545 535 alio

1939 585 2154 643 egeant,
2188 575 2289 628 nisi
2319 585 2521 628 tantum
2572 586 2627 630 ut
2677 575 3026 644 projiciantur
3052 584 3175 628 ante
3213 575 3376 644 pedes
3406 575 3542 641 ejus.

1941 669 2174 739 Eratque
2220 688 2302 725 res
2335 671 2468 723 mira
2498 686 2560 722 ae
2588 669 2851 739 stupenda
2880 711 2894 734 ,
2926 669 3048 722 illos
3078 669 3166 736 qui
3196 669 3547 736 gestabantur

1936 761 2274 816 ambulantes
2305 761 2690 831 nullojuvante
2720 761 2919 822 videre,
2954 775 3126 814 caecos
3159 758 3421 818 videntes.
3451 776 3496 810 ιιι
3520 775 3547 808 e

1937 857 2072 910 duce
2103 871 2236 925 opus
2263 855 2544 910 habentes.
2570 855 2702 909 Nam
2733 866 2787 909 et
2818 855 3104 908 multitudo
3131 869 3317 908 eorum
3339 853 3425 921 qui
3455 870 3543 904 eu.

1939 947 2038 1001 rati
2073 947 2304 1011 fuerant,
2335 955 2388 1001 et
2417 948 2708 1001 curationis
2737 945 2964 1000 facilitas
2989 947 3040 998 in
3063 957 3336 1015 stuporem
3358 960 3546 997 cunas

1936 1039 2187 1110 COlet‘Cil.
2229 1040 2411 1095 Videu’
2437 1039 2710 1110 quomodo
2731 1054 2852 1094 eum
2879 1049 3021 1093 tanta
3051 1039 3393 1092 cunctatione
3426 1055 3543 1090 mtt~

1941 1132 2087 1186 licris
2116 1132 2277 1186 filiam
2303 1133 2595 1195 sanaverit,
2629 1131 2726 1185 hos
2749 1147 2879 1186 vero
2908 1131 3131 1184 statim?
3158 1130 3270 1185 Non
3301 1129 3441 1200 quod
3473 1129 3544 1182 illi

1938 1223 2191 1277 meliores
2213 1234 2419 1290 essent,
2452 1223 2545 1278 sed
2577 1224 2717 1294 quod
2743 1223 2832 1277 illa
2866 1224 2916 1277 in
2943 1222 3046 1278 fide
3071 1223 3387 1278 ferventior.
3421 1222 3546 1276 ideo

1934 1317 2073 1370 circa
2103 1317 2245 1370 illam
2264 1325 2566 1380 cunctatur,
2587 1324 2642 1370 ut
2664 1316 3119 1387 perseverantiam
3147 1316 3264 1386 ejus
3282 1314 3542 1378 declaret;

1936 1407 2017 1461 his
2048 1410 2226 1462 statim
2256 1409 2458 1464 donum
2477 1410 2700 1479 prmbet,
2728 1420 2780 1464 ut
2810 1410 3211 1466 ineredulorum
3237 1408 3544 1464 Judzeorum

1934 1515 2026 1555 ora
2093 1502 2368 1567 obstruat,
2435 1518 2758 1573 omnemque
2825 1503 2930 1558 illis
2998 1503 3367 1574 purgationem
3425 1499 3546 1555 adi.

1936 1605 2064 1648 mat.
2093 1595 2305 1664 Quanto
2344 1596 2485 1651 enim
2535 1595 2736 1664 majora
2785 1596 2904 1665 quis
2945 1595 3202 1650 beneﬁcia
3234 1594 3505 1663 acceperit
3530 1635 3543 1654 .

1937 1696 2086 1741 tanto
2114 1686 2302 1756 majori
2335 1687 2600 1757 supplicio
2628 1687 2874 1760 addictus
2898 1697 2980 1742 est
3006 1696 3066 1741 ut
3087 1687 3346 1756 ingratus,
3375 1685 3420 1740 si
3451 1700 3542 1738 ne-

1935 1793 2039 1847 que
2066 1794 2132 1832 ex
2159 1779 2354 1833 collato
2383 1780 2587 1835 honore
2615 1779 2810 1834 melior
2829 1780 2899 1834 sit
2929 1778 3174 1834 effectus.
3200 1777 3433 1847 Ideoque
3454 1774 3540 1830 di-

1937 1874 2070 1924 vites
2099 1871 2269 1940 magis
2311 1888 2468 1940 quam
2523 1887 2784 1941 pauperes
2830 1871 3123 1941 puniuntur
3151 1912 3166 1936 ,
3219 1873 3260 1923 si
3313 1869 3542 1938 improbi

1935 1966 2076 2028 sint,
2107 1964 2247 2034 quod
2291 1981 2357 2018 ne
2405 1965 2454 2018 in
2506 1980 2682 2018 rerum
2726 1965 2876 2035 copia
2903 1965 3118 2036 quidem
3149 1965 3544 2019 mansuetiores

1937 2054 2156 2111 fuerint.

2011 2147 2350 2219 Eleemosyno
2398 2167 2512 2204 vera
2540 2167 2672 2221 quae.
2709 2183 2782 2192 —
2805 2151 2881 2206 Ne
2907 2152 3034 2207 mihi
3053 2152 3222 2219 diCaS,
3259 2152 3378 2207 illos
3401 2152 3543 2206 elec-

1937 2257 2216 2313 mosyuam
2246 2243 2478 2297 dedisse.
2515 2243 2646 2297 Nam
2675 2244 2773 2297 nisi
2806 2245 3102 2300 secundum
3136 2244 3418 2299 facultates
3443 2245 3540 2298 de-

1937 2331 2117 2386 derint
2143 2375 2156 2399 ,
2191 2349 2364 2403 neque
2397 2337 2465 2388 ita
2499 2333 2772 2405 effugient.
2808 2334 2922 2390 Non
2961 2336 3104 2391 enim
3137 2351 3206 2390 ex
3235 2335 3363 2390 doni
3390 2350 3545 2390 men-

1935 2441 2056 2480 sura
2082 2427 2425 2497 elcemosyna
2453 2428 2770 2495 a'stimatur,
2791 2428 2883 2482 sed
2911 2443 2978 2484 ex
2999 2429 3162 2482 animi
3195 2429 3536 2484 liberalitate.

1936 2519 1989 2573 Si
2021 2531 2197 2575 autem
2231 2520 2282 2574 hi
2328 2537 2515 2589 poenas
2555 2521 2706 2587 dent,
2736 2523 2905 2576 ιιιιιιιο
2936 2524 3104 2594 magis
3148 2523 3239 2595 qui
3272 2524 3556 2593 superﬂuit;

1936 2618 2151 2676 inhiant
2181 2617 2218 2679 ',
2241 2616 2328 2685 qui
2358 2615 2513 2669 trium
2537 2627 2835 2686 quatuorve
2855 2618 3213 2673 tabulatorum
3235 2617 3381 2672 ardes
3407 2633 3540 2672 con-

1935 2719 2168 2774 struunt,
2189 2708 2568 2779 famelicosque
2599 2712 2924 2782 despiciunt,
2945 2713 3033 2781 qui
3053 2712 3293 2766 avaritia:
3325 2711 3544 2779 student

1934 2809 1987 2854 et
2032 2800 2432 2873 eleemosynam
2477 2806 2766 2876 negligant.
2806 2806 2909 2860 Sed
2959 2806 3079 2876 quia
3133 2805 3184 2858 in
3233 2820 3540 2861 sermonem

1937 2891 2000 2944 de
2024 2892 2371 2962 elecmosyna
2402 2896 2688 2951 incidimus
2726 2916 2736 2950 ε
2773 2913 2872 2967 age
2921 2898 3238 2952 concionem
3285 2899 3428 2953 illam
3475 2899 3541 2952 de

1938 2983 2292 3051 humanitate,
2322 3001 2480 3054 quam
2511 2996 2634 3041 ante
2664 2987 2899 3042 triduum
2927 2989 3297 3059 imperfectam
3325 2990 3544 3060 reliqui-

1937 3091 2078 3140 mus,
2104 3075 2260 3130 hodie
2286 3093 2644 3131 resumamus.
2681 3079 3000 3134 Meministis
3033 3097 3120 3136 me
3159 3097 3330 3152 nuper
3361 3082 3430 3137 de
3459 3083 3543 3135 ni-

1937 3170 2041 3222 mia
2061 3169 2364 3224 calceorum
2392 3172 2704 3227 curiositate
2729 3172 3052 3228 disseruisse
3080 3214 3094 3240 ,
3129 3174 3195 3229 de
3239 3175 3543 3244 hujusmodi

1938 3275 2130 3330 nempe
2160 3260 2412 3327 vanitate,
2434 3273 2485 3316 et
2512 3262 2580 3316 de
2604 3263 2860 3332 juvenum
2892 3264 3136 3328 mollitie;
3165 3274 3291 3321 tunc
3312 3267 3380 3322 ab
3403 3268 3545 3323 elec-

1939 3367 2160 3423 mosyua
2192 3354 2323 3417 orsi,
2361 3355 2410 3407 in
2445 3354 2572 3409 illud
2623 3355 2926 3409 incidimus.
2965 3356 3040 3412 De
3066 3359 3387 3428 quibusnam
3416 3377 3545 3430 ergo

1942 3456 2067 3499 tunc
2119 3461 2425 3500 sermonem
2477 3449 2805 3505 habuimus?
2854 3450 3094 3505 Diximus
3142 3453 3542 3525 eleemosynam
3625 3486 3632 3503 ι

1941 3552 2061 3593 esse
2092 3549 2286 3603 artem,
2313 3556 2430 3609 qum
2461 3540 2729 3596 officinam
2775 3543 2968 3597 habeat
3005 3545 3056 3598 in
3086 3546 3238 3611 caelo,
3270 3556 3325 3601 et
3353 3547 3548 3602 docto—

1941 3648 2053 3687 rem
2089 3649 2195 3686 non
2246 3633 2519 3688 hominem
2551 3677 2566 3701 ,
2600 3635 2694 3690 sed
2741 3636 2925 3691 Deum.
2962 3637 3166 3694 Deinde
3196 3651 3504 3709 quwrcntes
3531 3683 3545 3704 ,

1942 3724 2070 3793 quid
2100 3741 2186 3778 ars
2218 3726 2322 3778 dici
2356 3735 2553 3795 posset,
2587 3728 2712 3797 quid
2743 3743 2903 3784 secus
2927 3770 2942 3795 ,
2976 3729 3028 3784 in
3068 3745 3231 3786 vanas
3271 3733 3548 3802 malasque

1942 3827 2087 3869 artes
2117 3817 2434 3885 incidimus,
2466 3819 2516 3872 in
2549 3820 2744 3889 quibus
2789 3821 2857 3878 de
2887 3823 3193 3879 calceorum
3238 3835 3354 3881 arte
3385 3828 3548 3882 verba

1945 3907 2188 3962 fecimus.
2245 3908 2382 3963 Num
2416 3910 2466 3962 in
2517 3920 2754 3966 mentem
2798 3915 3064 3969 revocatis
3085 3915 3109 3968 ‘i
3131 3917 3245 3986 Age
3275 3933 3404 3987 ergo
3432 3935 3550 3988 qua:

1944 4010 2071 4056 tunc
2088 4002 2343 4069 diximus,
2366 4003 2522 4060 hodie
2546 4021 2897 4072 resumamus,
2926 4009 3383 4082 ostendamusque
3408 4012 3550 4067 elee-

1947 4109 2224 4165 tnosynam
2259 4108 2429 4150 artem
2479 4112 2599 4152 esse
2641 4107 2696 4152 et
2736 4099 2977 4154 omnium
3020 4102 3217 4156 artium
3267 4104 3549 4172 optimam.

1947 4189 2077 4243 Nam
2105 4190 2148 4242 si
2177 4189 2309 4244 artis
2349 4199 2431 4244 est
2473 4193 2748 4259 proprium
2794 4192 2847 4246 in
2877 4193 3080 4265 aliquid
3114 4195 3246 4250 utile
3275 4195 3550 4263 desinere,

1946 4283 2286 4351 eleemo~yua
2318 4296 2443 4335 vero
2471 4283 2600 4336 nihil
2625 4291 2708 4338 est
2737 4284 2938 4346 utilius.
2967 4286 3134 4356 liquet
3161 4303 3279 4343 eam
3303 4298 3356 4342 et
3380 4299 3552 4344 artem

1947 4387 2068 4425 esse
2099 4382 2152 4424 et
2181 4375 2420 4427 omnium
2458 4377 2653 4428 artium
2704 4379 3225 4443 prarstantissimam.
3257 4379 3370 4435 Non
3404 4385 3550 4437 enim

1949 4465 2036 4518 illa
2077 4465 2232 4519 nobis
2276 4467 2486 4521 calceos
2518 4478 2708 4537 parat,
2743 4485 2849 4522 non
2891 4472 3210 4526 vestimenta
3255 4473 3410 4537 texit,
3444 4491 3551 4530 non

1949 4554 2120 4610 luteas
2151 4556 2340 4610 domos
2360 4560 2659 4620 construit;
2694 4560 2786 4615 sed
2819 4562 2983 4616 vitam
3017 4565 3400 4633 sempiternam
3428 4581 3547 4622 con-

1948 4650 2138 4715 ciliat,
2173 4661 2332 4721 atque
2377 4669 2439 4706 ex
2497 4655 2685 4709 mortis
2741 4655 2989 4711 manibus
3041 4673 3143 4711 nos
3192 4660 3386 4728 eripit,
3422 4661 3557 4715 etin

1951 4750 2175 4811 utraque
2204 4744 2309 4798 vita
2340 4744 2649 4814 splendidos
2673 4745 2866 4809 reddit,
2888 4749 3196 4803 mansiones
3220 4749 3374 4806 nobis
3401 4753 3552 4807 cmic-

1952 4843 2061 4888 stes
2088 4835 2389 4890 exzedificat
2432 4847 2486 4891 et
2518 4837 2605 4891 illa
2640 4848 2843 4892 :rterna
2895 4840 3258 4896 tabernacula.
3296 4843 3420 4897 Hau:
3453 4861 3553 4898 non

1955 4925 2090 4978 sinit
2122 4927 2398 4994 lampades
2450 4937 2665 4982 nostras
2709 4933 2974 4999 exstingui
3002 4974 3014 4997 ,
3049 4949 3150 4987 nec
3178 4950 3296 4988 cum
3327 4935 3553 4991 sordidis

1955 5018 2195 5071 vestibus
2243 5020 2443 5087 nuptiis
2473 5021 2770 5083 interesse;
2807 5021 2898 5076 sed
2955 5025 3089 5078 lavat
3135 5036 3190 5080 et
3221 5027 3341 5080 nive
3369 5029 3549 5082 caudi-

1953 5107 2133 5161 diores
2163 5110 2356 5164 reddit.
2392 5113 2453 5164 Si
2482 5113 2614 5165 enim
2647 5114 2834 5182 fuerint
2864 5126 3070 5182 peccata
3102 5128 3264 5170 vestra
3295 5119 3439 5186 quasi
3463 5136 3550 5188 pu-

1956 5201 2172 5262 niceum,
2195 5204 2340 5268 quasi
2371 5204 2531 5256 niuem
2553 5203 2798 5259 dealbabo
2829 5206 2846 5275 (
2883 5205 3012 5258 lsai.
3042 5209 3093 5260 l.
3120 5208 3188 5261 18
3219 5209 3255 5274 ).
3288 5208 3403 5262 Νοιι
3437 5210 3536 5265 sini

1958 5307 2054 5344 nos
2088 5293 2179 5346 illo
2207 5294 2443 5347 incidere
2465 5336 2477 5357 ,
2510 5310 2615 5364 quo
2659 5295 2808 5350 dives
2840 5297 2929 5350 ille
2957 5340 2972 5364 ,
3006 5314 3179 5368 neque
3226 5301 3412 5352 audire
3458 5311 3560 5354 tre-

1957 5385 2179 5439 mendas
2210 5403 2408 5451 voces;
2443 5389 2535 5442 sed
2567 5389 2784 5443 deducit
2819 5391 2871 5443 in
2905 5391 3083 5444 sinum
3118 5392 3350 5446 Ahrahze
3381 5393 3397 5461 (
3434 5393 3558 5447 Luc.

1960 5480 2026 5534 16
2057 5482 2096 5548 ).
2127 5480 2285 5534 Certe
2316 5493 2458 5535 artes
2496 5484 2786 5537 Steculares
2828 5486 3055 5555 singultu
3085 5501 3240 5539 suum
3273 5484 3473 5540 habent
3503 5490 3562 5538 ti-

1960 5588 2080 5626 nem
2113 5591 2122 5624 :
2155 5575 2494 5641 agricultura:
2526 5588 2606 5628 est.
2643 5578 2865 5641 nutrire,
2896 5579 3140 5632 lCXlOl‘iiB
3162 5579 3313 5645 artis,
3339 5578 3564 5640 vestire;

2025 5758 2041 5789 ³
2070 5759 2186 5807 Alit.
2209 5759 2289 5821 qui
2314 5757 2556 5817 srpcrﬂuu
2584 5763 2800 5806 retinent.
