4154 6324
589 241 696 295 5‘23

593 356 701 408 imo
727 368 792 406 ne
824 350 1035 423 quidem
1077 345 1384 419 hocrfaccre
1416 351 1589 412 potest
1636 359 1648 394 :
1693 352 1866 408 neque
1892 335 2035 392 cnim
2061 334 2174 388 sola

597 442 792 499 sufﬁcit
821 440 885 496 ad
925 454 1018 492 soa
1055 438 1207 490 nobis
1231 433 1646 505 suppeditanda.

666 536 717 588 4.
749 536 893 587 Artes
918 529 1132 602 singulm
1173 529 1288 581 aliis
1332 526 1524 578 artibus
1565 539 1690 592 opus
1721 520 1919 574 habent.
1949 519 2180 578 Efeemo-

603 642 742 697 syme
763 623 1126 693 prmogutirc.
1157 650 1225 660 —
1251 618 1304 673 Si
1330 619 1406 672 vis
1427 625 1623 675 autem,
1644 611 2016 682 agriculturam
2034 608 2178 709 prius

596 718 959 785 exploremus.
1003 711 1113 766 Nisi
1165 711 1308 763 enim
1339 710 1425 762 illa
1467 705 1737 761 ferrariam
1775 711 1944 756 artem
1982 705 2178 753 sociam

600 808 812 873 habeat,
841 821 958 876 qua:
986 804 1212 874 ligonem
1237 844 1250 867 ,
1295 816 1584 862 vomerem,
1628 795 1813 850 falcem
1843 803 1897 848 et
1939 792 2174 846 securim

595 901 809 970 aliaque
838 898 998 953 multa
1025 896 1347 965 suppeditet,
1375 895 1605 958 itemque
1634 887 1899 947 fabrilem,
1919 902 2036 955 quae
2061 899 2181 938 ara-

599 1005 762 1056 trum,
784 991 966 1062 jugum
992 999 1046 1044 et
1088 989 1382 1058 plaustrum
1414 991 1683 1042 construat
1711 980 1778 1034 ad
1805 981 1978 1049 spicas
2007 988 2181 1030 teren-

599 1086 730 1150 das;
761 1094 816 1139 et
839 1082 1152 1146 coriariam,
1182 1093 1301 1148 qua:
1343 1076 1640 1144 corrigias;
1673 1069 2138 1128 architectonicam
2161 1109 2175 1131 ,

599 1193 715 1247 quae
745 1175 1016 1231 orantibus
1038 1172 1207 1227 bobus
1228 1168 1513 1231 stabulum,
1540 1164 1785 1235 agricolis
1805 1177 1983 1217 casam
2015 1160 2177 1262 fabri-9

601 1280 721 1334 cet;
753 1277 807 1322 et
847 1259 1126 1336 lignariam
1148 1305 1163 1328 ,
1189 1276 1309 1332 quae
1351 1259 1490 1330 ligna
1511 1267 1690 1319 secet;
1723 1270 1783 1309 ac
1812 1263 2068 1324 praeterea
2096 1259 2178 1320 pi-

605 1362 850 1425 storiam,
879 1374 996 1430 qua:
1041 1370 1230 1427 panem
1253 1351 1620 1408 sulnninistret
1652 1365 1666 1401 :
1698 1358 1839 1402 stare
1865 1346 2045 1415 nequit
2065 1358 2180 1398 om-

603 1454 750 1508 nino.
781 1453 869 1506 Sic
895 1450 1054 1505 etiam
1084 1463 1171 1502 ars
1193 1445 1438 1508 textoria,
1465 1442 1509 1495 si
1532 1439 1655 1511 quid
1685 1438 1859 1502 faciat,
1879 1436 2072 1490 multas
2087 1435 2181 1488 atl-

606 1554 757 1599 vocat
783 1552 947 1606 artes,
977 1555 1097 1608 quae
1137 1552 1294 1608 opem
1323 1535 1529 1596 ferant;
1557 1547 1675 1601 qua:
1700 1531 1744 1584 si
1773 1544 1876 1582 non
1902 1526 2176 1591 accedant,

607 1644 712 1688 stat
736 1635 821 1687 illa
853 1613 1072 1687 inutilis.
1119 1627 1210 1683 Sic
1251 1624 1472 1696 singulae
1502 1631 1646 1676 artes
1670 1622 1881 1675 caeteris
1916 1626 2094 1687 egent.
2123 1615 2178 1670 Si

609 1743 734 1781 vero
778 1720 1196 1778 misericordiam
1227 1732 1482 1773 exercere
1511 1714 1737 1769 velimus
1759 1754 1772 1778 ,
1818 1726 1920 1766 una
1963 1722 2180 1780 egemus

605 1822 896 1874 voluntate.
921 1817 973 1872 Si
1001 1814 1200 1870 dixeris
1230 1810 1467 1880 pecuniis
1495 1823 1616 1862 esse
1656 1820 1810 1874 opus,
1839 1803 2057 1866 :rdibus,
2091 1817 2181 1855 vc-

609 1913 797 1968 stihus,
823 1907 1016 1963 calceis
1041 1949 1054 1968 ,
1090 1905 1205 1974 lege
1233 1904 1318 1956 illa
1348 1900 1540 1956 Christi
1579 1897 1759 1961 verba,
1790 1910 1907 1963 qum.
1933 1895 1998 1948 de
2025 1893 2180 1946 vidua

603 2004 737 2057 dixit
764 2001 782 2072 (
807 2000 932 2052 Luc.
956 1998 1045 2052 21.
1077 1997 1110 2050 5
1137 1997 1152 2062 )
1179 2037 1192 2057 .
1230 2003 1284 2049 et
1328 1995 1465 2045 hanc
1511 1987 1920 2044 solliritudiuetn
1949 1985 2178 2054 depone.

607 2094 664 2149 Si
689 2091 972 2146 admodum
1007 2103 1207 2159 pauper
1252 2087 1358 2148 sis,
1390 2091 1444 2139 et
1472 2080 1731 2136 mendicis
1759 2080 1887 2149 ipsis
1920 2078 2104 2140 vilior,
2137 2075 2179 2128 si

625 2186 729 2238 dua
757 2185 964 2237 minuta
992 2178 1264 2247 iujeeeris,
1305 2182 1474 2225 totum
1509 2164 1814 2236 pcrfecisti;
1859 2165 1904 2219 si
1931 2164 2026 2217 des
2071 2178 2177 2214 tua-

630 2291 747 2329 zam
777 2289 946 2342 quam
966 2270 1142 2326 solum
1176 2267 1370 2329 habes,
1409 2262 1476 2316 ad
1505 2259 1639 2316 artis
1668 2257 1826 2313 ﬁnem
1865 2253 2174 2325 pervenisti.

608 2361 753 2412 llanc
794 2358 969 2422 itaque
996 2350 1331 2424 disciplinam
1360 2394 1374 2417 ,
1405 2351 1544 2407 hanc
1587 2362 1752 2405 artem
1782 2350 2104 2419 accipiamus
2131 2356 2186 2404 et

607 2449 939 2518 impleamus.
971 2445 1266 2515 Optahilius
1291 2444 1483 2514 quippe
1504 2450 1586 2498 est
1615 2442 1754 2495 illum
1788 2441 2002 2502 habere,
2026 2455 2184 2508 quam

608 2555 784 2610 regem
828 2553 947 2593 esse
968 2577 984 2602 ,
1015 2545 1067 2591 et
1112 2536 1408 2590 diademate
1447 2534 1646 2587 ornari.
1673 2532 1854 2601 Neque
1880 2535 2020 2588 enim
2051 2531 2185 2586 hanc

610 2632 781 2685 solum
815 2628 1216 2699 prterogativam
1247 2626 1429 2688 habet,
1456 2624 1594 2693 quod
1623 2625 1833 2677 ca:teris
1862 2639 1966 2677 non
2000 2633 2183 2690 egeat,

610 2723 702 2778 sed
726 2722 866 2791 quod
893 2721 1053 2774 etiam
1083 2717 1246 2771 multa
1274 2725 1328 2771 et
1347 2717 1489 2770 varia
1516 2715 1724 2783 negotia
1753 2714 2012 2784 perﬁciat.
2045 2713 2174 2768 Nam

609 2815 753 2870 aedes
779 2812 1040 2867 construit
1086 2811 1136 2865 in
1167 2807 1312 2863 exulis
1341 2821 1554 2876 semper
1581 2814 1858 2861 manentes
1886 2846 1899 2870 ,
1926 2806 2187 2875 docetque

608 2905 840 2958 cultores
884 2915 1012 2956 suos
1037 2898 1306 2970 quomodo
1333 2908 1584 2952 aeternam
1620 2910 1843 2951 mortem
1891 2898 2141 2968 effugiant
2168 2939 2183 2964 ,

609 2997 990 3064 thesaurosque
1015 2992 1108 3048 tibi
1147 2993 1260 3059 dat,
1285 2993 1374 3060 qui
1405 3006 1691 3060 numquam
1728 2991 2084 3055 insuumntur,
2133 3003 2187 3046 et

611 3089 788 3143 damni
813 3094 1065 3155 expertes
1093 3094 1255 3150 sunt,
1295 3099 1393 3138 nec
1438 3082 1634 3146 furum,
1665 3098 1760 3137 nec
1783 3084 2188 3147 vermium,nec

611 3181 890 3239 tinearum,
907 3190 1006 3230 nec
1033 3174 1286 3245 temporis
1314 3173 1485 3227 labem
1515 3174 1782 3228 timentes.
1809 3174 1963 3242 Atqui
1986 3173 2028 3227 si
2047 3174 2187 3228 circa

551 3245 556 3250 Δ
611 3269 859 3325 frumenti
891 3266 1185 3321 custodiam
1215 3266 1372 3320 talem
1421 3265 1512 3318 tibi
1558 3263 1678 3344 quis
1725 3274 1896 3319 artem
1940 3264 2184 3328 doceret,

613 3364 738 3434 quid
770 3377 874 3415 non
903 3361 1060 3414 dares
1087 3368 1144 3413 ut
1182 3371 1367 3428 posses
1393 3356 1572 3410 multis
1592 3355 1744 3410 annis
1778 3355 2101 3411 frumentum
2123 3357 2189 3411 il-

616 3455 797 3509 lzesnm
829 3449 1086 3505 servare?
1125 3449 1261 3504 Ecce
1284 3448 1419 3502 hanc
1447 3447 1539 3502 tibi
1568 3461 1673 3501 non
1695 3446 1944 3503 frumenti
1964 3458 2185 3516 tantum,

612 3545 707 3601 sed
725 3545 959 3597 omnium
987 3539 1282 3595 custodiam
1302 3538 1620 3609 suppeditat,
1639 3538 1899 3608 docetque
1924 3541 2191 3608 quomodo

614 3649 667 3691 et
697 3639 854 3700 hooa,
888 3637 942 3688 et
968 3633 1140 3686 anima
1169 3641 1222 3686 et
1249 3646 1445 3701 corpus
1477 3631 1643 3684 illaesa
1675 3646 1888 3701 semper
1919 3641 2186 3687 maneant.

619 3732 680 3784 Et
708 3741 800 3783 cltr
839 3728 969 3781 artis
1001 3725 1220 3794 hujusce
1249 3709 1412 3794 opera
1453 3725 1750 3778 minutatim
1777 3727 2191 3795 persequamur?

619 3821 705 3874 Illa
735 3823 929 3889 quippe
979 3827 1029 3871 te
1054 3816 1211 3870 docet
1253 3829 1359 3884 quo
1387 3824 1539 3882 pacto
1570 3814 1678 3868 Deo
1707 3813 1896 3870 similis
1924 3831 2044 3871 esse
2071 3832 2193 3886 pos~

612 3914 706 3976 sis,
733 3910 870 3980 quod
893 3918 1049 3977 caput
1069 3915 1150 3962 est
1167 3907 1403 3961 omnium
1442 3905 1721 3960 bonorum.
1747 3905 1934 3961 'Videu‘
1959 3922 2063 3977 quo
2094 3922 2189 3976 pa-

613 4013 699 4058 cto
731 4018 832 4055 non
861 4013 1022 4052 unum
1050 3998 1167 4067 ejus
1194 4012 1325 4067 opus
1355 3999 1460 4062 sit,
1497 3997 1592 4051 sed
1633 3996 1898 4066 plurima?
1933 3999 2059 4054 Sine
2088 4001 2192 4054 ulla

616 4095 833 4148 alterius
863 4093 992 4144 arzis
1027 4105 1131 4161 ope
1157 4087 1343 4167 domos
1382 4091 1685 4153 construit,
1718 4099 1892 4145 vestes
1934 4094 2190 4160 contexit,

629 4185 907 4238 thesauros
932 4189 1154 4251 apparat
1181 4187 1341 4244 tutos,
1367 4181 1553 4234 mortis
1582 4181 1811 4236 victores
1841 4182 2014 4237 reddit
2039 4226 2052 4249 ,
2083 4185 2195 4239 dia-

621 4277 744 4331 bolo
766 4277 1009 4343 impcrat,
1040 4272 1148 4327 Deo
1169 4271 1372 4326 similes
1393 4271 1570 4326 efﬁcit.
1591 4271 1724 4339 Quid
1744 4287 1872 4343 ergo
1894 4276 2070 4328 utilius
2099 4276 2196 4330 hac

629 4379 743 4424 arte
767 4369 788 4420 ?
818 4367 947 4419 Alim
978 4378 1205 4434 namque
1233 4372 1376 4418 artes
1399 4405 1412 4428 ,
1437 4372 1629 4432 prmter
1648 4379 1708 4419 ea
1730 4381 1846 4434 qua:
1867 4365 2005 4420 dicta
2032 4377 2189 4434 sunt,

614 4476 738 4524 cum
788 4455 1034 4527 praisenti
1077 4457 1179 4509 vita
1229 4464 1580 4525 prsetereunt,
1612 4471 1731 4509 eum
1760 4457 1991 4513 artiﬁces
2021 4474 2193 4527 aegro-

625 4560 759 4614 tant,
780 4551 882 4602 illa:
913 4555 1142 4613 cessant,
1167 4562 1329 4615 opera
1360 4562 1571 4615 quoque
1609 4561 1790 4602 eorum
1838 4564 1943 4604 non
1991 4567 2200 4621 perma-

627 4654 773 4706 nent,
813 4642 990 4695 Iabore
1021 4649 1073 4693 et
1105 4650 1343 4708 tempore
1381 4640 1545 4693 multo
1581 4651 1756 4710 egent,
1789 4643 2013 4714 aliisque
2041 4647 2197 4700 innu-

630 4739 823 4791 meris:
859 4735 976 4788 haec
1004 4749 1130 4788 vero
1153 4743 1273 4801 post
1318 4735 1503 4788 mundi
1547 4734 1705 4789 tinent
1738 4740 1972 4792 maxime
2013 4738 2196 4811 fulget,

626 4840 743 4899 post
771 4835 994 4881 mortem
1023 4826 1248 4879 maxime.
1271 4825 1529 4894 splendet,
1548 4835 1602 4880 et
1631 4842 1790 4896 opera
1820 4842 1911 4882 sua
1933 4832 2161 4885 ostendit
2183 4877 2196 4900 ,

626 4934 795 4989 neque
844 4929 1085 4985 tempore
1115 4917 1195 4969 vel
1226 4917 1406 4970 labore
1446 4919 1614 4985 eget‘,
1647 4934 1815 4988 neque
1840 4923 1939 4975 alia
1980 4938 2038 4976 re
2067 4939 2199 4993 qua-

630 5014 769 5084 piam
799 5029 813 5077 ;
843 5010 934 5065 sed
961 5051 976 5076 ,
1016 5019 1066 5064 te
1105 5025 1314 5077 quoque
1359 5019 1645 5079 a'grotante
1674 5021 1728 5065 et
1756 5015 1903 5068 senio
1923 5015 2165 5072 ceufecto
2185 5063 2199 5085 ,

626 5116 896 5179 operatur,
919 5118 980 5157 ac
997 5111 1168 5157 tecum
1192 5103 1243 5156 in
1267 5103 1489 5156 futuram
1512 5102 1667 5157 vitam
1688 5108 1896 5172 transit,
1919 5125 2202 5180 numquam

632 5210 683 5252 te
726 5195 1018 5265 relinquit;
1065 5205 1113 5248 te
1162 5195 1414 5261 sophistis
1445 5204 1498 5248 ct
1535 5195 1835 5252 rhetoribus
1875 5201 2200 5267 superiorem

629 5289 820 5343 reddit.
858 5287 983 5340 Nam
1013 5286 1100 5354 qui
1133 5286 1184 5338 in
1214 5287 1313 5339 i‘lis
1335 5286 1537 5339 artibus
1565 5287 1785 5353 florent,
1817 5291 1992 5343 multis
2015 5293 2204 5347 invidis

635 5380 826 5448 objecti
859 5391 983 5432 sunt
1014 5397 1025 5430 :
1060 5378 1145 5447 qui
1180 5387 1352 5430 autem
1391 5380 1439 5430 in
1474 5378 1572 5431 hac
1601 5382 1869 5447 conspicui
1895 5393 2037 5448 sunt,
2070 5386 2206 5440 mul-

632 5478 804 5522 torum
836 5468 1078 5534 precibus
1108 5466 1471 5534 juvauturJlli
1500 5467 1712 5538 quidem
1739 5469 2010 5528 hominum
2041 5475 2206 5532 tribu-

698 5642 711 5670 ¹
751 5647 894 5698 t'nus,
920 5651 1065 5699 neque
1092 5639 1251 5686 labore
1278 5646 1392 5699 eget.
1459 5641 1464 5645 '

1323 231 1379 285 S.
1409 227 1686 284 JO.\‘.\'.\'lS
1723 217 2196 280 CllllYSOS'l'UMl
2238 218 2553 276 AliClllEP.
2583 219 3118 278 CONSTANTINOP.

2255 879 2417 943 ,Nam
2459 884 2535 936 ait
2579 901 2592 936 :

3757 226 3864 282 585

2287 333 2394 388 Itali
2403 333 2500 391 bus
2519 335 2752 400 adstant,
2785 336 3084 408 injuriaque
3105 337 3324 393 affectos
3355 337 3663 409 defendunt,
3683 352 3738 397 et
3764 359 3858 398 δειε-

2284 438 2354 494 pe
2401 424 2650 494 injuriam
2700 425 3054 482 inferentibus
3093 435 3496 498 patrocinantur
3538 449 3552 486 :
3595 432 3707 487 ha'e
3739 448 3867 486 vero

2284 527 2409 572 ante
2435 518 2662 572 tribunal
2684 517 2882 574 Citriin
2906 536 2965 575 se
2988 521 3149 579 sistit.
3172 536 3270 576 nec
3290 522 3460 576 solum
3488 526 3864 592 patrocinatur,

2286 607 2378 660 sed
2413 609 2507 676 ipsi
2535 623 2745 679 quoque
2769 609 2940 664 Jndici
2967 611 3156 665 suadet
3180 654 3194 675 ,
3233 623 3285 664 ut
3319 614 3678 680 patrocinezur
3700 616 3767 677 ei,
3800 616 3869 670 de

2286 714 2392 766 quo
2413 699 2672 767 judicium
2703 702 3012 766 instituitur,
3047 712 3101 756 et
3132 719 3226 772 pro
3255 705 3346 758 illo
3370 708 3683 760 sententiam
3713 706 3866 771 ferat;

2285 790 2493 844 etiamsi
2527 792 2720 846 millies
2750 795 3070 861 peccaverit,
3094 806 3318 850 coronat
3345 806 3398 851 et
3421 799 3669 866 pra-dicat
3694 800 3868 854 illum.

2649 883 2778 938 Date
2806 887 3174 958 etcentosynam
3200 930 3214 953 ,
3246 900 3291 942 et
3319 891 3486 943 omnia
3515 893 3702 946 munda
3727 904 3871 947 erunt

2288 973 2306 1043 (
2332 973 2457 1027 Luc.
2495 977 2578 1030 ll.
2606 977 2666 1030 ll
2692 976 2734 1049 ).
2763 978 2966 1047 Ecquid
2995 979 3168 1034 futura
3197 979 3319 1034 dico
3341 981 3363 1033 l
3387 979 3442 1037 Si
3479 983 3620 1052 enim
3651 984 3702 1037 in
3734 1000 3872 1054 prae-

2286 1065 2423 1119 senti
2448 1065 2555 1119 vita
2585 1065 2828 1121 homines
2857 1068 3256 1124 sciscitaremur
3274 1070 3398 1140 quid
3430 1073 3747 1137 mallent,an
3776 1088 3872 1127 so-

2289 1153 2495 1223 phistas
2539 1164 2594 1210 et
2637 1158 2884 1212 rhetores
2908 1174 3030 1213 esse
3069 1160 3264 1215 multos
3284 1201 3299 1227 ,
3329 1177 3396 1216 an
3422 1163 3791 1219 misericordes
3815 1175 3875 1220 et

2287 1244 2542 1316 benignos
2572 1267 2584 1301 :
2616 1245 2719 1301 hoc
2741 1247 2984 1303 ultimum
3004 1251 3181 1319 potius
3208 1253 3461 1322 eligerent
3489 1271 3503 1318 ;
3534 1265 3587 1309 et
3610 1255 3729 1324 jure
3753 1256 3877 1325 qui-

2285 1336 2428 1394 dem.
2456 1338 2587 1393 Nam
2625 1341 2669 1394 si
2718 1341 2961 1397 facundia
3012 1343 3250 1408 tollatur,
3299 1345 3434 1399 nihil
3467 1347 3593 1400 mali
3636 1349 3686 1402 in
3710 1348 3877 1403 vitam

2287 1441 2525 1486 nostram
2550 1433 2952 1504 importabitur;
2978 1447 3260 1506 antequam
3287 1439 3428 1493 enim
3453 1439 3538 1493 illa
3566 1441 3882 1505 exsisteret;

2285 1523 2454 1577 multo
2487 1535 2726 1594 tempore
2756 1527 2994 1582 constitit
3023 1547 3036 1581 :
3068 1529 3113 1582 si
3141 1544 3272 1584 vero
3306 1531 3722 1588 misericordiam
3750 1549 3876 1589 sus-

2288 1615 2491 1682 tuleris,
2523 1619 2703 1672 omnia
2749 1619 3014 1687 peribunt.
3039 1618 3108 1673 Et
3133 1621 3579 1690 quemadmodum
3605 1638 3701 1694 per
3721 1640 3882 1681 mare

2287 1707 2533 1776 navigare
2562 1724 2664 1762 non
2704 1711 2898 1780 possis,
2933 1712 2977 1764 si
3009 1719 3192 1780 portus
3222 1721 3277 1767 et
3301 1714 3559 1769 stationes
3577 1715 3823 1771 obstruas
3850 1731 3869 1769 :

2286 1800 2364 1855 sic
2391 1817 2494 1854 non
2526 1809 2699 1870 potest
2737 1802 2854 1857 haec
2880 1803 2986 1857 vita
3019 1812 3287 1871 constare,
3326 1805 3372 1860 si
3419 1806 3835 1862 misericordiam
3860 1849 3878 1875 ,

2286 1893 2492 1946 veniam
2524 1901 2577 1946 et
2603 1892 2984 1948 humanitatem
3013 1895 3314 1949 sustuleris.

2357 1981 2410 2036 5.
2451 1980 2789 2052 Quapropter
2816 1999 2920 2037 non
2955 1984 3189 2040 humano
3231 1985 3401 2040 solum
3431 1988 3708 2044 ratiocinio
3753 1989 3876 2044 Inec

2288 2074 2430 2129 Deus
2457 2075 2716 2143 permisit,
2749 2075 2840 2130 sed
2869 2088 2921 2131 et
2947 2079 3139 2132 multas
3162 2093 3344 2133 eorum
3379 2090 3555 2149 partes
3591 2092 3789 2136 natura
3823 2084 3881 2137 vi

2288 2166 2496 2220 insevit.
2527 2165 2620 2223 Sic
2653 2177 2829 2236 patres
2855 2177 2908 2223 et
2929 2178 3128 2223 matres
3149 2185 3273 2240 erga
3295 2169 3489 2226 liberos
3515 2173 3884 2228 misericordia

2289 2268 2603 2323 moventur;
2634 2260 2713 2312 sic
2733 2259 2824 2314 ﬁlii
2844 2275 2966 2330 erga
2992 2269 3238 2328 parentes
3264 2278 3276 2316 :
3306 2277 3477 2332 neque
3500 2263 3550 2318 in
3579 2264 3888 2319 hominibus

2289 2357 2514 2413 tantum,
2535 2348 2628 2403 sed
2651 2349 2702 2402 in
2720 2349 2888 2404 brutis
2909 2368 2920 2402 :
2942 2351 3239 2421 eodemque
3254 2362 3377 2406 sunt
3392 2352 3562 2409 allecti
3587 2354 3743 2408 modo
3764 2351 3884 2410 fra-

2293 2449 2419 2514 tres,
2452 2441 2734 2511 propinqui
2757 2452 2807 2495 et
2854 2442 3041 2496 afﬁnes
3061 2485 3075 2508 ,
3105 2452 3161 2497 et
3190 2442 3432 2502 homines
3458 2445 3546 2499 alii
3573 2461 3694 2516 erga
3720 2446 3884 2501 alias.

2291 2531 2335 2586 Α
2366 2544 2552 2586 natura
2573 2531 2770 2601 quippe
2801 2533 2954 2601 proni
2985 2533 3049 2587 ad
3078 2535 3499 2590 misericordiam
3528 2553 3730 2595 sumus.
3756 2539 3887 2593 Ideo

2291 2622 2430 2676 circa
2466 2622 2655 2692 injuria
2690 2622 2909 2679 aﬁ’eetos
2950 2625 3288 2695 indignamur
3306 2627 3496 2692 ,ocirea
3534 2629 3892 2700 interempto;

2295 2711 2571 2778 dolemus,
2621 2715 2665 2770 si
2697 2715 2940 2785 lugentes
2982 2717 3297 2785 videamus,
3338 2719 3707 2789 Iaerymamur.
3747 2723 3888 2789 Quia

2292 2806 2433 2860 enim
2482 2807 2589 2860 vult
2637 2807 2775 2863 Dens
2801 2849 2816 2871 ,
2863 2818 2919 2863 ut
2950 2810 3001 2864 id
3042 2811 3400 2880 observetur,
3457 2823 3696 2869 naturam
3724 2816 3891 2885 jussit

2294 2897 2457 2950 multa
2490 2897 2586 2951 hac
2614 2898 2665 2950 in
2698 2913 2756 2953 re
2781 2915 2846 2954 ex
2878 2915 2936 2955 se
2961 2901 3225 2966 conferre,
3258 2903 3548 2961 ostendens
3574 2905 3624 2961 id
3645 2907 3741 2961 sibi
3770 2924 3893 2962 ma-

2293 2987 2434 3041 xime
2462 2988 2511 3041 in
2539 2989 2735 3057 optatis
2765 3004 2903 3045 esse.
2934 2990 3060 3046 Haec
3088 2993 3265 3062 itaque
3286 2995 3464 3050 animo
3489 3009 3758 3052 versantes
3781 3040 3796 3064 ,
3829 3009 3890 3053 et

2293 3093 2391 3130 nos
2421 3088 2471 3130 et
2514 3078 2651 3132 ﬁlios
2692 3089 2744 3133 et
2783 3082 3111 3151 propinquos
3144 3085 3207 3137 ad
3237 3086 3596 3158 eleemosyna:
3643 3089 3887 3144 scholam

2292 3167 2548 3222 ducamus
2573 3186 2587 3235 ;
2616 3169 2718 3224 hoc
2740 3182 2863 3227 ante
2891 3175 3067 3227 omnia
3095 3174 3265 3230 discat
3288 3176 3478 3244 homo;
3508 3194 3627 3233 nam
3658 3181 3778 3234 illud
3802 3193 3889 3237 est

2295 3258 2560 3314 hominem
2587 3274 2707 3316 esse
2729 3277 2744 3325 ;
2777 3262 2968 3334 Magna
2991 3268 3178 3335 quippe
3202 3284 3282 3320 res
3307 3277 3377 3322 est
3398 3269 3567 3332 homo,
3598 3282 3645 3325 et
3668 3275 3889 3341 pretiosa

2293 3364 2372 3403 res
2400 3361 2474 3404 est
2501 3351 2574 3404 vir
2595 3353 2913 3428 ηιὶεεήεοη(
2939 3355 3094 3412 Prov.
3125 3357 3218 3414 20.
3247 3360 3320 3430 6)
3344 3378 3358 3424 ;
3391 3363 3434 3415 si
3464 3362 3511 3416 id
3544 3378 3646 3416 non
3669 3363 3891 3432 habeat,

2294 3453 2324 3493 a
2351 3450 2538 3496 natura
2564 3445 2793 3498 hominis
2813 3445 3031 3501 decidit.
3058 3449 3169 3503 lloe
3189 3452 3458 3519 sapientes
3476 3453 3654 3509 eftieit.
3683 3457 3888 3527 Ecquid

2296 3532 2525 3599 miraris,
2558 3535 2602 3588 si
2634 3535 2735 3589 hoc
2758 3547 2840 3591 est
2862 3536 3129 3595 hominem
3159 3543 3314 3597 esse?
3335 3543 3448 3598 Hoc
3472 3555 3553 3600 est
3579 3547 3713 3602 Deus
3742 3564 3892 3616 esse;

2296 3640 2418 3678 nam
2440 3628 2513 3680 ait
2537 3644 2550 3680 :
2574 3625 2748 3682 Estote
2771 3631 3136 3698 auset-icordes,
3161 3635 3290 3688 sicut
3310 3646 3356 3689 et
3376 3635 3531 3692 Pater
3551 3649 3705 3693 vester
3731 3641 3893 3713 (Luc.

2297 3718 2350 3771 6.
2383 3719 2510 3788 56).
2545 3720 2819 3778 Diseamus
2857 3723 3015 3792 igitur
3045 3727 3418 3784 misericordes
3457 3746 3603 3795 esse,
3639 3742 3746 3788 tum
3771 3753 3896 3792 om-

2300 3811 2445 3866 nium
2473 3826 2631 3867 causa
2654 3854 2667 3876 ,
2699 3825 2809 3870 tum
2842 3817 3074 3872 maxime
3105 3820 3245 3888 quod
3277 3832 3328 3876 et
3361 3823 3458 3892 ipsi
3489 3825 3649 3878 multa
3677 3827 3897 3883 miseri—

2298 3904 2477 3958 eordia
2502 3918 2772 3974 egeamus.
2804 3905 2986 3976 Neque
3017 3924 3114 3964 nos
3140 3912 3315 3966 vivere
3346 3927 3588 3981 putemus
3617 3933 3721 3986 quo
3749 3929 3894 3973 tem-

2300 4009 2427 4063 pore
2451 3995 2826 4052 misericordes
2848 4015 2951 4053 non
2984 4015 3198 4067 sumus;
3232 4003 3299 4058 de
3319 4004 3655 4079 eleemosyna
3675 4009 3894 4080 loquor,

2299 4103 2416 4157 quae
2438 4089 2504 4142 ab
2534 4089 2755 4144 avaritia
2781 4105 2834 4146 et
2861 4094 3042 4162 rapina
3076 4110 3206 4163 pura
3231 4098 3316 4150 sit.
3351 4097 3405 4153 Si
3434 4101 3574 4154 cnim
3614 4103 3700 4171 qui
3735 4105 3895 4160 hoois

2301 4179 2411 4231 suis
2432 4191 2735 4246 contentus,
2763 4183 2891 4236 nihil
2911 4185 3024 4238 aliis
3049 4185 3290 4255 largitur,
3315 4205 3419 4244 non
3445 4201 3526 4246 est
3551 4193 3889 4251 misericors:

2302 4271 2390 4340 qui
2419 4274 2587 4326 aliena
2621 4277 2778 4344 rapit,
2809 4278 3075 4345 quomodo
3101 4281 3407 4337 misericors
3434 4283 3531 4344 sit.
3564 4287 3766 4341 etiamsi
3803 4288 3889 4342 iu-

2305 4379 2524 4419 nuniera
2571 4369 2790 4436 eroget?
2830 4368 2962 4423 Nam
3012 4371 3056 4424 si
3098 4372 3141 4426 is
3183 4375 3271 4443 qui
3313 4376 3424 4429 suis
3453 4387 3651 4432 tantum
3692 4379 3890 4436 fruitur

2304 4456 2476 4520 bouis,
2500 4466 2552 4511 et
2579 4458 2705 4512 nihil
2730 4460 2964 4529 largitur.
2987 4462 3363 4521 immisericors
3391 4479 3466 4522 εει
3496 4488 3508 4523 :
3531 4471 3694 4524 multo
3717 4487 3898 4542 magis

2306 4545 2348 4598 is
2379 4548 2467 4616 qui
2499 4548 2670 4602 aliena
2702 4550 2915 4621 abripit.
2951 4553 3005 4608 Si
3039 4557 3070 4608 ii
3103 4559 3194 4626 qui
3217 4558 3346 4614 nihil
3366 4560 3543 4614 damni
3573 4562 3892 4626 intulerunt,

2308 4639 2642 4707 plectuntur,
2671 4643 2791 4710 quia
2826 4645 2996 4714 largiti
3026 4662 3128 4702 non
3158 4661 3281 4704 sunt
3314 4671 3326 4704 :
3359 4653 3710 4725 multomagis
3738 4655 3771 4709 ii
3795 4659 3895 4726 qui

2305 4730 2474 4785 aliena
2500 4743 2806 4801 rapuerunt.
2828 4734 2905 4790 Ne
2926 4737 3082 4807 igitur
3099 4740 3238 4796 dixei
3254 4742 3318 4808 is,
3345 4745 3493 4810 Alius
3519 4747 3710 4816 injuste
3732 4749 3904 4809 laesus

2309 4833 2409 4889 est,
2438 4839 2489 4878 et
2520 4824 2654 4879 alius
2677 4827 3070 4900 eleemosynam
3094 4835 3302 4901 aeripit.
3329 4835 3382 4889 In
3410 4835 3509 4891 hoc
3527 4839 3665 4892 enim
3689 4841 3902 4898 malum

2310 4927 2572 4969 versatur.
2611 4916 2713 4972 Par
2741 4920 2938 4990 quippe
2977 4931 3096 4976 erat
3134 4925 3377 4980 eumdem
3405 4927 3574 4995 ipsum
3603 4931 3689 4998 qui
3735 4931 3908 4990 lzesus

2309 5014 2411 5068 est,
2440 5005 2834 5079 eleemosynam
2857 5013 3098 5082 accipere
3133 5032 3146 5067 :
3181 5031 3319 5070 nunc
3344 5033 3470 5071 vero
3504 5019 3636 5074 alios
3665 5022 3912 5079 vulneri-

2311 5099 2410 5153 bus
2429 5100 2615 5165 afticis,
2639 5111 2692 5156 et
2711 5103 2933 5158 aliorum
2954 5107 3170 5162 vulnera
3196 5125 3368 5173 curas,
3391 5127 3527 5181 quos
3551 5129 3656 5168 non
3677 5117 3912 5176 vulnere

2312 5187 2552 5254 aﬁ‘ecisti,
2577 5207 2696 5245 cum
2723 5204 2996 5262 oporteret
3020 5197 3136 5251 illos
3165 5199 3308 5267 ipsos
3333 5217 3552 5262 curare;
3586 5204 3690 5258 imo
3718 5208 3913 5277 potius

2313 5297 2419 5334 non
2455 5283 2787 5341 volucr-asse.
2815 5286 3079 5358 Benignus
3100 5293 3238 5345 enim
3263 5293 3348 5346 ille
3373 5304 3472 5358 est,
3507 5312 3611 5350 non
3633 5300 3719 5366 qui
3740 5302 3913 5357 endit

2315 5381 2367 5424 et
2393 5383 2570 5440 postea
2599 5379 2878 5441 curat,sed
2906 5382 2991 5448 qui
3018 5381 3083 5435 ab
3110 5383 3228 5435 aliis
3255 5384 3558 5441 vulneratos
3583 5399 3749 5443 curat.
3769 5389 3916 5449 Tuis

2316 5477 2440 5532 ergo
2468 5465 2620 5519 malis
2649 5468 2929 5536 medearis,
2964 5487 3069 5525 non
3098 5475 3286 5529 alienis
3311 5492 3325 5541 ;
3361 5478 3468 5531 imo
3498 5494 3622 5534 vero
3651 5496 3749 5536 nec
3771 5497 3908 5552 per-

2317 5554 2487 5606 cutias
2511 5595 2524 5618 ,
2559 5570 2654 5610 nec
2697 5557 2916 5626 dejicias
2946 5562 2963 5630 (
2989 5562 3089 5617 hoc
3124 5567 3267 5619 enim
3296 5566 3525 5623 ludentis
3558 5570 3769 5642 esset),
3801 5582 3915 5636 sed

2318 5645 2553 5715 dejeetos
2583 5650 2748 5719 erige.
2780 5652 2958 5724 Neque
2990 5658 3130 5712 enim
3160 5669 3308 5729 potes
3332 5663 3516 5718 eadem
3549 5665 3917 5735 eleeniosyn'x
