4154 6324
240 315 346 374 525

230 448 472 489 mensura
494 433 701 490 malum
729 451 793 490 ex
821 435 1042 490 avaritia
1062 434 1262 489 illatum
1280 450 1491 492 curare.
1511 433 1640 490 Nam
1663 437 1704 490 si
1725 436 1830 489 obo

231 528 333 580 Iunt
353 527 737 597 rapueris,uon
753 527 883 581 satis
897 537 974 580 est
992 526 1207 581 obuium
1221 527 1271 579 iu
1287 524 1684 598 eleetnosyuam
1703 527 1852 584 dare.

231 632 277 672 tu
299 623 496 687 rapina-
521 619 677 673 ulcus
698 634 880 682 sanes;
905 618 996 674 sed
1022 621 1220 674 talento
1241 635 1377 689 apus
1394 631 1494 674 est.
1519 621 1641 676 Ideo
1661 620 1743 675 fur
1758 621 1850 674 de-

235 710 523 779 prt-hensus
539 710 900 778 quadruplum
926 711 1208 766 restituere
1235 712 1442 781 cogitur
1466 711 1755 781 (Επειλί
1770 713 1790 766 1
1805 713 1843 776 ).

233 801 431 870 IL-tptur
470 817 651 856 autem
688 815 769 856 est
818 807 932 858 ture
981 805 1147 872 pejor.
1177 804 1230 860 Si
1261 820 1395 859 vero
1438 807 1584 858 illum
1616 806 1850 874 quadru-

231 895 367 964 plutn
405 894 540 947 dare
570 904 790 962 Oportet
827 892 903 965 (τι)
925 936 937 954 ,
983 905 1249 964 raptorem
1283 896 1568 964 dccuplutn
1603 906 1654 951 et
1681 899 1848 951 multo

232 991 343 1056 pius
369 989 661 1042 restituere
685 1002 780 1058 par
799 998 912 1049 est;
938 998 1097 1057 atque
1119 990 1357 1057 optabile
1378 999 1458 1043 est
1487 992 1566 1043 vel
1591 994 1668 1044 sic
1692 1004 1846 1059 posse

235 1080 395 1133 Deum
428 1081 500 1132 ob
529 1080 842 1148 iniustitiam
874 1081 1084 1148 placare
1118 1099 1128 1131 :
1164 1091 1289 1135 tunc
1314 1083 1458 1136 ettim
1485 1098 1588 1136 non
1611 1082 1846 1136 elocuto-

224 1188 372 1241 syna:
403 1173 633 1226 fruetum
667 1173 908 1242 recipiet.
955 1171 1078 1228 ldco
1104 1173 1392 1228 Zaccfzzeus
1443 1174 1606 1228 dicit:
1639 1175 1700 1228 Si
1719 1175 1845 1244 quid

223 1265 451 1333 aliquem
488 1266 819 1334 defraudavi,
856 1268 1068 1319 reddam
1096 1268 1438 1337 quadruplum
1461 1310 1475 1334 ,
1504 1278 1551 1321 et
1574 1268 1842 1322 dimidium

225 1356 474 1409 donorum
501 1373 726 1410 meorum
747 1356 878 1410 dabo
904 1357 1210 1429 pauperibus
1237 1357 1400 1427 (Luc.
1449 1359 1533 1414 19.
1563 1359 1657 1430 8).
1686 1358 1840 1425 Quod

221 1448 267 1501 si
298 1449 348 1501 in
376 1450 389 1501 l
413 1465 494 1518 -ge
514 1449 871 1518 quadruplum
906 1450 1132 1505 reddere
1153 1451 1454 1519 oportebat,
1479 1452 1650 1506 multo
1672 1452 1839 1523 magis

227 1539 278 1592 in
307 1542 511 1608 gratia.
540 1540 594 1596 Si
627 1542 797 1594 furem
832 1551 1035 1595 tantum
1074 1543 1356 1598 restituere
1394 1553 1638 1612 Oportet,
1671 1544 1838 1599 multo

219 1637 388 1704 magis
416 1645 709 1703 raptorem.
741 1633 871 1688 Nam
911 1645 1103 1704 prtuler
1129 1635 1380 1689 damnum
1402 1677 1416 1701 ,
1451 1637 1835 1691 contumeliosa

216 1733 364 1778 certe
382 1739 467 1779 res
484 1733 585 1782 est.
610 1725 790 1795 Itaque
806 1726 1010 1780 etiamsi
1032 1727 1339 1796 centuplum
1364 1727 1676 1791 reddideris,
1701 1743 1838 1782 non-

216 1815 343 1868 dum
373 1825 540 1869 tottttu
567 1817 784 1872 dedisti.
815 1814 997 1872 Viden’
1028 1834 1114 1874 me.
1158 1833 1262 1877 non
1288 1819 1477 1873 frustra
1510 1820 1708 1874 dixisse
1731 1865 1746 1888 ,
1778 1822 1832 1877 Si

216 1909 434 1962 obuIttm
459 1910 702 1977 rapuisti,
737 1909 900 1964 redde
922 1911 1181 1965 talentum
1201 1913 1224 1964 ἲ
1244 1912 1319 1966 sic
1340 1913 1501 1966 etiam
1527 1913 1614 1967 vix
1638 1913 1831 1969 vulnus

225 2007 373 2051 tuum
403 1999 639 2055 curabis.
673 1999 826 2066 Quod
853 2001 895 2053 si
924 2001 1008 2054 vel
1040 2001 1140 2054 hoc
1170 2000 1395 2060 faciens.
1425 2004 1514 2056 vix
1542 2018 1700 2057 cures
1733 2021 1744 2055 :
1781 2005 1826 2058 si

223 2089 466 2142 οΓιΙὶιιιιιιι
501 2091 765 2157 invertas,
799 2091 1139 2163 integrosque
1163 2094 1540 2163 possessiones
1563 2097 1826 2164 rapueris,

281 2226 357 2288 (α)
391 2231 478 2274 Fur
501 2226 862 2289 deprehensus
884 2228 1207 2292 quadruplum
1245 2231 1514 2282 restituere
1537 2224 1826 2296 cogebantr.

1284 320 1349 376 IN
1386 320 1795 379 MATTII/EUM
1836 321 2066 380 IIOMIL.
2109 324 2242 381 LIII.
2285 328 2357 385 al.
2402 325 2532 384 LIV.

3477 349 3585 407 526

1971 454 2136 507 pauca
2169 455 2296 494 vero
2326 445 2633 512 erogaveris
2655 488 2669 512 ,
2708 462 2886 521 neque
2920 450 3027 508 illis
3057 470 3192 524 quos
3236 457 3420 515 Imsisti
3441 504 3456 528 ,
3484 466 3580 520 sed

1962 531 2118 594 aliis,
2162 549 2325 604 quam
2377 536 2750 596 defensionem
2801 542 3079 601 habebis?
3119 566 3280 620 quam
3332 556 3582 613 veniant?

1961 637 2122 692 quam
2144 640 2295 696 spem
2327 629 2559 684 salutis?
2590 630 2682 687 Vis
2713 634 2853 691 seire
2879 649 3138 706 quantum
3164 644 3362 700 malum
3389 645 3576 720 facias,

1959 715 2085 771 dum
2110 719 2187 774 sic
2205 721 2300 775 das
2321 723 2756 796 eleemosynam?
2774 728 2911 783 Audi
2933 729 3263 802 Scripturam
3281 715 3574 798 dicentem:

1959 809 2105 864 Sicut
2133 815 2220 882 qui
2244 815 2409 883 ﬁlium
2440 833 2611 871 coram
2639 830 2783 889 patre
2811 839 2909 876 suo
2935 825 3194 891 inter/icit,
3217 831 3289 884 sic
3315 834 3401 896 qui
3424 833 3572 901 offert

1955 903 2263 972 sacri/icium
2289 923 2353 960 ea:
2375 909 2600 975 pecuniis
2621 928 2902 983 pauperum
2921 915 2940 986 (
2961 915 3127 971 Eccli.
3152 920 3240 977 34.
3265 922 3334 977 21
3359 925 3402 993 ).
3426 925 3574 981 Ilanc

1961 995 2139 1065 itaque
2171 1000 2644 1057 rommiuatiouem
2680 1004 2729 1058 in
2766 1020 2945 1061 tuente
2975 1011 3356 1077 inscribeules.
3390 1018 3569 1073 disce—

1952 1086 2138 1143 damus
2170 1107 2182 1142 :
2213 1089 2351 1146 hanc
2381 1094 2433 1147 in
2465 1095 2631 1148 muris
2658 1138 2672 1158 .
2723 1099 2773 1151 in
2803 1101 3050 1157 manibus
3073 1145 3085 1166 ,
3118 1104 3171 1158 in
3199 1109 3526 1164 conscientia
3553 1154 3567 1178 ,

1949 1190 1999 1233 et
2032 1181 2226 1251 uhiqttc
2268 1184 2566 1241 scribamus
2598 1203 2613 1241 :
2647 1198 2701 1242 ut
2751 1190 2837 1245 l.ic
2881 1192 3073 1248 saltem
3106 1208 3282 1251 metus
3309 1199 3358 1254 in
3390 1213 3570 1256 mente

1951 1283 2131 1335 nostra
2188 1275 2378 1342 vigens
2421 1293 2615 1335 manus
2655 1292 2869 1338 nostras
2908 1301 2936 1338 a
2965 1289 3290 1356 quotidianis
3330 1294 3569 1350 caedibus

1954 1362 2227 1418 cohibeat.
2259 1366 2415 1419 Caede
2442 1368 2649 1438 quippe
2671 1371 2912 1424 deterior
2934 1382 3016 1426 est
3049 1375 3235 1442 rapina
3265 1394 3386 1446 quae
3417 1395 3552 1447 pau-

1954 1454 2106 1507 latim
2146 1471 2437 1525 pauperem
2471 1462 2768 1516 consumit.
2821 1462 2890 1518 Ut
2937 1465 3100 1534 igitur
3124 1467 3193 1519 ab
3228 1467 3329 1523 hoc
3364 1469 3549 1537 inqui-

1951 1557 2208 1601 namento
2237 1549 2249 1578 ¹
2281 1550 2398 1617 puri
2435 1550 2629 1615 simus,
2671 1555 2784 1609 haec
2812 1557 3135 1610 meditemur
3171 1569 3386 1614 et‘cum
3424 1564 3547 1618 aliis

1949 1639 2356 1709 colloquamur.
2397 1642 2470 1696 Ita
2508 1644 2654 1697 enim
2683 1645 2750 1699 ad
2783 1648 3220 1705 misericordiam
3254 1653 3545 1722 proniores

1944 1728 2175 1794 erimus,
2207 1746 2519 1802 puramque
2541 1734 3282 1809 adipiscemur,tnercedem,
3309 1753 3544 1802 :eterna-

1943 1836 2052 1891 que
2082 1821 2225 1876 bona
2253 1840 2679 1896 consequemur,
2716 1832 2893 1901 gratia
2940 1842 2996 1887 et
3023 1835 3408 1894 misericordia
3435 1841 3542 1895 Do-

1941 1913 2076 1967 mini
2120 1916 2296 1970 nostri
2335 1916 2465 1971 Jesu
2521 1917 2752 1984 Christi,
2795 1923 2884 1977 cui
2929 1924 3102 1995 gloria
3142 1938 3199 1983 et
3241 1930 3534 2000 imperium

1940 2020 2065 2060 cum
2106 2008 2264 2062 Patre
2294 2020 2351 2064 et
2385 2010 2592 2081 Spiritu
2622 2026 2836 2083 sancto,
2869 2035 3018 2076 nunc
3046 2031 3101 2078 et
3130 2037 3370 2095 semper,
3394 2034 3449 2081 et
3481 2027 3534 2082 itt

1937 2096 2135 2149 saecula
2167 2097 2513 2154 saeculorum.
2549 2103 2745 2159 Amen.

1998 2256 2018 2290 ⁸
2042 2256 2158 2319 Alii,
2183 2258 2243 2310 ab
2263 2258 2356 2310 hoc
2379 2263 2564 2313 morbo.

1431 2510 1779 2573 HOMILIA
1822 2514 1989 2574 L111.
2036 2513 2120 2575 a1.
2170 2514 2331 2574 LIV.

210 2654 336 2708 Car.
368 2655 450 2710 15.
480 2671 533 2708 v.
563 2657 656 2713 '52.
685 2656 839 2710 Jesus
862 2667 1027 2711 autem
1051 2700 1065 2722 ,
1090 2660 1373 2712 convocatis
1404 2661 1668 2729 discipulis
1694 2662 1821 2726 suis,

284 2746 410 2801 dixit
433 2768 456 2800 .·
485 2747 735 2803 Misereor
774 2765 925 2818 super
950 2750 1145 2804 turbam
1167 2793 1182 2816 ,
1226 2752 1344 2821 quia
1371 2770 1480 2806 erce
1519 2754 1621 2817 iam
1656 2754 1823 2806 triduo

283 2841 527 2894 sustinent
574 2859 679 2905 tne,
727 2859 817 2895 nec
857 2841 1038 2896 habent
1084 2844 1220 2912 quod
1269 2845 1620 2900 manducent:
1648 2856 1694 2898 et
1745 2846 1820 2898 dic

281 2935 478 2988 mittere
505 2952 589 2989 eos
609 2937 821 3005 jejunos
849 2938 988 3002 nolo,
1022 2953 1084 2990 ne
1105 2938 1343 3004 deﬁciant
1370 2940 1420 2992 in
1447 2940 1544 2992 via.

289 3027 335 3080 1.
363 3025 624 3093 Superius
652 3044 774 3084 cum
822 3027 1123 3097 huiusmodi
1156 3031 1363 3101 signum
1394 3032 1629 3087 facturus
1656 3043 1816 3095 esset,

204 3120 384 3188 primo
405 3121 613 3174 curavit
637 3137 732 3176 eos
757 3125 845 3192 qui
868 3124 1112 3192 corporis
1137 3126 1450 3194 mgt‘lltldllle
1473 3127 1671 3182 laborat
1687 3139 1813 3183 ent:

201 3211 437 3280 idipsutn
484 3211 570 3267 hic
619 3211 788 3267 facit:
832 3223 952 3283 post
990 3232 1253 3271 Ctl‘COI‘lIIII
1305 3228 1465 3287 atque
1505 3219 1814 3275 clztudurum

198 3304 540 3358 curationem
575 3305 624 3358 in
656 3305 884 3375 idipsuut
915 3323 1099 3362 rursus
1131 3310 1333 3365 incidit.
1362 3311 1469 3365 Cur
1490 3324 1666 3367 autem
1693 3322 1819 3369 tunc

199 3394 461 3449 dixerunt
485 3395 735 3464 discipuli
760 3439 773 3462 ,
805 3397 1016 3454 Dimitte
1045 3404 1217 3455 turbas
1256 3403 1273 3465 (
1308 3403 1494 3457 Matth.
1530 3406 1616 3460 14.
1654 3406 1721 3460 15
1749 3407 1768 3478 )
1798 3426 1811 3461 :

197 3500 346 3539 nunc
376 3502 503 3539 vero
531 3502 635 3540 non
664 3487 932 3555 dixerunt,
965 3491 1132 3544 triluts
1161 3503 1335 3547 tamen
1366 3495 1552 3549 diebus
1571 3498 1814 3552 exactis?

195 3576 332 3630 Sive
359 3578 484 3644 quia
513 3578 623 3643 jam
673 3578 746 3632 illi
781 3580 1124 3646 perfectiores
1152 3593 1300 3636 erant
1325 3626 1338 3648 ,
1368 3585 1480 3638 sive
1507 3585 1649 3655 quod
1694 3587 1814 3643 illos

194 3666 446 3722 viderent
477 3684 582 3722 non
608 3678 755 3723 tanto
787 3669 940 3724 fatuis
968 3688 1128 3726 Sella"
1158 3672 1295 3726 uilici
1324 3692 1336 3726 :
1365 3691 1483 3730 nam
1509 3677 1560 3729 in
1586 3678 1670 3741 iis,
1695 3693 1813 3748 qua:

195 3756 340 3812 facta
361 3770 535 3824 erant,
561 3760 667 3814 Deo
693 3762 916 3830 gloriam
941 3762 1259 3819 rt-l'et-ehaut.
1282 3765 1385 3821 Sed
1411 3769 1527 3823 vide
1544 3770 1811 3839 quomodo

193 3850 362 3903 etiam
390 3866 531 3904 nunc
556 3867 659 3905 non
697 3853 1013 3921 simpliciter
1038 3855 1106 3909 ad
1149 3860 1465 3913 miraculum
1490 3861 1807 3930 patrandum

192 3945 364 4006 venit.
398 3945 492 3999 Sed
527 3947 644 4000 illus
669 3946 732 4001 ad
763 3947 812 4000 id
847 3961 1052 4004 evocat.
1077 3949 1207 4003 Nam
1233 3951 1400 4006 turba:
1428 3955 1662 4023 quidem,
1689 3973 1809 4025 qua}

190 4035 261 4089 ad
299 4036 617 4094 morborum,
638 4053 821 4091 curam
849 4050 1142 4108 venerant,
1176 4058 1340 4111 panes
1369 4055 1548 4113 petere
1579 4063 1682 4101 non
1714 4064 1807 4103 au-

189 4128 399 4183 debant
435 4147 447 4181 :
483 4129 599 4197 ipse
645 4145 774 4184 vero
798 4171 814 4197 ,
858 4147 978 4185 cutn
1011 4133 1273 4203 benignus
1302 4137 1371 4189 sit
1410 4145 1462 4189 et
1508 4139 1764 4206 providus
1788 4182 1802 4207 ,

191 4235 305 4274 non
333 4221 637 4288 petentibus
656 4222 822 4286 dedit,
845 4224 1023 4292 aitque
1045 4224 1319 4296 discipulis
1351 4244 1364 4278 :
1392 4226 1637 4283 Misereor
1654 4247 1807 4299 super

189 4313 418 4374 turbam,
442 4326 488 4366 et
494 4316 703 4382 jejunos
723 4317 973 4370 dimittere
989 4318 1104 4372 illos
1124 4318 1261 4372 nolo.
1287 4319 1362 4375 Ne
1378 4321 1617 4376 dicerent
1635 4324 1800 4389 enim,

191 4404 347 4474 ipsos
391 4421 514 4459 cum
562 4409 756 4461 viatico
786 4409 997 4464 venisse
1022 4451 1037 4471 ,
1086 4413 1204 4464 ait:
1232 4410 1352 4464 Jam
1404 4412 1570 4467 triduo
1610 4431 1804 4469 mecum

189 4508 348 4560 sunt;
378 4500 447 4552 ita
488 4501 696 4553 etiamsi
728 4502 915 4555 viatica
953 4501 1268 4558 habuissent
1295 4546 1309 4566 ,
1334 4504 1802 4576 jam‘cousumpta

187 4597 401 4642 essent.
434 4588 637 4644 Idcirco
661 4594 804 4644 enim
845 4592 932 4645 ille
977 4609 1081 4646 nou
1115 4594 1289 4663 primo
1316 4597 1395 4650 vel
1438 4597 1677 4652 secundo
1715 4599 1802 4655 die

187 4683 298 4735 hoc
332 4680 471 4749 fecit,
502 4685 597 4738 sed
627 4698 747 4737 cum
773 4684 881 4752 jam
910 4685 1087 4739 omnia
1110 4685 1418 4753 deﬁcerent,
1450 4699 1506 4742 ιιι
1537 4693 1586 4742 in
1613 4706 1799 4745 neces-

184 4773 353 4825 sitate
376 4774 530 4839 positi
559 4789 679 4827 cum
705 4775 891 4843 majori
915 4776 1090 4830 studio
1113 4777 1307 4832 factum
1331 4781 1656 4851 exciperent.
1677 4782 1800 4838 Ideo

183 4866 285 4923 ait,
332 4861 410 4914 Ne
439 4864 677 4933 deﬁciant
722 4866 776 4918 in
822 4867 936 4930 via;
981 4869 1274 4923 Ostendens
1326 4870 1469 4938 ipsos
1517 4881 1570 4926 ct
1616 4875 1796 4942 procul

184 4959 398 5024 positos
429 4972 586 5020 esse,
636 4971 688 5011 et
732 4960 909 5012 omnia
960 4963 1383 5031 consumpsisse.
1434 4965 1538 5018 Sed
1590 4966 1633 5019 si
1688 4984 1792 5021 non

186 5055 268 5103 vis
297 5049 514 5118 jejunos
536 5051 808 5106 dimittere
829 5093 843 5118 ,
873 5067 970 5106 cur
1000 5053 1208 5123 signum
1244 5072 1347 5108 non
1395 5056 1562 5111 facis?
1597 5058 1663 5113 Ut
1694 5061 1795 5115 hac

184 5144 615 5211 interrogatione
663 5154 714 5197 et
764 5146 1114 5214 respun~loue
1161 5161 1419 5217 sequente
1479 5154 1796 5209 attentiores

181 5237 441 5290 redderet
485 5236 780 5305 discipulos
805 5281 818 5302 ,
851 5249 905 5292 et
935 5239 1010 5292 illi
1039 5240 1194 5293 tidem
1239 5258 1389 5296 suam
1422 5245 1792 5314 ostenderent,

179 5328 211 5379 d
239 5335 573 5395 errantque,
602 5329 772 5382 Panes
801 5329 979 5382 facito.
1005 5332 1110 5385 Sed
1144 5332 1212 5385 illi
1250 5351 1315 5387 ne
1345 5336 1418 5387 sic
1460 5337 1673 5403 quidem
1717 5341 1796 5392 itt—

184 5422 565 5488 terrogatit‘tnis
593 5438 809 5477 causam
843 5426 1220 5481 intulit-xerunt
1249 5447 1259 5479 :
1288 5431 1425 5483 unde
1455 5443 1633 5500 postea
1658 5435 1796 5489 dixit

189 5514 293 5566 illis
320 5554 333 5577 ,
383 5524 433 5566 ut
479 5515 690 5569 Marcus
716 5517 790 5569 ait
822 5535 834 5570 :
867 5519 1048 5571 Adhuc
1087 5521 1158 5572 ita
1192 5530 1307 5573 sunt
1351 5537 1595 5577 occa’cata
1640 5529 1793 5582 corda

185 5617 392 5658 testia:
423 5609 596 5660 oculos
640 5607 876 5662 [tabentes
908 5627 1008 5663 non
1051 5613 1249 5678 videtis,
1290 5626 1333 5668 et
1360 5633 1506 5669 aures
1556 5619 1792 5675 habentes

185 5714 288 5750 non
329 5700 513 5752 auditis
544 5702 561 5770 (
594 5699 765 5752 Marc.
799 5699 855 5754 8.
888 5702 974 5755 17.
1008 5703 1074 5757 18
1097 5705 1139 5771 ).
1187 5704 1316 5759 Nam
1349 5709 1448 5761 nisi
1480 5708 1580 5763 hoc
1609 5722 1750 5765 esset
1773 5755 1788 5779 ,

183 5805 286 5858 qua
333 5790 395 5843 dc
424 5807 582 5845 causa
639 5798 758 5846 tunc
789 5792 1069 5863 discipulis
1096 5795 1332 5862 diceret,
1378 5802 1788 5873 ostenderetque

1933 2658 2116 2728 dignas
2151 2675 2270 2715 esse
2303 2661 2483 2716 turbas
2511 2663 2794 2733 beneﬁcio,
2822 2667 3149 2742 adderetquc
3172 2674 3353 2740 ipsum
3377 2676 3543 2732 suisea

1935 2751 2163 2805 rieordia
2221 2763 2422 2809 motum
2453 2754 2661 2813 fuisse?
2691 2761 2974 2817 Matthteus
3024 2782 3151 2821 vero
3196 2769 3327 2823 dicit
3370 2771 3538 2841 ipsum

1931 2854 2113 2910 postea
2147 2845 2451 2914 increpasse
2480 2863 2573 2904 eos
2609 2851 2691 2905 his
2726 2855 2902 2909 verbis
2937 2875 2948 2909 :
2990 2857 3209 2914 Modica:
3232 2863 3374 2930 ﬁdei,
3409 2882 3541 2918 non-

1927 2934 2047 2986 dum
2069 2935 2371 3007 intelligitis,
2405 2956 2497 2994 nec
2527 2944 2826 2998 tueministis
2850 2948 3071 3019 quinque
3097 2969 3287 3019 panum
3310 2966 3354 3007 et
3381 2960 3536 3025 quiu—

1924 3043 2020 3096 que
2049 3029 2282 3092 millium,
2305 3043 2350 3085 et
2371 3044 2490 3101 quot
2528 3038 2775 3103 cophinos
2791 3045 3107 3108 sumpseritis
3123 3045 3147 3097 ?
3165 3063 3323 3116 neque
3343 3058 3535 3118 septem

1925 3135 2114 3187 panum
2136 3125 2204 3176 'et
2232 3135 2449 3193 quatuor
2488 3129 2706 3182 millium
2731 3173 2743 3193 ,
2770 3142 2816 3184 et
2843 3145 2961 3202 quot
2992 3148 3194 3204 sportas
3220 3141 3536 3210 sttmpseritis

1924 3208 1942 3279 (
1969 3209 2159 3268 Matth.
2193 3215 2281 3270 16.
2315 3215 2368 3269 8.
2403 3218 2435 3270 9
2462 3220 2478 3286 )
2506 3218 2530 3270 ἲ
2572 3221 2642 3272 Ita
2675 3225 3024 3292 evangelista:
3054 3208 3354 3287 emicet-des
3398 3232 3536 3288 inter

1922 3317 1980 3357 se
2012 3316 2158 3358 sunt.
2194 3307 2330 3372 Quid
2355 3325 2482 3379 ergo
2530 3311 2822 3381 discipuli?
2852 3317 3038 3373 Adhuc
3071 3319 3218 3376 humi
3267 3338 3490 3394 serpunt
3518 3346 3533 3384 :

1920 3404 1975 3446 et
2005 3398 2247 3464 quamvis
2289 3398 2450 3452 tnitlia
2494 3401 2678 3457 iecerit
2704 3447 2718 3470 ,
2751 3408 3026 3475 ut-prioris
3062 3413 3300 3469 miraculi
3333 3434 3535 3472 tuemu-

1921 3486 2052 3539 riam
2080 3499 2395 3557 servarent,
2425 3502 2480 3547 et
2508 3509 2604 3562 per
2633 3495 3107 3568 interrOgationem
3138 3521 3200 3561 ac
3227 3513 3534 3578 responsio-

1937 3597 2085 3644 nem,
2108 3594 2161 3637 et
2181 3585 2328 3654 quod
2347 3586 2468 3643 illos
2491 3588 2778 3644 ministros
2802 3589 3017 3656 iecerit,
3035 3597 3244 3664 etquod
3259 3597 3527 3666 cophinos

1932 3675 2011 3727 eis
2025 3675 2372 3732 distribuerit
2390 3681 2428 3746 ‘;
2451 3680 2545 3736 sed
2568 3683 2750 3748 adhuc
2764 3683 3198 3753 imperiectiores
3209 3698 3386 3743 erant.
3403 3688 3527 3743 Ideo

1918 3759 2100 3814 dicunt
2129 3764 2175 3816 ei
2209 3781 2221 3816 :
2252 3765 2341 3820 55.
2377 3763 2527 3819 Unde
2556 3768 2697 3822 nobis
2723 3770 2776 3823 in
2804 3773 3079 3829 solitudine
3121 3788 3191 3831 tot
3223 3783 3430 3848 panes?
3462 3784 3530 3838 Et

1916 3863 2068 3908 antea
2097 3864 2150 3909 et
2177 3872 2317 3911 nunc
2347 3858 2691 3914 solitudinem
2725 3879 3046 3933 memorant,
3072 3879 3123 3924 et
3150 3887 3216 3926 ex
3236 3875 3396 3929 animi
3423 3876 3527 3932 im—

1917 3945 2208 4001 becillitate
2241 3948 2307 4002 ita
2339 3949 2640 4020 loquentes,
2669 3955 2880 4024 signum
2912 3959 2978 4014 ab
3025 3965 3170 4016 omni
3224 3969 3529 4036 suSpicione

1915 4036 2229 4092 liberabant.
2267 4039 2343 4094 Ne
2373 4043 2493 4112 quis
2521 4045 2665 4099 enim
2694 4047 2933 4118 diceret,
2971 4054 3158 4121 utjam
3189 4069 3346 4112 antea
3378 4061 3487 4116 dixi
3513 4107 3526 4127 ,

1914 4129 2085 4197 ipsqu
2113 4147 2176 4186 ex
2207 4133 2382 4187 vicino
2418 4137 2648 4203 quodam
2688 4140 2805 4195 vico
2833 4158 2998 4211 panes
3025 4158 3324 4205 mutuatum
3368 4171 3488 4210 esse
3510 4199 3526 4223 ,

1912 4219 2060 4274 locus
2090 4221 2209 4292 quis
2237 4224 2306 4277 sit
2346 4223 2690 4299 declaratur,
2740 4242 2798 4288 ut
2839 4236 3154 4294 miraculum
3191 4244 3525 4302 crederetur.

1914 4310 2116 4368 Idcirco
2144 4324 2193 4369 et
2219 4317 2448 4384 primum
2479 4331 2534 4374 et
2554 4321 2656 4378 huc
2685 4341 2898 4396 quoque
2924 4331 3135 4399 signum
3167 4335 3218 4388 in
3242 4337 3526 4396 solitudine

1909 4403 2032 4457 facit
2058 4445 2070 4466 ,
2127 4420 2156 4459 a
2190 4407 2377 4463 viculis
2425 4411 2583 4481 longe
2619 4415 2871 4472 distante.
2910 4420 3015 4475 Sed
3063 4423 3254 4480 borutu
3287 4429 3418 4484 nihil
3450 4431 3528 4484 itt-

1911 4496 2211 4567 telligeutes
2238 4501 2486 4573 discipuli
2512 4507 2765 4563 dicebant
2791 4529 2800 4562 :
2832 4511 2981 4568 Unde
3004 4519 3145 4572 nobis
3177 4521 3229 4573 in
3254 4524 3528 4582 solitudme

1908 4597 1977 4641 tot
2008 4591 2204 4658 panes?
2231 4593 2361 4648 Nam
2382 4598 2637 4666 putabant
2668 4601 2812 4655 illum
2840 4603 2961 4660 ideo
2991 4607 3103 4662 haec
3125 4609 3346 4680 dixisse,
3374 4619 3523 4686 quasi

1909 4689 2277 4750 prmcepturus
2303 4696 2448 4740 esset
2472 4697 2526 4742 ut
2558 4688 2678 4743 illos
2699 4692 2973 4758 cibareut;
3000 4699 3093 4754 sed
3127 4704 3417 4760 admodum
3453 4708 3524 4763 in-

1905 4775 2184 4844 sipienter.
2238 4778 2469 4851 Ideoque
2521 4783 2624 4838 illis
2668 4801 2840 4855 nuper
2871 4789 3121 4859 dixerat,
3163 4795 3296 4851 Date
3325 4816 3411 4854 vos
3451 4804 3526 4856 eis

1906 4868 2258 4942 manducare(
2291 4871 2480 4931 Matth.
2508 4876 2597 4931 14.
2626 4876 2692 4932 16
2714 4878 2733 4949 )
2754 4919 2768 4944 ,
2797 4891 2854 4933 ιιι
2886 4881 2990 4936 illis
3011 4887 3350 4952 occasionem
3370 4892 3520 4949 daret

1903 4975 1963 5016 se
1992 4962 2091 5018 hac
2125 4964 2193 5018 de
2218 4981 2382 5021 causa
2414 4971 2688 5037 precandi.
2720 4971 2874 5028 Nunc
2900 4992 3028 5031 vero
3059 4995 3165 5035 non
3197 4981 3358 5050 dicit,
3389 4984 3523 5039 Date

1903 5051 2006 5107 illis
2033 5056 2343 5111 manducare
2365 5101 2380 5124 ,
2415 5061 2507 5114 sed
2553 5063 2678 5131 quid
2703 5064 2724 5116 ?
2755 5065 3000 5122 Misereor
3027 5088 3178 5140 super
3207 5077 3402 5130 turbam
3426 5121 3440 5144 ,
3469 5087 3522 5133 et

1901 5144 2154 5201 dimittere
2174 5165 2256 5200 eos
2269 5151 2479 5218 jeiunos
2503 5155 2619 5208 nolo
2640 5172 2658 5208 .'
2689 5160 2910 5227 propius
2934 5177 3157 5219 movens
3185 5168 3517 5239 incitatisque

1903 5237 2042 5294 illos.
2078 5249 2131 5292 ut
2163 5241 2376 5295 videant
2404 5244 2532 5298 illud
2560 5249 2627 5302 ab
2655 5264 2712 5303 se
2742 5254 3032 5319 petendum
3061 5271 3200 5312 esse.
3233 5260 3363 5315 Nam
3404 5237 3515 5335 ipsa

1902 5332 2059 5386 verba
2090 5334 2456 5397 declarabant.
2490 5355 2649 5406 posse
2685 5344 2855 5412 ipsum
2884 5364 2983 5400 nor.
3017 5349 3290 5408 dimittere
3319 5332 3519 5425 eos'jc-

1899 5425 2086 5492 junos.
2130 5437 2185 5480 et
2219 5433 2510 5498 potentiam
2560 5434 2728 5502 ipsius
2759 5441 3137 5497 ostendebant.
3183 5447 3311 5500 Illud
3340 5452 3513 5514 enim.

1903 5517 2081 5584 Nolo,
2134 5521 2185 5574 id
2231 5523 2516 5590 signiﬁcat.
2573 5527 2706 5593 Quia
2740 5546 2869 5584 vero
2917 5546 2969 5586 et
3019 5537 3412 5596 multitudinem
3463 5558 3512 5602 et

1900 5611 2073 5666 locum
2119 5624 2173 5668 et
2216 5616 2558 5673 solitudinem
2612 5638 3016 5692 tucmuraruttt,
3071 5632 3237 5698 (nam
3288 5635 3511 5705 dicunt,

1903 5704 2051 5759 Unde
2098 5709 2239 5761 nobis
2283 5711 2331 5763 in
2360 5712 2633 5766 solitudine
2675 5727 2744 5768 tot
2787 5735 2943 5786 panes
2969 5764 2980 5783 ,
3027 5734 3078 5777 ut
3122 5729 3329 5781 satietur
3360 5704 3510 5780 tanta

1981 5824 1992 5851 '
2019 5821 2112 5869 Ur.
2141 5822 2318 5873 Adnot.
2353 5826 2508 5874 1"icld.
2542 5828 2599 5876 ad
2628 5843 2737 5889 pag.
2765 5832 2874 5881 538.
