  <div class='ocr_page' id='page_1' title='image "/cluster/home/n/w/nwhite01/storage/ocr_20150623/58/pst.000005712571/069.png"; bbox 0 0 4154 6324; ppageno 0'>
   <div class='ocr_carea' id='block_1_1' title="bbox 653 287 751 348">
    <p class='ocr_par' dir='ltr' id='par_1_1' title="bbox 653 287 751 348">
     <span class='ocr_line' id='line_1_1' title="bbox 653 287 751 348; baseline 0 -6"><span class='ocrx_word' id='word_1_1' title='bbox 653 287 751 348; x_wconf 71' lang='lat'><strong>527</strong></span> 
     </span>
    </p>
   </div>
   <div class='ocr_carea' id='block_1_2' title="bbox 655 392 2233 477">
    <p class='ocr_par' dir='ltr' id='par_1_2' title="bbox 655 392 2233 477">
     <span class='ocr_line' id='line_1_2' title="bbox 655 392 2233 477; baseline -0.009 -24"><span class='ocrx_word' id='word_1_2' title='bbox 655 404 796 455; x_wconf 78' lang='lat' dir='ltr'><strong>turba</strong></span> <span class='ocrx_word' id='word_1_3' title='bbox 817 401 842 454; x_wconf 75' lang='lat'><em>2</em></span> <span class='ocrx_word' id='word_1_4' title='bbox 864 402 885 470; x_wconf 91' lang='lat'><strong>)</strong></span> <span class='ocrx_word' id='word_1_5' title='bbox 910 413 1081 470; x_wconf 83' lang='lat' dir='ltr'><strong>neque</strong></span> <span class='ocrx_word' id='word_1_6' title='bbox 1103 406 1276 452; x_wconf 86' lang='lat' dir='ltr'><strong>tamen</strong></span> <span class='ocrx_word' id='word_1_7' title='bbox 1299 394 1493 477; x_wconf 54' lang='lat' dir='ltr'><strong>,Christi</strong></span> <span class='ocrx_word' id='word_1_8' title='bbox 1512 395 1670 448; x_wconf 87' lang='lat' dir='ltr'><strong>verba</strong></span> <span class='ocrx_word' id='word_1_9' title='bbox 1693 392 2088 449; x_wconf 78' lang='lat' dir='ltr'><strong>intellexerunt.</strong></span> <span class='ocrx_word' id='word_1_10' title='bbox 2109 395 2233 441; x_wconf 83' lang='lat' dir='ltr'><strong>tunc</strong></span> 
     </span>
    </p>
   </div>
   <div class='ocr_carea' id='block_1_3' title="bbox 652 480 2233 562">
    <p class='ocr_par' dir='ltr' id='par_1_3' title="bbox 652 480 2233 562">
     <span class='ocr_line' id='line_1_3' title="bbox 652 480 2233 562; baseline -0.009 -15"><span class='ocrx_word' id='word_1_11' title='bbox 652 510 808 549; x_wconf 81' lang='lat' dir='ltr'><strong>suum</strong></span> <span class='ocrx_word' id='word_1_12' title='bbox 837 495 952 562; x_wconf 84' lang='lat' dir='ltr'><strong>ipse</strong></span> <span class='ocrx_word' id='word_1_13' title='bbox 989 504 1122 562; x_wconf 85' lang='lat' dir='ltr'><strong>opus</strong></span> <span class='ocrx_word' id='word_1_14' title='bbox 1153 488 1388 558; x_wconf 77' lang='lat' dir='ltr'><strong>peragit,</strong></span> <span class='ocrx_word' id='word_1_15' title='bbox 1428 496 1482 549; x_wconf 83' lang='lat' dir='ltr'><strong>et</strong></span> <span class='ocrx_word' id='word_1_16' title='bbox 1521 486 1596 540; x_wconf 84' lang='lat' dir='ltr'><strong>ait</strong></span> <span class='ocrx_word' id='word_1_17' title='bbox 1623 484 1762 539; x_wconf 86' lang='lat' dir='ltr'><strong>illis:</strong></span> <span class='ocrx_word' id='word_1_18' title='bbox 1793 483 1880 538; x_wconf 68' lang='lat'><strong>34.</strong></span> <span class='ocrx_word' id='word_1_19' title='bbox 1917 480 2049 548; x_wconf 79' lang='lat' dir='ltr'><strong>Quot</strong></span> <span class='ocrx_word' id='word_1_20' title='bbox 2078 495 2233 551; x_wconf 73' lang='lat' dir='ltr'><strong>panes</strong></span> 
     </span>
    </p>
   </div>
   <div class='ocr_carea' id='block_1_4' title="bbox 653 574 2228 648">
    <p class='ocr_par' dir='ltr' id='par_1_4' title="bbox 653 574 2228 648">
     <span class='ocr_line' id='line_1_4' title="bbox 653 574 2228 648; baseline -0.01 -9"><span class='ocrx_word' id='word_1_21' title='bbox 653 586 888 641; x_wconf 63' lang='lat' dir='ltr'><strong>tumetis!</strong></span> <span class='ocrx_word' id='word_1_22' title='bbox 914 583 1006 639; x_wconf 82' lang='lat' dir='ltr'><strong>Illi</strong></span> <span class='ocrx_word' id='word_1_23' title='bbox 1030 599 1145 639; x_wconf 76' lang='lat' dir='ltr'><strong>sero</strong></span> <span class='ocrx_word' id='word_1_24' title='bbox 1169 578 1613 648; x_wconf 77' lang='lat' dir='ltr'><strong>dicunt,.Septetl,</strong></span> <span class='ocrx_word' id='word_1_25' title='bbox 1643 586 1690 631; x_wconf 79' lang='lat' dir='ltr'><strong>et</strong></span> <span class='ocrx_word' id='word_1_26' title='bbox 1717 574 1984 647; x_wconf 73' lang='lat' dir='ltr'><strong>pisciculos</strong></span> <span class='ocrx_word' id='word_1_27' title='bbox 2020 588 2228 642; x_wconf 76' lang='lat' dir='ltr'><strong>paucos.</strong></span> 
     </span>
    </p>
   </div>
   <div class='ocr_carea' id='block_1_5' title="bbox 653 662 2286 746">
    <p class='ocr_par' dir='ltr' id='par_1_5' title="bbox 653 662 2286 746">
     <span class='ocr_line' id='line_1_5' title="bbox 653 662 2286 746; baseline -0.015 -12"><span class='ocrx_word' id='word_1_28' title='bbox 653 679 762 734; x_wconf 71' lang='lat' dir='ltr'><strong>Nec</strong></span> <span class='ocrx_word' id='word_1_29' title='bbox 783 678 892 746; x_wconf 80' lang='lat' dir='ltr'><strong>jam</strong></span> <span class='ocrx_word' id='word_1_30' title='bbox 923 675 1127 736; x_wconf 75' lang='lat' dir='ltr'><strong>dicunt,</strong></span> <span class='ocrx_word' id='word_1_31' title='bbox 1155 672 1258 728; x_wconf 74' lang='lat' dir='ltr'><strong>Sed</strong></span> <span class='ocrx_word' id='word_1_32' title='bbox 1283 671 1388 730; x_wconf 68' lang='lat' dir='ltr'><strong>hac</strong></span> <span class='ocrx_word' id='word_1_33' title='bbox 1416 669 1537 741; x_wconf 78' lang='lat' dir='ltr'><strong>quid</strong></span> <span class='ocrx_word' id='word_1_34' title='bbox 1560 679 1675 723; x_wconf 77' lang='lat' dir='ltr'><strong>sunt</strong></span> <span class='ocrx_word' id='word_1_35' title='bbox 1703 668 1832 720; x_wconf 81' lang='lat' dir='ltr'><strong>inter</strong></span> <span class='ocrx_word' id='word_1_36' title='bbox 1859 675 2023 721; x_wconf 85' lang='lat' dir='ltr'><strong>tantos</strong></span> <span class='ocrx_word' id='word_1_37' title='bbox 2049 662 2224 736; x_wconf 76' lang='lat' dir='ltr'><strong>(lacn.</strong></span> <span class='ocrx_word' id='word_1_38' title='bbox 2277 727 2286 732; x_wconf 93' lang='lat'>_</span> 
     </span>
    </p>
   </div>
   <div class='ocr_carea' id='block_1_6' title="bbox 653 757 2229 842">
    <p class='ocr_par' dir='ltr' id='par_1_6' title="bbox 653 757 2229 842">
     <span class='ocr_line' id='line_1_6' title="bbox 653 757 2229 842; baseline -0.012 -18"><span class='ocrx_word' id='word_1_39' title='bbox 653 772 705 826; x_wconf 82' lang='grc'><strong>6.</strong></span> <span class='ocrx_word' id='word_1_40' title='bbox 739 768 852 842; x_wconf 81' lang='lat'><strong>9)?</strong></span> <span class='ocrx_word' id='word_1_41' title='bbox 901 780 958 821; x_wconf 74' lang='lat' dir='ltr'><strong>ut</strong></span> <span class='ocrx_word' id='word_1_42' title='bbox 1004 775 1156 820; x_wconf 84' lang='lat' dir='ltr'><strong>antea</strong></span> <span class='ocrx_word' id='word_1_43' title='bbox 1199 763 1464 818; x_wconf 83' lang='lat' dir='ltr'><strong>dicebant.</strong></span> <span class='ocrx_word' id='word_1_44' title='bbox 1511 760 1599 816; x_wconf 88' lang='lat' dir='ltr'><strong>Sic</strong></span> <span class='ocrx_word' id='word_1_45' title='bbox 1647 757 1852 814; x_wconf 82' lang='lat' dir='ltr'><strong>etiamsi</strong></span> <span class='ocrx_word' id='word_1_46' title='bbox 1901 770 2006 810; x_wconf 90' lang='lat' dir='ltr'><strong>non</strong></span> <span class='ocrx_word' id='word_1_47' title='bbox 2062 763 2229 808; x_wconf 76' lang='lat' dir='ltr'><strong>tntum</strong></span> 
     </span>
    </p>
   </div>
   <div class='ocr_carea' id='block_1_7' title="bbox 651 848 2228 932">
    <p class='ocr_par' dir='ltr' id='par_1_7' title="bbox 651 848 2228 932">
     <span class='ocr_line' id='line_1_7' title="bbox 651 848 2228 932; baseline -0.01 -14"><span class='ocrx_word' id='word_1_48' title='bbox 651 861 1205 932; x_wconf 81' lang='lat' dir='ltr'><strong>comprehenderem,</strong></span> <span class='ocrx_word' id='word_1_49' title='bbox 1233 857 1571 925; x_wconf 86' lang='lat' dir='ltr'><strong>sublimiores</strong></span> <span class='ocrx_word' id='word_1_50' title='bbox 1597 863 1772 908; x_wconf 86' lang='lat' dir='ltr'><strong>tamen</strong></span> <span class='ocrx_word' id='word_1_51' title='bbox 1811 848 2060 920; x_wconf 73' lang='lat' dir='ltr'><strong>paulatim</strong></span> <span class='ocrx_word' id='word_1_52' title='bbox 2101 862 2228 902; x_wconf 84' lang='lat' dir='ltr'><strong>eva-</strong></span> 
     </span>
    </p>
   </div>
   <div class='ocr_carea' id='block_1_8' title="bbox 652 940 2226 1020">
    <p class='ocr_par' dir='ltr' id='par_1_8' title="bbox 652 940 2226 1020">
     <span class='ocr_line' id='line_1_8' title="bbox 652 940 2226 1020; baseline -0.011 -10"><span class='ocrx_word' id='word_1_53' title='bbox 652 957 865 1011; x_wconf 83' lang='lat' dir='ltr'><strong>debant.</strong></span> <span class='ocrx_word' id='word_1_54' title='bbox 903 953 1036 1008; x_wconf 72' lang='lat' dir='ltr'><strong>Nam</strong></span> <span class='ocrx_word' id='word_1_55' title='bbox 1080 962 1135 1006; x_wconf 88' lang='lat' dir='ltr'><strong>et</strong></span> <span class='ocrx_word' id='word_1_56' title='bbox 1181 951 1292 1020; x_wconf 85' lang='lat' dir='ltr'><strong>ipse</strong></span> <span class='ocrx_word' id='word_1_57' title='bbox 1323 947 1404 1001; x_wconf 84' lang='lat' dir='ltr'><strong>his</strong></span> <span class='ocrx_word' id='word_1_58' title='bbox 1449 946 1659 1000; x_wconf 84' lang='lat' dir='ltr'><strong>illorum</strong></span> <span class='ocrx_word' id='word_1_59' title='bbox 1697 951 1932 998; x_wconf 84' lang='lat' dir='ltr'><strong>tuentem</strong></span> <span class='ocrx_word' id='word_1_60' title='bbox 1971 940 2182 1008; x_wconf 75' lang='lat' dir='ltr'><strong>erigens</strong></span> <span class='ocrx_word' id='word_1_61' title='bbox 2211 980 2226 1003; x_wconf 89' lang='lat'><strong>,</strong></span> 
     </span>
    </p>
   </div>
   <div class='ocr_carea' id='block_1_9' title="bbox 652 1029 2228 1114">
    <p class='ocr_par' dir='ltr' id='par_1_9' title="bbox 652 1029 2228 1114">
     <span class='ocr_line' id='line_1_9' title="bbox 652 1029 2228 1114; baseline -0.013 -12"><span class='ocrx_word' id='word_1_62' title='bbox 652 1047 842 1102; x_wconf 87' lang='lat' dir='ltr'><strong>eodem</strong></span> <span class='ocrx_word' id='word_1_63' title='bbox 870 1059 976 1114; x_wconf 89' lang='lat' dir='ltr'><strong>quo</strong></span> <span class='ocrx_word' id='word_1_64' title='bbox 1005 1043 1148 1112; x_wconf 89' lang='lat' dir='ltr'><strong>prius</strong></span> <span class='ocrx_word' id='word_1_65' title='bbox 1172 1039 1330 1095; x_wconf 91' lang='lat' dir='ltr'><strong>modo</strong></span> <span class='ocrx_word' id='word_1_66' title='bbox 1357 1035 1752 1106; x_wconf 66' lang='lat' dir='ltr'><strong>interrogabat,</strong></span> <span class='ocrx_word' id='word_1_67' title='bbox 1785 1042 1843 1088; x_wconf 88' lang='lat' dir='ltr'><strong>ut</strong></span> <span class='ocrx_word' id='word_1_68' title='bbox 1871 1032 1952 1087; x_wconf 89' lang='lat' dir='ltr'><strong>vel</strong></span> <span class='ocrx_word' id='word_1_69' title='bbox 1977 1046 2040 1086; x_wconf 83' lang='lat' dir='ltr'><strong>es</strong></span> <span class='ocrx_word' id='word_1_70' title='bbox 2069 1029 2228 1085; x_wconf 91' lang='lat' dir='ltr'><strong>modo</strong></span> 
     </span>
    </p>
   </div>
   <div class='ocr_carea' id='block_1_10' title="bbox 656 1119 2221 1208">
    <p class='ocr_par' dir='ltr' id='par_1_10' title="bbox 656 1119 2221 1208">
     <span class='ocr_line' id='line_1_10' title="bbox 656 1119 2221 1208; baseline -0.013 -14"><span class='ocrx_word' id='word_1_71' title='bbox 656 1136 1014 1208; x_wconf 75' lang='lat' dir='ltr'><strong>interrogandi</strong></span> <span class='ocrx_word' id='word_1_72' title='bbox 1040 1136 1148 1205; x_wconf 80' lang='lat' dir='ltr'><strong>jam</strong></span> <span class='ocrx_word' id='word_1_73' title='bbox 1192 1141 1336 1202; x_wconf 77' lang='lat' dir='ltr'><strong>gesta</strong></span> <span class='ocrx_word' id='word_1_74' title='bbox 1365 1132 1414 1182; x_wconf 92' lang='lat' dir='ltr'><strong>iu</strong></span> <span class='ocrx_word' id='word_1_75' title='bbox 1451 1128 1761 1183; x_wconf 83' lang='lat' dir='ltr'><strong>memoriam</strong></span> <span class='ocrx_word' id='word_1_76' title='bbox 1802 1131 2098 1180; x_wconf 80' lang='lat' dir='ltr'><strong>revocaret.</strong></span> <span class='ocrx_word' id='word_1_77' title='bbox 2143 1119 2221 1174; x_wconf 87' lang='lat' dir='ltr'><strong>Tu</strong></span> 
     </span>
    </p>
   </div>
   <div class='ocr_carea' id='block_1_11' title="bbox 653 1211 2228 1289">
    <p class='ocr_par' dir='ltr' id='par_1_11' title="bbox 653 1211 2228 1289">
     <span class='ocr_line' id='line_1_11' title="bbox 653 1211 2228 1289; baseline -0.012 -5"><span class='ocrx_word' id='word_1_78' title='bbox 653 1246 779 1287; x_wconf 81' lang='lat' dir='ltr'><strong>vero</strong></span> <span class='ocrx_word' id='word_1_79' title='bbox 825 1241 881 1285; x_wconf 91' lang='lat' dir='ltr'><strong>ut</strong></span> <span class='ocrx_word' id='word_1_80' title='bbox 922 1229 1012 1284; x_wconf 82' lang='lat' dir='ltr'><strong>hic</strong></span> <span class='ocrx_word' id='word_1_81' title='bbox 1037 1225 1210 1280; x_wconf 86' lang='lat' dir='ltr'><strong>vidisti</strong></span> <span class='ocrx_word' id='word_1_82' title='bbox 1239 1223 1448 1277; x_wconf 87' lang='lat' dir='ltr'><strong>illorum</strong></span> <span class='ocrx_word' id='word_1_83' title='bbox 1479 1218 1952 1289; x_wconf 78' lang='lat' dir='ltr'><strong>impertectionem,</strong></span> <span class='ocrx_word' id='word_1_84' title='bbox 1980 1214 2058 1272; x_wconf 86' lang='lat' dir='ltr'><strong>sit:</strong></span> <span class='ocrx_word' id='word_1_85' title='bbox 2080 1211 2228 1266; x_wconf 84' lang='lat' dir='ltr'><strong>disce</strong></span> 
     </span>
    </p>
   </div>
   <div class='ocr_carea' id='block_1_12' title="bbox 652 1303 2224 1393">
    <p class='ocr_par' dir='ltr' id='par_1_12' title="bbox 652 1303 2224 1393">
     <span class='ocr_line' id='line_1_12' title="bbox 652 1303 2224 1393; baseline -0.015 -11"><span class='ocrx_word' id='word_1_86' title='bbox 652 1328 859 1382; x_wconf 87' lang='lat' dir='ltr'><strong>illorum</strong></span> <span class='ocrx_word' id='word_1_87' title='bbox 881 1303 1295 1393; x_wconf 82' lang='lat' dir='ltr'><strong>philosophicam</strong></span> <span class='ocrx_word' id='word_1_88' title='bbox 1313 1324 1568 1380; x_wconf 88' lang='lat' dir='ltr'><strong>mentem,</strong></span> <span class='ocrx_word' id='word_1_89' title='bbox 1587 1320 1638 1369; x_wconf 84' lang='lat' dir='ltr'><strong>et</strong></span> <span class='ocrx_word' id='word_1_90' title='bbox 1654 1309 1988 1366; x_wconf 86' lang='lat' dir='ltr'><strong>veracitatem</strong></span> <span class='ocrx_word' id='word_1_91' title='bbox 2010 1307 2224 1369; x_wconf 85' lang='lat' dir='ltr'><strong>mirare,</strong></span> 
     </span>
    </p>
   </div>
   <div class='ocr_carea' id='block_1_13' title="bbox 650 1396 2224 1486">
    <p class='ocr_par' dir='ltr' id='par_1_13' title="bbox 650 1396 2224 1486">
     <span class='ocr_line' id='line_1_13' title="bbox 650 1396 2224 1486; baseline -0.014 -16"><span class='ocrx_word' id='word_1_92' title='bbox 650 1414 916 1486; x_wconf 88' lang='lat' dir='ltr'><strong>quomodo</strong></span> <span class='ocrx_word' id='word_1_93' title='bbox 941 1425 1130 1480; x_wconf 86' lang='lat' dir='ltr'><strong>nempe</strong></span> <span class='ocrx_word' id='word_1_94' title='bbox 1151 1408 1444 1464; x_wconf 88' lang='lat' dir='ltr'><strong>scribentes</strong></span> <span class='ocrx_word' id='word_1_95' title='bbox 1466 1446 1483 1472; x_wconf 95' lang='lat'><strong>,</strong></span> <span class='ocrx_word' id='word_1_96' title='bbox 1513 1402 1875 1473; x_wconf 86' lang='lat' dir='ltr'><strong>stupiditalem</strong></span> <span class='ocrx_word' id='word_1_97' title='bbox 1913 1413 2086 1462; x_wconf 82' lang='lat' dir='ltr'><strong>suam,</strong></span> <span class='ocrx_word' id='word_1_98' title='bbox 2125 1396 2224 1449; x_wconf 82' lang='lat' dir='ltr'><strong>etsi</strong></span> 
     </span>
    </p>
   </div>
   <div class='ocr_carea' id='block_1_14' title="bbox 650 1486 2223 1576">
    <p class='ocr_par' dir='ltr' id='par_1_14' title="bbox 650 1486 2223 1576">
     <span class='ocr_line' id='line_1_14' title="bbox 650 1486 2223 1576; baseline -0.014 -15"><span class='ocrx_word' id='word_1_99' title='bbox 650 1521 914 1576; x_wconf 78' lang='lat' dir='ltr'><strong>magnam,</strong></span> <span class='ocrx_word' id='word_1_100' title='bbox 946 1517 1048 1557; x_wconf 92' lang='lat' dir='ltr'><strong>non</strong></span> <span class='ocrx_word' id='word_1_101' title='bbox 1079 1500 1364 1556; x_wconf 81' lang='lat' dir='ltr'><strong>occultent.</strong></span> <span class='ocrx_word' id='word_1_102' title='bbox 1394 1496 1576 1566; x_wconf 78' lang='lat' dir='ltr'><strong>Neque</strong></span> <span class='ocrx_word' id='word_1_103' title='bbox 1601 1493 1742 1548; x_wconf 88' lang='lat' dir='ltr'><strong>enim</strong></span> <span class='ocrx_word' id='word_1_104' title='bbox 1769 1489 2051 1546; x_wconf 83' lang='lat' dir='ltr'><strong>mediocris</strong></span> <span class='ocrx_word' id='word_1_105' title='bbox 2070 1486 2223 1555; x_wconf 88' lang='lat' dir='ltr'><strong>culpa</strong></span> 
     </span>
    </p>
   </div>
   <div class='ocr_carea' id='block_1_15' title="bbox 650 1578 2225 1665">
    <p class='ocr_par' dir='ltr' id='par_1_15' title="bbox 650 1578 2225 1665">
     <span class='ocr_line' id='line_1_15' title="bbox 650 1578 2225 1665; baseline -0.014 -14"><span class='ocrx_word' id='word_1_106' title='bbox 650 1608 784 1658; x_wconf 83' lang='lat' dir='ltr'><strong>erat,</strong></span> <span class='ocrx_word' id='word_1_107' title='bbox 819 1609 984 1665; x_wconf 83' lang='lat' dir='ltr'><strong>nuper</strong></span> <span class='ocrx_word' id='word_1_108' title='bbox 1012 1592 1134 1647; x_wconf 85' lang='lat' dir='ltr'><strong>facti</strong></span> <span class='ocrx_word' id='word_1_109' title='bbox 1161 1588 1396 1644; x_wconf 78' lang='lat' dir='ltr'><strong>miraculi</strong></span> <span class='ocrx_word' id='word_1_110' title='bbox 1421 1596 1530 1640; x_wconf 85' lang='lat' dir='ltr'><strong>tam</strong></span> <span class='ocrx_word' id='word_1_111' title='bbox 1555 1585 1660 1640; x_wconf 89' lang='lat' dir='ltr'><strong>cito</strong></span> <span class='ocrx_word' id='word_1_112' title='bbox 1689 1579 1967 1644; x_wconf 71' lang='lat' dir='ltr'><strong>oblivisci;</strong></span> <span class='ocrx_word' id='word_1_113' title='bbox 1998 1578 2225 1648; x_wconf 88' lang='lat' dir='ltr'><strong>ideoque</strong></span> 
     </span>
    </p>
   </div>
   <div class='ocr_carea' id='block_1_16' title="bbox 649 1689 1008 1755">
    <p class='ocr_par' dir='ltr' id='par_1_16' title="bbox 649 1689 1008 1755">
     <span class='ocr_line' id='line_1_16' title="bbox 649 1689 1008 1755; baseline -0.006 -12"><span class='ocrx_word' id='word_1_114' title='bbox 649 1689 1008 1755; x_wconf 85' lang='lat' dir='ltr'><strong>increpantur.</strong></span> 
     </span>
    </p>
   </div>
   <div class='ocr_carea' id='block_1_17' title="bbox 717 1761 2220 1840">
    <p class='ocr_par' dir='ltr' id='par_1_17' title="bbox 717 1761 2220 1840">
     <span class='ocr_line' id='line_1_17' title="bbox 717 1761 2220 1840; baseline -0.014 -9"><span class='ocrx_word' id='word_1_115' title='bbox 717 1777 770 1831; x_wconf 75' lang='grc'><strong>2.</strong></span> <span class='ocrx_word' id='word_1_116' title='bbox 814 1776 890 1830; x_wconf 82' lang='lat' dir='ltr'><strong>Ad</strong></span> <span class='ocrx_word' id='word_1_117' title='bbox 951 1777 1062 1828; x_wconf 65' lang='lat' dir='ltr'><strong>hac</strong></span> <span class='ocrx_word' id='word_1_118' title='bbox 1107 1773 1265 1826; x_wconf 87' lang='lat' dir='ltr'><strong>aliam</strong></span> <span class='ocrx_word' id='word_1_119' title='bbox 1307 1783 1519 1840; x_wconf 85' lang='lat' dir='ltr'><strong>quoque</strong></span> <span class='ocrx_word' id='word_1_120' title='bbox 1566 1762 1914 1836; x_wconf 72' lang='lat' dir='ltr'><strong>pliilos0pbize</strong></span> <span class='ocrx_word' id='word_1_121' title='bbox 1961 1761 2220 1838; x_wconf 80' lang='lat' dir='ltr'><strong>rationem</strong></span> 
     </span>
    </p>
   </div>
   <div class='ocr_carea' id='block_1_18' title="bbox 641 1853 2220 1939">
    <p class='ocr_par' dir='ltr' id='par_1_18' title="bbox 641 1853 2220 1939">
     <span class='ocr_line' id='line_1_18' title="bbox 641 1853 2220 1939; baseline -0.014 -13"><span class='ocrx_word' id='word_1_122' title='bbox 641 1871 845 1939; x_wconf 74' lang='lat' dir='ltr'><strong>cogites</strong></span> <span class='ocrx_word' id='word_1_123' title='bbox 885 1869 1042 1923; x_wconf 85' lang='lat' dir='ltr'><strong>velim</strong></span> <span class='ocrx_word' id='word_1_124' title='bbox 1090 1885 1102 1920; x_wconf 90' lang='lat'>:</span> <span class='ocrx_word' id='word_1_125' title='bbox 1141 1862 1408 1935; x_wconf 88' lang='lat' dir='ltr'><strong>quomodo</strong></span> <span class='ocrx_word' id='word_1_126' title='bbox 1447 1867 1687 1916; x_wconf 82' lang='lat' dir='ltr'><strong>ventrem</strong></span> <span class='ocrx_word' id='word_1_127' title='bbox 1713 1870 1896 1927; x_wconf 86' lang='lat' dir='ltr'><strong>parum</strong></span> <span class='ocrx_word' id='word_1_128' title='bbox 1933 1853 2220 1914; x_wconf 69' lang='lat' dir='ltr'><strong>curabant,</strong></span> 
     </span>
    </p>
   </div>
   <div class='ocr_carea' id='block_1_19' title="bbox 643 1945 2222 2035">
    <p class='ocr_par' dir='ltr' id='par_1_19' title="bbox 643 1945 2222 2035">
     <span class='ocr_line' id='line_1_19' title="bbox 643 1945 2222 2035; baseline -0.009 -24"><span class='ocrx_word' id='word_1_129' title='bbox 643 1959 910 2032; x_wconf 86' lang='lat' dir='ltr'><strong>quomodo</strong></span> <span class='ocrx_word' id='word_1_130' title='bbox 939 1955 1364 2020; x_wconf 78' lang='lat' dir='ltr'><strong>instituebantur,</strong></span> <span class='ocrx_word' id='word_1_131' title='bbox 1397 1968 1465 2008; x_wconf 91' lang='lat' dir='ltr'><strong>ne</strong></span> <span class='ocrx_word' id='word_1_132' title='bbox 1493 1963 1692 2006; x_wconf 74' lang='lat' dir='ltr'><strong>mensa:</strong></span> <span class='ocrx_word' id='word_1_133' title='bbox 1717 1946 1940 2002; x_wconf 88' lang='lat' dir='ltr'><strong>multum</strong></span> <span class='ocrx_word' id='word_1_134' title='bbox 1962 1945 2222 2035; x_wconf 84' lang='lat' dir='ltr'><strong>rationem</strong></span> 
     </span>
    </p>
   </div>
   <div class='ocr_carea' id='block_1_20' title="bbox 647 2036 2218 2110">
    <p class='ocr_par' dir='ltr' id='par_1_20' title="bbox 647 2036 2218 2110">
     <span class='ocr_line' id='line_1_20' title="bbox 647 2036 2218 2110; baseline -0.01 -4"><span class='ocrx_word' id='word_1_135' title='bbox 647 2052 920 2108; x_wconf 88' lang='lat' dir='ltr'><strong>baberent.</strong></span> <span class='ocrx_word' id='word_1_136' title='bbox 944 2049 1074 2104; x_wconf 80' lang='lat' dir='ltr'><strong>Nam</strong></span> <span class='ocrx_word' id='word_1_137' title='bbox 1103 2049 1155 2103; x_wconf 89' lang='lat' dir='ltr'><strong>in</strong></span> <span class='ocrx_word' id='word_1_138' title='bbox 1181 2045 1463 2103; x_wconf 85' lang='lat' dir='ltr'><strong>soliludine</strong></span> <span class='ocrx_word' id='word_1_139' title='bbox 1486 2058 1606 2098; x_wconf 88' lang='lat' dir='ltr'><strong>curn</strong></span> <span class='ocrx_word' id='word_1_140' title='bbox 1623 2050 1821 2106; x_wconf 86' lang='lat' dir='ltr'><strong>essent,</strong></span> <span class='ocrx_word' id='word_1_141' title='bbox 1850 2048 1967 2110; x_wconf 86' lang='lat' dir='ltr'><strong>post</strong></span> <span class='ocrx_word' id='word_1_142' title='bbox 1988 2036 2218 2092; x_wconf 82' lang='lat' dir='ltr'><strong>triduum</strong></span> 
     </span>
    </p>
   </div>
   <div class='ocr_carea' id='block_1_21' title="bbox 643 2132 2223 2214">
    <p class='ocr_par' dir='ltr' id='par_1_21' title="bbox 643 2132 2223 2214">
     <span class='ocr_line' id='line_1_21' title="bbox 643 2132 2223 2214; baseline -0.01 -15"><span class='ocrx_word' id='word_1_143' title='bbox 643 2155 843 2214; x_wconf 86' lang='lat' dir='ltr'><strong>scptem</strong></span> <span class='ocrx_word' id='word_1_144' title='bbox 903 2157 1066 2214; x_wconf 88' lang='lat' dir='ltr'><strong>panes</strong></span> <span class='ocrx_word' id='word_1_145' title='bbox 1118 2140 1400 2196; x_wconf 79' lang='lat' dir='ltr'><strong>habebant.</strong></span> <span class='ocrx_word' id='word_1_146' title='bbox 1441 2137 1646 2193; x_wconf 76' lang='lat' dir='ltr'><strong>Cietera</strong></span> <span class='ocrx_word' id='word_1_147' title='bbox 1697 2149 1821 2190; x_wconf 81' lang='lat' dir='ltr'><strong>vero</strong></span> <span class='ocrx_word' id='word_1_148' title='bbox 1874 2132 2116 2188; x_wconf 83' lang='lat' dir='ltr'><strong>Christus</strong></span> <span class='ocrx_word' id='word_1_149' title='bbox 2165 2137 2223 2183; x_wconf 88' lang='lat' dir='ltr'><strong>ut</strong></span> 
     </span>
    </p>
   </div>
   <div class='ocr_carea' id='block_1_22' title="bbox 642 2221 2219 2306">
    <p class='ocr_par' dir='ltr' id='par_1_22' title="bbox 642 2221 2219 2306">
     <span class='ocr_line' id='line_1_22' title="bbox 642 2221 2219 2306; baseline -0.011 -15"><span class='ocrx_word' id='word_1_150' title='bbox 642 2239 788 2306; x_wconf 88' lang='lat' dir='ltr'><strong>prius</strong></span> <span class='ocrx_word' id='word_1_151' title='bbox 814 2235 1043 2306; x_wconf 86' lang='lat' dir='ltr'><strong>disponit</strong></span> <span class='ocrx_word' id='word_1_152' title='bbox 1074 2251 1086 2287; x_wconf 95' lang='lat'><strong>:</strong></span> <span class='ocrx_word' id='word_1_153' title='bbox 1116 2233 1425 2289; x_wconf 86' lang='lat' dir='ltr'><strong>recumbere</strong></span> <span class='ocrx_word' id='word_1_154' title='bbox 1447 2229 1594 2298; x_wconf 77' lang='lat' dir='ltr'><strong>jubet</strong></span> <span class='ocrx_word' id='word_1_155' title='bbox 1619 2229 1670 2282; x_wconf 91' lang='lat' dir='ltr'><strong>in</strong></span> <span class='ocrx_word' id='word_1_156' title='bbox 1695 2236 1856 2293; x_wconf 88' lang='lat' dir='ltr'><strong>terra,</strong></span> <span class='ocrx_word' id='word_1_157' title='bbox 1887 2235 1941 2280; x_wconf 90' lang='lat' dir='ltr'><strong>et</strong></span> <span class='ocrx_word' id='word_1_158' title='bbox 1965 2225 2016 2278; x_wconf 92' lang='lat' dir='ltr'><strong>in</strong></span> <span class='ocrx_word' id='word_1_159' title='bbox 2046 2221 2219 2277; x_wconf 83' lang='lat' dir='ltr'><strong>mani-</strong></span> 
     </span>
    </p>
   </div>
   <div class='ocr_carea' id='block_1_23' title="bbox 643 2316 2215 2397">
    <p class='ocr_par' dir='ltr' id='par_1_23' title="bbox 643 2316 2215 2397">
     <span class='ocr_line' id='line_1_23' title="bbox 643 2316 2215 2397; baseline -0.011 -14"><span class='ocrx_word' id='word_1_160' title='bbox 643 2329 740 2383; x_wconf 92' lang='lat' dir='ltr'><strong>bus</strong></span> <span class='ocrx_word' id='word_1_161' title='bbox 767 2327 1141 2397; x_wconf 87' lang='lat' dir='ltr'><strong>discipulorum</strong></span> <span class='ocrx_word' id='word_1_162' title='bbox 1170 2339 1331 2394; x_wconf 89' lang='lat' dir='ltr'><strong>panes</strong></span> <span class='ocrx_word' id='word_1_163' title='bbox 1357 2321 1684 2391; x_wconf 82' lang='lat' dir='ltr'><strong>multiplicat.</strong></span> <span class='ocrx_word' id='word_1_164' title='bbox 1717 2319 1804 2374; x_wconf 75' lang='lat'><strong>35.</strong></span> <span class='ocrx_word' id='word_1_165' title='bbox 1849 2317 2014 2371; x_wconf 83' lang='lat' dir='ltr'><strong>Jussit</strong></span> <span class='ocrx_word' id='word_1_166' title='bbox 2051 2316 2215 2377; x_wconf 90' lang='lat' dir='ltr'><strong>enim,</strong></span> 
     </span>
    </p>
   </div>
   <div class='ocr_carea' id='block_1_24' title="bbox 639 2407 2217 2486">
    <p class='ocr_par' dir='ltr' id='par_1_24' title="bbox 639 2407 2217 2486">
     <span class='ocr_line' id='line_1_24' title="bbox 639 2407 2217 2486; baseline -0.009 -12"><span class='ocrx_word' id='word_1_167' title='bbox 639 2423 732 2486; x_wconf 90' lang='lat' dir='ltr'><strong>ait,</strong></span> <span class='ocrx_word' id='word_1_168' title='bbox 757 2429 809 2472; x_wconf 86' lang='lat' dir='ltr'><strong>ut</strong></span> <span class='ocrx_word' id='word_1_169' title='bbox 834 2421 993 2473; x_wconf 68' lang='lat' dir='ltr'><strong>turba:</strong></span> <span class='ocrx_word' id='word_1_170' title='bbox 1011 2418 1372 2472; x_wconf 76' lang='lat' dir='ltr'><strong>discumberent</strong></span> <span class='ocrx_word' id='word_1_171' title='bbox 1401 2430 1551 2484; x_wconf 79' lang='lat' dir='ltr'><strong>super</strong></span> <span class='ocrx_word' id='word_1_172' title='bbox 1579 2423 1781 2465; x_wconf 86' lang='lat' dir='ltr'><strong>terram.</strong></span> <span class='ocrx_word' id='word_1_173' title='bbox 1818 2410 1906 2464; x_wconf 77' lang='grc'><strong>56.</strong></span> <span class='ocrx_word' id='word_1_174' title='bbox 1938 2408 2003 2462; x_wconf 87' lang='lat' dir='ltr'><strong>Et</strong></span> <span class='ocrx_word' id='word_1_175' title='bbox 2027 2407 2217 2474; x_wconf 82' lang='lat' dir='ltr'><strong>accipi-</strong></span> 
     </span>
    </p>
   </div>
   <div class='ocr_carea' id='block_1_25' title="bbox 638 2499 2214 2582">
    <p class='ocr_par' dir='ltr' id='par_1_25' title="bbox 638 2499 2214 2582">
     <span class='ocr_line' id='line_1_25' title="bbox 638 2499 2214 2582; baseline -0.012 -14"><span class='ocrx_word' id='word_1_176' title='bbox 638 2530 726 2568; x_wconf 79' lang='lat' dir='ltr'><strong>ens</strong></span> <span class='ocrx_word' id='word_1_177' title='bbox 751 2512 967 2582; x_wconf 76' lang='lat' dir='ltr'><strong>quinque</strong></span> <span class='ocrx_word' id='word_1_178' title='bbox 994 2525 1146 2581; x_wconf 81' lang='lat' dir='ltr'><strong>panes</strong></span> <span class='ocrx_word' id='word_1_179' title='bbox 1175 2517 1218 2562; x_wconf 88' lang='lat' dir='ltr'><strong>et</strong></span> <span class='ocrx_word' id='word_1_180' title='bbox 1250 2507 1429 2576; x_wconf 79' lang='lat' dir='ltr'><strong>pisces,</strong></span> <span class='ocrx_word' id='word_1_181' title='bbox 1461 2506 1651 2576; x_wconf 84' lang='lat' dir='ltr'><strong>gratias</strong></span> <span class='ocrx_word' id='word_1_182' title='bbox 1677 2517 1828 2571; x_wconf 82' lang='lat' dir='ltr'><strong>agens</strong></span> <span class='ocrx_word' id='word_1_183' title='bbox 1853 2499 2025 2570; x_wconf 80' lang='lat' dir='ltr'><strong>fregit,</strong></span> <span class='ocrx_word' id='word_1_184' title='bbox 2046 2507 2091 2551; x_wconf 90' lang='lat' dir='ltr'><strong>et</strong></span> <span class='ocrx_word' id='word_1_185' title='bbox 2119 2500 2214 2550; x_wconf 85' lang='lat' dir='ltr'><strong>da-</strong></span> 
     </span>
    </p>
   </div>
   <div class='ocr_carea' id='block_1_26' title="bbox 638 2587 2214 2672">
    <p class='ocr_par' dir='ltr' id='par_1_26' title="bbox 638 2587 2214 2672">
     <span class='ocr_line' id='line_1_26' title="bbox 638 2587 2214 2672; baseline -0.01 -14"><span class='ocrx_word' id='word_1_186' title='bbox 638 2605 719 2658; x_wconf 82' lang='lat' dir='ltr'><strong>bat</strong></span> <span class='ocrx_word' id='word_1_187' title='bbox 741 2603 1000 2672; x_wconf 75' lang='lat' dir='ltr'><strong>discipulis</strong></span> <span class='ocrx_word' id='word_1_188' title='bbox 1022 2599 1285 2670; x_wconf 81' lang='lat' dir='ltr'><strong>:discipuli</strong></span> <span class='ocrx_word' id='word_1_189' title='bbox 1311 2613 1425 2651; x_wconf 74' lang='lat' dir='ltr'><strong>vero</strong></span> <span class='ocrx_word' id='word_1_190' title='bbox 1450 2595 1624 2650; x_wconf 71' lang='lat' dir='ltr'><strong>turba.</strong></span> <span class='ocrx_word' id='word_1_191' title='bbox 1653 2594 1796 2648; x_wconf 87' lang='lat' dir='ltr'><strong>Finis</strong></span> <span class='ocrx_word' id='word_1_192' title='bbox 1816 2606 1944 2646; x_wconf 90' lang='lat' dir='ltr'><strong>vero</strong></span> <span class='ocrx_word' id='word_1_193' title='bbox 1972 2587 2214 2644; x_wconf 80' lang='lat' dir='ltr'><strong>miraculi</strong></span> 
     </span>
    </p>
   </div>
   <div class='ocr_carea' id='block_1_27' title="bbox 639 2687 2212 2765">
    <p class='ocr_par' dir='ltr' id='par_1_27' title="bbox 639 2687 2212 2765">
     <span class='ocr_line' id='line_1_27' title="bbox 639 2687 2212 2765; baseline -0.006 -18"><span class='ocrx_word' id='word_1_194' title='bbox 639 2697 800 2765; x_wconf 83' lang='lat' dir='ltr'><strong>priori</strong></span> <span class='ocrx_word' id='word_1_195' title='bbox 829 2695 1016 2749; x_wconf 84' lang='lat' dir='ltr'><strong>similis</strong></span> <span class='ocrx_word' id='word_1_196' title='bbox 1033 2709 1137 2748; x_wconf 91' lang='lat' dir='ltr'><strong>non</strong></span> <span class='ocrx_word' id='word_1_197' title='bbox 1162 2692 1276 2746; x_wconf 87' lang='lat' dir='ltr'><strong>fuit.</strong></span> <span class='ocrx_word' id='word_1_198' title='bbox 1303 2692 1388 2746; x_wconf 77' lang='lat'><strong>37.</strong></span> <span class='ocrx_word' id='word_1_199' title='bbox 1420 2688 1846 2743; x_wconf 76' lang='lat' dir='ltr'><strong>Manducaverunt</strong></span> <span class='ocrx_word' id='word_1_200' title='bbox 1863 2687 2003 2748; x_wconf 88' lang='lat' dir='ltr'><strong>enim</strong></span> <span class='ocrx_word' id='word_1_201' title='bbox 2023 2700 2212 2747; x_wconf 80' lang='lat' dir='ltr'><strong>omnes,</strong></span> 
     </span>
    </p>
   </div>
   <div class='ocr_carea' id='block_1_28' title="bbox 638 2777 2217 2853">
    <p class='ocr_par' dir='ltr' id='par_1_28' title="bbox 638 2777 2217 2853">
     <span class='ocr_line' id='line_1_28' title="bbox 638 2777 2217 2853; baseline -0.007 -13"><span class='ocrx_word' id='word_1_202' title='bbox 638 2788 823 2853; x_wconf 86' lang='lat' dir='ltr'><strong>inquit,</strong></span> <span class='ocrx_word' id='word_1_203' title='bbox 865 2797 909 2840; x_wconf 90' lang='lat' dir='ltr'><strong>et</strong></span> <span class='ocrx_word' id='word_1_204' title='bbox 947 2785 1160 2840; x_wconf 83' lang='lat' dir='ltr'><strong>saturati</strong></span> <span class='ocrx_word' id='word_1_205' title='bbox 1197 2793 1333 2844; x_wconf 82' lang='lat' dir='ltr'><strong>sunt,</strong></span> <span class='ocrx_word' id='word_1_206' title='bbox 1373 2790 1420 2836; x_wconf 88' lang='lat' dir='ltr'><strong>et</strong></span> <span class='ocrx_word' id='word_1_207' title='bbox 1459 2782 1677 2834; x_wconf 85' lang='lat' dir='ltr'><strong>tulerunt</strong></span> <span class='ocrx_word' id='word_1_208' title='bbox 1716 2778 1848 2848; x_wconf 82' lang='lat' dir='ltr'><strong>quod</strong></span> <span class='ocrx_word' id='word_1_209' title='bbox 1876 2788 2129 2844; x_wconf 82' lang='lat' dir='ltr'><strong>supererat</strong></span> <span class='ocrx_word' id='word_1_210' title='bbox 2154 2777 2217 2829; x_wconf 86' lang='lat' dir='ltr'><strong>de</strong></span> 
     </span>
    </p>
   </div>
   <div class='ocr_carea' id='block_1_29' title="bbox 637 2872 2215 2948">
    <p class='ocr_par' dir='ltr' id='par_1_29' title="bbox 637 2872 2215 2948">
     <span class='ocr_line' id='line_1_29' title="bbox 637 2872 2215 2948; baseline -0.006 -17"><span class='ocrx_word' id='word_1_211' title='bbox 637 2879 930 2948; x_wconf 73' lang='lat' dir='ltr'><strong>fragmentis</strong></span> <span class='ocrx_word' id='word_1_212' title='bbox 957 2889 1144 2944; x_wconf 82' lang='lat' dir='ltr'><strong>septem</strong></span> <span class='ocrx_word' id='word_1_213' title='bbox 1169 2886 1366 2944; x_wconf 71' lang='lat' dir='ltr'><strong>apertas</strong></span> <span class='ocrx_word' id='word_1_214' title='bbox 1393 2874 1584 2942; x_wconf 79' lang='lat' dir='ltr'><strong>plenas.</strong></span> <span class='ocrx_word' id='word_1_215' title='bbox 1621 2875 1705 2928; x_wconf 78' lang='lat'><strong>38.</strong></span> <span class='ocrx_word' id='word_1_216' title='bbox 1743 2872 1841 2936; x_wconf 85' lang='lat' dir='ltr'><strong>Qui</strong></span> <span class='ocrx_word' id='word_1_217' title='bbox 1876 2881 2042 2923; x_wconf 80' lang='lat' dir='ltr'><strong>autem</strong></span> <span class='ocrx_word' id='word_1_218' title='bbox 2079 2885 2215 2923; x_wconf 85' lang='lat' dir='ltr'><strong>com-</strong></span> 
     </span>
    </p>
   </div>
   <div class='ocr_carea' id='block_1_30' title="bbox 633 2962 2209 3036">
    <p class='ocr_par' dir='ltr' id='par_1_30' title="bbox 633 2962 2209 3036">
     <span class='ocr_line' id='line_1_30' title="bbox 633 2962 2209 3036; baseline -0.007 -15"><span class='ocrx_word' id='word_1_219' title='bbox 633 2969 838 3022; x_wconf 73' lang='lat' dir='ltr'><strong>ederunt</strong></span> <span class='ocrx_word' id='word_1_220' title='bbox 861 2976 1001 3022; x_wconf 83' lang='lat' dir='ltr'><strong>erant</strong></span> <span class='ocrx_word' id='word_1_221' title='bbox 1030 2977 1242 3036; x_wconf 73' lang='lat' dir='ltr'><strong>quatuor</strong></span> <span class='ocrx_word' id='word_1_222' title='bbox 1262 2966 1398 3018; x_wconf 86' lang='lat' dir='ltr'><strong>mille</strong></span> <span class='ocrx_word' id='word_1_223' title='bbox 1426 2965 1536 3026; x_wconf 79' lang='lat' dir='ltr'><strong>viri,</strong></span> <span class='ocrx_word' id='word_1_224' title='bbox 1564 2974 1743 3033; x_wconf 68' lang='lat' dir='ltr'><strong>prater</strong></span> <span class='ocrx_word' id='word_1_225' title='bbox 1769 2962 1999 3015; x_wconf 78' lang='lat' dir='ltr'><strong>mulieres</strong></span> <span class='ocrx_word' id='word_1_226' title='bbox 2019 2971 2064 3013; x_wconf 85' lang='lat' dir='ltr'><strong>et</strong></span> <span class='ocrx_word' id='word_1_227' title='bbox 2089 2976 2209 3028; x_wconf 87' lang='lat' dir='ltr'><strong>par-</strong></span> 
     </span>
    </p>
   </div>
   <div class='ocr_carea' id='block_1_31' title="bbox 635 3050 2210 3125">
    <p class='ocr_par' dir='ltr' id='par_1_31' title="bbox 635 3050 2210 3125">
     <span class='ocr_line' id='line_1_31' title="bbox 635 3050 2210 3125; baseline -0.006 -13"><span class='ocrx_word' id='word_1_228' title='bbox 635 3059 798 3113; x_wconf 74' lang='lat' dir='ltr'><strong>vulos.</strong></span> <span class='ocrx_word' id='word_1_229' title='bbox 829 3058 934 3112; x_wconf 87' lang='lat' dir='ltr'><strong>Sed</strong></span> <span class='ocrx_word' id='word_1_230' title='bbox 963 3073 1060 3112; x_wconf 90' lang='lat' dir='ltr'><strong>cur</strong></span> <span class='ocrx_word' id='word_1_231' title='bbox 1087 3068 1210 3110; x_wconf 91' lang='lat' dir='ltr'><strong>tunc</strong></span> <span class='ocrx_word' id='word_1_232' title='bbox 1235 3071 1356 3111; x_wconf 83' lang='lat' dir='ltr'><strong>cum</strong></span> <span class='ocrx_word' id='word_1_233' title='bbox 1382 3056 1660 3125; x_wconf 79' lang='lat' dir='ltr'><strong>quinquies</strong></span> <span class='ocrx_word' id='word_1_234' title='bbox 1686 3052 2052 3115; x_wconf 76' lang='lat' dir='ltr'><strong>milleessent,</strong></span> <span class='ocrx_word' id='word_1_235' title='bbox 2079 3050 2210 3104; x_wconf 85' lang='lat' dir='ltr'><strong>duo-</strong></span> 
     </span>
    </p>
   </div>
   <div class='ocr_carea' id='block_1_32' title="bbox 634 3140 2211 3216">
    <p class='ocr_par' dir='ltr' id='par_1_32' title="bbox 634 3140 2211 3216">
     <span class='ocr_line' id='line_1_32' title="bbox 634 3140 2211 3216; baseline -0.006 -14"><span class='ocrx_word' id='word_1_236' title='bbox 634 3149 806 3204; x_wconf 89' lang='lat' dir='ltr'><strong>decim</strong></span> <span class='ocrx_word' id='word_1_237' title='bbox 843 3148 1054 3216; x_wconf 83' lang='lat' dir='ltr'><strong>oOphini</strong></span> <span class='ocrx_word' id='word_1_238' title='bbox 1085 3145 1478 3216; x_wconf 87' lang='lat' dir='ltr'><strong>superfuerunt,</strong></span> <span class='ocrx_word' id='word_1_239' title='bbox 1525 3145 1611 3199; x_wconf 83' lang='lat' dir='ltr'><strong>hic</strong></span> <span class='ocrx_word' id='word_1_240' title='bbox 1639 3158 1783 3206; x_wconf 85' lang='lat' dir='ltr'><strong>vero,</strong></span> <span class='ocrx_word' id='word_1_241' title='bbox 1816 3153 2039 3212; x_wconf 81' lang='lat' dir='ltr'><strong>quatuor</strong></span> <span class='ocrx_word' id='word_1_242' title='bbox 2067 3140 2211 3194; x_wconf 88' lang='lat' dir='ltr'><strong>mille</strong></span> 
     </span>
    </p>
   </div>
   <div class='ocr_carea' id='block_1_33' title="bbox 633 3233 2207 3308">
    <p class='ocr_par' dir='ltr' id='par_1_33' title="bbox 633 3233 2207 3308">
     <span class='ocr_line' id='line_1_33' title="bbox 633 3233 2207 3308; baseline -0.005 -15"><span class='ocrx_word' id='word_1_243' title='bbox 633 3254 752 3293; x_wconf 91' lang='lat' dir='ltr'><strong>cum</strong></span> <span class='ocrx_word' id='word_1_244' title='bbox 801 3239 928 3304; x_wconf 81' lang='lat' dir='ltr'><strong>sint,</strong></span> <span class='ocrx_word' id='word_1_245' title='bbox 969 3247 1171 3308; x_wconf 82' lang='lat' dir='ltr'><strong>septem</strong></span> <span class='ocrx_word' id='word_1_246' title='bbox 1214 3247 1409 3306; x_wconf 68' lang='lat' dir='ltr'><strong>sporta:</strong></span> <span class='ocrx_word' id='word_1_247' title='bbox 1438 3245 1720 3307; x_wconf 88' lang='lat' dir='ltr'><strong>supersunt</strong></span> <span class='ocrx_word' id='word_1_248' title='bbox 1748 3233 1972 3307; x_wconf 71' lang='lat' dir='ltr'><strong>(Matth.</strong></span> <span class='ocrx_word' id='word_1_249' title='bbox 2003 3233 2089 3288; x_wconf 64' lang='lat' dir='ltr'><strong>lt.</strong></span> <span class='ocrx_word' id='word_1_250' title='bbox 2119 3233 2207 3286; x_wconf 73' lang='lat'><strong>20.</strong></span> 
     </span>
    </p>
   </div>
   <div class='ocr_carea' id='block_1_34' title="bbox 633 3328 2210 3402">
    <p class='ocr_par' dir='ltr' id='par_1_34' title="bbox 633 3328 2210 3402">
     <span class='ocr_line' id='line_1_34' title="bbox 633 3328 2210 3402; baseline -0.006 -16"><span class='ocrx_word' id='word_1_251' title='bbox 633 3332 695 3386; x_wconf 73' lang='lat' dir='ltr'><strong>Si</strong></span> <span class='ocrx_word' id='word_1_252' title='bbox 725 3332 785 3402; x_wconf 64' lang='lat'>)3</span> <span class='ocrx_word' id='word_1_253' title='bbox 813 3347 908 3387; x_wconf 75' lang='lat' dir='ltr'><strong>our</strong></span> <span class='ocrx_word' id='word_1_254' title='bbox 945 3347 1073 3401; x_wconf 75' lang='lat' dir='ltr'><strong>ergo</strong></span> <span class='ocrx_word' id='word_1_255' title='bbox 1114 3331 1345 3384; x_wconf 85' lang='lat' dir='ltr'><strong>minores</strong></span> <span class='ocrx_word' id='word_1_256' title='bbox 1369 3340 1518 3384; x_wconf 89' lang='lat' dir='ltr'><strong>erant</strong></span> <span class='ocrx_word' id='word_1_257' title='bbox 1552 3328 1810 3397; x_wconf 66' lang='lat' dir='ltr'><strong>reliquiae,</strong></span> <span class='ocrx_word' id='word_1_258' title='bbox 1851 3341 1972 3381; x_wconf 86' lang='lat' dir='ltr'><strong>cum</strong></span> <span class='ocrx_word' id='word_1_259' title='bbox 1995 3341 2103 3380; x_wconf 90' lang='lat' dir='ltr'><strong>non</strong></span> <span class='ocrx_word' id='word_1_260' title='bbox 2137 3335 2210 3378; x_wconf 86' lang='lat' dir='ltr'><strong>tot</strong></span> 
     </span>
    </p>
   </div>
   <div class='ocr_carea' id='block_1_35' title="bbox 635 3420 2211 3494">
    <p class='ocr_par' dir='ltr' id='par_1_35' title="bbox 635 3420 2211 3494">
     <span class='ocr_line' id='line_1_35' title="bbox 635 3420 2211 3494; baseline -0.005 -17"><span class='ocrx_word' id='word_1_261' title='bbox 635 3432 812 3478; x_wconf 62' lang='lat' dir='ltr'><strong>essent</strong></span> <span class='ocrx_word' id='word_1_262' title='bbox 831 3424 921 3494; x_wconf 86' lang='lat' dir='ltr'><strong>qui</strong></span> <span class='ocrx_word' id='word_1_263' title='bbox 944 3422 1322 3478; x_wconf 75' lang='lat' dir='ltr'><strong>eomederent?</strong></span> <span class='ocrx_word' id='word_1_264' title='bbox 1349 3420 1438 3476; x_wconf 78' lang='lat' dir='ltr'><strong>Vel</strong></span> <span class='ocrx_word' id='word_1_265' title='bbox 1459 3420 1738 3475; x_wconf 85' lang='lat' dir='ltr'><strong>dicendum</strong></span> <span class='ocrx_word' id='word_1_266' title='bbox 1760 3429 1860 3483; x_wconf 91' lang='lat' dir='ltr'><strong>est,</strong></span> <span class='ocrx_word' id='word_1_267' title='bbox 1887 3428 2211 3487; x_wconf 82' lang='lat' dir='ltr'><strong>sportas—co—</strong></span> 
     </span>
    </p>
   </div>
   <div class='ocr_carea' id='block_1_36' title="bbox 633 3509 2213 3584">
    <p class='ocr_par' dir='ltr' id='par_1_36' title="bbox 633 3509 2213 3584">
     <span class='ocr_line' id='line_1_36' title="bbox 633 3509 2213 3584; baseline -0.004 -16"><span class='ocrx_word' id='word_1_268' title='bbox 633 3515 812 3584; x_wconf 84' lang='lat' dir='ltr'><strong>phinis</strong></span> <span class='ocrx_word' id='word_1_269' title='bbox 841 3515 1069 3584; x_wconf 81' lang='lat' dir='ltr'><strong>majores</strong></span> <span class='ocrx_word' id='word_1_270' title='bbox 1093 3512 1285 3579; x_wconf 79' lang='lat' dir='ltr'><strong>fuisse;</strong></span> <span class='ocrx_word' id='word_1_271' title='bbox 1314 3513 1396 3567; x_wconf 79' lang='lat' dir='ltr'><strong>vel</strong></span> <span class='ocrx_word' id='word_1_272' title='bbox 1420 3528 1486 3567; x_wconf 89' lang='lat' dir='ltr'><strong>ne</strong></span> <span class='ocrx_word' id='word_1_273' title='bbox 1513 3512 1706 3582; x_wconf 82' lang='lat' dir='ltr'><strong>paritas</strong></span> <span class='ocrx_word' id='word_1_274' title='bbox 1733 3511 1939 3565; x_wconf 91' lang='lat' dir='ltr'><strong>numeri</strong></span> <span class='ocrx_word' id='word_1_275' title='bbox 1974 3510 2024 3563; x_wconf 91' lang='lat' dir='ltr'><strong>in</strong></span> <span class='ocrx_word' id='word_1_276' title='bbox 2052 3509 2213 3568; x_wconf 87' lang='lat' dir='ltr'><strong>mira-_</strong></span> 
     </span>
    </p>
   </div>
   <div class='ocr_carea' id='block_1_37' title="bbox 633 3600 2208 3675">
    <p class='ocr_par' dir='ltr' id='par_1_37' title="bbox 633 3600 2208 3675">
     <span class='ocr_line' id='line_1_37' title="bbox 633 3600 2208 3675; baseline -0.004 -15"><span class='ocrx_word' id='word_1_277' title='bbox 633 3605 752 3660; x_wconf 89' lang='lat' dir='ltr'><strong>culo</strong></span> <span class='ocrx_word' id='word_1_278' title='bbox 792 3600 1108 3661; x_wconf 81' lang='lat' dir='ltr'><strong>oblivionem</strong></span> <span class='ocrx_word' id='word_1_279' title='bbox 1161 3614 1403 3675; x_wconf 87' lang='lat' dir='ltr'><strong>pareret,</strong></span> <span class='ocrx_word' id='word_1_280' title='bbox 1451 3620 1514 3659; x_wconf 81' lang='lat' dir='ltr'><strong>ex</strong></span> <span class='ocrx_word' id='word_1_281' title='bbox 1561 3603 1856 3659; x_wconf 76' lang='lat' dir='ltr'><strong>dilferentia</strong></span> <span class='ocrx_word' id='word_1_282' title='bbox 1899 3602 2208 3656; x_wconf 80' lang='lat' dir='ltr'><strong>memoriam</strong></span> 
     </span>
    </p>
   </div>
   <div class='ocr_carea' id='block_1_38' title="bbox 635 3693 2209 3772">
    <p class='ocr_par' dir='ltr' id='par_1_38' title="bbox 635 3693 2209 3772">
     <span class='ocr_line' id='line_1_38' title="bbox 635 3693 2209 3772; baseline -0.001 -24"><span class='ocrx_word' id='word_1_283' title='bbox 635 3696 846 3749; x_wconf 90' lang='lat' dir='ltr'><strong>illorum</strong></span> <span class='ocrx_word' id='word_1_284' title='bbox 890 3698 1167 3759; x_wconf 78' lang='lat' dir='ltr'><strong>excitasse,</strong></span> <span class='ocrx_word' id='word_1_285' title='bbox 1221 3707 1276 3749; x_wconf 91' lang='lat' dir='ltr'><strong>ut</strong></span> <span class='ocrx_word' id='word_1_286' title='bbox 1297 3712 1360 3772; x_wconf 66' lang='lat' dir='ltr'><strong>ex</strong></span> <span class='ocrx_word' id='word_1_287' title='bbox 1395 3696 1649 3748; x_wconf 83' lang='lat' dir='ltr'><strong>varietate</strong></span> <span class='ocrx_word' id='word_1_288' title='bbox 1689 3701 1744 3748; x_wconf 86' lang='lat' dir='ltr'><strong>et</strong></span> <span class='ocrx_word' id='word_1_289' title='bbox 1785 3693 1941 3762; x_wconf 75' lang='lat' dir='ltr'><strong>huius</strong></span> <span class='ocrx_word' id='word_1_290' title='bbox 1971 3702 2022 3747; x_wconf 90' lang='lat' dir='ltr'><strong>et</strong></span> <span class='ocrx_word' id='word_1_291' title='bbox 2070 3693 2209 3746; x_wconf 80' lang='lat' dir='ltr'><strong>illius</strong></span> 
     </span>
    </p>
   </div>
   <div class='ocr_carea' id='block_1_39' title="bbox 636 3777 2208 3855">
    <p class='ocr_par' dir='ltr' id='par_1_39' title="bbox 636 3777 2208 3855">
     <span class='ocr_line' id='line_1_39' title="bbox 636 3777 2208 3855; baseline -0.002 -16"><span class='ocrx_word' id='word_1_292' title='bbox 636 3787 1060 3840; x_wconf 87' lang='lat' dir='ltr'><strong>recordarentur.</strong></span> <span class='ocrx_word' id='word_1_293' title='bbox 1097 3777 1319 3855; x_wconf 76' lang='lat' dir='ltr'><strong>Ideoque</strong></span> <span class='ocrx_word' id='word_1_294' title='bbox 1359 3795 1479 3838; x_wconf 87' lang='lat' dir='ltr'><strong>tunc</strong></span> <span class='ocrx_word' id='word_1_295' title='bbox 1503 3784 1761 3854; x_wconf 84' lang='lat' dir='ltr'><strong>cophinos</strong></span> <span class='ocrx_word' id='word_1_296' title='bbox 1796 3784 2208 3853; x_wconf 73' lang='lat' dir='ltr'><strong>frngmentorum</strong></span> 
     </span>
    </p>
   </div>
   <div class='ocr_carea' id='block_1_40' title="bbox 634 3876 2209 3948">
    <p class='ocr_par' dir='ltr' id='par_1_40' title="bbox 634 3876 2209 3948">
     <span class='ocr_line' id='line_1_40' title="bbox 634 3876 2209 3948; baseline -0.001 -16"><span class='ocrx_word' id='word_1_297' title='bbox 634 3878 907 3948; x_wconf 87' lang='lat' dir='ltr'><strong>discipulis</strong></span> <span class='ocrx_word' id='word_1_298' title='bbox 958 3894 1178 3933; x_wconf 90' lang='lat' dir='ltr'><strong>numero</strong></span> <span class='ocrx_word' id='word_1_299' title='bbox 1220 3893 1374 3947; x_wconf 87' lang='lat' dir='ltr'><strong>pares</strong></span> <span class='ocrx_word' id='word_1_300' title='bbox 1419 3878 1570 3941; x_wconf 83' lang='lat' dir='ltr'><strong>facit,</strong></span> <span class='ocrx_word' id='word_1_301' title='bbox 1623 3892 1761 3931; x_wconf 87' lang='lat' dir='ltr'><strong>nunc</strong></span> <span class='ocrx_word' id='word_1_302' title='bbox 1806 3892 1932 3930; x_wconf 86' lang='lat' dir='ltr'><strong>vero</strong></span> <span class='ocrx_word' id='word_1_303' title='bbox 1987 3876 2209 3946; x_wconf 87' lang='lat' dir='ltr'><strong>panibus</strong></span> 
     </span>
    </p>
   </div>
   <div class='ocr_carea' id='block_1_41' title="bbox 634 3968 2207 4038">
    <p class='ocr_par' dir='ltr' id='par_1_41' title="bbox 634 3968 2207 4038">
     <span class='ocr_line' id='line_1_41' title="bbox 634 3968 2207 4038; baseline -0.001 -17"><span class='ocrx_word' id='word_1_304' title='bbox 634 3978 862 4038; x_wconf 69' lang='lat' dir='ltr'><strong>sportas,</strong></span> <span class='ocrx_word' id='word_1_305' title='bbox 902 3979 954 4024; x_wconf 90' lang='lat' dir='ltr'><strong>et</strong></span> <span class='ocrx_word' id='word_1_306' title='bbox 996 3971 1044 4022; x_wconf 88' lang='lat' dir='ltr'><strong>in</strong></span> <span class='ocrx_word' id='word_1_307' title='bbox 1079 3969 1178 4022; x_wconf 91' lang='lat' dir='ltr'><strong>hoc</strong></span> <span class='ocrx_word' id='word_1_308' title='bbox 1208 3985 1417 4038; x_wconf 88' lang='lat' dir='ltr'><strong>quoque</strong></span> <span class='ocrx_word' id='word_1_309' title='bbox 1444 3984 1590 4022; x_wconf 87' lang='lat' dir='ltr'><strong>suam</strong></span> <span class='ocrx_word' id='word_1_310' title='bbox 1623 3968 1939 4023; x_wconf 65' lang='lat' dir='ltr'><strong>ineffabilem</strong></span> <span class='ocrx_word' id='word_1_311' title='bbox 1975 3976 2207 4036; x_wconf 84' lang='lat' dir='ltr'><strong>potesta-</strong></span> 
     </span>
    </p>
   </div>
   <div class='ocr_carea' id='block_1_42' title="bbox 635 4059 2210 4128">
    <p class='ocr_par' dir='ltr' id='par_1_42' title="bbox 635 4059 2210 4128">
     <span class='ocr_line' id='line_1_42' title="bbox 635 4059 2210 4128; baseline -0.001 -15"><span class='ocrx_word' id='word_1_312' title='bbox 635 4069 738 4114; x_wconf 85' lang='lat' dir='ltr'><strong>tein</strong></span> <span class='ocrx_word' id='word_1_313' title='bbox 768 4061 1015 4123; x_wconf 89' lang='lat' dir='ltr'><strong>ostendit,</strong></span> <span class='ocrx_word' id='word_1_314' title='bbox 1051 4070 1105 4115; x_wconf 85' lang='lat' dir='ltr'><strong>et</strong></span> <span class='ocrx_word' id='word_1_315' title='bbox 1131 4060 1434 4115; x_wconf 81' lang='lat' dir='ltr'><strong>facilitatem</strong></span> <span class='ocrx_word' id='word_1_316' title='bbox 1477 4061 1789 4128; x_wconf 82' lang='lat' dir='ltr'><strong>imperandi,</strong></span> <span class='ocrx_word' id='word_1_317' title='bbox 1817 4075 1934 4113; x_wconf 92' lang='lat' dir='ltr'><strong>cum</strong></span> <span class='ocrx_word' id='word_1_318' title='bbox 1964 4059 2125 4128; x_wconf 62' lang='lat' dir='ltr'><strong>possit</strong></span> <span class='ocrx_word' id='word_1_319' title='bbox 2157 4068 2210 4111; x_wconf 91' lang='lat' dir='ltr'><strong>ct</strong></span> 
     </span>
    </p>
   </div>
   <div class='ocr_carea' id='block_1_43' title="bbox 635 4144 2209 4220">
    <p class='ocr_par' dir='ltr' id='par_1_43' title="bbox 635 4144 2209 4220">
     <span class='ocr_line' id='line_1_43' title="bbox 635 4144 2209 4220; baseline -0.003 -14"><span class='ocrx_word' id='word_1_320' title='bbox 635 4153 736 4207; x_wconf 88' lang='lat' dir='ltr'><strong>hoc</strong></span> <span class='ocrx_word' id='word_1_321' title='bbox 765 4164 820 4208; x_wconf 91' lang='lat' dir='ltr'><strong>et</strong></span> <span class='ocrx_word' id='word_1_322' title='bbox 851 4153 940 4207; x_wconf 91' lang='lat' dir='ltr'><strong>illo</strong></span> <span class='ocrx_word' id='word_1_323' title='bbox 967 4153 1123 4206; x_wconf 90' lang='lat' dir='ltr'><strong>modo</strong></span> <span class='ocrx_word' id='word_1_324' title='bbox 1146 4152 1396 4206; x_wconf 85' lang='lat' dir='ltr'><strong>miracula</strong></span> <span class='ocrx_word' id='word_1_325' title='bbox 1421 4152 1598 4206; x_wconf 88' lang='lat' dir='ltr'><strong>edere.</strong></span> <span class='ocrx_word' id='word_1_326' title='bbox 1625 4151 1803 4220; x_wconf 71' lang='lat' dir='ltr'><strong>Neque</strong></span> <span class='ocrx_word' id='word_1_327' title='bbox 1827 4148 1965 4203; x_wconf 71' lang='lat' dir='ltr'><strong>enim</strong></span> <span class='ocrx_word' id='word_1_328' title='bbox 1989 4144 2209 4203; x_wconf 70' lang='lat' dir='ltr'><strong>modicae</strong></span> 
     </span>
    </p>
   </div>
   <div class='ocr_carea' id='block_1_44' title="bbox 637 4241 2206 4314">
    <p class='ocr_par' dir='ltr' id='par_1_44' title="bbox 637 4241 2206 4314">
     <span class='ocr_line' id='line_1_44' title="bbox 637 4241 2206 4314; baseline -0.005 -14"><span class='ocrx_word' id='word_1_329' title='bbox 637 4246 911 4314; x_wconf 81' lang='lat' dir='ltr'><strong>potestatis</strong></span> <span class='ocrx_word' id='word_1_330' title='bbox 937 4254 1049 4298; x_wconf 88' lang='lat' dir='ltr'><strong>erat</strong></span> <span class='ocrx_word' id='word_1_331' title='bbox 1073 4259 1349 4298; x_wconf 79' lang='lat' dir='ltr'><strong>numerum</strong></span> <span class='ocrx_word' id='word_1_332' title='bbox 1375 4257 1527 4311; x_wconf 84' lang='lat' dir='ltr'><strong>posse</strong></span> <span class='ocrx_word' id='word_1_333' title='bbox 1549 4255 1867 4297; x_wconf 82' lang='lat' dir='ltr'><strong>conservare</strong></span> <span class='ocrx_word' id='word_1_334' title='bbox 1889 4241 1938 4292; x_wconf 88' lang='lat' dir='ltr'><strong>iu</strong></span> <span class='ocrx_word' id='word_1_335' title='bbox 1963 4248 2206 4308; x_wconf 70' lang='lat' dir='ltr'><strong>utrumne,</strong></span> 
     </span>
    </p>
   </div>
   <div class='ocr_carea' id='block_1_45' title="bbox 634 4334 2202 4407">
    <p class='ocr_par' dir='ltr' id='par_1_45' title="bbox 634 4334 2202 4407">
     <span class='ocr_line' id='line_1_45' title="bbox 634 4334 2202 4407; baseline -0.005 -15"><span class='ocrx_word' id='word_1_336' title='bbox 634 4354 754 4392; x_wconf 91' lang='lat' dir='ltr'><strong>cum</strong></span> <span class='ocrx_word' id='word_1_337' title='bbox 779 4347 901 4391; x_wconf 90' lang='lat' dir='ltr'><strong>tunc</strong></span> <span class='ocrx_word' id='word_1_338' title='bbox 925 4338 1202 4407; x_wconf 87' lang='lat' dir='ltr'><strong>quinquies</strong></span> <span class='ocrx_word' id='word_1_339' title='bbox 1232 4337 1396 4402; x_wconf 91' lang='lat' dir='ltr'><strong>mille,</strong></span> <span class='ocrx_word' id='word_1_340' title='bbox 1428 4351 1566 4390; x_wconf 89' lang='lat' dir='ltr'><strong>nunc</strong></span> <span class='ocrx_word' id='word_1_341' title='bbox 1584 4337 1816 4403; x_wconf 62' lang='lat' dir='ltr'><strong>&quot;quatuor</strong></span> <span class='ocrx_word' id='word_1_342' title='bbox 1838 4334 1980 4387; x_wconf 88' lang='lat' dir='ltr'><strong>mille</strong></span> <span class='ocrx_word' id='word_1_343' title='bbox 2009 4341 2202 4395; x_wconf 84' lang='lat' dir='ltr'><strong>essent,</strong></span> 
     </span>
    </p>
   </div>
   <div class='ocr_carea' id='block_1_46' title="bbox 636 4428 2205 4500">
    <p class='ocr_par' dir='ltr' id='par_1_46' title="bbox 636 4428 2205 4500">
     <span class='ocr_line' id='line_1_46' title="bbox 636 4428 2205 4500; baseline -0.003 -16"><span class='ocrx_word' id='word_1_344' title='bbox 636 4429 928 4500; x_wconf 86' lang='lat' dir='ltr'><strong>necplura,</strong></span> <span class='ocrx_word' id='word_1_345' title='bbox 975 4445 1074 4484; x_wconf 92' lang='lat' dir='ltr'><strong>nec</strong></span> <span class='ocrx_word' id='word_1_346' title='bbox 1117 4433 1362 4498; x_wconf 85' lang='lat' dir='ltr'><strong>pauciora</strong></span> <span class='ocrx_word' id='word_1_347' title='bbox 1411 4428 1701 4496; x_wconf 77' lang='lat' dir='ltr'><strong>fragmenta</strong></span> <span class='ocrx_word' id='word_1_348' title='bbox 1756 4428 2001 4496; x_wconf 83' lang='lat' dir='ltr'><strong>relinqui,</strong></span> <span class='ocrx_word' id='word_1_349' title='bbox 2047 4442 2205 4496; x_wconf 87' lang='lat' dir='ltr'><strong>quam</strong></span> 
     </span>
    </p>
   </div>
   <div class='ocr_carea' id='block_1_47' title="bbox 635 4519 2209 4590">
    <p class='ocr_par' dir='ltr' id='par_1_47' title="bbox 635 4519 2209 4590">
     <span class='ocr_line' id='line_1_47' title="bbox 635 4519 2209 4590; baseline 0 -17"><span class='ocrx_word' id='word_1_350' title='bbox 635 4530 757 4575; x_wconf 88' lang='lat' dir='ltr'><strong>tunc</strong></span> <span class='ocrx_word' id='word_1_351' title='bbox 795 4520 1029 4590; x_wconf 78' lang='lat' dir='ltr'><strong>eophiui,</strong></span> <span class='ocrx_word' id='word_1_352' title='bbox 1077 4535 1214 4574; x_wconf 91' lang='lat' dir='ltr'><strong>nunc</strong></span> <span class='ocrx_word' id='word_1_353' title='bbox 1259 4530 1456 4587; x_wconf 63' lang='lat' dir='ltr'><strong>sporta:</strong></span> <span class='ocrx_word' id='word_1_354' title='bbox 1494 4519 1913 4588; x_wconf 78' lang='lat' dir='ltr'><strong>caperent.elsi</strong></span> <span class='ocrx_word' id='word_1_355' title='bbox 1957 4533 2209 4574; x_wconf 85' lang='lat' dir='ltr'><strong>numerus</strong></span> 
     </span>
    </p>
   </div>
   <div class='ocr_carea' id='block_1_48' title="bbox 632 4611 2208 4680">
    <p class='ocr_par' dir='ltr' id='par_1_48' title="bbox 632 4611 2208 4680">
     <span class='ocr_line' id='line_1_48' title="bbox 632 4611 2208 4680; baseline -0.001 -14"><span class='ocrx_word' id='word_1_356' title='bbox 632 4613 972 4666; x_wconf 76' lang='lat' dir='ltr'><strong>convivarum</strong></span> <span class='ocrx_word' id='word_1_357' title='bbox 1022 4627 1126 4665; x_wconf 93' lang='lat' dir='ltr'><strong>non</strong></span> <span class='ocrx_word' id='word_1_358' title='bbox 1172 4627 1263 4680; x_wconf 88' lang='lat' dir='ltr'><strong>par</strong></span> <span class='ocrx_word' id='word_1_359' title='bbox 1285 4622 1445 4667; x_wconf 82' lang='lat' dir='ltr'><strong>esset.</strong></span> <span class='ocrx_word' id='word_1_360' title='bbox 1477 4611 1623 4665; x_wconf 77' lang='lat' dir='ltr'><strong>Finis</strong></span> <span class='ocrx_word' id='word_1_361' title='bbox 1659 4613 1742 4666; x_wconf 83' lang='lat' dir='ltr'><strong>hic</strong></span> <span class='ocrx_word' id='word_1_362' title='bbox 1771 4621 1823 4665; x_wconf 91' lang='lat' dir='ltr'><strong>et</strong></span> <span class='ocrx_word' id='word_1_363' title='bbox 1849 4612 1899 4664; x_wconf 91' lang='lat' dir='ltr'><strong>in</strong></span> <span class='ocrx_word' id='word_1_364' title='bbox 1932 4611 2108 4680; x_wconf 84' lang='lat' dir='ltr'><strong>priore</strong></span> <span class='ocrx_word' id='word_1_365' title='bbox 2131 4611 2208 4665; x_wconf 85' lang='lat' dir='ltr'><strong>sl-</strong></span> 
     </span>
    </p>
   </div>
   <div class='ocr_carea' id='block_1_49' title="bbox 633 4701 2204 4768">
    <p class='ocr_par' dir='ltr' id='par_1_49' title="bbox 633 4701 2204 4768">
     <span class='ocr_line' id='line_1_49' title="bbox 633 4701 2204 4768; baseline -0.001 -13"><span class='ocrx_word' id='word_1_366' title='bbox 633 4702 904 4756; x_wconf 80' lang='lat' dir='ltr'><strong>tnilisfuit.</strong></span> <span class='ocrx_word' id='word_1_367' title='bbox 925 4701 1055 4755; x_wconf 82' lang='lat' dir='ltr'><strong>Nam</strong></span> <span class='ocrx_word' id='word_1_368' title='bbox 1085 4713 1224 4765; x_wconf 89' lang='lat' dir='ltr'><strong>tunc,</strong></span> <span class='ocrx_word' id='word_1_369' title='bbox 1251 4702 1482 4755; x_wconf 78' lang='lat' dir='ltr'><strong>dimissis</strong></span> <span class='ocrx_word' id='word_1_370' title='bbox 1511 4703 1697 4764; x_wconf 85' lang='lat' dir='ltr'><strong>turbis,</strong></span> <span class='ocrx_word' id='word_1_371' title='bbox 1730 4703 1936 4768; x_wconf 70' lang='lat' dir='ltr'><strong>navigio</strong></span> <span class='ocrx_word' id='word_1_372' title='bbox 1968 4701 2204 4767; x_wconf 79' lang='lat' dir='ltr'><strong>recessit,</strong></span> 
     </span>
    </p>
   </div>
   <div class='ocr_carea' id='block_1_50' title="bbox 631 4793 2205 4863">
    <p class='ocr_par' dir='ltr' id='par_1_50' title="bbox 631 4793 2205 4863">
     <span class='ocr_line' id='line_1_50' title="bbox 631 4793 2205 4863; baseline -0.001 -14"><span class='ocrx_word' id='word_1_373' title='bbox 631 4803 685 4849; x_wconf 87' lang='lat' dir='ltr'><strong>et</strong></span> <span class='ocrx_word' id='word_1_374' title='bbox 715 4794 800 4847; x_wconf 91' lang='lat' dir='ltr'><strong>hic</strong></span> <span class='ocrx_word' id='word_1_375' title='bbox 829 4794 974 4856; x_wconf 87' lang='lat' dir='ltr'><strong>item,</strong></span> <span class='ocrx_word' id='word_1_376' title='bbox 1010 4802 1065 4847; x_wconf 87' lang='lat' dir='ltr'><strong>ut</strong></span> <span class='ocrx_word' id='word_1_377' title='bbox 1088 4793 1316 4847; x_wconf 70' lang='lat' dir='ltr'><strong>JOannes</strong></span> <span class='ocrx_word' id='word_1_378' title='bbox 1349 4793 1572 4863; x_wconf 81' lang='lat' dir='ltr'><strong>(Cap.6.</strong></span> <span class='ocrx_word' id='word_1_379' title='bbox 1607 4796 1694 4859; x_wconf 82' lang='lat' dir='ltr'><strong>l7)</strong></span> <span class='ocrx_word' id='word_1_380' title='bbox 1734 4795 1878 4847; x_wconf 91' lang='lat' dir='ltr'><strong>dicit.</strong></span> <span class='ocrx_word' id='word_1_381' title='bbox 1905 4793 2034 4861; x_wconf 80' lang='lat' dir='ltr'><strong>Quia</strong></span> <span class='ocrx_word' id='word_1_382' title='bbox 2066 4796 2205 4847; x_wconf 82' lang='lat' dir='ltr'><strong>enim</strong></span> 
     </span>
    </p>
   </div>
   <div class='ocr_carea' id='block_1_51' title="bbox 634 4885 2208 4955">
    <p class='ocr_par' dir='ltr' id='par_1_51' title="bbox 634 4885 2208 4955">
     <span class='ocr_line' id='line_1_51' title="bbox 634 4885 2208 4955; baseline 0.002 -17"><span class='ocrx_word' id='word_1_383' title='bbox 634 4885 834 4939; x_wconf 88' lang='lat' dir='ltr'><strong>nullum</strong></span> <span class='ocrx_word' id='word_1_384' title='bbox 862 4886 1066 4955; x_wconf 81' lang='lat' dir='ltr'><strong>signum</strong></span> <span class='ocrx_word' id='word_1_385' title='bbox 1111 4886 1244 4939; x_wconf 86' lang='lat' dir='ltr'><strong>adeo</strong></span> <span class='ocrx_word' id='word_1_386' title='bbox 1286 4885 1488 4938; x_wconf 81' lang='lat' dir='ltr'><strong>turbam</strong></span> <span class='ocrx_word' id='word_1_387' title='bbox 1530 4887 1809 4941; x_wconf 76' lang='lat' dir='ltr'><strong>inducebat</strong></span> <span class='ocrx_word' id='word_1_388' title='bbox 1847 4886 1911 4939; x_wconf 84' lang='lat' dir='ltr'><strong>ad</strong></span> <span class='ocrx_word' id='word_1_389' title='bbox 1951 4887 2094 4939; x_wconf 88' lang='lat' dir='ltr'><strong>illum</strong></span> <span class='ocrx_word' id='word_1_390' title='bbox 2123 4902 2208 4941; x_wconf 85' lang='lat' dir='ltr'><strong>se-</strong></span> 
     </span>
    </p>
   </div>
   <div class='ocr_carea' id='block_1_52' title="bbox 631 4979 2206 5049">
    <p class='ocr_par' dir='ltr' id='par_1_52' title="bbox 631 4979 2206 5049">
     <span class='ocr_line' id='line_1_52' title="bbox 631 4979 2206 5049; baseline 0 -15"><span class='ocrx_word' id='word_1_391' title='bbox 631 4979 918 5048; x_wconf 87' lang='lat' dir='ltr'><strong>quendum,</strong></span> <span class='ocrx_word' id='word_1_392' title='bbox 943 4991 1001 5032; x_wconf 90' lang='lat' dir='ltr'><strong>ut</strong></span> <span class='ocrx_word' id='word_1_393' title='bbox 1029 4993 1220 5049; x_wconf 90' lang='lat' dir='ltr'><strong>panum</strong></span> <span class='ocrx_word' id='word_1_394' title='bbox 1253 4979 1561 5032; x_wconf 83' lang='lat' dir='ltr'><strong>miraculum</strong></span> <span class='ocrx_word' id='word_1_395' title='bbox 1587 5022 1601 5044; x_wconf 96' lang='lat'><strong>,</strong></span> <span class='ocrx_word' id='word_1_396' title='bbox 1625 4989 1690 5033; x_wconf 84' lang='lat' dir='ltr'><strong>et</strong></span> <span class='ocrx_word' id='word_1_397' title='bbox 1730 4979 1829 5033; x_wconf 90' lang='lat' dir='ltr'><strong>hoc</strong></span> <span class='ocrx_word' id='word_1_398' title='bbox 1871 4980 2028 5033; x_wconf 89' lang='lat' dir='ltr'><strong>modo</strong></span> <span class='ocrx_word' id='word_1_399' title='bbox 2059 4981 2206 5048; x_wconf 83' lang='lat' dir='ltr'><strong>sequi</strong></span> 
     </span>
    </p>
   </div>
   <div class='ocr_carea' id='block_1_53' title="bbox 633 5071 2205 5140">
    <p class='ocr_par' dir='ltr' id='par_1_53' title="bbox 633 5071 2205 5140">
     <span class='ocr_line' id='line_1_53' title="bbox 633 5071 2205 5140; baseline -0.001 -13"><span class='ocrx_word' id='word_1_400' title='bbox 633 5072 777 5127; x_wconf 90' lang='lat' dir='ltr'><strong>illum</strong></span> <span class='ocrx_word' id='word_1_401' title='bbox 803 5114 819 5138; x_wconf 94' lang='lat'><strong>,</strong></span> <span class='ocrx_word' id='word_1_402' title='bbox 846 5072 938 5126; x_wconf 84' lang='lat' dir='ltr'><strong>sed</strong></span> <span class='ocrx_word' id='word_1_403' title='bbox 982 5073 1140 5126; x_wconf 85' lang='lat' dir='ltr'><strong>etiam</strong></span> <span class='ocrx_word' id='word_1_404' title='bbox 1187 5085 1365 5140; x_wconf 77' lang='lat' dir='ltr'><strong>regem</strong></span> <span class='ocrx_word' id='word_1_405' title='bbox 1409 5071 1579 5126; x_wconf 89' lang='lat' dir='ltr'><strong>facere</strong></span> <span class='ocrx_word' id='word_1_406' title='bbox 1610 5073 1890 5133; x_wconf 86' lang='lat' dir='ltr'><strong>volebant,</strong></span> <span class='ocrx_word' id='word_1_407' title='bbox 1922 5082 1977 5126; x_wconf 89' lang='lat' dir='ltr'><strong>ut</strong></span> <span class='ocrx_word' id='word_1_408' title='bbox 1995 5088 2205 5127; x_wconf 82' lang='lat' dir='ltr'><strong>omnem</strong></span> 
     </span>
    </p>
   </div>
   <div class='ocr_carea' id='block_1_54' title="bbox 633 5162 2207 5234">
    <p class='ocr_par' dir='ltr' id='par_1_54' title="bbox 633 5162 2207 5234">
     <span class='ocr_line' id='line_1_54' title="bbox 633 5162 2207 5234; baseline -0.001 -18"><span class='ocrx_word' id='word_1_409' title='bbox 633 5163 925 5234; x_wconf 78' lang='lat' dir='ltr'><strong>tyrannidis</strong></span> <span class='ocrx_word' id='word_1_410' title='bbox 965 5162 1320 5233; x_wconf 83' lang='lat' dir='ltr'><strong>suspicionem</strong></span> <span class='ocrx_word' id='word_1_411' title='bbox 1354 5163 1550 5217; x_wconf 84' lang='lat' dir='ltr'><strong>devitet</strong></span> <span class='ocrx_word' id='word_1_412' title='bbox 1575 5206 1587 5227; x_wconf 95' lang='lat'><strong>,</strong></span> <span class='ocrx_word' id='word_1_413' title='bbox 1623 5173 1739 5231; x_wconf 86' lang='lat' dir='ltr'><strong>post</strong></span> <span class='ocrx_word' id='word_1_414' title='bbox 1776 5163 2075 5229; x_wconf 85' lang='lat' dir='ltr'><strong>ltujusmodi</strong></span> <span class='ocrx_word' id='word_1_415' title='bbox 2106 5165 2207 5216; x_wconf 88' lang='lat' dir='ltr'><strong>mi-</strong></span> 
     </span>
    </p>
   </div>
   <div class='ocr_carea' id='block_1_55' title="bbox 617 5255 2204 5323">
    <p class='ocr_par' dir='ltr' id='par_1_55' title="bbox 617 5255 2204 5323">
     <span class='ocr_line' id='line_1_55' title="bbox 617 5255 2204 5323; baseline -0.001 -14"><span class='ocrx_word' id='word_1_416' title='bbox 617 5255 866 5310; x_wconf 73' lang='lat' dir='ltr'><strong>raculum</strong></span> <span class='ocrx_word' id='word_1_417' title='bbox 913 5255 1147 5310; x_wconf 88' lang='lat' dir='ltr'><strong>recedit:</strong></span> <span class='ocrx_word' id='word_1_418' title='bbox 1180 5270 1279 5309; x_wconf 90' lang='lat' dir='ltr'><strong>nec</strong></span> <span class='ocrx_word' id='word_1_419' title='bbox 1319 5255 1559 5323; x_wconf 84' lang='lat' dir='ltr'><strong>pedibus,</strong></span> <span class='ocrx_word' id='word_1_420' title='bbox 1612 5272 1676 5310; x_wconf 88' lang='lat' dir='ltr'><strong>ne</strong></span> <span class='ocrx_word' id='word_1_421' title='bbox 1720 5257 1791 5309; x_wconf 89' lang='lat' dir='ltr'><strong>illi</strong></span> <span class='ocrx_word' id='word_1_422' title='bbox 1835 5266 2204 5323; x_wconf 68' lang='lat' dir='ltr'><strong>sequerentur,</strong></span> 
     </span>
    </p>
   </div>
   <div class='ocr_carea' id='block_1_56' title="bbox 629 5345 2206 5416">
    <p class='ocr_par' dir='ltr' id='par_1_56' title="bbox 629 5345 2206 5416">
     <span class='ocr_line' id='line_1_56' title="bbox 629 5345 2206 5416; baseline 0 -14"><span class='ocrx_word' id='word_1_423' title='bbox 629 5348 725 5402; x_wconf 85' lang='lat' dir='ltr'><strong>sed</strong></span> <span class='ocrx_word' id='word_1_424' title='bbox 757 5349 982 5416; x_wconf 80' lang='lat' dir='ltr'><strong>navigio.</strong></span> <span class='ocrx_word' id='word_1_425' title='bbox 1016 5348 1100 5403; x_wconf 75' lang='lat'><strong>39.</strong></span> <span class='ocrx_word' id='word_1_426' title='bbox 1136 5345 1202 5401; x_wconf 74' lang='lat' dir='ltr'><strong>Et</strong></span> <span class='ocrx_word' id='word_1_427' title='bbox 1247 5348 1453 5401; x_wconf 81' lang='lat' dir='ltr'><strong>dimissa</strong></span> <span class='ocrx_word' id='word_1_428' title='bbox 1487 5348 1651 5413; x_wconf 81' lang='lat' dir='ltr'><strong>turbo,</strong></span> <span class='ocrx_word' id='word_1_429' title='bbox 1689 5350 1871 5415; x_wconf 87' lang='lat' dir='ltr'><strong>inquit.</strong></span> <span class='ocrx_word' id='word_1_430' title='bbox 1907 5350 2131 5402; x_wconf 76' lang='lat' dir='ltr'><strong>ascendit</strong></span> <span class='ocrx_word' id='word_1_431' title='bbox 2157 5351 2206 5402; x_wconf 87' lang='lat' dir='ltr'><strong>in</strong></span> 
     </span>
    </p>
   </div>
   <div class='ocr_carea' id='block_1_57' title="bbox 632 5439 2202 5510">
    <p class='ocr_par' dir='ltr' id='par_1_57' title="bbox 632 5439 2202 5510">
     <span class='ocr_line' id='line_1_57' title="bbox 632 5439 2202 5510; baseline 0 -16"><span class='ocrx_word' id='word_1_432' title='bbox 632 5442 936 5499; x_wconf 73' lang='lat' dir='ltr'><strong>amiculam,</strong></span> <span class='ocrx_word' id='word_1_433' title='bbox 968 5450 1012 5492; x_wconf 86' lang='lat' dir='ltr'><strong>et</strong></span> <span class='ocrx_word' id='word_1_434' title='bbox 1061 5441 1188 5493; x_wconf 77' lang='lat' dir='ltr'><strong>venit</strong></span> <span class='ocrx_word' id='word_1_435' title='bbox 1235 5442 1285 5493; x_wconf 88' lang='lat' dir='ltr'><strong>in</strong></span> <span class='ocrx_word' id='word_1_436' title='bbox 1329 5441 1454 5508; x_wconf 79' lang='lat' dir='ltr'><strong>ﬁnes</strong></span> <span class='ocrx_word' id='word_1_437' title='bbox 1487 5439 1746 5510; x_wconf 80' lang='lat' dir='ltr'><strong>Magdala.</strong></span> <span class='ocrx_word' id='word_1_438' title='bbox 1793 5439 1940 5509; x_wconf 80' lang='lat' dir='ltr'><strong>(Cap.</strong></span> <span class='ocrx_word' id='word_1_439' title='bbox 1973 5440 2111 5509; x_wconf 81' lang='lat' dir='ltr'><strong>XVI)</strong></span> <span class='ocrx_word' id='word_1_440' title='bbox 2154 5442 2202 5494; x_wconf 83' lang='lat' dir='ltr'><strong>l.</strong></span> 
     </span>
    </p>
   </div>
   <div class='ocr_carea' id='block_1_58' title="bbox 632 5529 2207 5603">
    <p class='ocr_par' dir='ltr' id='par_1_58' title="bbox 632 5529 2207 5603">
     <span class='ocr_line' id='line_1_58' title="bbox 632 5529 2207 5603; baseline 0.002 -19"><span class='ocrx_word' id='word_1_441' title='bbox 632 5532 695 5585; x_wconf 80' lang='lat' dir='ltr'><strong>Et</strong></span> <span class='ocrx_word' id='word_1_442' title='bbox 722 5534 1011 5584; x_wconf 81' lang='lat' dir='ltr'><strong>accedentes</strong></span> <span class='ocrx_word' id='word_1_443' title='bbox 1037 5529 1281 5585; x_wconf 74' lang='lat' dir='ltr'><strong>Pliaristri</strong></span> <span class='ocrx_word' id='word_1_444' title='bbox 1310 5542 1355 5587; x_wconf 85' lang='lat' dir='ltr'><strong>et</strong></span> <span class='ocrx_word' id='word_1_445' title='bbox 1394 5532 1664 5587; x_wconf 81' lang='lat' dir='ltr'><strong>Sadductei</strong></span> <span class='ocrx_word' id='word_1_446' title='bbox 1707 5535 1947 5603; x_wconf 80' lang='lat' dir='ltr'><strong>rogabant</strong></span> <span class='ocrx_word' id='word_1_447' title='bbox 1981 5551 2109 5596; x_wconf 86' lang='lat' dir='ltr'><strong>eum,</strong></span> <span class='ocrx_word' id='word_1_448' title='bbox 2153 5545 2207 5587; x_wconf 84' lang='lat' dir='ltr'><strong>ut</strong></span> 
     </span>
    </p>
   </div>
   <div class='ocr_carea' id='block_1_59' title="bbox 630 5622 2205 5693">
    <p class='ocr_par' dir='ltr' id='par_1_59' title="bbox 630 5622 2205 5693">
     <span class='ocr_line' id='line_1_59' title="bbox 630 5622 2205 5693; baseline 0.003 -16"><span class='ocrx_word' id='word_1_449' title='bbox 630 5625 827 5693; x_wconf 73' lang='lat' dir='ltr'><strong>signum</strong></span> <span class='ocrx_word' id='word_1_450' title='bbox 865 5625 928 5675; x_wconf 90' lang='lat' dir='ltr'><strong>de</strong></span> <span class='ocrx_word' id='word_1_451' title='bbox 965 5622 1090 5676; x_wconf 64' lang='lat' dir='ltr'><strong>caelo</strong></span> <span class='ocrx_word' id='word_1_452' title='bbox 1111 5623 1388 5677; x_wconf 83' lang='lat' dir='ltr'><strong>ostenderet</strong></span> <span class='ocrx_word' id='word_1_453' title='bbox 1418 5627 1506 5677; x_wconf 86' lang='lat' dir='ltr'><strong>eis.</strong></span> <span class='ocrx_word' id='word_1_454' title='bbox 1553 5627 1607 5678; x_wconf 78' lang='lat'><strong>2.</strong></span> <span class='ocrx_word' id='word_1_455' title='bbox 1640 5624 1737 5678; x_wconf 82' lang='lat' dir='ltr'><strong>Ille</strong></span> <span class='ocrx_word' id='word_1_456' title='bbox 1756 5635 1922 5678; x_wconf 87' lang='lat' dir='ltr'><strong>autem</strong></span> <span class='ocrx_word' id='word_1_457' title='bbox 1947 5626 2073 5679; x_wconf 74' lang='lat' dir='ltr'><strong>dixit</strong></span> <span class='ocrx_word' id='word_1_458' title='bbox 2097 5628 2205 5681; x_wconf 87' lang='lat' dir='ltr'><strong>eis:</strong></span> 
     </span>
    </p>
   </div>
   <div class='ocr_carea' id='block_1_60' title="bbox 637 5713 2199 5786">
    <p class='ocr_par' dir='ltr' id='par_1_60' title="bbox 637 5713 2199 5786">
     <span class='ocr_line' id='line_1_60' title="bbox 637 5713 2199 5786; baseline 0.008 -23"><span class='ocrx_word' id='word_1_459' title='bbox 637 5713 846 5785; x_wconf 75' lang='lat' dir='ltr'><strong>Vespere</strong></span> <span class='ocrx_word' id='word_1_460' title='bbox 878 5717 1016 5786; x_wconf 74' lang='lat' dir='ltr'><strong>facto</strong></span> <span class='ocrx_word' id='word_1_461' title='bbox 1042 5713 1239 5786; x_wconf 78' lang='lat' dir='ltr'><strong>(licitis,</strong></span> <span class='ocrx_word' id='word_1_462' title='bbox 1276 5717 1515 5773; x_wconf 85' lang='lat' dir='ltr'><strong>Serenum</strong></span> <span class='ocrx_word' id='word_1_463' title='bbox 1542 5722 1632 5772; x_wconf 84' lang='lat' dir='ltr'><strong>erit</strong></span> <span class='ocrx_word' id='word_1_464' title='bbox 1657 5736 1673 5772; x_wconf 92' lang='grc'><strong>.·</strong></span> <span class='ocrx_word' id='word_1_465' title='bbox 1699 5720 2030 5775; x_wconf 82' lang='lat' dir='ltr'><strong>rubicundum</strong></span> <span class='ocrx_word' id='word_1_466' title='bbox 2070 5723 2199 5775; x_wconf 81' lang='lat' dir='ltr'><strong>enim</strong></span> 
     </span>
    </p>
   </div>
   <div class='ocr_carea' id='block_1_61' title="bbox 1533 270 3321 332">
    <p class='ocr_par' dir='ltr' id='par_1_61' title="bbox 1533 270 3321 332">
     <span class='ocr_line' id='line_1_61' title="bbox 1533 270 3321 332; baseline -0.003 0"><span class='ocrx_word' id='word_1_467' title='bbox 1533 279 1584 332; x_wconf 89' lang='lat' dir='ltr'><strong>S.</strong></span> <span class='ocrx_word' id='word_1_468' title='bbox 1619 273 1894 332; x_wconf 52' lang='lat' dir='ltr'><strong>1053&#39;le</strong></span> <span class='ocrx_word' id='word_1_469' title='bbox 1931 271 2398 330; x_wconf 73' lang='lat' dir='ltr'><strong>CIIRYSOSTOMI</strong></span> <span class='ocrx_word' id='word_1_470' title='bbox 2438 270 2752 328; x_wconf 73' lang='lat' dir='ltr'><strong>.lllCllll-IP.</strong></span> <span class='ocrx_word' id='word_1_471' title='bbox 2792 271 3321 329; x_wconf 64' lang='lat' dir='ltr'><strong>CONSTANTINOP.</strong></span> 
     </span>
    </p>
   </div>
   <div class='ocr_carea' id='block_1_62' title="bbox 3817 269 3923 326">
    <p class='ocr_par' dir='ltr' id='par_1_62' title="bbox 3817 269 3923 326">
     <span class='ocr_line' id='line_1_62' title="bbox 3817 269 3923 326; baseline 0 0"><span class='ocrx_word' id='word_1_472' title='bbox 3817 269 3923 326; x_wconf 64' lang='lat'><strong>528</strong></span> 
     </span>
    </p>
   </div>
   <div class='ocr_carea' id='block_1_63' title="bbox 2337 382 3923 461">
    <p class='ocr_par' dir='ltr' id='par_1_63' title="bbox 2337 382 3923 461">
     <span class='ocr_line' id='line_1_63' title="bbox 2337 382 3923 461; baseline 0.001 -23"><span class='ocrx_word' id='word_1_473' title='bbox 2337 384 2514 439; x_wconf 76' lang='lat' dir='ltr'><strong>arium</strong></span> <span class='ocrx_word' id='word_1_474' title='bbox 2537 395 2646 448; x_wconf 76' lang='lat' dir='ltr'><strong>est;</strong></span> <span class='ocrx_word' id='word_1_475' title='bbox 2674 388 2726 441; x_wconf 78' lang='grc'><strong>5.</strong></span> <span class='ocrx_word' id='word_1_476' title='bbox 2756 396 2802 457; x_wconf 62' lang='grc' dir='ltr'>ᾳ</span> <span class='ocrx_word' id='word_1_477' title='bbox 2845 403 3010 446; x_wconf 72' lang='lat' dir='ltr'><strong>mane.</strong></span> <span class='ocrx_word' id='word_1_478' title='bbox 3047 385 3214 461; x_wconf 79' lang='lat' dir='ltr'><strong>Hodie</strong></span> <span class='ocrx_word' id='word_1_479' title='bbox 3259 396 3524 452; x_wconf 81' lang='lat' dir='ltr'><strong>tempestas</strong></span> <span class='ocrx_word' id='word_1_480' title='bbox 3578 382 3670 436; x_wconf 84' lang='lat' dir='ltr'><strong>erit</strong></span> <span class='ocrx_word' id='word_1_481' title='bbox 3699 399 3718 438; x_wconf 90' lang='lat'><strong><em>:</em></strong></span> <span class='ocrx_word' id='word_1_482' title='bbox 3747 387 3923 440; x_wconf 83' lang='lat' dir='ltr'><strong>rutilat</strong></span> 
     </span>
    </p>
   </div>
   <div class='ocr_carea' id='block_1_64' title="bbox 2335 476 3921 545">
    <p class='ocr_par' dir='ltr' id='par_1_64' title="bbox 2335 476 3921 545">
     <span class='ocr_line' id='line_1_64' title="bbox 2335 476 3921 545; baseline -0.001 -15"><span class='ocrx_word' id='word_1_483' title='bbox 2335 477 2464 530; x_wconf 78' lang='lat' dir='ltr'><strong>enim</strong></span> <span class='ocrx_word' id='word_1_484' title='bbox 2487 478 2628 532; x_wconf 84' lang='lat' dir='ltr'><strong>triste</strong></span> <span class='ocrx_word' id='word_1_485' title='bbox 2653 477 2848 530; x_wconf 76' lang='lat' dir='ltr'><strong>eciam.</strong></span> <span class='ocrx_word' id='word_1_486' title='bbox 2878 477 2932 532; x_wconf 68' lang='grc'><strong>4.</strong></span> <span class='ocrx_word' id='word_1_487' title='bbox 2961 477 3166 531; x_wconf 78' lang='lat' dir='ltr'><strong>Faciem</strong></span> <span class='ocrx_word' id='word_1_488' title='bbox 3186 479 3296 532; x_wconf 69' lang='lat' dir='ltr'><strong>ccli</strong></span> <span class='ocrx_word' id='word_1_489' title='bbox 3327 477 3482 536; x_wconf 82' lang='lat' dir='ltr'><strong>nostis</strong></span> <span class='ocrx_word' id='word_1_490' title='bbox 3512 476 3814 545; x_wconf 71' lang='lat' dir='ltr'><strong>diiudicare,</strong></span> <span class='ocrx_word' id='word_1_491' title='bbox 3850 481 3921 530; x_wconf 82' lang='lat' dir='ltr'><strong>si-</strong></span> 
     </span>
    </p>
   </div>
   <div class='ocr_carea' id='block_1_65' title="bbox 2333 567 3923 637">
    <p class='ocr_par' dir='ltr' id='par_1_65' title="bbox 2333 567 3923 637">
     <span class='ocr_line' id='line_1_65' title="bbox 2333 567 3923 637; baseline 0.001 -16"><span class='ocrx_word' id='word_1_492' title='bbox 2333 583 2434 637; x_wconf 75' lang='lat' dir='ltr'><strong>gna</strong></span> <span class='ocrx_word' id='word_1_493' title='bbox 2472 584 2585 622; x_wconf 76' lang='lat' dir='ltr'><strong>vero</strong></span> <span class='ocrx_word' id='word_1_494' title='bbox 2631 579 2913 637; x_wconf 80' lang='lat' dir='ltr'><strong>temporum</strong></span> <span class='ocrx_word' id='word_1_495' title='bbox 2957 586 3058 623; x_wconf 78' lang='lat' dir='ltr'><strong>non</strong></span> <span class='ocrx_word' id='word_1_496' title='bbox 3099 569 3347 637; x_wconf 75' lang='lat' dir='ltr'><strong>potestis?</strong></span> <span class='ocrx_word' id='word_1_497' title='bbox 3395 567 3660 622; x_wconf 83' lang='lat' dir='ltr'><strong>Generatio</strong></span> <span class='ocrx_word' id='word_1_498' title='bbox 3688 585 3843 637; x_wconf 75' lang='lat' dir='ltr'><strong>prava</strong></span> <span class='ocrx_word' id='word_1_499' title='bbox 3875 582 3923 622; x_wconf 88' lang='lat' dir='ltr'><strong>et</strong></span> 
     </span>
    </p>
   </div>
   <div class='ocr_carea' id='block_1_66' title="bbox 2332 660 3924 732">
    <p class='ocr_par' dir='ltr' id='par_1_66' title="bbox 2332 660 3924 732">
     <span class='ocr_line' id='line_1_66' title="bbox 2332 660 3924 732; baseline 0.001 -19"><span class='ocrx_word' id='word_1_500' title='bbox 2332 660 2563 714; x_wconf 71' lang='lat' dir='ltr'><strong>adultera</strong></span> <span class='ocrx_word' id='word_1_501' title='bbox 2587 663 2788 732; x_wconf 72' lang='lat' dir='ltr'><strong>signum</strong></span> <span class='ocrx_word' id='word_1_502' title='bbox 2828 665 3026 732; x_wconf 70' lang='lat' dir='ltr'><strong>quaerit,</strong></span> <span class='ocrx_word' id='word_1_503' title='bbox 3067 673 3113 716; x_wconf 86' lang='lat' dir='ltr'><strong>et</strong></span> <span class='ocrx_word' id='word_1_504' title='bbox 3139 664 3338 732; x_wconf 78' lang='lat' dir='ltr'><strong>signum</strong></span> <span class='ocrx_word' id='word_1_505' title='bbox 3366 679 3464 716; x_wconf 87' lang='lat' dir='ltr'><strong>non</strong></span> <span class='ocrx_word' id='word_1_506' title='bbox 3492 665 3692 716; x_wconf 77' lang='lat' dir='ltr'><strong>dabitur</strong></span> <span class='ocrx_word' id='word_1_507' title='bbox 3725 663 3792 726; x_wconf 85' lang='lat' dir='ltr'><strong>ei,</strong></span> <span class='ocrx_word' id='word_1_508' title='bbox 3826 665 3924 715; x_wconf 80' lang='lat' dir='ltr'><strong>nisi</strong></span> 
     </span>
    </p>
   </div>
   <div class='ocr_carea' id='block_1_67' title="bbox 2332 750 3920 823">
    <p class='ocr_par' dir='ltr' id='par_1_67' title="bbox 2332 750 3920 823">
     <span class='ocr_line' id='line_1_67' title="bbox 2332 750 3920 823; baseline 0.002 -19"><span class='ocrx_word' id='word_1_509' title='bbox 2332 751 2527 821; x_wconf 81' lang='lat' dir='ltr'><strong>signum</strong></span> <span class='ocrx_word' id='word_1_510' title='bbox 2555 750 2706 806; x_wconf 69' lang='lat' dir='ltr'><strong>Iona:</strong></span> <span class='ocrx_word' id='word_1_511' title='bbox 2733 757 3008 823; x_wconf 67' lang='lat' dir='ltr'><strong>propheta.</strong></span> <span class='ocrx_word' id='word_1_512' title='bbox 3040 752 3108 807; x_wconf 83' lang='lat' dir='ltr'><strong>Et</strong></span> <span class='ocrx_word' id='word_1_513' title='bbox 3135 754 3480 822; x_wconf 78' lang='lat' dir='ltr'><strong>derelinquens</strong></span> <span class='ocrx_word' id='word_1_514' title='bbox 3509 771 3592 808; x_wconf 81' lang='lat' dir='ltr'><strong>eos</strong></span> <span class='ocrx_word' id='word_1_515' title='bbox 3619 754 3765 808; x_wconf 85' lang='lat' dir='ltr'><strong>abiit.</strong></span> <span class='ocrx_word' id='word_1_516' title='bbox 3786 755 3920 808; x_wconf 66' lang='lat' dir='ltr'><strong>3hr-</strong></span> 
     </span>
    </p>
   </div>
   <div class='ocr_carea' id='block_1_68' title="bbox 2329 847 3919 916">
    <p class='ocr_par' dir='ltr' id='par_1_68' title="bbox 2329 847 3919 916">
     <span class='ocr_line' id='line_1_68' title="bbox 2329 847 3919 916; baseline -0.001 -17"><span class='ocrx_word' id='word_1_517' title='bbox 2329 859 2425 899; x_wconf 85' lang='lat' dir='ltr'><strong>cus</strong></span> <span class='ocrx_word' id='word_1_518' title='bbox 2451 855 2627 899; x_wconf 70' lang='lat' dir='ltr'><strong>autem</strong></span> <span class='ocrx_word' id='word_1_519' title='bbox 2656 847 2806 912; x_wconf 87' lang='lat' dir='ltr'><strong>dicit,</strong></span> <span class='ocrx_word' id='word_1_520' title='bbox 2836 847 2969 902; x_wconf 83' lang='lat' dir='ltr'><strong>Cum</strong></span> <span class='ocrx_word' id='word_1_521' title='bbox 2985 847 3415 912; x_wconf 82' lang='lat' dir='ltr'><strong>accessissentet</strong></span> <span class='ocrx_word' id='word_1_522' title='bbox 3435 857 3757 914; x_wconf 67' lang='grc' dir='ltr'>ιιιιπιτριινιιι,</span> <span class='ocrx_word' id='word_1_523' title='bbox 3775 850 3919 916; x_wconf 64' lang='lat' dir='ltr'><strong>ivge-</strong></span> 
     </span>
    </p>
   </div>
   <div class='ocr_carea' id='block_1_69' title="bbox 2331 937 3922 1009">
    <p class='ocr_par' dir='ltr' id='par_1_69' title="bbox 2331 937 3922 1009">
     <span class='ocr_line' id='line_1_69' title="bbox 2331 937 3922 1009; baseline 0.002 -21"><span class='ocrx_word' id='word_1_524' title='bbox 2331 938 2528 990; x_wconf 84' lang='lat' dir='ltr'><strong>muisse</strong></span> <span class='ocrx_word' id='word_1_525' title='bbox 2549 938 2757 1004; x_wconf 80' lang='lat' dir='ltr'><strong>spiritu,</strong></span> <span class='ocrx_word' id='word_1_526' title='bbox 2782 953 2844 991; x_wconf 88' lang='lat' dir='ltr'><strong>ac</strong></span> <span class='ocrx_word' id='word_1_527' title='bbox 2876 937 3074 993; x_wconf 75' lang='lat' dir='ltr'><strong>dixisse</strong></span> <span class='ocrx_word' id='word_1_528' title='bbox 3106 956 3118 994; x_wconf 92' lang='lat'>:</span> <span class='ocrx_word' id='word_1_529' title='bbox 3156 938 3290 1003; x_wconf 79' lang='lat' dir='ltr'><strong>Quid</strong></span> <span class='ocrx_word' id='word_1_530' title='bbox 3313 940 3567 1009; x_wconf 84' lang='lat' dir='ltr'><strong>generatio</strong></span> <span class='ocrx_word' id='word_1_531' title='bbox 3594 941 3693 992; x_wconf 82' lang='lat' dir='ltr'><strong>ista</strong></span> <span class='ocrx_word' id='word_1_532' title='bbox 3717 940 3922 1009; x_wconf 80' lang='lat' dir='ltr'><strong>signum</strong></span> 
     </span>
    </p>
   </div>
   <div class='ocr_carea' id='block_1_70' title="bbox 2328 1028 3919 1101">
    <p class='ocr_par' dir='ltr' id='par_1_70' title="bbox 2328 1028 3919 1101">
     <span class='ocr_line' id='line_1_70' title="bbox 2328 1028 3919 1101; baseline -0.001 -19"><span class='ocrx_word' id='word_1_533' title='bbox 2328 1030 2505 1096; x_wconf 67' lang='lat' dir='ltr'><strong>quierit</strong></span> <span class='ocrx_word' id='word_1_534' title='bbox 2531 1028 2725 1092; x_wconf 74' lang='lat' dir='ltr'><strong>(Marc.</strong></span> <span class='ocrx_word' id='word_1_535' title='bbox 2749 1031 2802 1086; x_wconf 89' lang='lat'><strong>8.</strong></span> <span class='ocrx_word' id='word_1_536' title='bbox 2841 1030 2971 1101; x_wconf 62' lang='grc' dir='ltr'><strong>ην</strong></span> <span class='ocrx_word' id='word_1_537' title='bbox 3002 1031 3110 1084; x_wconf 73' lang='grc' dir='ltr'><strong>ΕΙ,δί</strong></span> <span class='ocrx_word' id='word_1_538' title='bbox 3161 1032 3279 1085; x_wconf 83' lang='lat' dir='ltr'><strong>talis</strong></span> <span class='ocrx_word' id='word_1_539' title='bbox 3309 1032 3656 1100; x_wconf 73' lang='lat' dir='ltr'><strong>interrogatio</strong></span> <span class='ocrx_word' id='word_1_540' title='bbox 3702 1031 3833 1084; x_wconf 83' lang='lat' dir='ltr'><strong>iram</strong></span> <span class='ocrx_word' id='word_1_541' title='bbox 3865 1041 3919 1082; x_wconf 87' lang='lat' dir='ltr'><strong>ct</strong></span> 
     </span>
    </p>
   </div>
   <div class='ocr_carea' id='block_1_71' title="bbox 2330 1118 3920 1190">
    <p class='ocr_par' dir='ltr' id='par_1_71' title="bbox 2330 1118 3920 1190">
     <span class='ocr_line' id='line_1_71' title="bbox 2330 1118 3920 1190; baseline 0.003 -19"><span class='ocrx_word' id='word_1_542' title='bbox 2330 1118 2745 1188; x_wconf 76' lang='lat' dir='ltr'><strong>indignationem</strong></span> <span class='ocrx_word' id='word_1_543' title='bbox 2779 1122 2945 1190; x_wconf 83' lang='lat' dir='ltr'><strong>possit</strong></span> <span class='ocrx_word' id='word_1_544' title='bbox 2983 1123 3234 1182; x_wconf 80' lang='lat' dir='ltr'><strong>excitare,</strong></span> <span class='ocrx_word' id='word_1_545' title='bbox 3264 1131 3498 1175; x_wconf 80' lang='lat' dir='ltr'><strong>attamen</strong></span> <span class='ocrx_word' id='word_1_546' title='bbox 3542 1122 3798 1190; x_wconf 75' lang='lat' dir='ltr'><strong>benignus</strong></span> <span class='ocrx_word' id='word_1_547' title='bbox 3830 1122 3920 1175; x_wconf 86' lang='lat' dir='ltr'><strong>ille</strong></span> 
     </span>
    </p>
   </div>
   <div class='ocr_carea' id='block_1_72' title="bbox 2331 1209 3915 1281">
    <p class='ocr_par' dir='ltr' id='par_1_72' title="bbox 2331 1209 3915 1281">
     <span class='ocr_line' id='line_1_72' title="bbox 2331 1209 3915 1281; baseline -0.001 -16"><span class='ocrx_word' id='word_1_548' title='bbox 2331 1209 2587 1265; x_wconf 87' lang='lat' dir='ltr'><strong>Dominus</strong></span> <span class='ocrx_word' id='word_1_549' title='bbox 2613 1227 2718 1264; x_wconf 90' lang='lat' dir='ltr'><strong>non</strong></span> <span class='ocrx_word' id='word_1_550' title='bbox 2749 1212 3015 1279; x_wconf 82' lang='lat' dir='ltr'><strong>irascitur,</strong></span> <span class='ocrx_word' id='word_1_551' title='bbox 3049 1212 3142 1267; x_wconf 88' lang='lat' dir='ltr'><strong>sed</strong></span> <span class='ocrx_word' id='word_1_552' title='bbox 3174 1213 3458 1266; x_wconf 86' lang='lat' dir='ltr'><strong>miseratur</strong></span> <span class='ocrx_word' id='word_1_553' title='bbox 3501 1212 3620 1266; x_wconf 92' lang='lat' dir='ltr'><strong>illos</strong></span> <span class='ocrx_word' id='word_1_554' title='bbox 3648 1222 3915 1281; x_wconf 70' lang='lat' dir='ltr'><strong>tamquam</strong></span> 
     </span>
    </p>
   </div>
   <div class='ocr_carea' id='block_1_73' title="bbox 2330 1302 3917 1372">
    <p class='ocr_par' dir='ltr' id='par_1_73' title="bbox 2330 1302 3917 1372">
     <span class='ocr_line' id='line_1_73' title="bbox 2330 1302 3917 1372; baseline -0.002 -18"><span class='ocrx_word' id='word_1_555' title='bbox 2330 1302 2604 1356; x_wconf 84' lang='lat' dir='ltr'><strong>incurabili</strong></span> <span class='ocrx_word' id='word_1_556' title='bbox 2651 1302 2842 1358; x_wconf 81' lang='lat' dir='ltr'><strong>inorbo</strong></span> <span class='ocrx_word' id='word_1_557' title='bbox 2865 1303 3186 1364; x_wconf 84' lang='lat' dir='ltr'><strong>laborantes,</strong></span> <span class='ocrx_word' id='word_1_558' title='bbox 3223 1303 3312 1372; x_wconf 88' lang='lat' dir='ltr'><strong>qui</strong></span> <span class='ocrx_word' id='word_1_559' title='bbox 3344 1315 3463 1371; x_wconf 83' lang='lat' dir='ltr'><strong>post</strong></span> <span class='ocrx_word' id='word_1_560' title='bbox 3493 1312 3689 1356; x_wconf 85' lang='lat' dir='ltr'><strong>tantam</strong></span> <span class='ocrx_word' id='word_1_561' title='bbox 3721 1312 3917 1370; x_wconf 87' lang='lat' dir='ltr'><strong>poten-</strong></span> 
     </span>
    </p>
   </div>
   <div class='ocr_carea' id='block_1_74' title="bbox 2330 1390 3920 1461">
    <p class='ocr_par' dir='ltr' id='par_1_74' title="bbox 2330 1390 3920 1461">
     <span class='ocr_line' id='line_1_74' title="bbox 2330 1390 3920 1461; baseline 0.003 -19"><span class='ocrx_word' id='word_1_562' title='bbox 2330 1390 2415 1444; x_wconf 80' lang='lat' dir='ltr'><strong>ti.e</strong></span> <span class='ocrx_word' id='word_1_563' title='bbox 2444 1405 2555 1445; x_wconf 76' lang='lat' dir='ltr'><strong>sua:</strong></span> <span class='ocrx_word' id='word_1_564' title='bbox 2599 1391 3132 1458; x_wconf 82' lang='lat' dir='ltr'><strong>demonstrationem,</strong></span> <span class='ocrx_word' id='word_1_565' title='bbox 3174 1403 3432 1446; x_wconf 80' lang='lat' dir='ltr'><strong>tentatum</strong></span> <span class='ocrx_word' id='word_1_566' title='bbox 3465 1393 3694 1448; x_wconf 88' lang='lat' dir='ltr'><strong>veniant.</strong></span> <span class='ocrx_word' id='word_1_567' title='bbox 3734 1391 3920 1461; x_wconf 81' lang='lat' dir='ltr'><strong>Neque</strong></span> 
     </span>
    </p>
   </div>
   <div class='ocr_carea' id='block_1_75' title="bbox 2326 1482 3914 1553">
    <p class='ocr_par' dir='ltr' id='par_1_75' title="bbox 2326 1482 3914 1553">
     <span class='ocr_line' id='line_1_75' title="bbox 2326 1482 3914 1553; baseline 0.001 -18"><span class='ocrx_word' id='word_1_568' title='bbox 2326 1483 2468 1536; x_wconf 87' lang='lat' dir='ltr'><strong>enim</strong></span> <span class='ocrx_word' id='word_1_569' title='bbox 2491 1482 2816 1539; x_wconf 86' lang='lat' dir='ltr'><strong>accedebant</strong></span> <span class='ocrx_word' id='word_1_570' title='bbox 2842 1486 3213 1551; x_wconf 88' lang='lat' dir='ltr'><strong>utcrederent,</strong></span> <span class='ocrx_word' id='word_1_571' title='bbox 3237 1485 3330 1539; x_wconf 89' lang='lat' dir='ltr'><strong>sed</strong></span> <span class='ocrx_word' id='word_1_572' title='bbox 3359 1495 3416 1538; x_wconf 92' lang='lat' dir='ltr'><strong>ut</strong></span> <span class='ocrx_word' id='word_1_573' title='bbox 3436 1484 3914 1553; x_wconf 85' lang='lat' dir='ltr'><strong>reprehenderent.</strong></span> 
     </span>
    </p>
   </div>
   <div class='ocr_carea' id='block_1_76' title="bbox 2327 1568 3914 1650">
    <p class='ocr_par' dir='ltr' id='par_1_76' title="bbox 2327 1568 3914 1650">
     <span class='ocr_line' id='line_1_76' title="bbox 2327 1568 3914 1650; baseline 0.003 -20"><span class='ocrx_word' id='word_1_574' title='bbox 2327 1575 2458 1630; x_wconf 80' lang='lat' dir='ltr'><strong>Nam</strong></span> <span class='ocrx_word' id='word_1_575' title='bbox 2489 1578 2554 1639; x_wconf 85' lang='lat' dir='ltr'><strong>si,</strong></span> <span class='ocrx_word' id='word_1_576' title='bbox 2579 1585 2638 1636; x_wconf 88' lang='lat' dir='ltr'><strong>ut</strong></span> <span class='ocrx_word' id='word_1_577' title='bbox 2677 1578 2980 1645; x_wconf 86' lang='lat' dir='ltr'><strong>crederent,</strong></span> <span class='ocrx_word' id='word_1_578' title='bbox 3010 1568 3382 1643; x_wconf 70' lang='lat' dir='ltr'><strong>accessisSent,</strong></span> <span class='ocrx_word' id='word_1_579' title='bbox 3412 1579 3645 1633; x_wconf 86' lang='lat' dir='ltr'><strong>dedisset</strong></span> <span class='ocrx_word' id='word_1_580' title='bbox 3683 1581 3864 1650; x_wconf 85' lang='lat' dir='ltr'><strong>utique</strong></span> <span class='ocrx_word' id='word_1_581' title='bbox 3900 1598 3914 1634; x_wconf 91' lang='lat'><strong>:</strong></span> 
     </span>
    </p>
   </div>
   <div class='ocr_carea' id='block_1_77' title="bbox 2325 1668 3917 1743">
    <p class='ocr_par' dir='ltr' id='par_1_77' title="bbox 2325 1668 3917 1743">
     <span class='ocr_line' id='line_1_77' title="bbox 2325 1668 3917 1743; baseline 0.003 -20"><span class='ocrx_word' id='word_1_582' title='bbox 2325 1668 2414 1737; x_wconf 81' lang='lat' dir='ltr'><strong>qui</strong></span> <span class='ocrx_word' id='word_1_583' title='bbox 2453 1668 2595 1721; x_wconf 89' lang='lat' dir='ltr'><strong>enim</strong></span> <span class='ocrx_word' id='word_1_584' title='bbox 2639 1669 2844 1724; x_wconf 89' lang='lat' dir='ltr'><strong>mulieri</strong></span> <span class='ocrx_word' id='word_1_585' title='bbox 2889 1670 3042 1733; x_wconf 76' lang='lat' dir='ltr'><strong>dixit,</strong></span> <span class='ocrx_word' id='word_1_586' title='bbox 3077 1668 3196 1723; x_wconf 83' lang='lat' dir='ltr'><strong>Non</strong></span> <span class='ocrx_word' id='word_1_587' title='bbox 3222 1679 3296 1724; x_wconf 75' lang='lat' dir='ltr'><strong>est</strong></span> <span class='ocrx_word' id='word_1_588' title='bbox 3343 1671 3526 1724; x_wconf 82' lang='lat' dir='ltr'><strong>bonum</strong></span> <span class='ocrx_word' id='word_1_589' title='bbox 3565 1670 3790 1743; x_wconf 71' lang='lat' dir='ltr'><strong>(Matth.</strong></span> <span class='ocrx_word' id='word_1_590' title='bbox 3821 1671 3917 1727; x_wconf 64' lang='lat'><strong>45.</strong></span> 
     </span>
    </p>
   </div>
   <div class='ocr_carea' id='block_1_78' title="bbox 2325 1756 3911 1832">
    <p class='ocr_par' dir='ltr' id='par_1_78' title="bbox 2325 1756 3911 1832">
     <span class='ocr_line' id='line_1_78' title="bbox 2325 1756 3911 1832; baseline 0.005 -21"><span class='ocrx_word' id='word_1_591' title='bbox 2325 1756 2439 1828; x_wconf 72' lang='lat'><strong>26),</strong></span> <span class='ocrx_word' id='word_1_592' title='bbox 2469 1767 2522 1812; x_wconf 89' lang='lat' dir='ltr'><strong>et</strong></span> <span class='ocrx_word' id='word_1_593' title='bbox 2567 1768 2747 1827; x_wconf 82' lang='lat' dir='ltr'><strong>postea</strong></span> <span class='ocrx_word' id='word_1_594' title='bbox 2790 1761 2999 1831; x_wconf 75' lang='lat' dir='ltr'><strong>signum</strong></span> <span class='ocrx_word' id='word_1_595' title='bbox 3045 1760 3208 1824; x_wconf 88' lang='lat' dir='ltr'><strong>dedit,</strong></span> <span class='ocrx_word' id='word_1_596' title='bbox 3245 1763 3412 1815; x_wconf 79' lang='lat' dir='ltr'><strong>multo</strong></span> <span class='ocrx_word' id='word_1_597' title='bbox 3457 1761 3623 1831; x_wconf 81' lang='lat' dir='ltr'><strong>magis</strong></span> <span class='ocrx_word' id='word_1_598' title='bbox 3654 1761 3737 1818; x_wconf 80' lang='lat' dir='ltr'><strong>bis</strong></span> <span class='ocrx_word' id='word_1_599' title='bbox 3763 1778 3911 1832; x_wconf 74' lang='lat' dir='ltr'><strong>pra:-</strong></span> 
     </span>
    </p>
   </div>
   <div class='ocr_carea' id='block_1_79' title="bbox 2326 1848 3918 1924">
    <p class='ocr_par' dir='ltr' id='par_1_79' title="bbox 2326 1848 3918 1924">
     <span class='ocr_line' id='line_1_79' title="bbox 2326 1848 3918 1924; baseline 0.003 -23"><span class='ocrx_word' id='word_1_600' title='bbox 2326 1848 2546 1903; x_wconf 82' lang='lat' dir='ltr'><strong>buisset.</strong></span> <span class='ocrx_word' id='word_1_601' title='bbox 2571 1848 2768 1904; x_wconf 78' lang='lat' dir='ltr'><strong>Verum</strong></span> <span class='ocrx_word' id='word_1_602' title='bbox 2796 1853 2916 1919; x_wconf 84' lang='lat' dir='ltr'><strong>quia</strong></span> <span class='ocrx_word' id='word_1_603' title='bbox 2941 1866 3045 1905; x_wconf 88' lang='lat' dir='ltr'><strong>non</strong></span> <span class='ocrx_word' id='word_1_604' title='bbox 3073 1851 3383 1922; x_wconf 66' lang='lat' dir='ltr'><strong>quierebant</strong></span> <span class='ocrx_word' id='word_1_605' title='bbox 3409 1861 3466 1907; x_wconf 92' lang='lat' dir='ltr'><strong>ut</strong></span> <span class='ocrx_word' id='word_1_606' title='bbox 3490 1854 3787 1916; x_wconf 76' lang='lat' dir='ltr'><strong>crederent,</strong></span> <span class='ocrx_word' id='word_1_607' title='bbox 3816 1854 3918 1924; x_wconf 69' lang='lat' dir='ltr'><strong>by-</strong></span> 
     </span>
    </p>
   </div>
   <div class='ocr_carea' id='block_1_80' title="bbox 2327 1941 3916 2014">
    <p class='ocr_par' dir='ltr' id='par_1_80' title="bbox 2327 1941 3916 2014">
     <span class='ocr_line' id='line_1_80' title="bbox 2327 1941 3916 2014; baseline 0.005 -22"><span class='ocrx_word' id='word_1_608' title='bbox 2327 1942 2552 2008; x_wconf 87' lang='lat' dir='ltr'><strong>pocritas</strong></span> <span class='ocrx_word' id='word_1_609' title='bbox 2598 1941 2715 1996; x_wconf 85' lang='lat' dir='ltr'><strong>illos</strong></span> <span class='ocrx_word' id='word_1_610' title='bbox 2755 1942 2879 1996; x_wconf 81' lang='lat' dir='ltr'><strong>alibi</strong></span> <span class='ocrx_word' id='word_1_611' title='bbox 2928 1955 3101 2008; x_wconf 86' lang='lat' dir='ltr'><strong>vocat,</strong></span> <span class='ocrx_word' id='word_1_612' title='bbox 3133 1945 3253 2014; x_wconf 87' lang='lat' dir='ltr'><strong>quia</strong></span> <span class='ocrx_word' id='word_1_613' title='bbox 3280 1944 3420 1999; x_wconf 88' lang='lat' dir='ltr'><strong>aliud</strong></span> <span class='ocrx_word' id='word_1_614' title='bbox 3451 1945 3719 2009; x_wconf 79' lang='lat' dir='ltr'><strong>dicebant,</strong></span> <span class='ocrx_word' id='word_1_615' title='bbox 3764 1946 3916 2000; x_wconf 81' lang='lat' dir='ltr'><strong>aliud</strong></span> 
     </span>
    </p>
   </div>
   <div class='ocr_carea' id='block_1_81' title="bbox 2325 2020 3915 2104">
    <p class='ocr_par' dir='ltr' id='par_1_81' title="bbox 2325 2020 3915 2104">
     <span class='ocr_line' id='line_1_81' title="bbox 2325 2020 3915 2104; baseline 0.003 -18"><span class='ocrx_word' id='word_1_616' title='bbox 2325 2033 2645 2087; x_wconf 83' lang='lat' dir='ltr'><strong>sentiebant.</strong></span> <span class='ocrx_word' id='word_1_617' title='bbox 2690 2033 2744 2089; x_wconf 87' lang='lat' dir='ltr'><strong>Si</strong></span> <span class='ocrx_word' id='word_1_618' title='bbox 2773 2035 2915 2090; x_wconf 88' lang='lat' dir='ltr'><strong>enim</strong></span> <span class='ocrx_word' id='word_1_619' title='bbox 2944 2034 3318 2095; x_wconf 80' lang='lat' dir='ltr'><strong>credidissent,</strong></span> <span class='ocrx_word' id='word_1_620' title='bbox 3362 2049 3468 2089; x_wconf 91' lang='lat' dir='ltr'><strong>non</strong></span> <span class='ocrx_word' id='word_1_621' title='bbox 3499 2037 3709 2104; x_wconf 83' lang='lat' dir='ltr'><strong>petituri</strong></span> <span class='ocrx_word' id='word_1_622' title='bbox 3733 2020 3915 2090; x_wconf 69' lang='lat' dir='ltr'><strong>erant.</strong></span> 
     </span>
    </p>
   </div>
   <div class='ocr_carea' id='block_1_82' title="bbox 2323 2123 3914 2194">
    <p class='ocr_par' dir='ltr' id='par_1_82' title="bbox 2323 2123 3914 2194">
     <span class='ocr_line' id='line_1_82' title="bbox 2323 2123 3914 2194; baseline 0.004 -19"><span class='ocrx_word' id='word_1_623' title='bbox 2323 2123 2552 2178; x_wconf 89' lang='lat' dir='ltr'><strong>Aliunde</strong></span> <span class='ocrx_word' id='word_1_624' title='bbox 2580 2125 2738 2178; x_wconf 90' lang='lat' dir='ltr'><strong>etiam</strong></span> <span class='ocrx_word' id='word_1_625' title='bbox 2765 2126 2935 2194; x_wconf 85' lang='lat' dir='ltr'><strong>palam</strong></span> <span class='ocrx_word' id='word_1_626' title='bbox 2959 2135 3037 2180; x_wconf 90' lang='lat' dir='ltr'><strong>est</strong></span> <span class='ocrx_word' id='word_1_627' title='bbox 3071 2128 3211 2194; x_wconf 82' lang='lat' dir='ltr'><strong>ipsos</strong></span> <span class='ocrx_word' id='word_1_628' title='bbox 3239 2144 3342 2180; x_wconf 90' lang='lat' dir='ltr'><strong>non</strong></span> <span class='ocrx_word' id='word_1_629' title='bbox 3376 2128 3686 2182; x_wconf 71' lang='lat' dir='ltr'><strong>credidisse.</strong></span> <span class='ocrx_word' id='word_1_630' title='bbox 3728 2126 3914 2182; x_wconf 81' lang='lat' dir='ltr'><strong>lucre-</strong></span> 
     </span>
    </p>
   </div>
   <div class='ocr_carea' id='block_1_83' title="bbox 2323 2215 3915 2288">
    <p class='ocr_par' dir='ltr' id='par_1_83' title="bbox 2323 2215 3915 2288">
     <span class='ocr_line' id='line_1_83' title="bbox 2323 2215 3915 2288; baseline 0.005 -22"><span class='ocrx_word' id='word_1_631' title='bbox 2323 2215 2427 2283; x_wconf 83' lang='lat' dir='ltr'><strong>pati</strong></span> <span class='ocrx_word' id='word_1_632' title='bbox 2453 2216 2648 2286; x_wconf 90' lang='lat' dir='ltr'><strong>quippe</strong></span> <span class='ocrx_word' id='word_1_633' title='bbox 2674 2225 2727 2270; x_wconf 91' lang='lat' dir='ltr'><strong>et</strong></span> <span class='ocrx_word' id='word_1_634' title='bbox 2749 2218 3025 2282; x_wconf 84' lang='lat' dir='ltr'><strong>confutati,</strong></span> <span class='ocrx_word' id='word_1_635' title='bbox 3056 2234 3159 2270; x_wconf 92' lang='lat' dir='ltr'><strong>non</strong></span> <span class='ocrx_word' id='word_1_636' title='bbox 3189 2229 3517 2281; x_wconf 86' lang='lat' dir='ltr'><strong>manserunt,</strong></span> <span class='ocrx_word' id='word_1_637' title='bbox 3547 2235 3720 2288; x_wconf 87' lang='lat' dir='ltr'><strong>neque</strong></span> <span class='ocrx_word' id='word_1_638' title='bbox 3755 2220 3915 2274; x_wconf 79' lang='lat' dir='ltr'><strong>dixe-</strong></span> 
     </span>
    </p>
   </div>
   <div class='ocr_carea' id='block_1_84' title="bbox 2323 2310 3920 2381">
    <p class='ocr_par' dir='ltr' id='par_1_84' title="bbox 2323 2310 3920 2381">
     <span class='ocr_line' id='line_1_84' title="bbox 2323 2310 3920 2381; baseline 0.003 -19"><span class='ocrx_word' id='word_1_639' title='bbox 2323 2319 2484 2364; x_wconf 90' lang='lat' dir='ltr'><strong>runt:</strong></span> <span class='ocrx_word' id='word_1_640' title='bbox 2526 2311 2834 2380; x_wconf 75' lang='lat' dir='ltr'><strong>Ignoramus</strong></span> <span class='ocrx_word' id='word_1_641' title='bbox 2880 2320 2934 2366; x_wconf 90' lang='lat' dir='ltr'><strong>et</strong></span> <span class='ocrx_word' id='word_1_642' title='bbox 2971 2310 3212 2366; x_wconf 86' lang='lat' dir='ltr'><strong>ediscere</strong></span> <span class='ocrx_word' id='word_1_643' title='bbox 3257 2311 3566 2381; x_wconf 84' lang='lat' dir='ltr'><strong>qua-rimus.</strong></span> <span class='ocrx_word' id='word_1_644' title='bbox 3594 2312 3747 2379; x_wconf 82' lang='lat' dir='ltr'><strong>Quod</strong></span> <span class='ocrx_word' id='word_1_645' title='bbox 3781 2327 3920 2367; x_wconf 85' lang='lat' dir='ltr'><strong>vero</strong></span> 
     </span>
    </p>
   </div>
   <div class='ocr_carea' id='block_1_85' title="bbox 2319 2399 3913 2469">
    <p class='ocr_par' dir='ltr' id='par_1_85' title="bbox 2319 2399 3913 2469">
     <span class='ocr_line' id='line_1_85' title="bbox 2319 2399 3913 2469; baseline 0 -16"><span class='ocrx_word' id='word_1_646' title='bbox 2319 2399 2526 2469; x_wconf 76' lang='lat' dir='ltr'><strong>signum</strong></span> <span class='ocrx_word' id='word_1_647' title='bbox 2553 2399 2621 2454; x_wconf 91' lang='lat' dir='ltr'><strong>de</strong></span> <span class='ocrx_word' id='word_1_648' title='bbox 2647 2401 2777 2454; x_wconf 66' lang='lat' dir='ltr'><strong>caelo</strong></span> <span class='ocrx_word' id='word_1_649' title='bbox 2809 2402 3097 2469; x_wconf 76' lang='lat' dir='ltr'><strong>petebant?</strong></span> <span class='ocrx_word' id='word_1_650' title='bbox 3139 2399 3210 2456; x_wconf 90' lang='lat' dir='ltr'><strong>Ut</strong></span> <span class='ocrx_word' id='word_1_651' title='bbox 3247 2401 3414 2454; x_wconf 86' lang='lat' dir='ltr'><strong>solem</strong></span> <span class='ocrx_word' id='word_1_652' title='bbox 3444 2402 3678 2466; x_wconf 89' lang='lat' dir='ltr'><strong>sisteret,</strong></span> <span class='ocrx_word' id='word_1_653' title='bbox 3712 2403 3789 2455; x_wconf 86' lang='lat' dir='ltr'><strong>vel</strong></span> <span class='ocrx_word' id='word_1_654' title='bbox 3821 2403 3913 2454; x_wconf 88' lang='lat' dir='ltr'><strong>lu-</strong></span> 
     </span>
    </p>
   </div>
   <div class='ocr_carea' id='block_1_86' title="bbox 2321 2491 3914 2558">
    <p class='ocr_par' dir='ltr' id='par_1_86' title="bbox 2321 2491 3914 2558">
     <span class='ocr_line' id='line_1_86' title="bbox 2321 2491 3914 2558; baseline 0.001 -13"><span class='ocrx_word' id='word_1_655' title='bbox 2321 2507 2439 2545; x_wconf 91' lang='lat' dir='ltr'><strong>nam</strong></span> <span class='ocrx_word' id='word_1_656' title='bbox 2474 2491 2725 2555; x_wconf 77' lang='lat' dir='ltr'><strong>frenaret,</strong></span> <span class='ocrx_word' id='word_1_657' title='bbox 2777 2503 2870 2547; x_wconf 87' lang='lat' dir='ltr'><strong>aut</strong></span> <span class='ocrx_word' id='word_1_658' title='bbox 2916 2492 3135 2546; x_wconf 78' lang='lat' dir='ltr'><strong>fulmina</strong></span> <span class='ocrx_word' id='word_1_659' title='bbox 3169 2495 3424 2558; x_wconf 87' lang='lat' dir='ltr'><strong>mitteret,</strong></span> <span class='ocrx_word' id='word_1_660' title='bbox 3452 2503 3538 2547; x_wconf 88' lang='lat' dir='ltr'><strong>aut</strong></span> <span class='ocrx_word' id='word_1_661' title='bbox 3567 2509 3746 2547; x_wconf 85' lang='lat' dir='ltr'><strong>aerem</strong></span> <span class='ocrx_word' id='word_1_662' title='bbox 3785 2509 3914 2547; x_wconf 84' lang='lat' dir='ltr'><strong>mu-</strong></span> 
     </span>
    </p>
   </div>
   <div class='ocr_carea' id='block_1_87' title="bbox 2320 2585 3914 2658">
    <p class='ocr_par' dir='ltr' id='par_1_87' title="bbox 2320 2585 3914 2658">
     <span class='ocr_line' id='line_1_87' title="bbox 2320 2585 3914 2658; baseline 0.001 -21"><span class='ocrx_word' id='word_1_663' title='bbox 2320 2593 2475 2651; x_wconf 79' lang='lat' dir='ltr'><strong>taret,</strong></span> <span class='ocrx_word' id='word_1_664' title='bbox 2523 2597 2612 2640; x_wconf 82' lang='lat' dir='ltr'><strong>aut</strong></span> <span class='ocrx_word' id='word_1_665' title='bbox 2648 2586 2771 2654; x_wconf 90' lang='lat' dir='ltr'><strong>quid</strong></span> <span class='ocrx_word' id='word_1_666' title='bbox 2821 2588 3012 2643; x_wconf 85' lang='lat' dir='ltr'><strong>simile.</strong></span> <span class='ocrx_word' id='word_1_667' title='bbox 3055 2587 3193 2654; x_wconf 84' lang='lat' dir='ltr'><strong>Quid</strong></span> <span class='ocrx_word' id='word_1_668' title='bbox 3238 2589 3394 2657; x_wconf 76' lang='lat' dir='ltr'><strong>igitur</strong></span> <span class='ocrx_word' id='word_1_669' title='bbox 3415 2589 3490 2642; x_wconf 88' lang='lat' dir='ltr'><strong>ait</strong></span> <span class='ocrx_word' id='word_1_670' title='bbox 3519 2588 3670 2654; x_wconf 83' lang='lat' dir='ltr'><strong>ipse?</strong></span> <span class='ocrx_word' id='word_1_671' title='bbox 3700 2585 3914 2658; x_wconf 68' lang='lat' dir='ltr'><strong>Faciem</strong></span> 
     </span>
    </p>
   </div>
   <div class='ocr_carea' id='block_1_88' title="bbox 2316 2678 3915 2750">
    <p class='ocr_par' dir='ltr' id='par_1_88' title="bbox 2316 2678 3915 2750">
     <span class='ocr_line' id='line_1_88' title="bbox 2316 2678 3915 2750; baseline 0.001 -18"><span class='ocrx_word' id='word_1_672' title='bbox 2316 2679 2427 2732; x_wconf 73' lang='lat' dir='ltr'><strong>ccli</strong></span> <span class='ocrx_word' id='word_1_673' title='bbox 2454 2678 2734 2748; x_wconf 83' lang='lat' dir='ltr'><strong>dijudicare</strong></span> <span class='ocrx_word' id='word_1_674' title='bbox 2757 2680 2912 2740; x_wconf 85' lang='lat' dir='ltr'><strong>scitis,</strong></span> <span class='ocrx_word' id='word_1_675' title='bbox 2945 2681 3090 2749; x_wconf 82' lang='lat' dir='ltr'><strong>signa</strong></span> <span class='ocrx_word' id='word_1_676' title='bbox 3115 2696 3228 2734; x_wconf 78' lang='lat' dir='ltr'><strong>vero</strong></span> <span class='ocrx_word' id='word_1_677' title='bbox 3247 2692 3526 2750; x_wconf 82' lang='lat' dir='ltr'><strong>temporum</strong></span> <span class='ocrx_word' id='word_1_678' title='bbox 3550 2695 3650 2734; x_wconf 82' lang='lat' dir='ltr'><strong>non</strong></span> <span class='ocrx_word' id='word_1_679' title='bbox 3673 2679 3915 2747; x_wconf 77' lang='lat' dir='ltr'><strong>potestis?</strong></span> 
     </span>
    </p>
   </div>
   <div class='ocr_carea' id='block_1_89' title="bbox 2319 2769 3914 2827">
    <p class='ocr_par' dir='ltr' id='par_1_89' title="bbox 2319 2769 3914 2827">
     <span class='ocr_line' id='line_1_89' title="bbox 2319 2769 3914 2827; baseline 0.003 -5"><span class='ocrx_word' id='word_1_680' title='bbox 2319 2769 2536 2823; x_wconf 81' lang='lat' dir='ltr'><strong>Vidistis</strong></span> <span class='ocrx_word' id='word_1_681' title='bbox 2567 2773 3028 2826; x_wconf 85' lang='lat' dir='ltr'><strong>mansuetudinem</strong></span> <span class='ocrx_word' id='word_1_682' title='bbox 3055 2782 3108 2826; x_wconf 90' lang='lat' dir='ltr'><strong>et</strong></span> <span class='ocrx_word' id='word_1_683' title='bbox 3137 2772 3594 2826; x_wconf 81' lang='lat' dir='ltr'><strong>moderationem?</strong></span> <span class='ocrx_word' id='word_1_684' title='bbox 3619 2771 3732 2826; x_wconf 83' lang='lat' dir='ltr'><strong>Noa</strong></span> <span class='ocrx_word' id='word_1_685' title='bbox 3761 2773 3914 2827; x_wconf 87' lang='lat' dir='ltr'><strong>enim</strong></span> 
     </span>
    </p>
   </div>
   <div class='ocr_carea' id='block_1_90' title="bbox 2316 2861 3910 2932">
    <p class='ocr_par' dir='ltr' id='par_1_90' title="bbox 2316 2861 3910 2932">
     <span class='ocr_line' id='line_1_90' title="bbox 2316 2861 3910 2932; baseline 0.003 -18"><span class='ocrx_word' id='word_1_686' title='bbox 2316 2871 2371 2915; x_wconf 91' lang='lat' dir='ltr'><strong>ut</strong></span> <span class='ocrx_word' id='word_1_687' title='bbox 2403 2862 2548 2930; x_wconf 88' lang='lat' dir='ltr'><strong>prius</strong></span> <span class='ocrx_word' id='word_1_688' title='bbox 2588 2862 2798 2932; x_wconf 71' lang='lat' dir='ltr'><strong>negavit</strong></span> <span class='ocrx_word' id='word_1_689' title='bbox 2837 2875 2890 2917; x_wconf 91' lang='lat' dir='ltr'><strong>et</strong></span> <span class='ocrx_word' id='word_1_690' title='bbox 2917 2863 3066 2924; x_wconf 70' lang='lat' dir='ltr'><strong>dixit,</strong></span> <span class='ocrx_word' id='word_1_691' title='bbox 3101 2863 3220 2917; x_wconf 85' lang='lat' dir='ltr'><strong>Non</strong></span> <span class='ocrx_word' id='word_1_692' title='bbox 3249 2863 3451 2917; x_wconf 77' lang='lat' dir='ltr'><strong>dabitur</strong></span> <span class='ocrx_word' id='word_1_693' title='bbox 3479 2864 3524 2917; x_wconf 86' lang='lat' dir='ltr'><strong>ei</strong></span> <span class='ocrx_word' id='word_1_694' title='bbox 3551 2867 3570 2928; x_wconf 91' lang='lat'>(</span> <span class='ocrx_word' id='word_1_695' title='bbox 3593 2861 3776 2916; x_wconf 75' lang='lat' dir='ltr'><strong>Matth.</strong></span> <span class='ocrx_word' id='word_1_696' title='bbox 3811 2863 3910 2919; x_wconf 64' lang='lat'><strong>1%.</strong></span> 
     </span>
    </p>
   </div>
   <div class='ocr_carea' id='block_1_91' title="bbox 2316 2950 3911 3024">
    <p class='ocr_par' dir='ltr' id='par_1_91' title="bbox 2316 2950 3911 3024">
     <span class='ocr_line' id='line_1_91' title="bbox 2316 2950 3911 3024; baseline 0.001 -16"><span class='ocrx_word' id='word_1_697' title='bbox 2316 2953 2384 3008; x_wconf 75' lang='lat'><strong>59</strong></span> <span class='ocrx_word' id='word_1_698' title='bbox 2405 2950 2446 3024; x_wconf 92' lang='lat'><strong>),</strong></span> <span class='ocrx_word' id='word_1_699' title='bbox 2477 2952 2570 3007; x_wconf 84' lang='lat' dir='ltr'><strong>sed</strong></span> <span class='ocrx_word' id='word_1_700' title='bbox 2599 2967 2816 3006; x_wconf 83' lang='lat' dir='ltr'><strong>causam</strong></span> <span class='ocrx_word' id='word_1_701' title='bbox 2845 2970 2941 3008; x_wconf 92' lang='lat' dir='ltr'><strong>cur</strong></span> <span class='ocrx_word' id='word_1_702' title='bbox 2981 2970 3084 3009; x_wconf 91' lang='lat' dir='ltr'><strong>non</strong></span> <span class='ocrx_word' id='word_1_703' title='bbox 3126 2953 3217 3010; x_wconf 89' lang='lat' dir='ltr'><strong>det</strong></span> <span class='ocrx_word' id='word_1_704' title='bbox 3257 2953 3432 3024; x_wconf 83' lang='lat' dir='ltr'><strong>all&#39;ert,</strong></span> <span class='ocrx_word' id='word_1_705' title='bbox 3463 2953 3669 3008; x_wconf 81' lang='lat' dir='ltr'><strong>etiamsi</strong></span> <span class='ocrx_word' id='word_1_706' title='bbox 3697 2954 3769 3007; x_wconf 92' lang='lat' dir='ltr'><strong>illi</strong></span> <span class='ocrx_word' id='word_1_707' title='bbox 3796 2971 3911 3009; x_wconf 89' lang='lat' dir='ltr'><strong>non</strong></span> 
     </span>
    </p>
   </div>
   <div class='ocr_carea' id='block_1_92' title="bbox 2316 3047 3915 3122">
    <p class='ocr_par' dir='ltr' id='par_1_92' title="bbox 2316 3047 3915 3122">
     <span class='ocr_line' id='line_1_92' title="bbox 2316 3047 3915 3122; baseline 0.003 -20"><span class='ocrx_word' id='word_1_708' title='bbox 2316 3056 2372 3102; x_wconf 90' lang='lat' dir='ltr'><strong>ut</strong></span> <span class='ocrx_word' id='word_1_709' title='bbox 2394 3047 2662 3104; x_wconf 84' lang='lat' dir='ltr'><strong>discerent</strong></span> <span class='ocrx_word' id='word_1_710' title='bbox 2688 3051 3094 3120; x_wconf 79' lang='lat' dir='ltr'><strong>interrogarent.</strong></span> <span class='ocrx_word' id='word_1_711' title='bbox 3120 3051 3375 3118; x_wconf 64' lang='lat' dir='ltr'><strong>Quaenam</strong></span> <span class='ocrx_word' id='word_1_712' title='bbox 3406 3051 3564 3122; x_wconf 77' lang='lat' dir='ltr'><strong>igitur</strong></span> <span class='ocrx_word' id='word_1_713' title='bbox 3582 3065 3738 3108; x_wconf 83' lang='lat' dir='ltr'><strong>causa</strong></span> <span class='ocrx_word' id='word_1_714' title='bbox 3763 3051 3915 3111; x_wconf 71' lang='lat' dir='ltr'><strong>erat?</strong></span> 
     </span>
    </p>
   </div>
   <div class='ocr_carea' id='block_1_93' title="bbox 2315 3138 3912 3216">
    <p class='ocr_par' dir='ltr' id='par_1_93' title="bbox 2315 3138 3912 3216">
     <span class='ocr_line' id='line_1_93' title="bbox 2315 3138 3912 3216; baseline 0.002 -20"><span class='ocrx_word' id='word_1_715' title='bbox 2315 3138 2382 3196; x_wconf 86' lang='lat' dir='ltr'><strong>Ut</strong></span> <span class='ocrx_word' id='word_1_716' title='bbox 2411 3141 2464 3194; x_wconf 90' lang='lat' dir='ltr'><strong>in</strong></span> <span class='ocrx_word' id='word_1_717' title='bbox 2484 3141 2636 3205; x_wconf 67' lang='lat' dir='ltr'><strong>uelo,</strong></span> <span class='ocrx_word' id='word_1_718' title='bbox 2666 3142 2856 3212; x_wconf 89' lang='lat' dir='ltr'><strong>inquit,</strong></span> <span class='ocrx_word' id='word_1_719' title='bbox 2885 3143 3027 3197; x_wconf 87' lang='lat' dir='ltr'><strong>aliud</strong></span> <span class='ocrx_word' id='word_1_720' title='bbox 3053 3143 3262 3212; x_wconf 76' lang='lat' dir='ltr'><strong>signum</strong></span> <span class='ocrx_word' id='word_1_721' title='bbox 3284 3153 3366 3197; x_wconf 90' lang='lat' dir='ltr'><strong>est</strong></span> <span class='ocrx_word' id='word_1_722' title='bbox 3391 3145 3739 3216; x_wconf 82' lang='lat' dir='ltr'><strong>tempestatis,</strong></span> <span class='ocrx_word' id='word_1_723' title='bbox 3761 3143 3912 3199; x_wconf 83' lang='lat' dir='ltr'><strong>aliud</strong></span> 
     </span>
    </p>
   </div>
   <div class='ocr_carea' id='block_1_94' title="bbox 2313 3217 3909 3305">
    <p class='ocr_par' dir='ltr' id='par_1_94' title="bbox 2313 3217 3909 3305">
     <span class='ocr_line' id='line_1_94' title="bbox 2313 3217 3909 3305; baseline 0.003 -19"><span class='ocrx_word' id='word_1_724' title='bbox 2313 3217 2730 3303; x_wconf 73' lang='lat' dir='ltr'><strong>tranquillitatis,</strong></span> <span class='ocrx_word' id='word_1_725' title='bbox 2781 3250 2880 3290; x_wconf 88' lang='lat' dir='ltr'><strong>nec</strong></span> <span class='ocrx_word' id='word_1_726' title='bbox 2908 3236 3027 3305; x_wconf 87' lang='lat' dir='ltr'><strong>quis</strong></span> <span class='ocrx_word' id='word_1_727' title='bbox 3051 3244 3339 3304; x_wconf 83' lang='lat' dir='ltr'><strong>conSpecto</strong></span> <span class='ocrx_word' id='word_1_728' title='bbox 3371 3237 3699 3303; x_wconf 82' lang='lat' dir='ltr'><strong>tempestatis</strong></span> <span class='ocrx_word' id='word_1_729' title='bbox 3722 3237 3909 3304; x_wconf 76' lang='lat' dir='ltr'><strong>signo,</strong></span> 
     </span>
    </p>
   </div>
   <div class='ocr_carea' id='block_1_95' title="bbox 2315 3326 3912 3398">
    <p class='ocr_par' dir='ltr' id='par_1_95' title="bbox 2315 3326 3912 3398">
     <span class='ocr_line' id='line_1_95' title="bbox 2315 3326 3912 3398; baseline 0.003 -17"><span class='ocrx_word' id='word_1_730' title='bbox 2315 3326 2746 3396; x_wconf 82' lang='lat' dir='ltr'><strong>tranquillitatem</strong></span> <span class='ocrx_word' id='word_1_731' title='bbox 2791 3337 3082 3396; x_wconf 79' lang='lat' dir='ltr'><strong>exspectat,</strong></span> <span class='ocrx_word' id='word_1_732' title='bbox 3117 3343 3288 3398; x_wconf 90' lang='lat' dir='ltr'><strong>neque</strong></span> <span class='ocrx_word' id='word_1_733' title='bbox 3320 3329 3372 3381; x_wconf 90' lang='lat' dir='ltr'><strong>in</strong></span> <span class='ocrx_word' id='word_1_734' title='bbox 3403 3329 3780 3396; x_wconf 83' lang='lat' dir='ltr'><strong>tranquillitate</strong></span> <span class='ocrx_word' id='word_1_735' title='bbox 3809 3342 3912 3385; x_wconf 80' lang='lat' dir='ltr'><strong>se-</strong></span> 
     </span>
    </p>
   </div>
   <div class='ocr_carea' id='block_1_96' title="bbox 2312 3416 3908 3486">
    <p class='ocr_par' dir='ltr' id='par_1_96' title="bbox 2312 3416 3908 3486">
     <span class='ocr_line' id='line_1_96' title="bbox 2312 3416 3908 3486; baseline 0.001 -14"><span class='ocrx_word' id='word_1_736' title='bbox 2312 3425 2436 3472; x_wconf 78' lang='lat' dir='ltr'><strong>rena</strong></span> <span class='ocrx_word' id='word_1_737' title='bbox 2462 3427 2829 3485; x_wconf 76' lang='lat' dir='ltr'><strong>tempesmtem</strong></span> <span class='ocrx_word' id='word_1_738' title='bbox 2864 3435 2876 3469; x_wconf 89' lang='lat'><strong>:</strong></span> <span class='ocrx_word' id='word_1_739' title='bbox 2905 3418 2982 3471; x_wconf 87' lang='lat' dir='ltr'><strong>sic</strong></span> <span class='ocrx_word' id='word_1_740' title='bbox 3007 3416 3074 3471; x_wconf 91' lang='lat' dir='ltr'><strong>de</strong></span> <span class='ocrx_word' id='word_1_741' title='bbox 3115 3431 3201 3471; x_wconf 91' lang='lat' dir='ltr'><strong>me</strong></span> <span class='ocrx_word' id='word_1_742' title='bbox 3230 3433 3440 3486; x_wconf 87' lang='lat' dir='ltr'><strong>quoque</strong></span> <span class='ocrx_word' id='word_1_743' title='bbox 3467 3419 3908 3473; x_wconf 81' lang='lat' dir='ltr'><strong>existimandum.</strong></span> 
     </span>
    </p>
   </div>
   <div class='ocr_carea' id='block_1_97' title="bbox 2310 3508 3908 3587">
    <p class='ocr_par' dir='ltr' id='par_1_97' title="bbox 2310 3508 3908 3587">
     <span class='ocr_line' id='line_1_97' title="bbox 2310 3508 3908 3587; baseline 0.001 -24"><span class='ocrx_word' id='word_1_744' title='bbox 2310 3509 2465 3563; x_wconf 86' lang='lat' dir='ltr'><strong>Aliud</strong></span> <span class='ocrx_word' id='word_1_745' title='bbox 2493 3509 2636 3564; x_wconf 90' lang='lat' dir='ltr'><strong>enim</strong></span> <span class='ocrx_word' id='word_1_746' title='bbox 2681 3517 2764 3562; x_wconf 85' lang='lat' dir='ltr'><strong>cst</strong></span> <span class='ocrx_word' id='word_1_747' title='bbox 2795 3520 3001 3578; x_wconf 89' lang='lat' dir='ltr'><strong>tempus</strong></span> <span class='ocrx_word' id='word_1_748' title='bbox 3033 3508 3190 3577; x_wconf 83' lang='lat' dir='ltr'><strong>hujus</strong></span> <span class='ocrx_word' id='word_1_749' title='bbox 3214 3510 3494 3581; x_wconf 81' lang='lat' dir='ltr'><strong>adventus,</strong></span> <span class='ocrx_word' id='word_1_750' title='bbox 3525 3509 3668 3564; x_wconf 89' lang='lat' dir='ltr'><strong>aliud</strong></span> <span class='ocrx_word' id='word_1_751' title='bbox 3715 3513 3908 3587; x_wconf 78' lang='lat' dir='ltr'><strong>luturi.</strong></span> 
     </span>
    </p>
   </div>
   <div class='ocr_carea' id='block_1_98' title="bbox 2312 3595 3914 3674">
    <p class='ocr_par' dir='ltr' id='par_1_98' title="bbox 2312 3595 3914 3674">
     <span class='ocr_line' id='line_1_98' title="bbox 2312 3595 3914 3674; baseline 0.001 -18"><span class='ocrx_word' id='word_1_752' title='bbox 2312 3603 2463 3657; x_wconf 84' lang='lat' dir='ltr'><strong>Nunc</strong></span> <span class='ocrx_word' id='word_1_753' title='bbox 2488 3617 2624 3672; x_wconf 89' lang='lat' dir='ltr'><strong>opus</strong></span> <span class='ocrx_word' id='word_1_754' title='bbox 2652 3612 2736 3658; x_wconf 89' lang='lat' dir='ltr'><strong>est</strong></span> <span class='ocrx_word' id='word_1_755' title='bbox 2776 3603 2942 3672; x_wconf 76' lang='lat' dir='ltr'><strong>signis</strong></span> <span class='ocrx_word' id='word_1_756' title='bbox 2969 3603 3094 3668; x_wconf 89' lang='lat' dir='ltr'><strong>illis,</strong></span> <span class='ocrx_word' id='word_1_757' title='bbox 3121 3619 3239 3673; x_wconf 67' lang='lat' dir='ltr'><strong>qua:</strong></span> <span class='ocrx_word' id='word_1_758' title='bbox 3269 3603 3320 3656; x_wconf 90' lang='lat' dir='ltr'><strong>in</strong></span> <span class='ocrx_word' id='word_1_759' title='bbox 3355 3614 3494 3657; x_wconf 88' lang='lat' dir='ltr'><strong>terra</strong></span> <span class='ocrx_word' id='word_1_760' title='bbox 3524 3595 3757 3669; x_wconf 76' lang='lat' dir='ltr'><strong>dantur;</strong></span> <span class='ocrx_word' id='word_1_761' title='bbox 3779 3620 3914 3674; x_wconf 51' lang='lat' dir='ltr'><strong>quae</strong></span> 
     </span>
    </p>
   </div>
   <div class='ocr_carea' id='block_1_99' title="bbox 2312 3681 3915 3764">
    <p class='ocr_par' dir='ltr' id='par_1_99' title="bbox 2312 3681 3915 3764">
     <span class='ocr_line' id='line_1_99' title="bbox 2312 3681 3915 3764; baseline 0.001 -12"><span class='ocrx_word' id='word_1_762' title='bbox 2312 3697 2366 3752; x_wconf 83' lang='lat' dir='ltr'><strong>in</strong></span> <span class='ocrx_word' id='word_1_763' title='bbox 2395 3698 2528 3753; x_wconf 66' lang='lat' dir='ltr'><strong>caelo</strong></span> <span class='ocrx_word' id='word_1_764' title='bbox 2553 3705 2754 3761; x_wconf 86' lang='lat' dir='ltr'><strong>autem,</strong></span> <span class='ocrx_word' id='word_1_765' title='bbox 2780 3698 2831 3750; x_wconf 92' lang='lat' dir='ltr'><strong>in</strong></span> <span class='ocrx_word' id='word_1_766' title='bbox 2860 3695 2988 3750; x_wconf 91' lang='lat' dir='ltr'><strong>illud</strong></span> <span class='ocrx_word' id='word_1_767' title='bbox 3034 3704 3244 3764; x_wconf 83' lang='lat' dir='ltr'><strong>tempus</strong></span> <span class='ocrx_word' id='word_1_768' title='bbox 3271 3681 3636 3750; x_wconf 39' lang='lat' dir='ltr'><strong>reseruantur.</strong></span> <span class='ocrx_word' id='word_1_769' title='bbox 3667 3697 3815 3752; x_wconf 81' lang='lat' dir='ltr'><strong>Nunc</strong></span> <span class='ocrx_word' id='word_1_770' title='bbox 3846 3711 3915 3753; x_wconf 82' lang='lat' dir='ltr'><strong>ut</strong></span> 
     </span>
    </p>
   </div>
   <div class='ocr_carea' id='block_1_100' title="bbox 2313 3786 3911 3858">
    <p class='ocr_par' dir='ltr' id='par_1_100' title="bbox 2313 3786 3911 3858">
     <span class='ocr_line' id='line_1_100' title="bbox 2313 3786 3911 3858; baseline 0.001 -17"><span class='ocrx_word' id='word_1_771' title='bbox 2313 3788 2553 3842; x_wconf 88' lang='lat' dir='ltr'><strong>medicus</strong></span> <span class='ocrx_word' id='word_1_772' title='bbox 2573 3787 2712 3853; x_wconf 87' lang='lat' dir='ltr'><strong>veni,</strong></span> <span class='ocrx_word' id='word_1_773' title='bbox 2744 3796 2866 3840; x_wconf 89' lang='lat' dir='ltr'><strong>tunc</strong></span> <span class='ocrx_word' id='word_1_774' title='bbox 2893 3795 2949 3840; x_wconf 91' lang='lat' dir='ltr'><strong>ut</strong></span> <span class='ocrx_word' id='word_1_775' title='bbox 2985 3786 3148 3856; x_wconf 80' lang='lat' dir='ltr'><strong>judex</strong></span> <span class='ocrx_word' id='word_1_776' title='bbox 3174 3786 3372 3850; x_wconf 85' lang='lat' dir='ltr'><strong>adero;</strong></span> <span class='ocrx_word' id='word_1_777' title='bbox 3406 3802 3548 3842; x_wconf 90' lang='lat' dir='ltr'><strong>nunc</strong></span> <span class='ocrx_word' id='word_1_778' title='bbox 3582 3796 3638 3842; x_wconf 90' lang='lat' dir='ltr'><strong>ut</strong></span> <span class='ocrx_word' id='word_1_779' title='bbox 3663 3803 3911 3858; x_wconf 61' lang='lat' dir='ltr'><strong>quau-am</strong></span> 
     </span>
    </p>
   </div>
   <div class='ocr_carea' id='block_1_101' title="bbox 2311 3879 3916 3948">
    <p class='ocr_par' dir='ltr' id='par_1_101' title="bbox 2311 3879 3916 3948">
     <span class='ocr_line' id='line_1_101' title="bbox 2311 3879 3916 3948; baseline 0.001 -15"><span class='ocrx_word' id='word_1_780' title='bbox 2311 3894 2407 3933; x_wconf 89' lang='lat' dir='ltr'><strong>eos</strong></span> <span class='ocrx_word' id='word_1_781' title='bbox 2435 3879 2523 3948; x_wconf 91' lang='lat' dir='ltr'><strong>qui</strong></span> <span class='ocrx_word' id='word_1_782' title='bbox 2561 3887 2898 3942; x_wconf 85' lang='lat' dir='ltr'><strong>erraverunt,</strong></span> <span class='ocrx_word' id='word_1_783' title='bbox 2945 3886 3072 3932; x_wconf 90' lang='lat' dir='ltr'><strong>tunc</strong></span> <span class='ocrx_word' id='word_1_784' title='bbox 3102 3886 3158 3932; x_wconf 92' lang='lat' dir='ltr'><strong>ut</strong></span> <span class='ocrx_word' id='word_1_785' title='bbox 3197 3879 3431 3932; x_wconf 82' lang='lat' dir='ltr'><strong>rationes</strong></span> <span class='ocrx_word' id='word_1_786' title='bbox 3456 3890 3715 3948; x_wconf 78' lang='lat' dir='ltr'><strong>repetam.</strong></span> <span class='ocrx_word' id='word_1_787' title='bbox 3748 3881 3916 3935; x_wconf 73' lang='lat' dir='ltr'><strong>Iden-</strong></span> 
     </span>
    </p>
   </div>
   <div class='ocr_carea' id='block_1_102' title="bbox 2309 3969 3912 4039">
    <p class='ocr_par' dir='ltr' id='par_1_102' title="bbox 2309 3969 3912 4039">
     <span class='ocr_line' id='line_1_102' title="bbox 2309 3969 3912 4039; baseline 0.002 -16"><span class='ocrx_word' id='word_1_788' title='bbox 2309 3971 2604 4039; x_wconf 73' lang='lat' dir='ltr'><strong>quelatens</strong></span> <span class='ocrx_word' id='word_1_789' title='bbox 2633 3969 2785 4031; x_wconf 86' lang='lat' dir='ltr'><strong>veni;</strong></span> <span class='ocrx_word' id='word_1_790' title='bbox 2815 3979 2940 4024; x_wconf 91' lang='lat' dir='ltr'><strong>tunc</strong></span> <span class='ocrx_word' id='word_1_791' title='bbox 2966 3970 3173 4038; x_wconf 86' lang='lat' dir='ltr'><strong>publice</strong></span> <span class='ocrx_word' id='word_1_792' title='bbox 3199 3982 3254 4023; x_wconf 91' lang='lat' dir='ltr'><strong>et</strong></span> <span class='ocrx_word' id='word_1_793' title='bbox 3281 3971 3452 4038; x_wconf 76' lang='lat' dir='ltr'><strong>palam</strong></span> <span class='ocrx_word' id='word_1_794' title='bbox 3493 3973 3653 4026; x_wconf 70' lang='lat' dir='ltr'><strong>caelos</strong></span> <span class='ocrx_word' id='word_1_795' title='bbox 3677 3978 3912 4036; x_wconf 81' lang='lat' dir='ltr'><strong>convol-</strong></span> 
     </span>
    </p>
   </div>
   <div class='ocr_carea' id='block_1_103' title="bbox 2312 4060 3914 4127">
    <p class='ocr_par' dir='ltr' id='par_1_103' title="bbox 2312 4060 3914 4127">
     <span class='ocr_line' id='line_1_103' title="bbox 2312 4060 3914 4127; baseline 0.004 -14"><span class='ocrx_word' id='word_1_796' title='bbox 2312 4077 2451 4127; x_wconf 85' lang='lat' dir='ltr'><strong>vam,</strong></span> <span class='ocrx_word' id='word_1_797' title='bbox 2473 4063 2641 4116; x_wconf 87' lang='lat' dir='ltr'><strong>solem</strong></span> <span class='ocrx_word' id='word_1_798' title='bbox 2671 4060 3013 4124; x_wconf 86' lang='lat' dir='ltr'><strong>abscondam,</strong></span> <span class='ocrx_word' id='word_1_799' title='bbox 3038 4062 3214 4114; x_wconf 88' lang='lat' dir='ltr'><strong>lunam</strong></span> <span class='ocrx_word' id='word_1_800' title='bbox 3239 4076 3344 4114; x_wconf 92' lang='lat' dir='ltr'><strong>non</strong></span> <span class='ocrx_word' id='word_1_801' title='bbox 3371 4061 3541 4115; x_wconf 87' lang='lat' dir='ltr'><strong>sinam</strong></span> <span class='ocrx_word' id='word_1_802' title='bbox 3571 4067 3698 4117; x_wconf 79' lang='lat' dir='ltr'><strong>dare</strong></span> <span class='ocrx_word' id='word_1_803' title='bbox 3725 4065 3914 4120; x_wconf 72' lang='lat' dir='ltr'><strong>lucem</strong></span> 
     </span>
    </p>
   </div>
   <div class='ocr_carea' id='block_1_104' title="bbox 2311 4151 3917 4218">
    <p class='ocr_par' dir='ltr' id='par_1_104' title="bbox 2311 4151 3917 4218">
     <span class='ocr_line' id='line_1_104' title="bbox 2311 4151 3917 4218; baseline 0.003 -12"><span class='ocrx_word' id='word_1_804' title='bbox 2311 4168 2478 4206; x_wconf 84' lang='lat' dir='ltr'><strong>suam.</strong></span> <span class='ocrx_word' id='word_1_805' title='bbox 2509 4152 2660 4206; x_wconf 84' lang='lat' dir='ltr'><strong>Tunc</strong></span> <span class='ocrx_word' id='word_1_806' title='bbox 2679 4155 2900 4205; x_wconf 81' lang='lat' dir='ltr'><strong>virtutes</strong></span> <span class='ocrx_word' id='word_1_807' title='bbox 2927 4151 3178 4218; x_wconf 63' lang='lat' dir='ltr'><strong>caelorum</strong></span> <span class='ocrx_word' id='word_1_808' title='bbox 3216 4153 3585 4215; x_wconf 85' lang='lat' dir='ltr'><strong>movebuntur,</strong></span> <span class='ocrx_word' id='word_1_809' title='bbox 3613 4155 3917 4212; x_wconf 77' lang='lat' dir='ltr'><strong>adventus-</strong></span> 
     </span>
    </p>
   </div>
   <div class='ocr_carea' id='block_1_105' title="bbox 2312 4239 3913 4318">
    <p class='ocr_par' dir='ltr' id='par_1_105' title="bbox 2312 4239 3913 4318">
     <span class='ocr_line' id='line_1_105' title="bbox 2312 4239 3913 4318; baseline 0.003 -22"><span class='ocrx_word' id='word_1_810' title='bbox 2312 4257 2413 4312; x_wconf 91' lang='lat' dir='ltr'><strong>que</strong></span> <span class='ocrx_word' id='word_1_811' title='bbox 2453 4257 2603 4296; x_wconf 86' lang='lat' dir='ltr'><strong>meus</strong></span> <span class='ocrx_word' id='word_1_812' title='bbox 2632 4242 2819 4295; x_wconf 90' lang='lat' dir='ltr'><strong>similis</strong></span> <span class='ocrx_word' id='word_1_813' title='bbox 2849 4242 2949 4295; x_wconf 89' lang='lat' dir='ltr'><strong>erit</strong></span> <span class='ocrx_word' id='word_1_814' title='bbox 2989 4239 3178 4308; x_wconf 70' lang='lat' dir='ltr'><strong>fulguri</strong></span> <span class='ocrx_word' id='word_1_815' title='bbox 3217 4241 3495 4296; x_wconf 84' lang='lat' dir='ltr'><strong>confestim</strong></span> <span class='ocrx_word' id='word_1_816' title='bbox 3525 4244 3769 4298; x_wconf 63' lang='lat' dir='ltr'><strong>omnibus</strong></span> <span class='ocrx_word' id='word_1_817' title='bbox 3802 4264 3913 4318; x_wconf 81' lang='lat' dir='ltr'><strong>ap-</strong></span> 
     </span>
    </p>
   </div>
   <div class='ocr_carea' id='block_1_106' title="bbox 2312 4334 3911 4405">
    <p class='ocr_par' dir='ltr' id='par_1_106' title="bbox 2312 4334 3911 4405">
     <span class='ocr_line' id='line_1_106' title="bbox 2312 4334 3911 4405; baseline 0.004 -16"><span class='ocrx_word' id='word_1_818' title='bbox 2312 4337 2536 4405; x_wconf 85' lang='lat' dir='ltr'><strong>parenti.</strong></span> <span class='ocrx_word' id='word_1_819' title='bbox 2557 4335 2663 4389; x_wconf 84' lang='lat' dir='ltr'><strong>Sed</strong></span> <span class='ocrx_word' id='word_1_820' title='bbox 2683 4350 2786 4390; x_wconf 91' lang='lat' dir='ltr'><strong>non</strong></span> <span class='ocrx_word' id='word_1_821' title='bbox 2805 4345 2883 4389; x_wconf 88' lang='lat' dir='ltr'><strong>est</strong></span> <span class='ocrx_word' id='word_1_822' title='bbox 2904 4334 3013 4403; x_wconf 87' lang='lat' dir='ltr'><strong>jam</strong></span> <span class='ocrx_word' id='word_1_823' title='bbox 3039 4342 3247 4404; x_wconf 87' lang='lat' dir='ltr'><strong>tempus</strong></span> <span class='ocrx_word' id='word_1_824' title='bbox 3273 4334 3571 4403; x_wconf 76' lang='lat' dir='ltr'><strong>huiusmodi</strong></span> <span class='ocrx_word' id='word_1_825' title='bbox 3600 4338 3911 4404; x_wconf 74' lang='lat' dir='ltr'><strong>signorum.</strong></span> 
     </span>
    </p>
   </div>
   <div class='ocr_carea' id='block_1_107' title="bbox 2309 4428 3916 4496">
    <p class='ocr_par' dir='ltr' id='par_1_107' title="bbox 2309 4428 3916 4496">
     <span class='ocr_line' id='line_1_107' title="bbox 2309 4428 3916 4496; baseline -0.007 -11"><span class='ocrx_word' id='word_1_826' title='bbox 2309 4429 2441 4485; x_wconf 88' lang='lat' dir='ltr'><strong>Nam</strong></span> <span class='ocrx_word' id='word_1_827' title='bbox 2471 4431 2587 4484; x_wconf 87' lang='lat' dir='ltr'><strong>veni</strong></span> <span class='ocrx_word' id='word_1_828' title='bbox 2618 4429 2905 4482; x_wconf 83' lang='lat' dir='ltr'><strong>moriturus</strong></span> <span class='ocrx_word' id='word_1_829' title='bbox 2936 4436 2989 4482; x_wconf 89' lang='lat' dir='ltr'><strong>et</strong></span> <span class='ocrx_word' id='word_1_830' title='bbox 3020 4428 3320 4496; x_wconf 85' lang='lat' dir='ltr'><strong>turpissima</strong></span> <span class='ocrx_word' id='word_1_831' title='bbox 3357 4443 3629 4496; x_wconf 65' lang='lat' dir='ltr'><strong>passurus.</strong></span> <span class='ocrx_word' id='word_1_832' title='bbox 3655 4429 3770 4482; x_wconf 79' lang='lat' dir='ltr'><strong>Non</strong></span> <span class='ocrx_word' id='word_1_833' title='bbox 3803 4450 3916 4486; x_wconf 78' lang='lat' dir='ltr'><strong>nu-</strong></span> 
     </span>
    </p>
   </div>
   <div class='ocr_carea' id='block_1_108' title="bbox 2309 4519 3923 4592">
    <p class='ocr_par' dir='ltr' id='par_1_108' title="bbox 2309 4519 3923 4592">
     <span class='ocr_line' id='line_1_108' title="bbox 2309 4519 3923 4592; baseline 0 -15"><span class='ocrx_word' id='word_1_834' title='bbox 2309 4523 2464 4578; x_wconf 85' lang='lat' dir='ltr'><strong>distis</strong></span> <span class='ocrx_word' id='word_1_835' title='bbox 2509 4522 2822 4590; x_wconf 78' lang='lat' dir='ltr'><strong>prophetam</strong></span> <span class='ocrx_word' id='word_1_836' title='bbox 2873 4521 3135 4575; x_wconf 78' lang='lat' dir='ltr'><strong>dicentem</strong></span> <span class='ocrx_word' id='word_1_837' title='bbox 3183 4538 3196 4574; x_wconf 90' lang='lat'><strong>:</strong></span> <span class='ocrx_word' id='word_1_838' title='bbox 3245 4519 3365 4573; x_wconf 81' lang='lat' dir='ltr'><strong>Non</strong></span> <span class='ocrx_word' id='word_1_839' title='bbox 3409 4523 3690 4586; x_wconf 77' lang='lat' dir='ltr'><strong>contendet,</strong></span> <span class='ocrx_word' id='word_1_840' title='bbox 3742 4540 3923 4592; x_wconf 69' lang='lat' dir='ltr'><strong>neque</strong></span> 
     </span>
    </p>
   </div>
   <div class='ocr_carea' id='block_1_109' title="bbox 2309 4609 3922 4686">
    <p class='ocr_par' dir='ltr' id='par_1_109' title="bbox 2309 4609 3922 4686">
     <span class='ocr_line' id='line_1_109' title="bbox 2309 4609 3922 4686; baseline -0.003 -18"><span class='ocrx_word' id='word_1_841' title='bbox 2309 4614 2566 4676; x_wconf 80' lang='lat' dir='ltr'><strong>clamabit,</strong></span> <span class='ocrx_word' id='word_1_842' title='bbox 2594 4628 2753 4680; x_wconf 82' lang='lat' dir='ltr'><strong>neque</strong></span> <span class='ocrx_word' id='word_1_843' title='bbox 2790 4613 3023 4665; x_wconf 80' lang='lat' dir='ltr'><strong>audietur</strong></span> <span class='ocrx_word' id='word_1_844' title='bbox 3052 4611 3175 4681; x_wconf 78' lang='lat' dir='ltr'><strong>foris</strong></span> <span class='ocrx_word' id='word_1_845' title='bbox 3201 4626 3299 4665; x_wconf 76' lang='lat' dir='ltr'><strong>vox</strong></span> <span class='ocrx_word' id='word_1_846' title='bbox 3330 4611 3473 4680; x_wconf 72' lang='lat' dir='ltr'><strong>ejus(</strong></span> <span class='ocrx_word' id='word_1_847' title='bbox 3505 4609 3628 4664; x_wconf 85' lang='lat' dir='ltr'><strong>lsui.</strong></span> <span class='ocrx_word' id='word_1_848' title='bbox 3665 4611 3754 4668; x_wconf 68' lang='grc'><strong>42.</strong></span> <span class='ocrx_word' id='word_1_849' title='bbox 3787 4615 3822 4666; x_wconf 71' lang='grc' dir='ltr'>ἳ</span> <span class='ocrx_word' id='word_1_850' title='bbox 3847 4616 3922 4686; x_wconf 69' lang='grc' dir='ltr'><strong>)’ρ</strong></span> 
     </span>
    </p>
   </div>
   <div class='ocr_carea' id='block_1_110' title="bbox 2310 4701 3921 4773">
    <p class='ocr_par' dir='ltr' id='par_1_110' title="bbox 2310 4701 3921 4773">
     <span class='ocr_line' id='line_1_110' title="bbox 2310 4701 3921 4773; baseline 0.001 -13"><span class='ocrx_word' id='word_1_851' title='bbox 2310 4715 2364 4760; x_wconf 86' lang='lat' dir='ltr'><strong>et</strong></span> <span class='ocrx_word' id='word_1_852' title='bbox 2388 4705 2546 4758; x_wconf 88' lang='lat' dir='ltr'><strong>alium</strong></span> <span class='ocrx_word' id='word_1_853' title='bbox 2572 4717 2755 4758; x_wconf 89' lang='lat' dir='ltr'><strong>rursus</strong></span> <span class='ocrx_word' id='word_1_854' title='bbox 2788 4719 2802 4756; x_wconf 90' lang='lat'><strong>:</strong></span> <span class='ocrx_word' id='word_1_855' title='bbox 2830 4701 3106 4756; x_wconf 85' lang='lat' dir='ltr'><strong>Descendet</strong></span> <span class='ocrx_word' id='word_1_856' title='bbox 3135 4703 3261 4755; x_wconf 86' lang='lat' dir='ltr'><strong>sicut</strong></span> <span class='ocrx_word' id='word_1_857' title='bbox 3290 4701 3461 4769; x_wconf 79' lang='lat' dir='ltr'><strong>pluvia</strong></span> <span class='ocrx_word' id='word_1_858' title='bbox 3480 4702 3707 4760; x_wconf 79' lang='lat' dir='ltr'><strong>invellus</strong></span> <span class='ocrx_word' id='word_1_859' title='bbox 3727 4703 3921 4773; x_wconf 79' lang='lat' dir='ltr'><strong>(Psal.</strong></span> 
     </span>
    </p>
   </div>
   <div class='ocr_carea' id='block_1_111' title="bbox 2310 4797 2512 4864">
    <p class='ocr_par' dir='ltr' id='par_1_111' title="bbox 2310 4797 2512 4864">
     <span class='ocr_line' id='line_1_111' title="bbox 2310 4797 2512 4864; baseline -0.005 -14"><span class='ocrx_word' id='word_1_860' title='bbox 2310 4798 2398 4852; x_wconf 75' lang='grc' dir='ltr'><strong>τι.</strong></span> <span class='ocrx_word' id='word_1_861' title='bbox 2428 4797 2512 4864; x_wconf 83' lang='lat'><strong>6)?</strong></span> 
     </span>
    </p>
   </div>
   <div class='ocr_carea' id='block_1_112' title="bbox 2381 4887 3932 4959">
    <p class='ocr_par' dir='ltr' id='par_1_112' title="bbox 2381 4887 3932 4959">
     <span class='ocr_line' id='line_1_112' title="bbox 2381 4887 3932 4959; baseline 0.001 -13"><span class='ocrx_word' id='word_1_862' title='bbox 2381 4893 2434 4946; x_wconf 76' lang='grc' dir='ltr'><strong>ὃ.</strong></span> <span class='ocrx_word' id='word_1_863' title='bbox 2457 4892 2607 4958; x_wconf 82' lang='lat' dir='ltr'><strong>Quod</strong></span> <span class='ocrx_word' id='word_1_864' title='bbox 2636 4893 2677 4944; x_wconf 89' lang='lat' dir='ltr'><strong>si</strong></span> <span class='ocrx_word' id='word_1_865' title='bbox 2707 4905 2768 4943; x_wconf 81' lang='lat' dir='ltr'><strong>ea</strong></span> <span class='ocrx_word' id='word_1_866' title='bbox 2801 4891 2946 4959; x_wconf 79' lang='lat' dir='ltr'><strong>signa</strong></span> <span class='ocrx_word' id='word_1_867' title='bbox 2976 4889 3152 4943; x_wconf 87' lang='lat' dir='ltr'><strong>dicant</strong></span> <span class='ocrx_word' id='word_1_868' title='bbox 3179 4905 3300 4956; x_wconf 73' lang='lat' dir='ltr'><strong>qua:</strong></span> <span class='ocrx_word' id='word_1_869' title='bbox 3323 4890 3422 4943; x_wconf 71' lang='lat' dir='ltr'><strong>sub</strong></span> <span class='ocrx_word' id='word_1_870' title='bbox 3460 4887 3736 4944; x_wconf 81' lang='lat' dir='ltr'><strong>Pharaone</strong></span> <span class='ocrx_word' id='word_1_871' title='bbox 3766 4891 3932 4948; x_wconf 56' lang='lat' dir='ltr'><strong>facta</strong></span> 
     </span>
    </p>
   </div>
   <div class='ocr_carea' id='block_1_113' title="bbox 2308 4979 3934 5050">
    <p class='ocr_par' dir='ltr' id='par_1_113' title="bbox 2308 4979 3934 5050">
     <span class='ocr_line' id='line_1_113' title="bbox 2308 4979 3934 5050; baseline 0 -14"><span class='ocrx_word' id='word_1_872' title='bbox 2308 4992 2454 5048; x_wconf 86' lang='lat' dir='ltr'><strong>sunt,</strong></span> <span class='ocrx_word' id='word_1_873' title='bbox 2482 4996 2610 5036; x_wconf 88' lang='lat' dir='ltr'><strong>sane</strong></span> <span class='ocrx_word' id='word_1_874' title='bbox 2655 4981 2744 5035; x_wconf 93' lang='lat' dir='ltr'><strong>illo</strong></span> <span class='ocrx_word' id='word_1_875' title='bbox 2792 4993 3028 5050; x_wconf 83' lang='lat' dir='ltr'><strong>tempore</strong></span> <span class='ocrx_word' id='word_1_876' title='bbox 3069 4981 3134 5034; x_wconf 82' lang='lat' dir='ltr'><strong>ab</strong></span> <span class='ocrx_word' id='word_1_877' title='bbox 3161 4979 3311 5036; x_wconf 90' lang='lat' dir='ltr'><strong>hoste</strong></span> <span class='ocrx_word' id='word_1_878' title='bbox 3349 4981 3479 5049; x_wconf 87' lang='lat' dir='ltr'><strong>eripi</strong></span> <span class='ocrx_word' id='word_1_879' title='bbox 3506 4982 3809 5050; x_wconf 87' lang='lat' dir='ltr'><strong>oportebat,</strong></span> <span class='ocrx_word' id='word_1_880' title='bbox 3839 4997 3934 5042; x_wconf 79' lang='lat' dir='ltr'><strong>‘ac</strong></span> 
     </span>
    </p>
   </div>
   <div class='ocr_carea' id='block_1_114' title="bbox 2310 5071 3928 5143">
    <p class='ocr_par' dir='ltr' id='par_1_114' title="bbox 2310 5071 3928 5143">
     <span class='ocr_line' id='line_1_114' title="bbox 2310 5071 3928 5143; baseline 0.002 -17"><span class='ocrx_word' id='word_1_881' title='bbox 2310 5074 2425 5143; x_wconf 83' lang='lat' dir='ltr'><strong>jure</strong></span> <span class='ocrx_word' id='word_1_882' title='bbox 2448 5075 2533 5127; x_wconf 89' lang='lat' dir='ltr'><strong>illa</strong></span> <span class='ocrx_word' id='word_1_883' title='bbox 2565 5073 2760 5126; x_wconf 64' lang='lat' dir='ltr'><strong>ﬁebant</strong></span> <span class='ocrx_word' id='word_1_884' title='bbox 2789 5072 2934 5140; x_wconf 79' lang='lat' dir='ltr'><strong>signa</strong></span> <span class='ocrx_word' id='word_1_885' title='bbox 2970 5089 2982 5124; x_wconf 91' lang='lat'>:</span> <span class='ocrx_word' id='word_1_886' title='bbox 3017 5071 3087 5125; x_wconf 92' lang='lat' dir='ltr'><strong>illi</strong></span> <span class='ocrx_word' id='word_1_887' title='bbox 3116 5081 3314 5134; x_wconf 88' lang='lat' dir='ltr'><strong>autem,</strong></span> <span class='ocrx_word' id='word_1_888' title='bbox 3342 5073 3429 5142; x_wconf 86' lang='lat' dir='ltr'><strong>qui</strong></span> <span class='ocrx_word' id='word_1_889' title='bbox 3461 5073 3524 5125; x_wconf 87' lang='lat' dir='ltr'><strong>ad</strong></span> <span class='ocrx_word' id='word_1_890' title='bbox 3565 5075 3770 5127; x_wconf 88' lang='lat' dir='ltr'><strong>amicos</strong></span> <span class='ocrx_word' id='word_1_891' title='bbox 3800 5078 3928 5130; x_wconf 69' lang='lat' dir='ltr'><strong>ad-</strong></span> 
     </span>
    </p>
   </div>
   <div class='ocr_carea' id='block_1_115' title="bbox 2313 5165 3918 5235">
    <p class='ocr_par' dir='ltr' id='par_1_115' title="bbox 2313 5165 3918 5235">
     <span class='ocr_line' id='line_1_115' title="bbox 2313 5165 3918 5235; baseline 0.004 -16"><span class='ocrx_word' id='word_1_892' title='bbox 2313 5168 2472 5231; x_wconf 88' lang='lat' dir='ltr'><strong>venit,</strong></span> <span class='ocrx_word' id='word_1_893' title='bbox 2509 5182 2612 5221; x_wconf 92' lang='lat' dir='ltr'><strong>non</strong></span> <span class='ocrx_word' id='word_1_894' title='bbox 2643 5182 2777 5235; x_wconf 83' lang='lat' dir='ltr'><strong>Opus</strong></span> <span class='ocrx_word' id='word_1_895' title='bbox 2805 5176 2886 5220; x_wconf 69' lang='lat' dir='ltr'><strong>est</strong></span> <span class='ocrx_word' id='word_1_896' title='bbox 2915 5167 3079 5234; x_wconf 73' lang='lat' dir='ltr'><strong>signis</strong></span> <span class='ocrx_word' id='word_1_897' title='bbox 3107 5165 3228 5220; x_wconf 89' lang='lat' dir='ltr'><strong>illis.</strong></span> <span class='ocrx_word' id='word_1_898' title='bbox 3265 5165 3545 5233; x_wconf 89' lang='lat' dir='ltr'><strong>Quomodo</strong></span> <span class='ocrx_word' id='word_1_899' title='bbox 3581 5176 3757 5223; x_wconf 86' lang='lat' dir='ltr'><strong>autem</strong></span> <span class='ocrx_word' id='word_1_900' title='bbox 3789 5185 3918 5226; x_wconf 83' lang='lat' dir='ltr'><strong>ma-</strong></span> 
     </span>
    </p>
   </div>
   <div class='ocr_carea' id='block_1_116' title="bbox 2311 5258 3937 5331">
    <p class='ocr_par' dir='ltr' id='par_1_116' title="bbox 2311 5258 3937 5331">
     <span class='ocr_line' id='line_1_116' title="bbox 2311 5258 3937 5331; baseline 0.002 -18"><span class='ocrx_word' id='word_1_901' title='bbox 2311 5276 2412 5331; x_wconf 77' lang='lat' dir='ltr'><strong>gna</strong></span> <span class='ocrx_word' id='word_1_902' title='bbox 2431 5261 2517 5313; x_wconf 88' lang='lat' dir='ltr'><strong>illa</strong></span> <span class='ocrx_word' id='word_1_903' title='bbox 2540 5260 2697 5326; x_wconf 78' lang='lat' dir='ltr'><strong>dabo,</strong></span> <span class='ocrx_word' id='word_1_904' title='bbox 2726 5274 2843 5314; x_wconf 90' lang='lat' dir='ltr'><strong>cum</strong></span> <span class='ocrx_word' id='word_1_905' title='bbox 2867 5275 3025 5328; x_wconf 84' lang='lat' dir='ltr'><strong>parva</strong></span> <span class='ocrx_word' id='word_1_906' title='bbox 3046 5273 3148 5312; x_wconf 88' lang='lat' dir='ltr'><strong>non</strong></span> <span class='ocrx_word' id='word_1_907' title='bbox 3171 5258 3493 5312; x_wconf 85' lang='lat' dir='ltr'><strong>credantur?</strong></span> <span class='ocrx_word' id='word_1_908' title='bbox 3515 5262 3679 5313; x_wconf 72' lang='lat' dir='ltr'><strong>Parva</strong></span> <span class='ocrx_word' id='word_1_909' title='bbox 3699 5261 3937 5318; x_wconf 77' lang='lat' dir='ltr'><strong>sciliCet</strong></span> 
     </span>
    </p>
   </div>
   <div class='ocr_carea' id='block_1_117' title="bbox 2311 5351 3934 5424">
    <p class='ocr_par' dir='ltr' id='par_1_117' title="bbox 2311 5351 3934 5424">
     <span class='ocr_line' id='line_1_117' title="bbox 2311 5351 3934 5424; baseline 0.001 -17"><span class='ocrx_word' id='word_1_910' title='bbox 2311 5362 2565 5424; x_wconf 86' lang='lat' dir='ltr'><strong>quantum</strong></span> <span class='ocrx_word' id='word_1_911' title='bbox 2610 5353 2676 5405; x_wconf 86' lang='lat' dir='ltr'><strong>ad</strong></span> <span class='ocrx_word' id='word_1_912' title='bbox 2721 5352 3151 5413; x_wconf 88' lang='lat' dir='ltr'><strong>ostentationem,</strong></span> <span class='ocrx_word' id='word_1_913' title='bbox 3202 5367 3322 5403; x_wconf 76' lang='lat' dir='ltr'><strong>natu</strong></span> <span class='ocrx_word' id='word_1_914' title='bbox 3370 5351 3472 5403; x_wconf 85' lang='lat' dir='ltr'><strong>illis</strong></span> <span class='ocrx_word' id='word_1_915' title='bbox 3510 5351 3703 5404; x_wconf 81' lang='lat' dir='ltr'><strong>virtute</strong></span> <span class='ocrx_word' id='word_1_916' title='bbox 3731 5354 3934 5411; x_wconf 81' lang='lat' dir='ltr'><strong>multo</strong></span> 
     </span>
    </p>
   </div>
   <div class='ocr_carea' id='block_1_118' title="bbox 2314 5441 3940 5512">
    <p class='ocr_par' dir='ltr' id='par_1_118' title="bbox 2314 5441 3940 5512">
     <span class='ocr_line' id='line_1_118' title="bbox 2314 5441 3940 5512; baseline -0.004 -15"><span class='ocrx_word' id='word_1_917' title='bbox 2314 5445 2514 5512; x_wconf 87' lang='lat' dir='ltr'><strong>majora</strong></span> <span class='ocrx_word' id='word_1_918' title='bbox 2561 5453 2702 5496; x_wconf 87' lang='lat' dir='ltr'><strong>sunt.</strong></span> <span class='ocrx_word' id='word_1_919' title='bbox 2750 5441 2884 5509; x_wconf 84' lang='lat' dir='ltr'><strong>Quid</strong></span> <span class='ocrx_word' id='word_1_920' title='bbox 2929 5444 3070 5495; x_wconf 90' lang='lat' dir='ltr'><strong>enim</strong></span> <span class='ocrx_word' id='word_1_921' title='bbox 3122 5456 3216 5508; x_wconf 84' lang='lat' dir='ltr'><strong>par</strong></span> <span class='ocrx_word' id='word_1_922' title='bbox 3264 5442 3419 5493; x_wconf 80' lang='lat' dir='ltr'><strong>fuerit</strong></span> <span class='ocrx_word' id='word_1_923' title='bbox 3449 5450 3786 5510; x_wconf 76' lang='lat' dir='ltr'><strong>peccatorum</strong></span> <span class='ocrx_word' id='word_1_924' title='bbox 3825 5459 3940 5501; x_wconf 63' lang='lat' dir='ltr'><strong>re.</strong></span> 
     </span>
    </p>
   </div>
   <div class='ocr_carea' id='block_1_119' title="bbox 2313 5534 3935 5604">
    <p class='ocr_par' dir='ltr' id='par_1_119' title="bbox 2313 5534 3935 5604">
     <span class='ocr_line' id='line_1_119' title="bbox 2313 5534 3935 5604; baseline -0.001 -13"><span class='ocrx_word' id='word_1_925' title='bbox 2313 5536 2591 5591; x_wconf 89' lang='lat' dir='ltr'><strong>missioni?</strong></span> <span class='ocrx_word' id='word_1_926' title='bbox 2635 5535 2760 5604; x_wconf 90' lang='lat' dir='ltr'><strong>quid</strong></span> <span class='ocrx_word' id='word_1_927' title='bbox 2805 5543 2907 5587; x_wconf 86' lang='lat' dir='ltr'><strong>tam</strong></span> <span class='ocrx_word' id='word_1_928' title='bbox 2958 5534 3197 5587; x_wconf 86' lang='lat' dir='ltr'><strong>mirabile</strong></span> <span class='ocrx_word' id='word_1_929' title='bbox 3246 5534 3400 5587; x_wconf 85' lang='lat' dir='ltr'><strong>fuerit</strong></span> <span class='ocrx_word' id='word_1_930' title='bbox 3448 5548 3605 5602; x_wconf 89' lang='lat' dir='ltr'><strong>quam</strong></span> <span class='ocrx_word' id='word_1_931' title='bbox 3633 5542 3935 5593; x_wconf 80' lang='lat' dir='ltr'><strong>mortuum</strong></span> 
     </span>
    </p>
   </div>
   <div class='ocr_carea' id='block_1_120' title="bbox 2312 5626 3937 5694">
    <p class='ocr_par' dir='ltr' id='par_1_120' title="bbox 2312 5626 3937 5694">
     <span class='ocr_line' id='line_1_120' title="bbox 2312 5626 3937 5694; baseline -0.007 -10"><span class='ocrx_word' id='word_1_932' title='bbox 2312 5631 2601 5691; x_wconf 89' lang='lat' dir='ltr'><strong>suscitare,</strong></span> <span class='ocrx_word' id='word_1_933' title='bbox 2651 5629 2923 5681; x_wconf 71' lang='lat' dir='ltr'><strong>memorias</strong></span> <span class='ocrx_word' id='word_1_934' title='bbox 2971 5626 3204 5694; x_wconf 83' lang='lat' dir='ltr'><strong>pellere,</strong></span> <span class='ocrx_word' id='word_1_935' title='bbox 3251 5640 3446 5694; x_wconf 86' lang='lat' dir='ltr'><strong>corpus</strong></span> <span class='ocrx_word' id='word_1_936' title='bbox 3489 5626 3829 5688; x_wconf 77' lang='lat' dir='ltr'><strong>reformare,</strong></span> <span class='ocrx_word' id='word_1_937' title='bbox 3866 5640 3937 5686; x_wconf 71' lang='grc' dir='ltr'>ει</span> 
     </span>
    </p>
   </div>
   <div class='ocr_carea' id='block_1_121' title="bbox 2314 5718 3927 5778">
    <p class='ocr_par' dir='ltr' id='par_1_121' title="bbox 2314 5718 3927 5778">
     <span class='ocr_line' id='line_1_121' title="bbox 2314 5718 3927 5778; baseline -0.004 -1"><span class='ocrx_word' id='word_1_938' title='bbox 2314 5723 2491 5777; x_wconf 83' lang='lat' dir='ltr'><strong>omnia</strong></span> <span class='ocrx_word' id='word_1_939' title='bbox 2540 5720 2876 5777; x_wconf 78' lang='lat' dir='ltr'><strong>restaurare?</strong></span> <span class='ocrx_word' id='word_1_940' title='bbox 2917 5718 2996 5773; x_wconf 85' lang='lat' dir='ltr'><strong>Tu</strong></span> <span class='ocrx_word' id='word_1_941' title='bbox 3038 5733 3162 5774; x_wconf 86' lang='lat' dir='ltr'><strong>vero</strong></span> <span class='ocrx_word' id='word_1_942' title='bbox 3209 5733 3304 5773; x_wconf 89' lang='lat' dir='ltr'><strong>cor</strong></span> <span class='ocrx_word' id='word_1_943' title='bbox 3347 5732 3532 5772; x_wconf 87' lang='lat' dir='ltr'><strong>eorum</strong></span> <span class='ocrx_word' id='word_1_944' title='bbox 3572 5725 3927 5778; x_wconf 69' lang='lat' dir='ltr'><strong>occuicatum</strong></span> 
     </span>
    </p>
   </div>
  </div>
