4154 6324
174 444 271 500 5‘29

176 556 479 619 considera,
510 552 599 623 qui
629 567 751 605 tum
781 550 1073 609 audissent,
1102 544 1318 613 Signum
1344 557 1447 595 non
1478 540 1678 593 dabitur
1702 538 1773 590 eis

182 652 270 704 nisi
313 652 519 719 signum
552 644 705 698 lana:
735 642 1017 713 prolilietc,
1066 652 1170 690 non
1220 636 1566 702 interrogant.
1615 628 1776 699 Atqui

183 746 457 813 oportebat
504 756 623 800 eos,
668 740 757 809 qui
805 735 1113 807 prophetam
1166 738 1457 792 noverant,
1490 725 1776 793 omniaque

186 850 303 892 tunc
327 849 499 906 gesta,
530 842 584 887 et
610 832 726 884 na‘c
761 831 867 898 jam
903 828 1078 881 denuo
1107 821 1406 883 audiebant,
1441 816 1696 873 sciscitari
1723 822 1777 868 et

184 929 412 992 discere,
455 940 557 977 cur
598 922 699 976 huc
734 921 1001 975 diceretur
1031 938 1044 968 :
1073 913 1188 978 sed,
1235 910 1374 981 quod
1411 909 1542 974 dixi,
1572 922 1677 961 non
1708 921 1774 959 ex

182 1018 419 1074 discendi
448 1012 720 1069 desiderio
747 1013 845 1064 hoc
876 1008 1172 1077 proferunt.
1200 1002 1427 1071 Ideoque
1451 995 1776 1053 relictisillis

183 1110 329 1162 abiit.
354 1108 410 1164 5.
444 1106 512 1159 Et
551 1121 663 1157 cum
700 1102 963 1165 venissent,
1012 1097 1199 1167 inquit,
1228 1091 1461 1166 discipuli
1500 1090 1610 1160 ejus
1637 1099 1776 1151 trans

184 1208 387 1273 fretum,
420 1198 562 1252 obliti
588 1205 703 1249 sunt
733 1209 887 1262 panes
912 1190 1156 1259 accipere.
1186 1188 1238 1240 6.
1269 1184 1417 1239 Jesus
1453 1192 1618 1235 autem
1646 1180 1775 1233 dixit

182 1272 281 1345 illis
308 1307 327 1344 :
367 1289 543 1343 Videte
572 1299 617 1341 ct
646 1294 811 1338 cavete
835 1300 865 1335 η
890 1285 1133 1353 fermento
1161 1276 1539 1330 Pharisteorum
1567 1285 1613 1329 et
1636 1272 1775 1328 Sad-

184 1386 497 1439 duta'orum.
549 1379 657 1433 Cur
698 1392 802 1431 non
844 1374 996 1437 dixit,
1042 1370 1236 1426 Cavete
1264 1384 1293 1422 ιι
1322 1366 1605 1423 doctrina?
1655 1363 1779 1420 Vult

183 1483 325 1529 certe
351 1473 483 1540 ipsis
510 1487 630 1539 qua!
652 1479 797 1539 gesta
820 1464 1028 1519 fuerant
1063 1462 1114 1515 in
1146 1458 1456 1513 memoriam
1492 1470 1774 1522 revocare;

182 1564 387 1620 sciebat
417 1562 560 1616 enim
602 1562 714 1627 jam
741 1571 860 1611 esse
886 1554 1099 1608 oblitos.
1129 1550 1234 1607 Sed
1265 1549 1578 1619 simpliciter
1616 1561 1775 1601 accu-

182 1671 302 1710 sare
346 1668 456 1709 non
506 1650 787 1706 videbatur
817 1656 941 1701 tunc
964 1652 1318 1714 opportunum
1358 1654 1521 1694 esse:
1570 1652 1774 1702 verum,

183 1748 469 1804 occasione
494 1744 563 1798 ab
586 1744 688 1797 illis
716 1749 952 1809 accepta,
995 1738 1270 1805 increpare
1298 1734 1416 1788 illos
1446 1730 1775 1785 tolerabilem

184 1837 443 1893 reddebat
486 1832 900 1890 accusationem.
950 1827 1017 1882 Et
1065 1842 1160 1882 cur
1205 1841 1308 1878 non
1341 1834 1460 1877 tunc
1489 1821 1778 1890 increpavit

186 1945 275 1985 cos
298 1944 423 1983 cum
453 1926 720 1989 dixerunt,
758 1920 905 1977 Unde
932 1919 1073 1973 nobis
1101 1919 1154 1971 in
1183 1916 1454 1971 solitudine
1477 1924 1547 1968 tot
1583 1930 1737 1981 panes
1755 1914 1781 1967 ?

185 2020 319 2076 Nam
353 2030 483 2073 tunc
526 2016 839 2071 videbantur
869 2014 982 2066 lucc
1028 2017 1324 2078 opportune
1362 2007 1462 2063 dici
1496 2022 1672 2076 posse.
1702 2006 1781 2061 Nc

187 2112 459 2165 videretur
484 2108 549 2163 ad
572 2109 781 2177 signum
814 2102 1111 2159 faciendum
1138 2116 1373 2155 currere.
1416 2100 1661 2168 Alioquin
1688 2114 1781 2152 au-

187 2212 290 2257 tem
319 2201 534 2256 nolebat
557 2214 738 2254 coram
762 2197 929 2251 turbis
952 2196 1068 2249 illos
1089 2208 1332 2261 arguere,
1361 2192 1439 2247 vel
1463 2206 1582 2247 sese
1601 2202 1782 2246 osten-

189 2306 320 2347 tare.
373 2292 529 2347 Nunc
574 2304 704 2345 vero
760 2286 1110 2359 opportunior
1160 2284 1448 2345 accusatio,
1501 2286 1620 2351 quia
1665 2294 1784 2353 post

188 2384 382 2454 duplex
413 2381 729 2437 miraculum
763 2380 895 2433 tales
923 2388 1096 2432 erant.
1150 2375 1351 2429 Idcirco
1378 2391 1497 2428 eum
1526 2375 1666 2428 aliud
1702 2374 1780 2428 fe-

187 2477 349 2528 cissvt
406 2473 759 2529 miraculum,
818 2480 941 2523 tunc
997 2469 1267 2537 increpat,
1330 2467 1784 2535 cogitationesque

182 2565 425 2636 ipsorum
462 2565 514 2617 in
546 2563 779 2617 medium
809 2560 1069 2629 producit.
1093 2559 1226 2625 Quid
1252 2574 1412 2629 porro
1440 2558 1783 2628 cogitabant?

191 2658 243 2709 'l.
271 2658 405 2724 Quia
434 2671 594 2725 panes
624 2671 723 2707 non
751 2659 1052 2723 accepinms,
1079 2650 1261 2719 iuqn.t.
1290 2650 1477 2703 Adhuc
1502 2651 1640 2703 enim
1663 2667 1785 2718 pur-

191 2748 495 2818 gationibus
540 2744 774 2799 Judaicis
818 2753 968 2798 erant
1017 2740 1229 2804 addisti,
1281 2755 1378 2794 nec
1406 2755 1510 2793 non
1539 2740 1783 2795 ciborum

190 2836 692 2901 observationibus;
747 2834 969 2903 ideoque
1008 2848 1193 2887 eorum
1238 2832 1473 2885 omnium
1505 2845 1663 2886 causa
1693 2847 1784 2885 ve-

191 2929 496 2984 hementius
524 2927 575 2980 in
601 2926 717 2980 illos
741 2924 1024 2989 invehitur,
1053 2923 1238 2977 dicens
1268 2939 1280 2974 :
1316 2922 1367 2976 8.
1398 2920 1533 2987 Quid
1554 2922 1786 2991 cogitatis

190 3023 243 3074 in
272 3020 406 3074 vobis
429 3020 577 3088 ipsis,
609 3017 819 3070 modica:
847 3016 995 3083 ﬁdei,
1025 3014 1159 3083 quod
1190 3029 1345 3077 panes
1371 3029 1469 3065 non
1511 3014 1738 3083 ceperitis
1761 3013 1786 3065 ?

191 3115 245 3168 9.
287 3113 528 3167 Nondum
554 3109 849 3179 intelligitis,
880 3122 1036 3177 neque
1064 3105 1432 3159 recordamini?
1451 3104 1784 3158 Occmcatum

189 3215 275 3258 est
298 3221 393 3257 cor
413 3211 672 3266 vestrum,
712 3200 893 3253 oculos
938 3198 1193 3250 habentes
1224 3211 1328 3250 non
1374 3194 1585 3260 videtis,
1628 3208 1788 3249 anrcs

194 3297 451 3351 habentes
483 3310 586 3348 non
613 3292 828 3346 auditis.
858 3288 975 3344 Non
1002 3289 1337 3343 recordamini
1361 3289 1579 3359 quinque
1596 3304 1787 3360 panum

191 3391 247 3441 iis
268 3389 487 3458 quinque
510 3384 670 3438 millia
700 3383 975 3443 hominum,
995 3391 1039 3435 ct
1060 3392 1176 3450 quot
1200 3380 1444 3450 cophinus
1462 3380 1748 3447 sumpsistis
1762 3379 1790 3435 .’

193 3478 285 3532 ιο.
311 3494 470 3545 neque
490 3485 679 3544 septem
715 3489 925 3544 panum,
965 3473 1015 3525 in
1047 3482 1262 3540 quatuor
1307 3472 1467 3525 millia
1504 3472 1785 3538 hominum,

191 3582 239 3624 et
263 3581 383 3641 quot
407 3581 605 3640 sportas
629 3568 913 3635 sumpsistis
930 3566 956 3619 ?

264 3660 559 3731 Increpatio
607 3658 981 3712 ntunsuetudini
1020 3658 1287 3727 conjuncta
1318 3657 1479 3711 utilis.
1505 3686 1575 3695 -—
1604 3656 1790 3711 Vidcn’

194 3753 450 3822 grandem
477 3748 930 3819 indignationem?
957 3747 1138 3817 Neque
1164 3762 1384 3817 usquam
1415 3747 1537 3801 alibi
1579 3746 1790 3801 videtur

196 3845 315 3898 iIIOs
345 3845 423 3897 sic
455 3844 777 3910 increpasse.
812 3838 916 3894 Cur
946 3855 1071 3908 ergo
1100 3842 1166 3892 ita
1211 3838 1367 3893 facit?
1399 3838 1465 3893 Ut
1495 3853 1680 3893 rursus
1708 3840 1786 3894 ci-

196 3936 387 3989 borum
418 3933 806 3987 observationis
832 3932 1137 3999 OpiuiOnent
1159 3932 1477 3986 elitninaret.
1502 3932 1626 3987 Iden
1644 3934 1787 3987 enim

196 4035 323 4080 tunc
346 4025 559 4079 diccbat
590 4033 815 4085 lmiIum,
848 4022 971 4077 Sine
998 4023 1251 4076 intellectu
1286 4024 1423 4088 estis,
1455 4038 1556 4075 non
1595 4021 1784 4076 intelli-

193 4119 345 4188 gitis;
382 4118 467 4171 hic
497 4132 623 4170 vero
660 4116 1007 4171 vehementer
1036 4115 1361 4184 increpando
1391 4116 1539 4182 dicit,
1570 4116 1790 4170 Modius

196 4211 333 4266 ﬁdei.
396 4208 515 4263 Non
574 4210 716 4261 enim
775 4209 966 4277 ubique
1016 4209 1475 4264 titansueludinem
1531 4209 1789 4264 adnibere

193 4306 427 4368 oportet.
457 4297 527 4354 Ut
556 4298 698 4352 enim
740 4298 982 4352 ﬁduciam
1015 4299 1144 4367 ipsis
1172 4299 1440 4354 indiderat
1471 4320 1483 4354 :
1514 4302 1591 4355 sic
1620 4311 1675 4355 et
1703 4302 1788 4354 in-

192 4400 399 4458 crepat,
427 4389 533 4443 hac
575 4388 828 4443 varietate
874 4391 1025 4443 saluti
1060 4406 1245 4445 eorum
1279 4392 1627 4460 prospiciens.
1660 4390 1789 4447 Vide

194 4493 374 4534 autem
402 4493 451 4533 et
484 4479 896 4548 increpationem
954 4491 1006 4533 et
1035 4497 1136 4533 una
1166 4483 1624 4537 mansuetudinem
1652 4483 1789 4537 mul-

195 4581 322 4625 tam.
359 4570 491 4624 Nam
523 4584 641 4624 sese
666 4568 776 4634 fere
804 4586 1037 4641 purga..s
1067 4572 1206 4641 quod
1235 4573 1352 4627 illos
1373 4588 1561 4642 aspere
1586 4573 1791 4643 arguis-

194 4673 295 4727 set,
320 4661 400 4715 ait
427 4678 438 4713 :
469 4658 713 4713 Nondum
739 4661 1016 4732 intelligitis
1030 4664 1255 4734 quinque
1297 4679 1452 4733 panes
1478 4664 1533 4717 in
1571 4665 1791 4735 quinque

194 4754 374 4817 millia,
406 4761 451 4805 et
476 4762 596 4818 quot
623 4751 865 4822 cophinos
894 4754 1214 4822 snmpsistis?
1246 4764 1292 4807 et
1313 4766 1502 4821 septem
1546 4773 1701 4825 panes
1736 4757 1789 4810 in

193 4854 412 4913 quatuor
436 4845 617 4909 millia,
654 4854 701 4899 et
741 4856 857 4914 quot
877 4856 1074 4915 sportas
1100 4848 1418 4919 sumpsistis?
1448 4848 1571 4905 Ideo
1596 4864 1787 4907 nume-

193 4951 311 4991 rum
358 4935 519 4991 εισι-ιι
559 4946 664 4991 tam
714 4954 897 4993 eorum
941 4941 1030 5010 qui
1061 4942 1423 5008 comederant,
1472 4958 1628 5012 quam
1662 4946 1788 4999 reii-

192 5030 476 5097 qniarum;
504 5038 562 5082 ut
594 5029 697 5084 illis
722 5032 882 5087 simul
912 5033 965 5086 in
995 5034 1306 5088 memoriam
1334 5046 1613 5091 revocaret
1649 5053 1786 5107 pran-

194 5121 371 5185 terita,
399 5130 450 5174 et
488 5119 560 5174 ad
598 5119 771 5175 futura
816 5123 958 5191 ipsos
995 5126 1309 5180 attentiores
1338 5125 1604 5183 redderet.
1642 5129 1705 5183 Et
1734 5139 1791 5184 ut

192 5208 391 5278 discas,
413 5219 669 5280 quantum
692 5212 861 5280 potuit
882 5213 1193 5283 increpatio,
1213 5226 1375 5286 utque
1394 5219 1787 5274 somnolentum

196 5300 433 5369 ipsorum
464 5311 699 5356 mentem
725 5306 974 5369 erexerit,
997 5306 1117 5361 audi
1140 5308 1264 5377 quid
1285 5309 1787 5380 dicatevangelista.

193 5389 325 5444 Nam
352 5405 473 5445 cum
498 5391 656 5447 Jesus
681 5392 809 5447 nihil
836 5396 1061 5466 amplius
1080 5396 1321 5463 dixisset,
1345 5401 1437 5453 sed
1462 5400 1791 5470 increpasset

196 5481 309 5536 bare
358 5490 565 5537 tantum
616 5483 884 5551 addendo,
928 5487 1015 5541 ΙΙ.
1051 5488 1316 5551 Quomodo
1357 5507 1457 5543 non
1486 5482 1787 5562 intelligitis,

195 5590 272 5628 me
317 5591 417 5626 non
472 5592 504 5627 ιι
556 5592 687 5646 pane
735 5593 908 5631 cavere
949 5580 1138 5634 dixisse
1186 5582 1340 5644 vobis,
1374 5583 1460 5635 sed
1485 5600 1517 5637 α
1546 5586 1788 5654 ferinento

200 5665 578 5721 l’lmn’steorum
626 5678 671 5721 et
715 5668 1156 5726 Sadductzorum?
1200 5674 1380 5728 subdit
1416 5678 1785 5745 evangelista:

199 5756 285 5809 1‘2.
324 5755 463 5810 Tum:
484 5756 862 5825 intellexerunt,
889 5763 1011 5829 quia.
1034 5780 1134 5817 non
1161 5764 1359 5819 dixerat
1384 5768 1656 5821 cavendum
1685 5786 1792 5824 esse

196 5866 227 5903 a
240 5850 495 5917 fermento
522 5852 696 5920 panis,
724 5852 813 5908 sed
849 5870 879 5907 a
906 5854 1133 5909 doctrina
1162 5855 1544 5915 Pliadas-orum
1565 5874 1609 5919 et
1646 5864 1783 5920 Sad-

1214 430 1273 484 IN
1317 423 1723 483 MATTleEUM
1764 420 1990 478 IIOMIL.
2034 419 2164 474 LIII.
2206 421 2273 474 al.
2319 418 2453 474 LIV.

3369 410 3476 466 sm

1888 537 2210 602 ditcteorum;
2237 534 2441 588 etiamsi
2470 533 2557 587 ille
2590 531 2702 584 lnrc
2731 543 2835 583 non
2868 528 3051 582 fuisset
3074 504 3472 596 iit'crptetaaus.

1888 628 2016 682 Vide
2042 635 2237 697 quanta
2271 626 2403 679 bona
2428 624 2668 679 attulerit
2698 620 3008 690 increpatio.
3034 617 3165 673 Nam
3187 633 3215 671 a
3240 616 3478 672 .Iudaieis

1881 718 2343 774 observationibus
2374 716 2493 771 illos
2523 713 2765 777 abduxit,
2812 722 2863 766 et
2904 710 3161 765 socordes
3189 720 3368 771 antea,
3401 706 3477 760 fe—

1882 811 1954 863 cit
1977 809 2311 875 attentiores,
2359 817 2517 875 atque
2563 820 2590 857 a
2635 804 2753 858 lidei
2791 801 3157 857 imbecillitate
3188 800 3473 861 revocavit,

1881 900 1951 954 ita
1983 911 2039 955 ut
2061 915 2165 953 non
2199 901 2436 963 timeant,
2464 913 2636 967 neque
2666 894 2971 959 fortuidcnt,
3019 894 3062 947 si
3101 892 3317 962 quando
3344 907 3476 960 pau-

1881 1009 1973 1049 cos
2005 1008 2167 1063 panes
2208 992 2458 1057 habeant,
2505 1006 2677 1059 neque
2705 989 2774 1043 de
2820 987 2959 1041 tuine
3004 984 3236 1040 cavenda
3263 983 3475 1040 solliciti

1880 1086 2009 1151 sint,
2039 1084 2132 1138 sed
2164 1084 2277 1138 haec
2304 1084 2481 1136 omnia
2506 1089 2871 1136 contemnant.
2905 1078 2982 1133 Ne
3006 1078 3182 1146 itaque
3215 1091 3311 1132 nos
3339 1090 3471 1131 sem-

1884 1190 1977 1245 per
2000 1173 2259 1229 assentari
2304 1172 2530 1227 subditis
2552 1172 2804 1235 velimus,
2839 1184 2936 1224 nec
2963 1178 3215 1237 optemus
3244 1176 3300 1220 ut
3324 1166 3357 1220 ii
3386 1169 3475 1235 qui

1883 1267 2037 1320 nobis
2078 1275 2314 1336 praesunt
2354 1264 2508 1319 nobis
2554 1262 2894 1317 adulentur‘.
2924 1259 3054 1314 Nam
3089 1272 3315 1328 utroque
3345 1256 3480 1327 opus

1883 1358 2042 1413 habet
2090 1373 2240 1414 mens
2273 1358 2510 1413 humana
2554 1354 2810 1411 remedio.
2863 1353 2987 1407 Ideo
3036 1353 3176 1406 Deus
3204 1365 3289 1406 res
3323 1351 3482 1419 hujus

1883 1449 2067 1504 mundi
2107 1450 2184 1504 sic
2226 1448 2590 1510 administrat,
2619 1460 2681 1498 ac
2704 1444 2865 1499 modo
2901 1443 3023 1507 hoc,
3058 1439 3219 1495 modo
3245 1440 3373 1495 illud
3402 1438 3482 1493 fa-

1881 1545 1974 1610 cit,
2023 1558 2194 1613 neque
2241 1541 2379 1597 bona
2435 1538 2729 1602 manentia,
2789 1550 2963 1605 neque
3016 1534 3151 1587 mala
3182 1533 3308 1587 sinit
3337 1545 3479 1586 esse.

1881 1631 2341 1703 Quemadmodum
2368 1630 2509 1686 enim
2533 1627 2694 1684 modo
2714 1626 2852 1694 dies,
2875 1626 3035 1679 modo
3057 1633 3290 1687 nonest,
3320 1621 3481 1676 modo

1882 1737 2063 1793 aistas,
2110 1725 2271 1780 modo
2318 1722 2635 1779 hiemszsic
2683 1729 2737 1774 et
2788 1717 3027 1774 innubis
3058 1714 3218 1771 modo
3243 1713 3479 1774 tristtia,

1883 1820 2045 1874 modo
2089 1817 2374 1886 voluptas;
2435 1812 2594 1867 modo
2647 1812 2887 1875 morbus,
2941 1807 3102 1863 modo
3155 1806 3375 1861 sanitas.
3405 1802 3482 1857 Ne

1883 1926 2011 1981 ergo
2057 1910 2312 1964 miremur
2343 1907 2386 1961 si
2415 1915 2752 1975 argrotemus,
2784 1900 2997 1972 quando
3013 1899 3173 1954 etiam
3196 1913 3317 1951 cum
3346 1897 3482 1949 bene

1886 2005 2126 2059 valemus
2152 1998 2454 2055 mirandum
2481 1999 2620 2053 est'.
2645 1996 2826 2064 Neque
2859 1994 3133 2047 turbemur
3152 2005 3272 2044 cum
3296 1989 3483 2041 dolore

1885 2094 2152 2166 angimur,
2201 2106 2325 2145 nam
2375 2088 2588 2160 quando
2631 2086 2947 2157 gaudemus,
2997 2083 3228 2137 maxime
3278 2078 3483 2134 turbari

1888 2202 1982 2257 par
2005 2194 2105 2241 est.
2133 2183 2322 2238 Omnia
2368 2180 2565 2252 quippe
2608 2176 2903 2232 secundum
2944 2181 3189 2228 naturam
3216 2183 3267 2225 et
3300 2185 3481 2224 rerum

1886 2277 2077 2332 seriem
2105 2273 2378 2329 eveniunt.

1959 2372 2010 2425 4.
2060 2368 2182 2427 Hac
2206 2369 2308 2421 vita
2350 2366 2489 2418 bonis
2515 2373 2560 2416 et
2589 2362 2735 2415 malis
2760 2357 3031 2431 permixta.
3051 2384 3122 2396 —-
3146 2350 3344 2423 Ecquid
3376 2351 3445 2404 tni
3466 2380 3478 2389 -

1890 2462 2025 2518 raris
2055 2462 2097 2516 si
2148 2459 2265 2514 hinc
2308 2457 2400 2511 tibi
2444 2455 2774 2522 contingant,
2826 2447 3041 2519 quando
3091 2446 3250 2501 etiam
3286 2444 3487 2499 Sanctis

1887 2556 2176 2626 contigisse
2202 2551 2304 2607 vid:
2326 2548 2479 2604 mus?
2509 2547 2574 2604 Ut
2603 2554 2778 2599 autem
2806 2541 2934 2597 illud
2956 2540 3184 2601 ediscas,
3212 2553 3308 2607 age
3326 2552 3483 2605 quam

1890 2650 2049 2703 vitam
2078 2656 2234 2716 putas
2262 2642 2529 2710 voluptate
2562 2638 2770 2708 plenam
2795 2645 2847 2690 et
2871 2649 2900 2687 a
2930 2631 3156 2703 negotiis
3183 2636 3483 2690 vacantem,

1891 2742 1942 2794 in
1968 2738 2196 2792 medium
2222 2733 2567 2788 addutatnus.
2603 2727 2765 2783 Visne
2788 2724 3018 2781 Abrahae
3047 2723 3209 2776 vitam
3238 2735 3267 2774 a
3292 2719 3484 2788 princi-

1891 2835 1980 2902 pio
2019 2825 2424 2884 exainincmus?
2467 2822 2604 2890 Quid
2652 2836 2783 2891 ergo
2832 2818 2923 2873 ille
2973 2816 3201 2886 primum
3251 2810 3485 2867 audivit?

1892 2925 2147 2995 Egredere
2176 2921 2237 2974 de
2268 2931 2401 2973 terra
2428 2927 2514 2971 tua
2535 2926 2580 2969 et
2612 2914 2675 2967 de
2700 2912 2995 2985 cognatione
3014 2919 3098 2962 tua
3125 2907 3275 2977 (Gen.
3299 2907 3382 2961 I2.
3413 2905 3484 2976 l).

1890 3016 2136 3073 Vidistin‘
2164 3012 2472 3067 mandatum
2519 3008 2703 3061 dolore
2747 3000 2998 3074 plenum?
3049 2999 3155 3056 Sed
3202 2997 3323 3053 vide
3373 3013 3486 3052 rem

1894 3122 2203 3182 prosperam
2250 3103 2573 3159 succedere:
2606 3098 2670 3152 Et
2717 3097 2829 3154 veni,
2862 3097 2915 3149 in
2944 3104 3128 3149 terram
3159 3107 3310 3160 quam
3341 3106 3487 3144 mon-

1891 3213 2112 3257 stravere
2143 3197 2253 3263 tibi,
2281 3206 2326 3249 et
2356 3195 2544 3265 {nciam
2576 3202 2623 3245 te
2646 3191 2697 3243 in
2723 3199 2920 3260 gentem
2947 3182 3356 3256 magnam.Quid
3390 3182 3487 3252 igi-

1895 3295 2010 3350 tur?
2039 3309 2106 3347 an
2136 3291 2222 3345 ubi
2264 3290 2315 3342 in
2368 3299 2562 3341 terram
2610 3283 2774 3347 venit,
2819 3289 2875 3336 et
2917 3278 2983 3334 ad
3022 3290 3232 3349 portum
3264 3276 3486 3345 appulit,

1894 3387 2063 3444 tristia
2093 3378 2410 3439 cessarunt?
2438 3378 2813 3448 Nequaquam;
2839 3374 2946 3427 imo
2968 3372 3068 3425 alia
3088 3368 3353 3440 prioribus
3370 3383 3488 3437 gra-

1894 3480 2042 3533 viora
2070 3476 2215 3530 illum
2240 3481 2599 3541 exceperunt;
2634 3468 2803 3522 fames
2828 3472 2883 3520 et
2909 3461 3328 3532 transmigratio,
3362 3476 3490 3513 uxo-

1894 3574 1969 3627 ris
1995 3581 2211 3640 raptus:
2240 3577 2294 3623 et
2318 3553 2498 3636 postea
2524 3564 2660 3618 bona
2692 3561 2791 3614 alia
2825 3564 3222 3617 successerunt,
3259 3555 3491 3609 Pharao-

1896 3665 1978 3718 nis
2002 3662 2173 3732 plaga,
2214 3657 2479 3721 dimtssio,
2513 3653 2706 3719 honor,
2759 3650 2925 3704 nmlta
2972 3648 3058 3703 illa
3090 3646 3253 3709 dona,
3290 3644 3493 3698 ri-ditus

1894 3758 2131 3813 domum.
2184 3753 2312 3820 Quae
2357 3755 2650 3819 sequuntur
2691 3734 2874 3799 autem
2915 3740 3103 3796 eadem
3135 3738 3277 3794 serie
3308 3754 3495 3806 prme-

1893 3848 2048 3913 dunt,
2074 3844 2228 3901 bonis
2257 3852 2310 3898 et
2352 3842 2507 3895 malis
2554 3837 2835 3908 permixta.
2878 3830 3151 3902 Apostolis
3181 3845 3392 3898 quoque
3419 3832 3495 3878 si-

1897 3940 2041 3992 tnilia
2068 3942 2383 3991 evenerunt.
2418 3930 2539 3984 Ideo
2569 3927 2763 3981 Paulus
2790 3923 3035 3980 dicebat:
3071 3921 3171 3988 Qui
3204 3920 3495 3973 consolatur

1896 4046 1987 4083 nos
2017 4030 2069 4081 in
2108 4025 2241 4081 onmi
2285 4021 2629 4085 tribulatione,
2672 4027 2724 4071 ut
2757 4016 3007 4087 possimus
3047 4021 3092 4065 et
3123 4028 3212 4065 nos
3243 4009 3495 4064 consolari

1895 4136 1998 4183 eos,
2034 4120 2114 4187 qui
2142 4119 2193 4169 in
2221 4116 2355 4170 omni
2385 4111 2714 4165 tribulatione
2742 4118 2858 4164 sunt
2906 4104 2978 4178 (2.
3013 4103 3132 4159 Cor.
3162 4104 3211 4156 I.
3245 4102 3322 4172 4).
3356 4101 3494 4168 Qu'd

1898 4213 2015 4266 brcc
2036 4208 2100 4264 ad
2132 4222 2238 4274 me,
2265 4206 2492 4274 inquies,
2525 4203 2613 4272 qui
2638 4216 2853 4270 semper
2884 4200 2936 4253 in
2965 4197 3154 4252 dolore
3178 4198 3398 4249 versor?
3418 4193 3496 4247 Ne

1898 4306 2155 4373 ingratus,
2186 4314 2251 4353 ne
2277 4296 2660 4352 bent-liciorum
2686 4295 2969 4345 immernor
2987 4297 3141 4343 esto:
3164 4301 3335 4357 neque
3351 4285 3494 4339 enim
3523 4299 3527 4305 ·

1898 4396 2009 4449 ﬁeri
2039 4398 2218 4463 potest
2245 4401 2303 4445 ut
2327 4388 2451 4460 quis
2480 4400 2694 4455 semper
2721 4384 2772 4438 in
2796 4382 2981 4436 dolore
3002 4389 3281 4434 versetur:
3314 4391 3416 4430 non
3442 4375 3492 4430 id

1898 4499 2086 4541 natura
2109 4484 2248 4538 ferre
2273 4491 2483 4550 pesset;
2509 4476 2600 4532 sed
2624 4476 2745 4545 quia
2769 4487 2982 4541 semper
3003 4470 3054 4525 in
3077 4468 3270 4539 gaudio
3293 4466 3493 4521 versari

1894 4578 2173 4637 vellemus,
2206 4573 2324 4627 ideo
2352 4585 2469 4625 nos-
2496 4582 2708 4636 semper
2738 4566 2789 4619 in
2819 4577 3053 4619 man-ore
3079 4575 3199 4615 esse
3227 4568 3492 4629 putamus.

1896 4670 2081 4741 Neque
2109 4670 2207 4721 bac
2230 4665 2297 4720 de
2327 4679 2489 4719 causa
2518 4669 2740 4721 tantum,
2793 4656 2885 4711 scd
2918 4653 3040 4725 quia
3070 4654 3332 4707 bonarum
3379 4666 3496 4721 pro-

1896 4774 2279 4833 sperarumque
2302 4771 2479 4812 rerum
2498 4754 2676 4808 statim
2706 4750 3091 4813 obliviscimur,
3113 4746 3343 4799 tristium
3366 4757 3496 4798 vero

1895 4869 2110 4923 semper
2138 4849 2499 4909 recordamur,
2523 4844 2719 4899 idcirco
2741 4856 2839 4896 nos
2866 4839 3147 4907 semperin
3174 4836 3360 4892 dolore
3376 4849 3499 4889 esse

1897 4948 2145 5001 dicimus.
2174 4943 2354 5011 Neque
2388 4942 2526 4993 enim
2562 4944 2737 5007 potest
2768 4934 2927 4987 homo
2966 4945 3182 4997 semper
3210 4929 3262 4981 in
3293 4923 3502 4981 dolori-

1900 5042 1999 5096 bus
2026 5054 2165 5094 cssc.
2196 5037 2250 5091 Si
2286 5036 2458 5103 placet
2484 5040 2684 5093 autem,
2709 5043 2830 5082 enni
2857 5025 2945 5096 qui
2975 5025 3026 5078 in
3053 5022 3263 5077 deliciis
3282 5032 3499 5086 semper

1898 5131 2198 5200 vitam-agit
2224 5127 2589 5197 exploremus,
2620 5120 2907 5175 delicatum
2937 5128 3151 5180 nempe,
3187 5112 3494 5166 afﬂuentem

1898 5222 2167 5287 omnibus,
2208 5233 2415 5274 necnon
2445 5228 2826 5273 a-rutnnOsum,
2869 5208 3147 5271 amictum,
3180 5220 3232 5257 tn
3264 5215 3498 5256 mmrore

1900 5324 2229 5375 versantem.
2253 5311 2387 5367 Nam
2411 5304 2899 5363 demonstrabimus
2922 5300 3093 5364 vobis,
3111 5310 3209 5351 nec
3235 5295 3383 5351 illum
3401 5291 3500 5346 do-

1903 5413 2052 5476 loris,
2083 5424 2182 5465 nec
2212 5407 2354 5461 hunc
2376 5400 2774 5472 tranquillitatis
2803 5409 3021 5466 prorsus
3050 5400 3325 5459 expertem
3354 5403 3495 5443 esse.

1903 5504 2101 5560 Verum
2120 5517 2185 5556 ne
2203 5497 2509 5555 turbemini.
2543 5496 2887 5562 Supponatur
2916 5488 2966 5542 in
3001 5485 3178 5540 medio
3204 5482 3500 5537 consistere

1968 5690 1982 5720 ί
2020 5688 2147 5737 Editi
2171 5682 2223 5736 ut
2248 5685 2298 5735 in
2324 5690 2463 5734 textu
2491 5683 2692 5731 habent.
2718 5686 2848 5738 31135.,
2874 5689 2961 5727 nec
3002 5680 3220 5737 aptemus
3244 5677 3293 5719 ut
3318 5668 3499 5719 subditi

1902 5750 2033 5799 nobis
2056 5749 2330 5798 mlulentur.

1967 5796 2121 5866 ἐἈιίῖ,
2143 5796 2237 5861 non
2258 5821 2369 5869 ergo
2416 5806 2696 5869 dolendum,
2738 5817 2779 5853 st
2803 5808 3110 5864 tvgi'otemns,
3135 5796 3331 5863 quando
3356 5797 3498 5847 etiam

1898 5888 2007 5925 cunt
2033 5873 2149 5926 bene
2176 5866 2406 5929 ralenius,
2434 5866 2696 5919 (latendum
2717 5875 2804 5916 est.
