4154 6324
675 472 774 528 531

676 600 889 641 servent
918 574 1207 642 hominem,
1233 585 1285 631 et
1306 574 1462 628 alium
1497 585 1677 641 regem
1704 568 1953 637 juvenem
1981 576 2042 615 ac
2069 558 2242 629 pupil-

672 678 802 742 lum,
830 678 917 748 qui
940 672 1285 729 hereditatem
1303 670 1371 723 sit
1392 668 1657 735 ingentem
1676 667 1990 728 assequutus
2013 664 2243 748 :‘propop

672 780 829 826 natur
844 745 1001 823 etiam
1023 761 1380 820 mercenarius
1406 759 1492 826 qui
1519 764 1629 810 toto
1657 754 1742 807 die
1769 752 1988 806 laboret.
2009 745 2246 812 aliusque

673 861 764 931 qui
795 869 1050 927 perpetuo
1075 856 1127 908 in
1153 852 1358 908 deliciis
1386 850 1544 901 vivat.
1578 845 1668 899 Vis
1697 843 1835 895 illius
1862 838 2086 931 primum
2109 846 2245 887 mte-

674 929 823 1010 rores
847 949 1213 1005 describamus
1239 944 1326 1013 qui
1351 943 1402 996 in
1431 938 1629 994 deliciis
1666 931 1829 986 vivit?
1865 929 2047 997 Cogita
2073 940 2244 996 quan-

675 1055 783 1096 tum
812 1049 1055 1109 oporteat
1081 1038 1224 1092 illum
1259 1035 1513 1090 ﬂuctuare
1532 1038 1583 1084 et
1604 1025 1810 1096 agitari,
1835 1036 1956 1078 cum
1987 1017 2242 1109 majorem

669 1133 873 1204 appetit
899 1133 1139 1202 gloriam,
1173 1143 1327 1198 quam
1349 1123 1555 1192 assequi
1577 1120 1771 1192 possit;
1803 1130 1920 1170 eum
1942 1129 1968 1164 a
1993 1108 2248 1165 domesti-

671 1225 748 1278 eis
777 1223 1086 1294 despicitur,
1115 1235 1141 1271 a
1171 1216 1461 1272 minoribus
1490 1208 1812 1266 contumelia
1843 1204 2100 1265 aflicitur;
2123 1215 2243 1254 cum

673 1314 818 1368 mille
848 1312 1005 1367 habet
1029 1319 1386 1371 accusatores,
1421 1304 1507 1373 qui
1539 1301 1655 1371 ejus
1687 1305 1929 1365 sumptus
1959 1294 2246 1347 immensos

670 1406 1090 1467 calumnientur;
1114 1411 1168 1457 et
1192 1401 1292 1453 alia
1315 1404 1574 1467 quotquot
1614 1395 1664 1447 in
1709 1389 1865 1445 tantis
1891 1385 2090 1441 divitiis
2113 1398 2244 1438 con~

676 1497 879 1566 tingere
904 1497 1096 1557 solent,
1126 1508 1242 1562 qua:
1272 1505 1337 1546 ne
1365 1489 1467 1544 dici
1513 1485 1723 1555 quidem
1749 1487 1998 1554 possunt;
2041 1485 2097 1531 ut
2123 1483 2246 1528 sunt

671 1589 979 1647 inimicitias,
1024 1585 1362 1645 oﬂ'ensiones,
1395 1579 1777 1638 accusationes.
1821 1574 2032 1633 damna,
2065 1567 2246 1621 multa:

671 1680 878 1734 insidiae
907 1678 1224 1741 invidorum,
1255 1675 1341 1744 qui
1373 1688 1493 1728 cum
1518 1687 1618 1725 non
1642 1669 1843 1740 possint
1869 1665 2080 1719 divitias
2103 1659 2244 1715 illius

674 1772 726 1825 in
756 1787 814 1826 se
841 1771 1146 1832 transferre,
1188 1768 1436 1838 juvenem
1483 1763 1713 1832 undique
1754 1758 2053 1818 traducunt,
2107 1754 2246 1807 laee-

672 1871 809 1928 rant,
841 1850 1147 1917 innumeras
1194 1861 1290 1930 ipsi
1338 1867 1681 1926 tempestates
1719 1854 1969 1908 excitant.
2018 1848 2106 1901 Vis
2151 1842 2244 1898 tibi

672 1934 984 2009 mercenarii
1016 1953 1153 2006 illitis
1177 1951 1472 2020 voluptates
1496 1943 1833 2001 recenseam?
1863 1941 1942 1996 Ab
1969 1940 2050 1994 his
2071 1936 2246 1993 omni-

672 2043 769 2098 bus
799 2044 931 2098 liber
958 2051 1071 2098 est:
1095 2041 1298 2094 etiamsi
1341 2040 1459 2108 quis
1499 2036 1644 2090 illum
1675 2032 1992 2089 contumelia
2025 2032 2241 2098 alliciat,

673 2147 778 2186 non
801 2131 967 2198 dolet,
1000 2132 1209 2186 nemine
1239 2145 1297 2184 se
1323 2122 1579 2196 majorem
1624 2133 1788 2194 putat,
1822 2137 1926 2176 non
1959 2139 2020 2175 ex
2048 2123 2245 2177 divitiis

674 2221 844 2286 timet,
863 2237 982 2276 eum
1002 2221 1268 2290 voluptate
1291 2219 1464 2273 cibmn
1489 2216 1646 2283 capit,
1671 2229 1788 2269 cum
1812 2212 2006 2283 gaudio
2025 2211 2241 2267 dormit.

670 2310 784 2366 Non
814 2313 882 2365 ita
911 2311 1156 2366 ltetantur
1176 2309 1338 2378 ii,qui
1361 2306 1614 2361 Thasium
1646 2304 1823 2359 vinum
1855 2311 2054 2369 potant,
2084 2311 2137 2355 ut
2156 2301 2246 2355 ille

667 2416 790 2454 cum
817 2400 928 2455 abit
965 2401 1029 2453 ad
1061 2402 1230 2454 fontes
1255 2408 1308 2452 et
1331 2397 1398 2451 ad
1437 2410 1693 2464 aquarum
1738 2393 1932 2448 ﬂuenta
1965 2391 2243 2447 bibiturus.

668 2493 773 2551 Sed
803 2493 1089 2563 supradicti
1123 2493 1261 2546 illius
1308 2475 1414 2544 non
1448 2489 1565 2542 talis
1603 2496 1684 2541 est
1722 2485 1978 2541 conditio.
2021 2484 2172 2552 Quod
2199 2483 2243 2538 si

668 2582 783 2638 iure
807 2598 912 2638 non
945 2581 1039 2637 tibi
1064 2582 1193 2636 satis
1219 2581 1345 2646 sint,
1378 2588 1435 2633 ut
1471 2577 1725 2647 majorem
1761 2576 2033 2630 victoriam
2059 2589 2245 2644 repor-

670 2685 798 2741 tem,
837 2690 953 2745 age,
996 2688 1170 2745 regem
1204 2673 1348 2727 illum
1394 2687 1514 2726 cum
1561 2685 1716 2725 servo
1755 2683 2149 2738 comparemus;
2192 2677 2247 2723 et

669 2782 812 2837 saepe
841 2765 1047 2820 videbis
1094 2765 1235 2820 hunc
1265 2763 1315 2818 in
1345 2763 1614 2830 voluptate
1658 2762 1948 2825 ludentem,
1980 2760 2235 2816 exsilien-

671 2867 806 2923 tem,
828 2857 973 2910 illum
1005 2870 1129 2910 vero
1153 2853 1453 2909 diademate
1475 2861 1528 2906 et
1557 2866 1786 2921 purpura
1817 2858 2083 2915 ornatum,
2113 2864 2245 2904 tutn-

666 2959 893 3014 rentem,
926 2948 1070 3002 mille
1097 2946 1239 3002 curis
1270 2954 1534 3008 vexatum,
1571 2959 1680 3014 pra:
1721 2950 1862 2998 metu
1904 2943 2240 2996 morientem.

667 3037 845 3109 Neque
869 3039 1008 3092 enim
1030 3046 1221 3108 potest,
1265 3052 1368 3091 non
1395 3044 1570 3106 potest
1608 3032 1750 3090 certe
1780 3036 1886 3088 vita
1917 3034 2031 3088 sine
2058 3034 2244 3090 dolore

668 3128 912 3198 reperiri,
963 3142 1062 3182 nec
1107 3127 1376 3197 voluptate
1419 3140 1637 3196 prorsus
1675 3140 1873 3180 vacua:
1903 3141 2071 3193 neque
2100 3127 2241 3180 enim

666 3228 850 3274 natura
881 3231 1058 3274 nostra
1088 3219 1225 3274 ferre
1253 3229 1451 3289 posset,
1483 3228 1538 3272 ut
1565 3218 1691 3272 dixi.
1720 3218 1869 3286 Quod
1898 3219 1940 3272 si
1972 3219 2058 3273 ille
2078 3221 2243 3290 magis

664 3312 875 3380 gaudet,
906 3311 994 3365 ille
1025 3311 1140 3381 plus
1154 3310 1316 3376 dolet,
1347 3309 1397 3364 id
1422 3310 1490 3363 ab
1518 3304 1606 3364 illd
1637 3311 1750 3380 ipso
1775 3311 1863 3380 qui
1891 3311 1942 3364 in
1966 3309 2148 3365 dolore
2164 3320 2244 3365 est

665 3403 1034 3473 proficiscitur,
1055 3404 1173 3474 quia
1195 3403 1365 3471 pusilli
1388 3410 1468 3458 est
1489 3401 1669 3464 animi,
1691 3415 1793 3456 non
1816 3413 1991 3456 autem
2013 3417 2040 3454 a
2066 3417 2240 3457 rerum

666 3503 871 3547 natura.
902 3492 956 3546 Si
987 3493 1127 3547 enim
1155 3494 1380 3547 velimus
1425 3492 1730 3562 frequenter
1765 3491 2019 3562 gaudere,
2052 3493 2243 3547 multas

665 3582 922 3639 habemus
947 3585 1274 3638 occasiones.
1319 3582 1450 3636 Nam
1497 3583 1541 3636 si
1583 3581 1833 3636 virtutem
1863 3581 2237 3650 suscipiamus,

657 3665 797 3735 nihil
839 3674 1087 3743 deinceps
1135 3677 1327 3745 poterit
1373 3673 1615 3729 dolorem
1659 3673 1853 3730 inferre
1895 3674 2066 3728 nobis.
2121 3673 2244 3730 llarc

663 3765 806 3821 enim
827 3781 976 3834 spem
1005 3766 1191 3819 bonam
1216 3767 1451 3835 suggerit
1475 3766 1537 3819 iis
1553 3765 1640 3834 qui
1672 3765 1811 3819 illam
1841 3776 2112 3828 exercent,
2135 3767 2240 3820 Deo

665 3866 841 3926 gratos
871 3857 1043 3912 reddit
1070 3867 1123 3912 et
1167 3857 1470 3912 hominibus
1498 3868 1768 3928 acceptos,
1814 3857 2238 3925 ineli‘abilemque

664 3948 820 4003 nobis
851 3949 1170 4018 voluptatem
1202 3951 1359 4016 parit:
1388 3949 1518 4002 Nam
1543 3949 1586 4002 si
1613 3948 1872 4004 laboriosa
1907 3949 1957 4002 in
1985 3950 2241 4005 exercitio

665 4039 834 4092 virtus
860 4048 960 4104 est,
1005 4039 1096 4094 sed
1142 4040 1516 4094 conscientiattt
1548 4040 1711 4094 multa
1760 4039 1924 4108 replet
1955 4039 2158 4106 laetitia,
2188 4050 2241 4096 et

664 4138 860 4184 tantam
889 4132 1026 4185 intus
1053 4132 1288 4186 immittit
1312 4132 1654 4200 voluptatem,
1697 4143 1946 4201 quautam
1975 4147 2042 4187 ne
2069 4135 2239 4203 expli-

659 4237 783 4276 care
807 4222 1019 4289 quidem
1050 4237 1348 4295 possumus.
1389 4221 1523 4290 Quid
1561 4224 1703 4276 enim
1730 4223 1937 4276 videtur
1964 4223 2054 4277 tibi
2079 4238 2242 4280 suave

665 4313 718 4368 in
743 4316 1019 4384 pnesentis
1042 4315 1162 4369 vita:
1186 4304 1376 4369 rebus?
1403 4327 1707 4382 sumptuosa
1732 4331 1932 4378 mensa,
1967 4317 2099 4370 bona
2122 4333 2242 4372 cor-

665 4408 812 4476 poris
836 4408 1102 4470 valetudo,
1135 4408 1320 4476 gloria,
1363 4407 1595 4478 divitiae?
1641 4407 1832 4463 Verum
1880 4409 1926 4462 si
1975 4409 2087 4465 inec
2120 4427 2239 4481 qua:

659 4497 834 4551 dulcia
884 4497 1144 4553 habentur
1190 4514 1308 4550 cum
1347 4499 1537 4553 virtute
1567 4498 1976 4566 comparaveris,
2004 4501 2238 4554 omnium

662 4589 1006 4644 acerbissima
1037 4589 1371 4643 videbuntur.
1421 4588 1558 4644 Nihil
1589 4576 1788 4660 quippe
1817 4590 2051 4656 suavius,
2079 4606 2236 4661 quam

657 4680 1003 4742 conscientia,
1037 4689 1089 4733 et
1114 4696 1235 4750 spes
1265 4681 1423 4734 bona.

731 4773 784 4827 5.
828 4770 883 4825 Si
913 4771 963 4834 id
992 4772 1195 4826 discere
1222 4773 1402 4836 vultis,
1431 4774 1537 4841 jam
1587 4774 1899 4829 moriturum
1945 4775 2235 4845 hominem,

661 4873 750 4918 aut
774 4878 953 4920 senem
981 4864 1249 4926 adeamus,
1269 4873 1321 4919 et
1342 4865 1439 4935 ipsi
1467 4866 1518 4919 in
1546 4873 1774 4934 mentem
1795 4879 2101 4924 revocantes
2127 4869 2240 4924 lau-

661 4965 766 5010 tam
798 4971 1033 5011 mensam
1061 4972 1164 5024 qua
1186 4970 1311 5010 usus
1337 4965 1438 5023 est,
1457 4957 1673 5026 gloriam
1703 4967 1755 5011 et
1782 4957 2127 5024 honorem,et
2142 4962 2238 5017 bo-

1411 459 1466 513 S.
1506 451 1779 510 JOANNIS
1813 441 2280 504 CllllYSOSTOMI
2320 440 2634 498 ARClllEP.
2675 441 3210 498 CONSTANTINOP.

3837 433 3938 488 532

2355 571 2420 610 na
2446 571 2606 625 Opera
2634 572 2750 625 qua:
2781 554 2906 610 fecit
2944 556 2998 609 in
3049 555 3183 616 vita;
3239 553 3626 621 interrogemus
3654 550 3722 605 de
3746 548 3940 621 quibus

2349 647 2518 718 magis
2545 645 2789 718 gaudeat,
2819 656 2872 701 et
2899 645 3194 700 videbimus
3221 645 3366 698 illum
3392 644 3458 698 de
3489 645 3592 699 illis
3617 643 3939 698 erubescere

2349 744 2404 791 et
2433 737 2633 806 pudore
2662 736 2822 799 affici,
2855 737 2922 790 de
2954 735 3035 790 his
3064 749 3190 790 vero
3219 736 3508 789 exsultare.
3561 733 3651 789 Sic
3677 731 3939 788 Ezechias

2350 841 2466 880 cum
2494 828 2542 880 in
2572 826 2811 880 morbum
2837 826 3016 896 lap~us
3037 837 3136 889 est,
3165 841 3268 879 non
3291 825 3537 895 gloriam,
3561 839 3664 878 non
3689 839 3934 893 regnum,

2352 934 2455 973 non
2485 919 2680 973 lautam
2729 935 2968 974 mensam
3010 918 3471 982 eimtmemoravit,
3523 918 3616 972 sed
3649 917 3933 987 justitiam.

2351 1007 2624 1072 ﬂauente,
2663 1011 2850 1079 inquit,
2886 1008 3116 1073 Domine,
3163 1009 3294 1077 quod
3322 1007 3681 1061 auibulavcrim
3724 1009 3777 1062 in
3814 1023 3936 1060 con-

2349 1110 2521 1170 spectu
2547 1110 2632 1154 tuo
2653 1101 2704 1153 in
2731 1100 2830 1152 vita
2849 1109 2984 1154 recta
3008 1099 3086 1170 (4.
3117 1100 3243 1169 Reg.
3265 1098 3352 1152 20.
3379 1099 3434 1153 5.
3479 1097 3605 1151 Iani.
3637 1099 3725 1154 '58.
3747 1097 3827 1168 3).
3857 1099 3937 1152 Vi-

2350 1189 2417 1243 de
2444 1191 2603 1244 etiam
2649 1180 2869 1244 Paulum
2917 1190 2984 1244 de
3027 1189 3110 1243 his
3155 1189 3508 1243 exsultantem
3535 1204 3599 1243 ac
3627 1188 3896 1244 dicentem
3925 1207 3938 1243 :

2350 1279 2546 1335 Bonum
2584 1291 2834 1336 certamen
2882 1283 3084 1347 certari,
3127 1298 3328 1335 cursum
3369 1283 3732 1348 consummavi,
3783 1282 3937 1351 fidem

2350 1374 2540 1426 seruaui
2588 1372 2661 1443 ('2.
2708 1371 2839 1429 Tim.
2888 1375 2940 1427 4.
2987 1373 3063 1444 7).
3098 1372 3202 1427 Sed
3242 1372 3366 1441 quid
3396 1373 3536 1427 aliud
3569 1375 3819 1443 amplius,
3852 1373 3934 1427 iu-

2351 1465 2524 1532 quies,
2557 1474 2760 1532 poterat
2791 1465 2875 1518 hic
2904 1463 3118 1520 dicere?
3162 1464 3253 1518 llis
3281 1465 3435 1534 longe
3468 1465 3648 1533 plura;
3680 1465 3934 1532 honores,

2352 1555 2654 1608 satellitium
2681 1570 2787 1624 quo
2818 1555 3109 1620 fruebatur,
3141 1554 3447 1608 famulatum
3495 1569 3766 1625 magnum.
3821 1556 3937 1610 An-

2352 1659 2457 1697 non
2484 1642 2635 1698 audis
2653 1643 2802 1698 illum
2830 1644 3092 1699 dicentem
3115 1661 3129 1697 :
3157 1643 3300 1698 Sicut
3321 1645 3554 1714 angelum
3589 1643 3792 1700 Domini
3817 1662 3939 1700 sus-

2350 1737 2552 1805 cepistis
2575 1753 2670 1800 nte,
2694 1736 2821 1789 sicut
2845 1735 3095 1791 Christum
3118 1734 3329 1800 Iesum;
3351 1747 3425 1801 et,
3453 1734 3514 1790 Si
3538 1737 3774 1806 possibile
3803 1738 3938 1808 [uis-

2352 1841 2443 1896 sct,
2473 1832 2677 1884 avulsas
2707 1829 2875 1883 oculos
2903 1829 3164 1882 dedissetis
3205 1828 3329 1880 mihi
3368 1827 3510 1897 (Gal.
3541 1831 3592 1884 4.
3623 1829 3709 1884 i4.
3740 1830 3854 1900 15),
3885 1839 3940 1883 et

2351 1923 2490 1994 quod
2523 1938 2618 1992 pro
2643 1923 2817 1976 anima
2849 1922 2965 1991 ejus
2989 1921 3183 1975 culium
3215 1923 3593 1989 supposuerint
3623 1920 3809 1992 (Rom.
3847 1924 3936 1977 l6.

2350 2014 2566 2085 4)?Sed
2599 2013 2725 2067 nihil
2755 2013 2943 2066 horum
2973 2015 3022 2065 in
3055 2013 3285 2067 medium
3315 2011 3487 2075 affert,
3519 2027 3701 2066 verum
3727 2014 3940 2068 labores

2357 2117 2596 2171 tantum,
2639 2105 2913 2174 pericula,
2956 2117 3007 2160 et
3055 2118 3282 2158 coronas
3329 2103 3452 2158 inde
3500 2113 3797 2173 reportatus
3827 2121 3844 2157 ε
3877 2119 3941 2160 ac

2346 2201 2468 2268 jure
2493 2197 2730 2269 quidem.
2763 2197 2890 2252 lla'c
2908 2198 3051 2252 enim
3082 2196 3169 2251 hic
3193 2197 3584 2265 relinquuntur,
3615 2206 3806 2252 caetera
3838 2214 3940 2252 no-

2351 2291 2553 2346 hiscum
2573 2289 3006 2359 proﬁciscuntur;
3041 2288 3250 2341 illorum
3269 2303 3396 2341 vero
3415 2287 3648 2342 rationes
3667 2286 3939 2352 dabimus,

2351 2383 2542 2438 horum
2573 2383 2873 2439 mercedem
2903 2393 3235 2452 expetemus.
3269 2384 3350 2436 An
3383 2381 3638 2451 ignoratis
3663 2380 3938 2452 quomodo

2352 2475 2403 2529 in
2430 2475 2620 2528 ultimo
2645 2473 2731 2528 die
2755 2482 2967 2541 peccata
2988 2473 3218 2526 animam
3237 2472 3640 2527 contmoveant?
3663 2470 3939 2542 quomodo

2348 2581 2442 2620 cor
2464 2565 2764 2636 exagitent?
2788 2563 2937 2618 Tunc
2957 2578 3085 2632 ergo
3112 2562 3371 2618 bonorum
3401 2578 3622 2633 operum
3651 2563 3938 2631 memoria,

2351 2657 2497 2725 quasi
2537 2657 2587 2709 in
2623 2664 2936 2722 tempestate
2981 2655 3357 2724 tranquillitas,
3389 2655 3654 2710 turbatam
3699 2656 3938 2710 animam

2351 2747 2674 2801 eonsolatur.
2705 2745 2760 2801 Si
2791 2745 3069 2815 vigilemus
3113 2756 3166 2800 et
3209 2746 3371 2799 sobrii
3421 2747 3610 2809 simus,
3642 2761 3738 2816 per
3765 2754 3938 2800 totam

2349 2838 2507 2890 vitam
2537 2836 2690 2890 nobis
2716 2836 3015 2906 hujusmodi
3048 2838 3210 2891 timor
3249 2837 3598 2907 aderitzquia
3644 2853 3773 2893 vero
3814 2839 3941 2894 sine

2349 2927 2455 2980 utin
2484 2942 2641 2980 sensu
2672 2928 2914 2989 vivimus,
2938 2942 3056 2983 cum
3079 2927 3199 2980 hinc
3226 2929 3382 2996 ejecti
3414 2928 3691 2994 fuerimus,
3743 2927 3941 2997 procul

2347 3017 2508 3072 dubio
2536 3019 2772 3073 accedet.
2796 3017 2925 3073 Nam
2956 3019 3163 3071 vinctus
3194 3027 3302 3071 tum
3339 3019 3570 3073 maxime
3610 3017 3776 3082 dolet,
3805 3033 3936 3071 cum

2349 3110 2579 3166 educunt
2605 3127 2725 3164 eum
2753 3109 2817 3164 ad
2845 3109 3102 3176 judicium
3127 3126 3139 3160 :
3166 3118 3291 3162 tunc
3319 3109 3549 3163 maxime
3567 3110 3777 3171 tremit,
3803 3124 3933 3163 cum

2348 3215 2513 3270 prope
2559 3201 2786 3255 tribunal
2815 3203 2956 3266 e-t‘,
2997 3199 3208 3271 quando
3251 3200 3484 3256 rationes
3521 3202 3652 3256 dare
3693 3211 3933 3272 oportet.

2349 3294 2552 3349 lili-irco
2581 3295 2845 3350 terribiles
2877 3295 3106 3349 visiones
3133 3304 3352 3349 narrant
3377 3294 3528 3349 multi
3571 3294 3673 3351 hoc
3704 3296 3754 3350 in
3783 3305 3934 3350 statu

2345 3388 2569 3454 oblatas,
2599 3403 2818 3455 quarum
2842 3389 3076 3455 speciem
3099 3402 3202 3442 neu
3225 3369 3516 3443 ferentes'ii
3534 3389 3622 3458 qui
3641 3387 3934 3456 decedunt,

2346 3481 2540 3535 lectum
2568 3484 2737 3548 ipsmu
2764 3496 2884 3534 cum
2913 3495 3104 3550 magno
3127 3481 3322 3550 impetu
3344 3482 3646 3536 succutiunt
3664 3481 3933 3551 jacentcs,

2345 3582 2399 3626 et
2419 3587 2510 3626 eos
2538 3574 2624 3640 qui
2652 3571 2843 3625 adsunt
2869 3572 3033 3626 torvis
3055 3572 3338 3639 inspiciunt
3362 3572 3554 3639 oculis,
3577 3574 3752 3628 anima
3783 3573 3937 3628 intus

2346 3678 2466 3718 sese
2492 3664 2813 3730 exagitante,
2839 3670 2894 3716 et
2918 3677 2945 3712 a
2974 3674 3202 3729 corpore
3226 3663 3376 3717 avelli
3406 3674 3686 3729 renuente,
3715 3680 3813 3719 nec
3835 3665 3938 3720 ad-

2348 3756 2670 3810 ventantium
2702 3754 3009 3823 angelorum
3059 3762 3402 3823 conspectum
3456 3753 3678 3809 ferente.
3723 3753 3856 3809 Nam
3886 3756 3935 3810 si

2344 3859 2463 3900 cum
2481 3843 2727 3898 homines
2745 3843 3008 3897 terribiles
3024 3843 3398 3911 conspicimus,
3421 3843 3788 3908 formidamus,
3806 3859 3936 3899 eum

2345 3938 2564 4006 angelos
2585 3936 2994 3998 comminantes,
3018 3945 3072 3989 et
3089 3936 3307 3988 virtutes
3326 3935 3585 3989 immanes
3606 3934 3932 4001 videbimus,

2345 4029 2468 4100 quid
2499 4044 2603 4083 non
2629 4030 2910 4098 patiemur,
2938 4028 3111 4081 anima
3144 4042 3172 4079 a
3203 4041 3426 4096 corpore
3443 4026 3731 4091 abstracta,
3762 4037 3818 4082 et
3845 4029 3938 4082 in-

2345 4135 2552 4176 cassum
2582 4120 2912 4188 multumque
2933 4119 3184 4187 lugente?
3211 4118 3339 4172 Nam
3371 4119 3520 4174 dives
3541 4121 3630 4175 ille
3649 4131 3935 4191 postquam

2346 4212 2666 4276 decesserat,
2699 4209 2923 4264 multum
2965 4209 3114 4272 luxit,
3148 4207 3241 4262 Sed
3286 4209 3334 4262 id
3383 4209 3511 4263 nihil
3557 4209 3654 4278 ipsi
3710 4210 3934 4278 profuit.
3979 4196 3981 4199 1

2349 4303 2474 4358 Hme
2505 4303 2663 4372 igitur
2690 4301 2867 4355 omnia
2898 4300 2949 4353 in
2980 4292 3135 4353 nobis
3158 4299 3504 4368 dcpingentes
3531 4310 3585 4354 et
3609 4301 3788 4356 animo
3813 4319 3939 4358 ver-

2345 4403 2545 4457 santes,
2574 4408 2639 4446 ne
2664 4392 2848 4446 eadem
2871 4400 2925 4444 et
2954 4405 3050 4444 nos
3077 4392 3356 4461 patiamur,
3382 4392 3570 4448 horum
3601 4395 3839 4449 omnium
3865 4397 3939 4450 ti-

2345 4499 2548 4538 morem
2584 4497 2877 4540 servemus.
2911 4492 2966 4535 ut
2995 4492 3049 4536 et
3074 4483 3386 4560 supplicium
3411 4483 3537 4540 illud
3563 4484 3842 4556 fugiamus,
3878 4497 3940 4545 et

2345 4587 2546 4631 mterna
2569 4587 2961 4640 consequamur
2992 4573 3150 4637 bona,
3173 4575 3338 4641 gratia
3380 4585 3432 4627 ιιι
3462 4575 3788 4646 benignitate
3821 4579 3938 4633 Do-

2346 4668 2474 4722 mini
2502 4666 2665 4719 nostri
2693 4663 2819 4718 Jesu
2848 4663 3063 4724 Christi,
3090 4664 3299 4732 quicum
3328 4665 3464 4719 Patri
3483 4666 3652 4736 gloria
3668 4682 3788 4722 cum
3807 4683 3942 4725 san-

2345 4767 2432 4815 cto
2460 4769 2514 4814 et
2540 4756 2752 4812 vivifico
2778 4757 2998 4825 Spiritu,
3042 4773 3182 4810 nunc
3218 4767 3272 4811 et
3318 4773 3548 4828 semper.
3577 4770 3630 4815 et
3656 4761 3708 4816 in
3735 4764 3941 4819 saecula

2345 4852 2678 4907 seculorum.
2709 4852 2897 4904 Amen.

2409 4967 2426 4997 ι
2465 4971 2607 5024 Unus,
2627 4974 2738 5012 cum
2753 4973 2901 5025 prope
2925 4967 2993 5011 est
3002 4960 3265 5023 judicium.

3264 5081 3943 5105 __________

1857 5145 2197 5207 HOMlLIA
2239 5145 2403 5208 LIV.
2437 5143 2522 5205 al.
2569 5140 2697 5201 LV.

2346 5285 2599 5339 sentiunt.
2631 5280 2738 5337 Cur
2765 5289 2940 5336 autem
2970 5298 3074 5336 non
3104 5284 3279 5337 statim
3309 5283 3374 5337 de
3405 5299 3521 5351 sua,
3564 5285 3658 5340 sed
3689 5285 3757 5341 de
3792 5287 3941 5340 mul-

2351 5387 2523 5431 torum
2551 5375 2813 5429 sententia
2848 5375 2992 5442 ipsos
3019 5375 3399 5445 interrogavit?
3423 5376 3488 5432 Ut
3517 5378 3769 5446 opinione
3797 5363 3947 5430 alio.

2349 5481 2466 5522 rum
2497 5465 2757 5536 exposita,
2785 5464 3082 5534 deiudoque
3107 5467 3434 5532 intermuati,
3479 5465 3519 5521 i’
3521 5485 3574 5522 os
3601 5478 3763 5523 autem
3789 5462 3988 5538 quetn'

2350 5574 2428 5611 me
2469 5573 2576 5611 esse
2605 5556 2810 5609 dicitis?
2846 5557 2913 5609 ab
2955 5555 3070 5626 ipso
3099 5557 3461 5628 interrogandi
3494 5559 3656 5614 modo
3686 5561 3736 5612 in
3766 5558 3947 5614 subli-

2352 5650 2576 5705 miorem
2604 5647 2959 5702 aveherentur
2995 5651 3393 5717 cogitationem,
3444 5666 3622 5718 neque
3669 5650 3720 5705 in
3774 5649 3946 5706 vilem

2353 5741 2640 5796 multorum
2670 5739 2958 5809 cogitatum
2985 5740 3311 5795 deriderent.
3341 5739 3570 5811 Ideoque
3592 5757 3693 5794 non
3718 5741 3769 5794 in
3791 5741 3948 5810 prin-

2352 5833 2494 5906 cipio
2525 5830 2915 5902 prrcdicationis
2944 5845 3038 5886 eos
3070 5831 3382 5904 interrogat,
3427 5833 3519 5886 sed
3547 5833 3755 5903 quando
3774 5832 3938 5905 signa

660 5281 788 5336 CAP.
843 5283 926 5338 l6.
978 5298 1031 5335 v.
1069 5284 1149 5339 l3.
1190 5281 1434 5352 Egressus
1478 5280 1630 5337 Iesus
1677 5283 1730 5334 in
1779 5295 1946 5352 partes
1992 5282 2238 5340 Cazsams

742 5373 990 5442 Philippi,
1021 5373 1358 5442 interrogabat
1386 5374 1658 5442 discipulos
1682 5391 1816 5438 suos,
1841 5376 2013 5430 dicens
2034 5392 2053 5430 :
2081 5376 2240 5442 Quem

738 5481 816 5518 me
846 5465 1018 5517 dicunt
1047 5465 1269 5518 hancine:
1293 5481 1399 5518 esse
1420 5462 1612 5517 Filium
1642 5465 1893 5520 hominis?

741 5560 760 5608 t
831 5555 938 5608 Cur
953 5570 1072 5609 eum
1103 5556 1232 5609 urbe
1262 5555 1591 5610 cenditorem
1610 5556 1725 5622 ejus
1753 5557 2082 5612 nominavit?
2111 5556 2242 5625 Quia

669 5657 749 5702 est
779 5657 834 5700 et
857 5647 978 5711 alia,
1022 5647 1444 5716 qum‘Stratonis
1475 5647 1687 5701 dicitur.
1732 5645 1844 5701 Non
1877 5649 1926 5703 in
1969 5648 2070 5702 hac
2092 5664 2241 5712 vero,

669 5737 760 5792 sed
790 5738 838 5788 iu
862 5736 946 5791 illa
971 5737 1261 5807 interrogat
1284 5738 1446 5806 ipsos.
1477 5738 1710 5806 procula
1735 5737 1930 5792 Judaeia
1954 5739 2242 5806 abducens,

671 5836 722 5882 ut
750 5828 816 5880 ab
844 5829 986 5883 oinni
1017 5829 1371 5885 sollicitudine
1401 5829 1550 5885 liberi
1574 5845 1694 5886 eum
1720 5829 1907 5886 fiducia
1933 5815 2246 5903 dicantqum
