4154 6324
172 338 272 398 εδδ

173 456 336 517 multa
366 455 523 526 fecit,
568 462 625 510 et
673 454 743 511 de
772 450 951 509 multis
978 447 1407 520 sublimibusque
1434 447 1774 520 dogmatibus

1162 331 1247 395 .lN
1286 294 1697 390 nummum
1738 329 1969 388 uoutL.
2013 330 2148 390 Liv.
2189 332 2261 388 al.
2305 330 2415 387 Lv.

3390 328 3496 390 53$

1885 444 2195 502 declaravit.
2218 444 2353 501 Nam
2382 459 2451 501 ne
2474 443 2686 515 plurimi
2716 442 3003 501 crederent
3038 459 3163 501 eum
3182 443 3310 517 quia
3334 445 3501 503 Chti-‘

177 549 448 615 disseruit,
481 520 788 617 multasque
813 544 1038 615 prmbuit
1063 542 1550 601 demonstrationes
1569 544 1623 597 et
1642 541 1777 597 divi-
1882 520 2025 593 stum
2056 537 2325 594 ferventer
2350 537 2565 594 amabat
2589 580 2605 605 ,
2635 538 2836 594 amoris
2877 547 2934 594 et
2970 538 3295 595 adulationis
3315 539 3483 598 verba

178 640 356 698 uitatis
382 656 522 704 sum.
567 647 624 695 et
654 654 769 696 suae
807 652 928 693 cum
968 635 1126 691 Patre
1165 633 1490 698 concordiae,
1522 642 1652 689 tunc
1675 633 1773 690 de-

172 746 315 785 mum
351 732 496 788 hanc
523 730 630 787 illis
658 728 864 802 profert
887 725 1383 798 interrogationem.
1404 724 1589 795 Neque
1616 723 1769 789 dixit,

169 821 341 887 Quem
364 839 455 879 me
475 823 665 879 dicunt
689 836 810 878 esse
829 818 1019 876 scribae
1046 826 1099 873 et
1119 816 1412 874 Pharisini?
1436 818 1679 888 quamvis
1694 812 1771 870 illi

174 916 346 985 ipsum
375 929 526 985 saepe
544 911 849 979 disserendi
878 925 1038 967 causa
1059 908 1443 967 convenerint:
1465 907 1584 975 sed,
1609 908 1771 973 Quem

172 1024 250 1063 nte
274 1008 461 1065 dicunt
487 1006 715 1061 homines
741 1021 847 1060 esse
863 1005 889 1059 .’
915 1002 1099 1075 pepuli
1140 1001 1471 1073 opinionem,
1505 1013 1625 1071 quae
1651 999 1769 1055 sine

169 1100 487 1169 acceptione
506 1106 629 1153 esse
643 1097 801 1161 solet,
827 1096 1127 1167 requirens.
1155 1092 1308 1149 Licet
1329 1092 1475 1149 enim
1498 1092 1585 1146 illa
1609 1090 1768 1161 longe

168 1190 435 1260 dejectior
463 1199 610 1245 esset
637 1203 796 1260 quam
819 1202 916 1258 par
940 1194 1077 1252 erat,
1104 1194 1160 1240 at
1186 1199 1216 1238 a
1242 1183 1477 1255 nequitia
1502 1191 1620 1238 erat
1637 1182 1767 1238 alie—

166 1296 232 1336 na
256 1299 270 1332 :
298 1280 701 1338 Pharisteorum
730 1287 907 1334 autem
934 1276 1115 1349 opinio
1139 1276 1418 1347 iniquitate
1446 1276 1600 1345 plena
1626 1276 1761 1328 erat.

166 1374 235 1429 Et
256 1372 563 1430 ostendens
598 1387 757 1443 quam
786 1370 949 1427 vellet
990 1369 1343 1426 meonomiam
1372 1368 1489 1423 sive
1515 1367 1763 1423 incarna-

162 1468 369 1523 tionem
403 1469 458 1522 in
488 1465 740 1524 confesso
768 1464 977 1531 haberi,
1023 1464 1119 1529 ait,
1166 1460 1360 1516 Filium
1403 1459 1640 1524 Itoniinis,
1684 1458 1762 1514 sic

161 1560 504 1615 divinitatem
532 1557 829 1627 appellans,
858 1564 919 1611 ut
942 1553 1068 1613 alibi
1111 1568 1257 1624 saepe
1288 1551 1429 1608 facit.
1460 1551 1552 1606 Ait
1589 1550 1757 1616 enim,

164 1650 334 1706 Nemo
360 1651 590 1711 ascendit
616 1651 671 1705 in
699 1652 900 1715 calum,
923 1649 1021 1703 nisi
1048 1647 1223 1702 Filius
1246 1647 1486 1713 hominis,
1513 1645 1603 1717 qui
1619 1644 1760 1700 estin

159 1744 286 1798 celo
318 1741 500 1814 (Joan.
528 1742 583 1797 5.
607 1741 733 1809 i5);
761 1749 815 1797 et
836 1754 1071 1805 rursum,
1094 1737 1220 1793 Cum
1238 1747 1407 1793 autem
1431 1736 1655 1791 videritis
1672 1733 1762 1789 Fi-

159 1837 283 1890 lium
315 1834 540 1888 nominis
569 1832 919 1888 ascendentem
946 1832 1031 1885 ubi
1055 1839 1162 1886 erat
1192 1831 1332 1901 prius
1364 1828 1541 1902 (Joan.
1567 1828 1619 1883 6.
1639 1826 1752 1890 63).

159 1926 365 1981 Deinde
391 1927 517 1997 quia
563 1924 835 1989 dicebant,
881 1924 970 1978 14.
1024 1923 1124 1976 Alii
1150 1921 1406 1976 Joannem
1444 1919 1751 1991 Baptistam,

158 2018 247 2071 alii
270 2016 469 2078 Elim,
494 2014 586 2070 alii
606 2013 904 2080 Ieremiam,
929 2012 1021 2068 alii
1049 2029 1205 2067 unum
1225 2028 1288 2067 ea:
1317 2011 1574 2082 praplietis
1591 2011 1753 2065 :falsa

156 2108 372 2164 illorum
403 2109 662 2178 opinione
694 2107 750 2161 iu
780 2106 1013 2161 medium
1058 2104 1289 2159 adducta
1319 2104 1595 2173 subjunxit
1623 2120 1627 2127 '
1661 2103 1748 2159 l5.

167 2200 264 2255 Vos
288 2209 465 2254 autem
489 2214 638 2270 quem
677 2214 757 2252 me
790 2213 899 2253 esse
926 2196 1134 2251 dicitis?
1158 2212 1223 2252 ex
1253 2196 1485 2252 secunda
1516 2196 1751 2251 interro-

155 2293 370 2361 gatione
413 2292 539 2346 illos
584 2304 837 2357 evocans,
868 2300 928 2345 ut
959 2287 1132 2359 majus
1172 2287 1301 2360 quid
1344 2288 1412 2344 de
1442 2286 1535 2343 illo
1562 2288 1753 2359 opina-

155 2394 363 2447 rentur,
394 2380 796 2452 ostendeusque
824 2380 955 2450 ipsis
995 2383 1221 2450 primam
1269 2379 1578 2450 opinionem
1604 2394 1633 2433 a
1663 2378 1750 2434 di-

153 2472 355 2543 gnitate
370 2486 466 2526 sua
491 2470 673 2542 procul
695 2471 904 2526 abesse.
932 2469 1053 2525 Ideo
1072 2469 1231 2525 aliam
1251 2468 1318 2523 ab
1342 2469 1472 2539 ipsis
1492 2469 1744 2539 exquirit,

152 2573 205 2620 et
229 2563 525 2620 secundum
552 2562 757 2634 profert
784 2562 1277 2634 interrogationem,
1320 2576 1388 2617 ne
1419 2576 1542 2616 cum
1565 2559 1748 2615 multis

151 2659 440 2723 sentirent,
473 2657 560 2728 qui
590 2657 842 2727 quoniam
870 2658 1023 2727 signa
1052 2656 1295 2711 viderant
1336 2655 1541 2726 majora
1584 2667 1744 2724 quam

150 2766 269 2821 qua)
290 2750 500 2806 homini
524 2760 834 2821 competere
860 2760 1097 2820 possent,
1140 2748 1410 2804 hominem
1431 2746 1648 2819 quidem
1680 2745 1745 2800 il-

151 2844 255 2898 lum
298 2859 421 2899 esse
451 2843 730 2913 putabant,
773 2842 868 2899 sed
912 2858 978 2898 ex
1024 2844 1250 2899 mortuis
1278 2843 1658 2905 resurrexisse,
1690 2837 1744 2894 id

149 2935 287 3004 quod
314 2933 533 2990 dicebat
559 2932 822 2990 Herodes.
852 2933 959 2989 Sed
989 2933 1077 2988 ille
1095 2934 1243 3004 ipsos
1267 2947 1295 2985 a
1324 2932 1411 2986 tali
1438 2930 1745 3002 suspicione

150 3026 420 3082 abducens
446 3027 559 3080 ait:
600 3023 700 3080 Vos
721 3035 889 3080 autem
916 3041 1063 3096 quem
1083 3040 1163 3079 me
1180 3040 1287 3080 esse
1313 3024 1523 3078 dicitis?
1550 3022 1606 3079 ld
1635 3032 1738 3090 est,

149 3118 248 3185 Qui
276 3131 496 3187 semper
522 3131 733 3173 mecum
761 3116 893 3172 estis
928 3124 984 3172 et
1013 3114 1269 3171 miracula
1299 3114 1549 3171 edentem
1594 3113 1745 3171 vide-

152 3211 236 3274 tis,
265 3211 355 3281 qui
389 3217 444 3265 et
487 3210 588 3280 ipsi
617 3225 714 3280 per
741 3225 828 3266 me
870 3210 1096 3267 virtutes
1124 3209 1321 3263 multas
1350 3208 1574 3265 fecistis.
1601 3207 1741 3276 Quid

152 3302 303 3373 igitur
331 3316 396 3356 os
414 3302 781 3373 apostolorum
809 3303 1035 3358 Petrus?
1060 3304 1285 3372 Semper
1311 3301 1548 3371 fervens,
1585 3302 1738 3359 chori

150 3394 422 3462 apostolici
450 3393 791 3464 coryphaaus,
812 3394 1061 3450 omnibus
1091 3395 1453 3466 interrogatis,
1498 3395 1612 3465 ipse
1646 3410 1739 3451 re-

149 3485 393 3551 spondet.
438 3485 658 3541 Etcum
697 3485 767 3541 de
810 3486 1073 3543 sententia
1118 3488 1296 3557 populi
1351 3488 1736 3555 sciscitaretur,

148 3592 332 3633 omnes
360 3577 789 3647 responderunt:
820 3594 943 3634 cum
973 3590 1151 3635 autem
1170 3580 1237 3635 de
1256 3594 1350 3634 sua
1382 3594 1477 3636 eos
1502 3588 1734 3651 rogaret,

147 3667 335 3723 Petrus
363 3668 576 3739 prosilit
618 3680 672 3724 et
710 3671 1002 3739 prmvertit,
1043 3670 1256 3742 aitque:
1284 3670 1371 3727 16.
1408 3670 1485 3725 Tu
1514 3688 1565 3726 es
1590 3669 1739 3725 Chri-

142 3768 248 3813 stus
268 3759 439 3815 Filius
462 3758 559 3814 Dei
578 3759 694 3814 viui.
714 3759 851 3828 Quid
877 3774 1006 3832 ergo
1029 3760 1310 3817 Christus?
1332 3762 1419 3817 l7.
1452 3760 1640 3816 Beatus
1660 3777 1733 3827 es,

144 3848 325 3903 Simon
340 3848 631 3916 Dor-Iona,
648 3851 768 3920 quia
796 3867 916 3905 caro
949 3865 999 3906 et
1022 3852 1229 3923 sanguis
1248 3869 1350 3907 non
1368 3854 1603 3907 reuelauit
1623 3853 1732 3907 tibi.

144 3941 302 4011 Atqui
335 3942 434 3995 nisi
461 3940 654 3997 Petrus
683 3941 762 3998 sic
787 3942 959 4013 ipsum
988 3958 1116 4000 vere
1140 3944 1424 4000 confessus
1453 3944 1659 4013 fuisset,
1678 3953 1737 4001 ut

141 4034 208 4089 ab
237 4035 355 4104 ipso
383 4034 542 4090 Patro
587 4037 849 4107 genitum,
893 4053 999 4093 non
1039 4038 1227 4095 fuisset
1256 4036 1358 4095 hoc
1393 4040 1734 4096 revelatiouis

140 4138 296 4194 opus,
324 4126 368 4180 si
401 4141 562 4181 unum
593 4144 658 4183 ex
687 4129 867 4184 multis
893 4129 1043 4184 illum
1071 4144 1196 4187 esse
1217 4141 1474 4201 putasset,
1495 4147 1600 4187 non
1618 4141 1736 4189 erat

141 4216 270 4270 illud
302 4216 632 4273 beatitudine
657 4217 896 4289 dignum.
928 4220 1140 4277 Etenim
1165 4223 1275 4293 jam
1303 4231 1461 4278 antea
1483 4224 1734 4280 dicebant

140 4307 175 4361 ii
196 4307 289 4376 qui
326 4307 381 4363 in
409 4307 619 4380 navigio
643 4320 800 4367 erant
825 4320 941 4381 post
972 4324 1371 4384 tempestatem,
1413 4314 1540 4370 Vere
1562 4314 1733 4372 Filias

139 4396 237 4452 Dei
277 4408 349 4453 est
390 4400 472 4453 hic
523 4399 737 4470 (ιιαιιιι.
771 4403 859 4459 ιι.
891 4404 1023 4471 εδ).
1056 4420 1157 4462 nec
1200 4415 1378 4463 tamen
1419 4408 1561 4464 beati
1601 4408 1731 4466 dicti

137 4498 288 4558 sunt,
316 4491 419 4547 etsi
442 4507 569 4549 vere
597 4492 846 4549 dixerint.
879 4494 995 4551 Non
1022 4496 1165 4551 enim
1196 4497 1274 4553 sic
1303 4496 1518 4565 Filium,
1548 4508 1607 4553 ut
1632 4500 1733 4555 Pe-

140 4590 273 4647 trus,
302 4581 534 4638 confessi
556 4592 719 4650 sunt;
748 4587 842 4641 sed
874 4602 1037 4641 unum
1067 4603 1133 4643 ex
1164 4590 1347 4645 multis
1369 4606 1497 4647 vere
1535 4586 1729 4648 Filium

136 4687 258 4729 esse
288 4673 565 4743 putabant,
592 4676 849 4732 eximium
878 4678 1096 4748 quidem
1126 4679 1266 4737 inter
1294 4681 1513 4749 multos,
1545 4691 1732 4739 uecta-

136 4779 262 4820 mea
290 4779 356 4819 ex
389 4764 502 4835 ipsa
535 4766 711 4822 Patris
737 4768 1051 4825 substantia.

201 4855 258 4910 2.
295 4852 474 4911 Petrus
501 4874 596 4911 cur
620 4858 794 4914 beatus
838 4841 1057 4916 dictum".
1102 4863 1606 4922 Consubstantialitas
1635 4868 1731 4922 de-

133 4956 464 5001 monstratur.
497 4946 608 5003 Sub
628 4950 730 5018 ﬁne
761 4951 913 5020 hujus
942 4956 1158 5019 numeri,
1210 4956 1439 5010 Anommi
1460 4968 1512 5011 et
1548 4958 1730 5014 Ariani

132 5038 534 5107 redarguimur.
555 5068 626 5081 ——
648 5038 944 5097 Piathanael
973 5058 1184 5113 quoque
1208 5045 1437 5109 dicebat.
1468 5046 1649 5115 Rabbi,
1675 5059 1728 5102 tu

133 5126 378 5182 «Filius
406 5127 521 5193 Dei,
575 5139 631 5183 tu
663 5140 716 5185 es
749 5147 841 5186 ra
886 5130 1057 5187 Israel
1086 5134 1279 5204 (Joan.
1312 5137 1361 5191 1.
1389 5137 1514 5209 t9).
1546 5139 1728 5212 Neque

131 5216 311 5272 solum
352 5233 455 5275 non
502 5220 689 5274 beatus
712 5222 937 5280 dicitur:
983 5239 1168 5279 verum
1197 5227 1357 5283 etiam
1385 5230 1535 5299 quasi
1561 5234 1729 5286 multo

132 5310 388 5367 inferiora
423 5328 583 5383 quam
625 5316 909 5385 oportebat
943 5318 1185 5387 dixisset,
1231 5322 1410 5377 abillo
1454 5326 1727 5396 redargui-

132 5417 219 5459 tur
253 5422 270 5459 :
310 5406 590 5475 subjunxit
642 5410 819 5474 enirn,
870 5410 1003 5479 Quia
1049 5413 1157 5467 dixi
1219 5415 1341 5481 tibi,
1399 5414 1515 5470 Vidi
1558 5429 1605 5472 te
1638 5418 1727 5473 sub

128 5497 256 5563 ﬁat,
283 5501 485 5563 credis,-
511 5503 713 5571 majorn
736 5503 813 5557 liis
838 5504 1023 5559 videbis
1047 5503 1237 5578 (loun.
1272 5509 1323 5562 1.
1344 5508 1471 5579 50).
1497 5510 1605 5565 Cur
1627 5511 1725 5579 igi-

131 5596 216 5640 tur
244 5587 435 5643 Petrus
466 5590 654 5646 beatus
675 5592 913 5648 dicitur?
940 5595 1073 5662 Quia
1110 5596 1257 5652 illum
1290 5601 1503 5671 proprie
1534 5600 1726 5658 Filium

128 5678 411 5733 confessus
434 5689 537 5736 est.
584 5681 790 5737 Idcirco
819 5684 924 5740 iiiis
945 5702 1231 5756 numquam
1272 5689 1516 5747 Christus
1552 5694 1730 5749 simile

130 5768 404 5843 quidpiam
426 5771 600 5827 dixit:
630 5774 718 5829 hic
742 5784 915 5832 anum
940 5779 1102 5834 etiam
1129 5794 1252 5836 eum
1273 5783 1363 5855 qui
1392 5786 1728 5845 revelaverat

466 5887 745 5951 Panos-
794 5890 908 5954 Gn.
963 5889 1181 5959 LVIII.

1883 627 2189 699 protulisse,
2219 637 2383 701 atque
2402 645 2468 685 ex
2489 627 2683 685 all‘ectu
2708 638 2762 685 et
2776 633 2967 700 gratia,
2993 629 3047 684 in
3068 630 3307 687 medium
3330 631 3490 688 alfert

1878 738 2004 779 eum
2030 725 2120 795 qui
2140 723 2192 780 id
2222 723 2297 778 illi
2323 723 2675 795 inspiraverat
2704 742 2718 779 :
2747 732 2806 779 ut
2837 722 3035 787 discas,
3064 723 3281 781 Petrum
3314 727 3484 783 verba

1881 815 2190 885 protulisse,
2216 815 2429 871 Patrem
2461 830 2591 871 vero
2615 814 2849 871 dictasse
2876 831 2890 869 :
2921 824 2979 870 ut
2998 830 3106 871 non
3133 816 3269 871 ultra
3294 818 3486 874 crede-

1877 920 1966 962 res
1989 906 2276 962 humanam
2296 906 2607 978 opinionem
2637 907 2726 962 illa
2755 921 2879 963 esse
2895 896 3017 979 quae
3045 907 3185 963 dicta
3211 918 3357 974 sunt,
3383 910 3479 967 sed

1875 996 2113 1053 divinum
2153 998 2367 1069 dogma.
2389 996 2498 1054 Cur
2519 1007 2699 1055 autem
2741 1014 2849 1055 non
2888 998 2943 1054 id
2991 999 3107 1070 ipse
3136 1004 3476 1071 pronuntiat,

1875 1104 1975 1145 nec
1994 1088 2144 1155 dicit,
2175 1089 2289 1160 Ego
2314 1104 2433 1145 sum
2454 1089 2699 1146 Christus
2723 1108 2737 1145 :
2768 1090 2861 1147 sed
2888 1106 2984 1163 per
3004 1091 3477 1164 interrogationem
3518 1084 3519 1087 “

1873 1182 2001 1237 illud
2032 1192 2286 1253 apparat,
2314 1191 2374 1238 ut
2402 1183 2525 1238 illos
2552 1182 2772 1240 inducat
2796 1183 2864 1239 ad
2913 1184 3315 1240 confitendum?
3333 1185 3476 1260 Quo-

1870 1271 2014 1327 niam
2044 1273 2173 1328 illud
2202 1283 2259 1331 et
2287 1274 2387 1344 ipsi
2412 1274 2817 1345 congruentius,
2839 1283 2892 1332 et
2922 1274 3091 1347 magis
3110 1278 3473 1339 necessarium

1869 1376 2004 1433 erat,
2033 1366 2257 1437 illosque
2281 1368 2449 1437 magis
2472 1368 2539 1423 ad
2562 1367 2720 1424 ﬁdem
2742 1382 2931 1424 eorum
2954 1383 3073 1439 qua:
3098 1368 3237 1425 dicta
3262 1369 3473 1445 fuerant

1866 1457 2191 1511 attrahebat.
2238 1456 2426 1515 Videu‘
2482 1459 2755 1527 quomodo
2794 1458 2988 1515 Filium
3030 1459 3235 1516 revelat
3272 1462 3474 1535 Pater?

1864 1547 2135 1620 quomodo
2158 1540 2370 1605 Patrem
2398 1549 2606 1605 Filius?
2638 1548 2820 1620 Neque
2857 1549 3088 1615 Patrem,
3121 1552 3315 1624 inquit,
3355 1555 3473 1625 quis

1863 1644 2002 1698 novit
2027 1644 2125 1699 nisi
2151 1642 2338 1710 Filius,
2383 1654 2431 1697 ει
2462 1645 2546 1699 cui
2576 1644 2789 1700 uoluerit
2817 1628 2990 1700 Filius
3024 1646 3249 1701 reuelare
3289 1646 3464 1718 (Luc.

1863 1734 1951 1792 10.
1978 1734 2102 1809 22).
2133 1735 2252 1793 Non
2290 1752 2421 1808 ergo
2446 1750 2737 1807 possumus
2782 1735 3002 1793 aliunde
3026 1745 3356 1809 cognoscere
3381 1739 3470 1795 Fi-

1861 1825 2012 1891 lium,
2042 1842 2202 1898 quam
2238 1841 2336 1898 per
2357 1828 2534 1899 ipsum
2562 1828 2799 1895 Patrem,
2833 1844 3009 1900 neque
3033 1818 3274 1897 Patrem,
3305 1846 3467 1903 quam

1860 1934 1955 1989 per
1996 1920 2169 1990 ipsum
2201 1920 2416 1976 Filium.
2466 1920 2650 1993 Itaque
2674 1921 2801 1978 inde
2841 1930 2897 1978 et
2940 1922 3161 1978 honoris
3191 1925 3469 1995 aequalitas

1858 2020 1914 2067 et
1942 2012 2472 2069 consubstantialitas
2493 2014 2914 2070 demonstratur.
2963 2014 3099 2083 Quid
3132 2015 3291 2086 igitur
3311 2016 3466 2074 Chri-

1856 2104 2011 2159 stus?
2042 2104 2117 2159 Tu
2155 2121 2206 2160 es
2242 2105 2426 2161 Simon
2459 2105 2598 2175 ﬁlius
2634 2106 2810 2172 Jona;
2851 2118 2907 2161 tu
2948 2108 3205 2163 vocaberis
3238 2106 3461 2175 Cephas.

1854 2194 1988 2262 Quia
2010 2196 2175 2263 enim,
2197 2195 2388 2267 inquit,
2408 2196 2619 2252 Patrem
2642 2213 2819 2253 meum
2846 2198 3167 2267 prmdicasti,
3192 2214 3293 2270 ego
3314 2200 3463 2256 illum

1855 2292 2075 2346 nomino
2102 2292 2191 2362 qui
2218 2301 2270 2347 te
2308 2280 2495 2363 genuit
2526 2310 2540 2347 :
2568 2308 2631 2358 ac
2660 2294 2705 2348 si
2742 2292 2970 2361 diceret,
3016 2291 3169 2349 Sicut
3218 2288 3291 2349 ω’
3324 2295 3463 2351 illius

1852 2380 2010 2451 Jona,
2040 2383 2121 2440 sic
2139 2399 2241 2456 ego
2266 2385 2443 2441 Patris
2470 2388 2574 2442 mei
2605 2386 2797 2443 Filius.
2826 2387 2961 2443 Nam
3001 2401 3459 2459 supervacaneum

1853 2475 2043 2534 fuisset
2070 2478 2273 2547 dicere,
2301 2475 2383 2533 Tu
2408 2494 2460 2534 es
2497 2478 2638 2550 ﬁlius
2683 2478 2824 2535 Iona
2854 2495 2873 2535 :
2900 2480 2995 2537 sed
3023 2481 3148 2552 quia
3194 2480 3285 2538 ille
3325 2481 3464 2538 dixit

1852 2567 2043 2624 Filium
2069 2569 2183 2635 Dei,
2218 2579 2276 2625 ut
2314 2570 2645 2639 ostenderet,
2681 2571 2857 2641 ipsum
2883 2585 3006 2628 esse
3042 2571 3133 2627 Dei
3161 2570 3379 2638 Filium,
3404 2582 3464 2629 ut

1850 2659 1943 2715 ille
1988 2659 2131 2716 illius
2151 2670 2265 2717 erat
2292 2660 2460 2728 Jona,
2489 2661 2735 2733 ejusdem
2764 2678 2888 2718 cum
2919 2670 3070 2734 patre
3110 2663 3457 2728 substantiae,

1848 2750 1971 2807 ideo
1999 2751 2127 2808 illud
2166 2752 2387 2809 addidit.
2422 2753 2511 2810 18.
2552 2752 2620 2808 Et
2668 2770 2761 2826 ego
2793 2754 2908 2808 dico
2934 2754 3044 2822 tibi,
3084 2764 3138 2808 tu
3165 2771 3218 2810 es
3247 2753 3454 2821 Petrus,

1847 2852 1897 2899 et
1918 2860 2072 2916 super
2094 2844 2227 2900 banc
2244 2854 2440 2918 petram
2466 2846 2731 2919 cdiﬁcabo
2753 2844 3035 2901 Ecclesium
3058 2862 3246 2912 meam,
3265 2846 3317 2903 id
3344 2860 3449 2908 est.

1846 2946 2009 3007 super
2034 2934 2191 2991 fidem
2220 2936 2599 2993 confessionis.
2648 2936 2785 2993 Hine
2827 2930 3064 2992 declarat
3105 2938 3303 2993 multos
3329 2953 3454 2995 esse

1845 3026 2163 3093 credituros,
2193 3029 2424 3099 ejusque
2444 3041 2663 3083 sensum
2690 3028 2867 3099 erigit,
2892 3037 2956 3083 et
2979 3037 3247 3098 pastorem
3277 3030 3453 3100 ipsum

1844 3119 2140 3175 constituit.
2184 3118 2252 3174 Et
2293 3128 2456 3190 portat
2489 3118 2644 3193 inferi
2683 3134 2787 3176 non
2830 3121 3174 3191 pravalebunt
3210 3122 3455 3179 adversus

1844 3227 1976 3265 eam.
2006 3211 2063 3269 Si
2090 3227 2222 3269 vero
2266 3213 2525 3269 adversus
2556 3227 2676 3269 eam
2716 3228 2822 3268 non
2864 3212 3255 3284 praevalebunt,
3284 3216 3454 3271 multo

1844 3304 2021 3359 minus
2056 3303 2341 3361 adversum
2370 3320 2458 3359 me
2485 3304 2871 3375 praevalebunt.
2894 3303 3077 3376 Itaque
3100 3321 3169 3361 ne
3194 3305 3448 3371 turberis,

1844 3408 1965 3449 cum
1994 3393 2179 3450 audies
2213 3410 2301 3450 me
2327 3394 2581 3451 traditum
2607 3404 2662 3451 et
2707 3394 3028 3451 crucifixum
3057 3411 3196 3451 esse.
3244 3397 3451 3453 Deinde

1842 3488 2073 3543 alterum
2099 3486 2230 3543 dicit
2256 3486 2517 3560 honorem
2553 3505 2567 3543 :
2600 3486 2686 3542 l9.
2720 3486 2833 3559 Ego
2865 3497 3037 3543 autem
3058 3489 3189 3544 dabo
3215 3489 3305 3561 tibi
3343 3491 3454 3544 cla-

1841 3591 1925 3632 ves
1950 3578 2101 3648 regni.
2117 3578 2377 3633 cartorum.
2396 3577 2533 3647 Quid
2560 3579 2827 3660 significat
2855 3579 3007 3646 illud,
3037 3580 3147 3651 Ego
3167 3590 3335 3635 autent
3361 3582 3452 3637 tibi

1841 3672 2014 3727 dabo?
2039 3671 2499 3741 Quemadmodum
2526 3672 2689 3728 Pater
2718 3674 2812 3728 tibi
2832 3674 2984 3729 dedit
3030 3686 3088 3729 ut
3131 3692 3217 3730 me
3243 3691 3449 3747 cogno-

1839 3778 2041 3835 sceres,
2074 3766 2152 3821 sic
2175 3775 2229 3821 et
2256 3781 2357 3837 ego
2388 3765 2482 3821 tibi
2508 3765 2669 3821 dabo.
2695 3766 2884 3837 Neque
2906 3766 3061 3832 dixit,
3094 3768 3317 3840 Rogabo
3342 3768 3414 3824 Pa
3431 3798 3449 3810 -

1840 3864 1999 3923 trem,
2030 3856 2238 3911 etiamsi
2266 3871 2456 3928 magna
2498 3866 2642 3912 esset
2688 3859 2969 3927 potestatis
3016 3857 3445 3924 demonstratio,

1839 3962 1895 4010 et
1913 3952 2040 4009 doni
2062 3954 2371 4025 magnitudo
2392 3953 2674 4012 ineﬂ'abilis
2692 3972 2709 4023 ;
2728 3956 2847 4024 sed,
2871 3954 2986 4029 Ego
3005 3957 3138 4013 dabo
3158 3958 3264 4013 tibi.
3284 3960 3445 4028 Quid,

1838 4059 2022 4115 quaeso
2040 4087 2056 4111 ,
2077 4046 2216 4101 das'!
2235 4044 2413 4102 Claoes
2432 4047 2576 4119 regni
2597 4047 2839 4102 caelorum
2869 4063 2889 4102 :
2924 4056 2972 4103 et
3016 4065 3343 4123 quiscumque
3379 4052 3416 4107 li
3429 4084 3445 4095 -

1838 4138 2034 4210 generis
2056 4154 2209 4209 super
2235 4146 2421 4194 terram
2438 4182 2455 4206 ,
2493 4149 2642 4195 erunt
2663 4139 2825 4212 ligata
2848 4149 2897 4195 et
2935 4141 2989 4196 in
3008 4143 3147 4198 uelis
3181 4159 3200 4197 :
3231 4155 3277 4198 et
3306 4161 3449 4215 qam-

1838 4245 2053 4301 cumque
2075 4231 2283 4286 solveris
2307 4247 2459 4302 super
2487 4239 2697 4300 terram,
2726 4243 2872 4288 erunt
2904 4234 3077 4290 soluta
3110 4246 3158 4291 et
3199 4236 3253 4291 in
3282 4240 3443 4293 caelis.

1836 4320 2116 4390 Quomodo
2163 4321 2324 4394 igitur
2360 4339 2467 4378 non
2503 4324 2621 4391 ejus
2661 4326 2785 4393 erit,
2838 4334 2896 4381 ut
2929 4341 2960 4381 a
3003 4327 3209 4384 dextris
3230 4338 3288 4384 et
3309 4332 3446 4386 sini-

1837 4413 1964 4467 stris
1983 4412 2173 4468 sedere
2201 4414 2482 4482 concedat,
2514 4415 2604 4487 qui
2634 4414 2791 4482 dixit,
2820 4414 2933 4490 Ego
2954 4416 3043 4472 tibi
3067 4418 3238 4475 dabo?
3260 4420 3451 4477 Viden‘

1836 4505 2108 4576 quomodo
2136 4507 2201 4561 ad
2230 4507 2618 4564 sublimiorem.
2642 4508 2712 4565 de
2767 4524 2828 4566 se
2880 4510 3194 4580 opinionem
3222 4512 3444 4572 Petrum

1835 4596 2027 4667 erigat,
2055 4607 2111 4653 et
2137 4599 2373 4667 seipsum
2398 4599 2623 4666 revelet,
2649 4614 2714 4655 ac
2740 4614 2837 4670 per
2862 4600 3022 4656 hasce
3047 4603 3181 4659 duas
3207 4606 3444 4675 promis-

1835 4690 2016 4747 siones
2036 4705 2093 4746 se
2123 4689 2318 4746 Filium
2351 4690 2442 4747 Dei
2470 4706 2593 4748 esse
2612 4690 3046 4749 ostendat?Nam
3068 4702 3193 4764 qua
3212 4697 3309 4753 uni
3330 4696 3446 4754 Deo

1835 4791 1961 4836 sunt
1993 4786 2225 4851 propria,
2256 4797 2451 4852 nempe
2494 4792 2711 4853 peccata
2761 4783 2995 4852 solvere,
3042 4784 3340 4846 Ecclesium
3388 4790 3442 4844 in

1836 4883 1986 4928 tanto
2014 4873 2270 4930 fluctuum
2318 4888 2584 4931 concursu
2629 4875 2907 4933 immotam
2956 4877 3217 4947 reddere,
3262 4881 3444 4937 homi-

1836 4982 2064 5039 nemque
2094 4968 2411 5037 piscatorem
2448 4977 2562 5025 toto
2600 4970 2951 5040 impugnante
2991 4973 3125 5028 orbe
3167 4982 3319 5044 petra
3347 4978 3443 5031 lir-

1834 5061 2061 5114 miorem
2093 5059 2343 5123 reddere,
2383 5061 2500 5116 haec
2528 5078 2587 5117 se
2628 5060 2703 5117 illi
2741 5063 2989 5119 daturum
3028 5066 3313 5136 pollicetur
3340 5086 3353 5123 :
3385 5081 3443 5125 ut

1836 5150 1996 5205 Pater
2018 5149 2305 5205 Jeremiam
2331 5150 2611 5222 alloquens
2636 5153 2869 5223 dicebat,
2909 5170 2967 5211 se
3009 5159 3252 5227 posuisse
3292 5160 3439 5215 illum

1833 5242 1972 5294 sicut
1998 5240 2302 5296 columnam
2331 5256 2526 5297 aeream
2555 5250 2610 5297 et
2629 5244 2766 5299 sicut
2792 5259 3003 5299 murum
3036 5246 3187 5316 (Jer.
3216 5250 3267 5303 1.
3295 5246 3363 5306 18
3388 5252 3439 5322 );

1833 5330 1927 5385 sed
1951 5331 2095 5385 illum
2122 5332 2210 5385 uni
2242 5332 2409 5402 genti,
2438 5332 2579 5387 hunc
2601 5342 2780 5389 autem
2806 5335 2857 5390 in
2895 5336 3148 5395 universo
3174 5348 3439 5398 terrarum

1834 5424 1992 5483 orbe.
2015 5424 2270 5480 Libenter
2294 5441 2591 5495 quaererem
2613 5429 2681 5484 ab
2704 5429 2767 5485 iis
2810 5431 2900 5500 qui
2933 5431 3278 5490 imminutam
3320 5434 3438 5491 Filii

1835 5511 2162 5582 dignitatem
2188 5514 2402 5576 volunt,
2426 5530 2547 5583 quae
2564 5516 2774 5585 majora
2801 5518 2909 5571 sint
2928 5519 3093 5587 dona,
3110 5538 3176 5579 an
3194 5540 3314 5596 qutc
3332 5528 3435 5594 Pa-_

1842 5610 1947 5666 ter,
1961 5618 2029 5657 an
2048 5619 2169 5674 quae
2182 5604 2354 5660 Filius
2369 5605 2460 5660 Pet
2472 5622 2531 5661 ro
2545 5606 2857 5662 dedit.Nani
2877 5609 2949 5665 Pa
2958 5622 3037 5667 ter
3046 5617 3429 5675 revelationem

1843 5693 1965 5749 Filii
1983 5694 2145 5751 Petro
2158 5697 2328 5764 dedit;
2356 5696 2528 5753 Filius
2546 5713 2677 5754 vero
2693 5710 2745 5754 et
2764 5700 2941 5758 Patris
2958 5713 3009 5759 et
3034 5707 3117 5760 sui
3145 5707 3315 5779 ipsius
3337 5722 3429 5762 eo.

1844 5788 2140 5859 gnitionem
2181 5806 2275 5863 per
2292 5802 2459 5853 totum
2495 5794 2682 5850 orbem
2710 5792 2787 5849 illi
2812 5794 3173 5857 disseminare
3195 5804 3429 5857 commi-

3085 5912 3123 5976 ὅ
