4154 6324
746 370 845 424 535

747 485 837 548 sit,
869 499 932 536 ac
974 471 1184 533 mortali
1224 475 1425 527 homini
1465 485 1680 526 omnem
1717 470 1767 521 in
1813 467 1947 520 czclo
1983 473 2304 534 potestatem

748 576 913 640 dedit,
945 573 1069 626 dum
1123 570 1301 622 claves
1343 567 1418 632 illi
1451 564 1696 625 tradidit,
1750 564 1841 633 qui
1879 560 2172 616 Ecclesium
2217 575 2308 627 per

750 675 918 718 tntum
959 661 1146 722 orbem
1184 669 1448 712 terrarum
1477 656 1738 717 extendit.
1762 662 1816 708 et
1846 654 1989 707 caelis
2019 651 2309 705 firmiorem

751 756 1072 810 monstravit
1112 771 1125 807 :
1165 768 1290 806 nam
1341 752 1434 815 ait,
1471 749 1670 806 Oculum
1713 757 1761 801 et
1799 757 1939 799 terra
1971 746 2314 807 transibunt;

751 847 900 900 verba
929 859 1101 899 autent
1126 861 1239 897 mea
1264 860 1364 896 non
1386 840 1684 894 transibunt
1721 837 1916 909 (Hath.
1937 839 2025 892 24.
2046 835 2312 903 55).Quo-

749 938 915 993 modo
941 953 1070 1008 ergo
1099 938 1280 990 minor
1305 936 1352 988 is
1377 937 1468 1003 qui
1498 933 1620 986 talia
1644 931 1810 996 dedit,
1832 931 1925 1000 qui
1957 929 2081 983 talia
2106 927 2270 982 fecit‘
2291 927 2316 978 ?

753 1029 877 1086 Haec
911 1046 1072 1104 porro
1101 1029 1245 1092 dico,
1281 1043 1385 1081 non
1419 1025 1564 1094 quod
1593 1023 1772 1078 Patris
1809 1034 1863 1078 et
1886 1021 2004 1077 Filii
2034 1036 2194 1090 opera
2231 1019 2317 1072 di-

752 1123 931 1178 vidam
958 1142 970 1176 :
999 1121 1190 1177 Omnia
1211 1121 1349 1173 enim
1373 1135 1464 1186 per
1492 1119 1662 1187 ipsum
1686 1117 1833 1183 facta
1851 1124 2054 1179 sunt,et
2077 1113 2315 1180 sineipso

756 1214 952 1283 factum
996 1225 1072 1268 est
1108 1212 1242 1266 nihil
1278 1210 1468 1280 (Joan.
1503 1213 1553 1264 t.
1583 1211 1671 1277 '5);
1723 1211 1815 1262 sed
1853 1218 1914 1262 ut
1951 1206 2316 1276 impudentem

757 1306 973 1359 illorum
993 1305 1230 1373 linguam
1250 1303 1560 1372 reprimam,
1575 1301 1668 1369 qui
1683 1300 1805 1353 talia
1825 1297 2067 1368 proferre
2088 1296 2312 1351 audent.

811 1399 864 1451 5.
907 1394 1012 1448 Cur
1051 1392 1438 1446 Christus-ante
1482 1400 1764 1455 passionem
1814 1397 1868 1435 se
1921 1395 2027 1434 esse
2063 1377 2320 1434 Christum

742 1486 1031 1556 pervulgari
1073 1484 1305 1537 noluerit.
1335 1480 1476 1533 Petri
1517 1479 1728 1546 ﬁrmitas
1763 1483 1871 1542 post
1901 1487 2118 1544 enicem.
2148 1499 2216 1508 ——
2239 1468 2320 1522 Ex

746 1578 828 1630 his
868 1575 1113 1629 omnibus
1148 1573 1262 1640 ejus
1305 1568 1591 1640 potentiam
1642 1563 2022 1619 animadverte.
2070 1559 2180 1631 Ego
2235 1559 2321 1612 tibi

741 1667 871 1730 diro,
903 1674 956 1717 tu
981 1681 1034 1718 es
1067 1663 1281 1725 Petrus;
1315 1677 1404 1730 ego
1449 1657 1707 1725 aediﬁcabo
1756 1654 2075 1715 Ecclesium;
2114 1669 2203 1722 ego
2235 1652 2324 1704 tibi

741 1758 868 1812 dabo
887 1757 1055 1810 claves
1073 1753 1333 1808 calorum.
1370 1752 1431 1804 Et
1456 1749 1545 1804 20.
1572 1758 1708 1813 tunc,
1735 1762 1855 1800 cum
1905 1747 2018 1798 hate
2063 1744 2319 1808 dixisset,

744 1849 977 1918 prccepit
1004 1848 1096 1912 eis,
1117 1855 1172 1900 ut
1193 1844 1378 1898 nemini
1405 1843 1623 1896 dicerent
1642 1838 1775 1908 quod
1793 1839 1898 1906 ipse
1924 1845 2048 1890 esset
2067 1833 2319 1888 Christus.

744 1942 810 2003 Et
845 1955 940 1995 cur
970 1937 1257 2008 praecepit?
1289 1934 1356 1990 Ut
1382 1931 1648 1988 scandulis
1672 1929 1736 1982 de
1767 1928 1943 1982 medio
1963 1925 2186 1980 sublatis
2207 1965 2222 1988 ,
2270 1933 2325 1976 et

743 2046 900 2086 cruce
927 2042 1086 2098 atque
1109 2029 1248 2091 aliis,
1282 2041 1399 2094 qua:
1438 2036 1623 2093 passus
1652 2031 1754 2082 cst,
1779 2017 2179 2081 consummatis,
2203 2015 2324 2070 nul-

745 2121 900 2192 loque
930 2119 1141 2174 demum
1168 2123 1420 2178 restante,
1444 2110 1584 2182 quod
1611 2111 1696 2166 vel
1717 2109 2017 2178 impediret,
2039 2105 2120 2160 vel
2149 2106 2325 2160 turba-

744 2221 827 2268 ret
856 2212 1013 2265 fidem
1053 2211 1104 2263 in
1135 2209 1305 2278 ipsum
1348 2221 1377 2259 a
1424 2204 1605 2259 multis
1639 2210 1978 2270 susceptam,
2019 2200 2224 2253 sincera
2271 2206 2326 2252 et

749 2300 1032 2356 immobilis
1070 2299 1210 2352 circa
1257 2296 1428 2365 ipsum
1479 2293 1661 2363 opinio
1699 2291 1750 2345 in
1790 2291 2087 2344 auditorum
2137 2288 2328 2341 animis

749 2391 1162 2460 imprimeretur.
1190 2386 1429 2443 Nondum
1459 2385 1600 2439 cnim
1631 2383 1796 2453 ipsius
1829 2383 1993 2435 virtus
2039 2379 2182 2433 clare
2226 2375 2328 2429 ful-

747 2491 909 2536 serat.
947 2481 1173 2549 Ideoque
1205 2487 1328 2532 tunc
1359 2476 1428 2529 ab
1473 2476 1579 2529 illis
1619 2489 1738 2529 eam
1782 2471 2054 2542 pra‘dicari
2080 2468 2325 2533 volebat,

749 2589 870 2630 cum
899 2582 950 2629 et
981 2573 1120 2627 clara
1170 2584 1351 2626 rerum
1383 2568 1597 2630 veritas,
1642 2575 1698 2620 et
1738 2573 2005 2635 gestorum
2037 2560 2114 2613 vis
2140 2572 2328 2627 magna

752 2665 1109 2734 apostolorum
1143 2661 1298 2715 dictis
1318 2660 1794 2730 patrocinarentur.
1826 2653 1938 2708 Non
1957 2652 2106 2708 enim
2127 2648 2331 2719 aequale

753 2771 886 2827 erat,
923 2761 1094 2829 ipsum
1141 2756 1322 2812 videre
1364 2758 1416 2810 in
1455 2754 1734 2808 Palaestina
1781 2764 1920 2805 nunc
1961 2746 2210 2802 miracula
2241 2759 2332 2814 pa-

755 2863 1002 2916 trantem,
1026 2863 1166 2905 nunc
1190 2847 1523 2903 contumeliis
1547 2845 1790 2898 allectum
1834 2850 1889 2897 et
1934 2840 2141 2910 pulsum
2166 2855 2180 2902 ;
2207 2852 2331 2891 cum

754 2942 982 2998 maxime
999 2953 1129 2994 crux
1157 2938 1409 2992 miracula
1432 2936 1518 2990 illa
1545 2941 1826 3001 exceptura
1849 2921 2024 2993 esset;
2057 2929 2334 2998 ipsumque

743 3032 1056 3104 perspicere
1086 3030 1210 3094 dum
1237 3027 1432 3096 ubique
1460 3035 1717 3079 terrarum
1739 3021 2070 3081 adoraretur,
2100 3017 2334 3085 ﬁdesque

758 3125 810 3179 in
839 3123 988 3178 illum
1015 3123 1235 3190 vigeret,
1268 3118 1506 3186 nihilque
1544 3115 1680 3169 ultra
1713 3121 1980 3183 pateretur
2002 3124 2184 3164 eorum
2216 3122 2334 3176 qua:

759 3222 882 3269 ante
911 3227 1098 3283 passus
1125 3211 1314 3265 fuerat.
1346 3207 1472 3263 Ideo
1501 3205 1738 3276 pracipit
1767 3213 1822 3257 ut
1850 3202 2046 3256 nemini
2086 3199 2264 3254 dicant
2287 3199 2331 3251 ³.

760 3305 896 3360 Nam
925 3302 1067 3374 quod
1110 3300 1273 3355 semel
1305 3298 1510 3353 radices
1537 3297 1733 3366 posuit,
1761 3295 1806 3348 si
1839 3302 2016 3362 postea
2046 3290 2334 3353 evellatur,

741 3395 976 3449 difllcile
1001 3401 1172 3462 potest
1195 3392 1385 3445 iterum
1413 3389 1701 3458 plantatum
1719 3383 1857 3454 apud
1886 3382 2081 3436 multos
2112 3380 2334 3442 firmari;

762 3485 902 3556 quod
943 3499 1071 3539 vero
1117 3490 1396 3552 postquam
1435 3477 1599 3532 semel
1646 3476 1883 3531 deﬁxum
1923 3483 2024 3536 est,
2064 3473 2338 3524 immotum

762 3585 960 3640 manet,
990 3573 1203 3628 nemine
1232 3569 1527 3624 molestiam
1556 3566 1815 3620 infercnte
1842 3562 1995 3618 facile
2025 3562 2263 3629 pullulat,
2286 3569 2340 3614 et

743 3667 936 3734 majus
959 3665 1341 3718 incrementum
1368 3656 1578 3724 accipit.
1602 3654 1730 3709 Nam
1762 3653 1806 3706 si
1837 3653 1871 3706 ii
1903 3652 1990 3721 qui
2015 3650 2159 3719 signa
2192 3647 2339 3703 vide-

767 3766 882 3810 rant
910 3755 1151 3825 plurima,
1187 3759 1241 3806 et
1270 3758 1347 3804 tot
1365 3747 1706 3803 inelfabilium
1735 3744 2104 3815 mysteriorum
2124 3741 2340 3810 partici-

764 3863 858 3919 pes
880 3855 1053 3911 erant,
1085 3847 1166 3900 vel
1197 3843 1310 3900 solo
1339 3839 1520 3896 auditu
1551 3836 1891 3892 scandalizati
1915 3843 2074 3900 sunt;
2103 3834 2208 3888 imo
2239 3848 2340 3887 non

767 3938 866 4007 ipsi
885 3937 1008 4002 soli,
1050 3935 1144 3990 sed
1174 3943 1227 3989 et
1271 3933 1462 3987 Petrus
1492 3929 1726 3984 omnium
1754 3927 2068 3997 coryphaeus
2097 3942 2110 3979 ;
2140 3928 2342 3994 cegites

767 4029 923 4084 velim
950 4027 1076 4097 quid
1101 4025 1300 4095 passuri
1331 4030 1482 4077 erant
1506 4019 1736 4090 plurimi,
1768 4020 1812 4072 si
1839 4017 2144 4070 didicissent
2173 4015 2342 4084 ipsum

766 4135 884 4176 esse
912 4120 1102 4175 Filium
1131 4117 1247 4180 Dei,
1289 4124 1340 4168 et
1367 4122 1552 4184 postea
1579 4111 1834 4165 vidissent
1854 4124 1976 4163 eum
2005 4106 2260 4175 cruciligi.
2292 4115 2345 4160 et

767 4211 934 4280 sputis
985 4208 1192 4273 foedari,
1238 4222 1357 4260 cum
1408 4204 1780 4275 mysteriorum
1824 4198 2125 4268 hujusmodi
2151 4212 2344 4251 arcana

768 4318 871 4356 non
901 4309 1144 4364 nossent,
1175 4297 1398 4352 necdum
1442 4296 1694 4365 Spiritum
1722 4301 1962 4347 sanctum
1988 4291 2339 4360 accepissent.

768 4391 900 4445 Nam
926 4391 970 4444 si
1006 4388 1277 4457 discipulis
1307 4386 1520 4442 dicebat
1552 4403 1562 4437 :
1594 4384 1758 4437 Multa
1789 4382 1944 4435 habeo
1978 4380 2340 4443 vobisdiccre,

768 4482 854 4536 sed
887 4497 985 4535 non
1005 4480 1211 4549 potestis
1235 4488 1434 4548 portare
1468 4475 1618 4529 modo
1663 4474 1856 4544 (Joan.
1889 4473 1974 4527 16.
2007 4472 2105 4541 12)
2135 4489 2148 4524 :
2178 4471 2344 4524 multo

768 4573 934 4640 magis
963 4571 1166 4641 reliqua
1193 4568 1478 4624 multitudo
1505 4566 1785 4621 decidisset
1809 4606 1824 4629 ,
1855 4565 1899 4619 si
1931 4572 2052 4618 ante
2090 4572 2346 4632 opportu-

770 4679 894 4718 num
925 4673 1152 4731 tempus,
1184 4661 1323 4729 quod
1355 4661 1404 4713 in
1432 4659 1515 4712 his
1561 4657 1829 4728 mysteriis
1855 4670 2157 4725 supremum
2189 4663 2302 4710 erat
2325 4695 2342 4719 ,

771 4755 899 4820 ipsis
919 4755 1207 4809 revelatum
1237 4752 1444 4806 fuisset.
1475 4750 1678 4804 Idcirco
1720 4748 1832 4804 hinc
1859 4748 2042 4803 dicere
2073 4746 2341 4816 prohibet.

773 4845 840 4899 Et
887 4856 941 4898 ut
984 4843 1158 4902 discas
1186 4851 1438 4911 quantum
1469 4841 1723 4894 intererat
1768 4839 1978 4908 plenam
2023 4846 2204 4909 postea
2249 4836 2346 4890 do.

771 4929 996 4988 etrlnam
1037 4933 1300 5001 accipere,
1329 4933 1606 4986 summotis
1647 4931 1710 4984 iis
1736 4945 1853 4999 quae
1881 4928 2200 4983 offendicqu
2227 4942 2345 4982 esse

771 5033 1032 5095 poterant,
1067 5024 1116 5077 id
1163 5023 1229 5076 ab
1269 5023 1383 5091 ipso
1429 5021 1712 5092 corypha‘o
1737 5021 1935 5090 accipe.
1983 5021 2098 5090 Ipse
2119 5035 2345 5088 namque

764 5117 976 5179 Petrus,
1007 5115 1091 5185 qui
1121 5123 1236 5184 post
1266 5124 1340 5168 tot
1371 5115 1619 5168 miracula
1654 5113 1786 5167 adeo
1837 5113 2130 5166 imbecillus
2179 5126 2348 5180 appa-

772 5208 895 5268 ruit,
919 5216 976 5260 ut
1000 5216 1240 5274 negaret,
1267 5205 1527 5269 vilemque
1557 5205 1778 5272 puellam
1809 5205 2038 5268 timeret,
2069 5213 2343 5272 postquam

772 5314 942 5357 L'I‘ttClS
965 5308 1180 5369 peracto
1221 5300 1494 5370 mysterio,
1530 5297 1937 5380 resurrectionis
1965 5296 2136 5348 claras
2158 5293 2344 5347 habuit

774 5391 1273 5453 demonstrationes,
1307 5405 1424 5446 cum
1468 5388 1594 5442 nihil
1633 5387 1704 5440 illi
1746 5389 1878 5440 ultra
1909 5386 2224 5440 olTendiculo
2255 5402 2345 5440 es—

767 5491 855 5537 art
875 5522 890 5546 ,
919 5481 1192 5537 nihilkeum
1227 5483 1479 5545 turbaret,
1508 5481 1584 5536 sic
1612 5481 1882 5534 immotam
1918 5480 2081 5532 tenuit
2119 5478 2347 5547 Spiritus

777 5575 1089 5642 doctrinam,
1133 5587 1188 5630 ut
1231 5576 1594 5631 vehementius
1636 5590 1790 5645 quam
1823 5575 1905 5629 leo
1950 5571 2002 5626 iu
2045 5571 2344 5627 Judamrum

834 5732 852 5759 ί
887 5728 1073 5785 Μαι-01..
1099 5729 1332 5790 quomodo
1353 5741 1466 5789 ergo
1489 5728 1642 5779 minor
1665 5727 1707 5780 is
1729 5728 1810 5789 qui
1833 5727 1947 5777 talia
1972 5726 2082 5788 fecit
2112 5725 2134 5773 7

839 5792 859 5823 ⁸
891 5797 1015 5849 ιω,
1035 5788 1145 5842 ideo
1167 5790 1384 5855 prtecipit
1410 5788 1456 5840 ut
1479 5790 1655 5842 nemini
1679 5788 1858 5853 dicunt,
1883 5792 2059 5840 desunt
2084 5793 2130 5838 in
2150 5788 2313 5839 Morel.

1446 357 1499 409 S.
1539 350 1819 409 JOANNIS
1856 346 2346 403 CllliYSOSTOMI
2391 343 2699 401 ARCHIEP.
2724 342 3252 399 CONSTANTINOP.

3896 343 4002 397 $.56

2426 462 2674 530 populum
2701 462 2944 521 irrueret,
2974 460 3071 514 etsi
3096 458 3324 530 pericula
3345 466 3398 513 et
3422 458 3565 513 mille
3595 470 3794 515 [Ilertes
3827 463 4001 514 ininn-

2421 563 2625 608 nerent.
2653 552 2817 606 Multa
2842 554 2971 606 enim
2997 552 3151 604 habeo
3185 553 3319 605 vobis
3352 551 3532 617 dicere,
3569 552 3754 620 inquit,
3786 555 3875 606 sed
3902 572 4000 606 non

2423 642 2623 712 potestis
2646 655 2849 712 portare
2877 641 3042 694 modo.
3072 640 3206 708 Quin
3238 642 3396 694 etiam
3426 643 3586 694 multa
3633 641 3702 694 ab
3743 642 3833 695 illo
3857 642 4001 695 dii-ta

2422 750 2525 788 non
2554 734 2945 803 intelligebant,
2985 748 3103 801 qua:
3147 741 3270 787 ante
3312 747 3522 787 crucem
3569 735 3841 789 mastitesta
3893 751 3999 787 nmt

2421 828 2669 884 reddidit.
2703 828 3054 896 Posteaquam
3083 827 3239 896 igitur
3266 839 3652 892 resurraxerat,
3687 838 3810 880 tunc
3849 843 4001 896 quie-

2421 921 2541 974 dam
2565 935 2747 974 eorum
2767 935 2887 989 quat-
2912 919 3117 973 dixerat
3142 918 3533 973 intellexerunt.
3566 917 3692 972 Jure
3712 933 3840 986 ergo
3860 921 4004 974 mul-

2423 1015 2489 1068 tis
2512 1013 2779 1082 praecepit,
2807 1027 2874 1068 ne
2904 1011 3030 1066 illud
3064 1022 3185 1067 ante
3205 1012 3378 1066 crucis
3407 1009 3706 1079 passionem
3735 1010 4001 1077 dicerent,

2421 1107 2634 1176 quando
2663 1121 2731 1160 ne
2755 1119 2915 1160 ausus
2941 1105 3153 1174 quidem
3192 1114 3273 1159 est
3298 1103 3382 1169 iis,
3414 1103 3503 1172 qui
3533 1112 3714 1171 postea
3743 1102 4004 1174 pra-dica-

2421 1199 2527 1251 turi
2557 1207 2738 1262 erant,
2787 1198 2963 1252 omnia
3007 1208 3129 1250 ante
3168 1211 3381 1250 crucem
3423 1196 3645 1264 aperire.
3692 1195 3776 1250 20.
3824 1195 3904 1249 Ex
3945 1215 4004 1249 eo

2418 1298 2645 1359 tempore
2665 1290 2812 1358 ccepi!
2834 1289 2985 1343 Iesus
3011 1291 3131 1358 ipsis
3156 1288 3431 1351 ostendere,
3459 1287 3591 1356 quod
3615 1298 3861 1356 aparteret
3879 1304 4005 1340 eum

2419 1381 2549 1449 pati.
2577 1379 2657 1434 Ex
2686 1395 2914 1449 quonam
2945 1378 3224 1448 tempore?
3248 1377 3378 1432 Cum
3427 1378 3528 1431 hoc
3570 1377 3760 1446 dogma
3807 1380 3858 1432 in
3898 1380 4005 1432 illis

2426 1472 2680 1535 inseruit;
2713 1486 2832 1524 cum
2859 1471 3090 1539 gentium
3120 1469 3322 1522 initium
3348 1466 3568 1522 induxit.
3603 1469 3672 1522 At
3717 1483 3889 1537 neque
3928 1472 4007 1524 sic

2427 1564 2478 1619 id
2521 1564 2659 1633 quod
2691 1564 2962 1618 dicebatur
2991 1561 3371 1617 intellexerunt
3403 1580 3415 1613 :
3451 1562 3760 1625 Eratenim,
3802 1563 4005 1632 inquit,

2427 1657 2749 1710 absconditus
2796 1672 2957 1709 sermo
2985 1656 3048 1708 ab
3081 1655 3152 1708 eis
3181 1653 3344 1724 (Luc.
3380 1655 3466 1710 18.
3497 1656 3632 1725 54);
3677 1664 3733 1710 et
3774 1656 3924 1725 quasi
3958 1657 4009 1708 in

2428 1749 2752 1804 obscuritate
2771 1748 2994 1817 quadam
3019 1747 3386 1811 versabantur,
3420 1747 3721 1802 nescientes
3764 1762 3885 1802 eum
3919 1764 4011 1802 re-

2427 1851 2787 1896 surrecturum
2809 1855 2946 1894 esse.
2978 1840 3312 1909 Quapropter
3343 1841 3394 1892 in
3417 1839 3533 1892 istis
3573 1838 3878 1893 difficilibus
3905 1840 4010 1893 im-

2431 1943 2704 1999 moratur,
2751 1942 2803 1987 et
2839 1947 3136 1986 sermonem
3173 1933 3494 2001 ampliﬁcat,
3524 1944 3585 2000 ut
3626 1934 3729 1986 illis
3775 1945 4011 1989 mentem

2429 2026 2648 2092 aperiat.
2681 2032 2735 2078 et
2775 2023 3066 2091 intelligant
3093 2022 3216 2091 quid
3245 2023 3312 2076 sit
3341 2022 3466 2076 illud
3498 2023 3638 2092 quod
3661 2024 3872 2078 dicitur.
3904 2023 4013 2078 Vc-

2429 2131 2545 2168 rum
2579 2113 2700 2168 Non
2727 2112 3101 2180 intellexerunt,
3131 2116 3217 2167 sed
3246 2124 3350 2168 erat
3381 2115 3725 2169 absconditum
3747 2117 3869 2185 ipsis
3899 2133 4016 2170 cer-

2431 2206 2545 2260 bum
2567 2206 2700 2260 istud
2726 2204 3018 2277 (Ibidem);
3061 2221 3160 2260 nec
3195 2207 3460 2260 audebant
3488 2207 3632 2260 illum
3662 2207 4012 2276 interrogare,

2432 2312 2538 2351 non
2568 2306 2742 2350 utrum
2771 2306 2912 2352 esset
2942 2297 3249 2362 moriturus,
3281 2297 3373 2352 sed
3413 2297 3682 2368 quomodo
3703 2307 3764 2352 et
3789 2313 3895 2366 qua
3927 2314 4014 2351 ra-

2433 2388 2595 2442 tione.
2629 2387 2698 2442 Et
2739 2388 2863 2457 quid
2902 2397 3018 2443 erat
3061 2389 3160 2442 hoc
3188 2389 3536 2461 mysterium?
3559 2389 3673 2444 Non
3702 2391 3845 2442 enim
3873 2388 4018 2443 scie-

2434 2477 2578 2543 bant,
2610 2480 2736 2548 quid
2759 2488 2899 2533 esset
2917 2493 3214 2547 resurgere,
3247 2480 3520 2550 multoque
3543 2481 3730 2534 melius
3757 2479 4018 2547 putabant

2434 2586 2552 2650 esse
2604 2571 2728 2626 non"
2754 2573 2909 2626 mori.
2944 2571 3169 2642 ideoque
3188 2572 3305 2626 aliis
3334 2573 3582 2626 omnibus
3608 2571 3932 2640 perturbatis
3957 2585 4021 2624 ac

2433 2660 2815 2727 dubitantibus,
2847 2676 3056 2716 rursum
3088 2661 3296 2727 Petrus,
3353 2670 3536 2731 utpote
3575 2662 3821 2727 lcrvens,
3871 2664 4022 2716 solus

2435 2765 2594 2805 ausus
2619 2760 2699 2806 est
2731 2751 2829 2807 hac
2852 2751 2919 2806 de
2946 2768 3002 2806 re
3033 2753 3173 2822 loqui
3204 2770 3216 2804 :
3248 2767 3418 2822 neque
3447 2761 3622 2806 tamen
3665 2753 3896 2820 publice,
3927 2753 4022 2806 sed

2438 2854 2718 2905 seorsum;
2749 2841 2798 2896 id
2830 2852 2931 2905 est,
2963 2843 3028 2898 ab
3057 2843 3174 2897 aliis
3201 2852 3436 2898 semotus
3457 2842 3767 2912 discipulis;
3801 2845 4020 2914 aitque:

2438 2931 2525 2986 22.
2558 2932 2820 3001 Propitius
2847 2933 2932 2985 tibi
2971 2933 3058 3000 sis,
3090 2932 3323 2998 Domine,
3369 2951 3469 2988 non
3507 2935 3598 2987 erit
3623 2933 3710 2988 tibi
3740 2935 3853 2988 hoc.
3883 2937 4023 3003 Quid

2440 3023 2540 3077 hoc
2562 3025 2682 3076 est?
2723 3025 2811 3093 qui
2842 3023 3218 3080 revelationem
3246 3024 3448 3088 habuit,
3501 3027 3590 3094 qui
3618 3026 3806 3081 beatus
3829 3028 4027 3096 ρεσεόί-

2439 3125 2587 3170 catus
2614 3122 2714 3180 est,
2741 3115 2827 3169 hic
2866 3114 3044 3169 subito
3083 3114 3264 3184 lapsus
3287 3115 3499 3180 cecidit,
3531 3115 3601 3169 ita
3627 3125 3686 3170 ut
3715 3116 4026 3185 passionem

2441 3207 2600 3260 etiam
2627 3205 2951 3259 timeret?et
2977 3204 3104 3275 quid
3130 3206 3342 3269 mirum,
3386 3205 3429 3259 si
3470 3205 3535 3270 is,
3579 3205 3668 3275 qui
3709 3205 3807 3260 hac
3847 3205 3920 3260 de
3971 3220 4031 3260 re.

2442 3313 2547 3352 non
2573 3306 2853 3366 acceperat
2893 3297 3292 3363 revelationem,
3338 3296 3390 3351 id
3434 3309 3621 3366 passus
3641 3297 3745 3351 sit?
3779 3295 3846 3352 Ut
3879 3297 4028 3351 enim

2440 3387 2618 3443 discas
2644 3388 2791 3442 illum
2821 3402 2883 3442 ea
2913 3402 3030 3457 quae
3055 3401 3212 3456 supra
3241 3387 3380 3442 dicta
3406 3398 3530 3443 sunt
3574 3391 3682 3443 non
3709 3404 3773 3445 ex
3803 3403 3862 3443 se
3899 3404 4032 3458 pro-

2445 3480 2629 3535 tulisse
2652 3522 2667 3545 ,
2700 3479 2819 3535 vide
2861 3478 3126 3549 quomodo
3147 3481 3197 3533 in
3221 3478 3303 3533 his
3335 3495 3454 3548 qua:
3493 3480 3594 3534 sibi
3634 3481 3870 3536 revelata
3921 3495 4030 3533 non

2443 3569 2685 3635 fuerant,
2734 3570 2974 3625 turbetur
3005 3553 3073 3624 et
3110 3577 3410 3634 evertatur,
3458 3578 3511 3624 et
3537 3569 3730 3624 millies
3758 3569 4033 3624 audiendo

2445 3678 2552 3718 non
2583 3663 2787 3717 noverit
2824 3663 2949 3732 quid
2975 3660 3257 3725 diceretur.
3287 3660 3418 3716 Nam
3444 3662 3586 3732 quod
3626 3661 3791 3716 Filius
3820 3663 3916 3718 Dei
3947 3679 4034 3718 es-

2445 3767 2546 3820 set,
2575 3755 2626 3808 id
2650 3764 2794 3810 ccrte
2817 3763 3066 3819 noverat;
3095 3754 3217 3824 quid
3241 3763 3416 3808 autem
3437 3755 3505 3808 sit
3526 3754 3832 3825 mysterium
3849 3758 4034 3808 crucis

2445 3855 2499 3902 et
2516 3846 2937 3905 resurrectionis.
2958 3844 3192 3900 nondum
3206 3845 3305 3914 ipsi
3327 3845 3471 3900 clare
3491 3856 3672 3899 notum
3694 3856 3826 3899 erat.
3844 3845 4033 3900 Sermo

2446 3938 2813 4007 enim,inquit,
2834 3948 2939 3990 erat
2959 3937 3080 4007 ipsis
3106 3938 3346 3992 occultus.
3377 3937 3538 3992 Vides
3562 3936 3840 4005 illumjure
3870 3953 4030 3991 mau-

2447 4028 2621 4094 dasse,
2657 4043 2723 4082 ne
2752 4029 2869 4081 aliis
2887 4026 3163 4082 dicerent?
3186 4025 3315 4080 Nam
3350 4027 3394 4082 si
3427 4041 3519 4080 eos
3553 4041 3686 4096 quos
3712 4025 3761 4080 id
3787 4025 4036 4082 ediscere

2450 4122 2807 4175 necessarium
2838 4130 2955 4175 erat
2990 4123 3058 4174 ita
3096 4119 3351 4184 turbavit,
3388 4118 3512 4187 quid
3550 4134 3654 4173 non
3677 4119 3817 4188 passi
3845 4133 4037 4174 essent

2447 4212 2666 4266 caeteri?
2687 4211 2800 4280 Ipse
2823 4227 2945 4266 vero
2963 4220 3024 4265 ut
3045 4210 3355 4265 ostenderet
3374 4225 3431 4263 se
3456 4224 3558 4264 non
3577 4211 3795 4264 invitum
3815 4210 3881 4265 ad
3902 4227 4038 4280 pas-

2450 4308 2653 4359 sionem
2669 4306 2871 4368 venire,
2889 4304 3175 4371 increpavit
3190 4303 3424 4368 Petrum,
3437 4312 3780 4372 satanamque
3795 4309 4032 4361 vocavit.

2517 4400 2570 4452 4.
2612 4398 2687 4450 De
2725 4413 2869 4450 cruce
2899 4394 3082 4451 Christi
3121 4412 3222 4450 non
3246 4395 3651 4454 erubescendum.
3679 4397 3816 4452 Crux
3837 4402 4040 4468 quoties

2449 4500 2554 4543 tum
2581 4490 2773 4559 publice
2802 4500 2905 4543 tum
2934 4490 3166 4559 privatim
3190 4490 3526 4544 adhibitac—
3553 4490 3781 4544 Audiant
3829 4492 3924 4560 qui
3971 4493 4040 4546 de

2447 4599 2606 4640 cruce
2641 4582 2836 4637 Christi
2873 4582 3210 4637 erubescunt.
3243 4582 3448 4637 Etenim
3479 4582 3521 4636 si
3562 4582 3878 4653 coryphceus
3921 4585 4037 4650 ille,

2448 4685 2732 4744 antequam
2774 4673 2950 4727 omnia
2993 4674 3158 4742 probe
3197 4673 3394 4736 sciret,
3436 4672 3576 4742 quod
3623 4673 3714 4726 tali
3755 4684 3905 4728 esset
3954 4677 4038 4728 af-

2450 4763 2611 4828 fectu,
2641 4776 2854 4820 satanas
2880 4765 3176 4833 appellatus
3206 4772 3306 4830 est,
3338 4780 3494 4834 quam
3539 4765 3748 4818 veniam
3780 4780 4039 4821 merean-

2451 4866 2536 4911 tur
2577 4857 2651 4912 illi
2693 4857 2802 4926 qui,
2844 4865 2964 4924 post
3010 4863 3207 4908 tantam
3245 4854 3779 4920 demonstrationem,
3813 4870 4042 4911 incone-

2450 4950 2609 5004 miam
2641 4947 2873 5018 negant?
2897 4947 3118 5014 Quando
3142 4947 3283 5002 enim
3311 4947 3390 5000 vir
3408 4948 3498 5016 qui
3525 4947 3709 5002 beatus
3734 4949 4042 5017 appellatus

2450 5052 2549 5104 εει,
2583 5042 2668 5110 qui
2699 5040 2855 5094 talem
2887 5039 3100 5109 protulit
3141 5038 3551 5104 confessionem,
3581 5038 3695 5094 haec
3725 5048 3905 5093 tanien
3947 5056 4044 5094 au-

2451 5133 2548 5198 dit,
2579 5134 2628 5186 in
2660 5133 2838 5186 animo
2870 5142 3052 5200 reputa
3081 5139 3276 5200 quanta
3307 5131 3513 5198 passuri
3544 5130 3650 5185 sint
3689 5132 3746 5196 ii,
3785 5133 3879 5201 qui
3917 5144 4043 5204 post

2452 5227 2550 5280 ista
2579 5225 2888 5295 mysterium
2916 5224 3089 5278 crucis
3119 5223 3468 5292 vilipenduat.
3492 5221 3602 5276 Non
3629 5222 3779 5287 dixit,
3805 5221 4041 5278 Satanas

2452 5333 2546 5387 per
2573 5326 2624 5371 te
2653 5317 2900 5384 loquutus
2942 5324 3055 5381 est;
3086 5314 3197 5378 sed,
3231 5315 3320 5368 25.
3367 5313 3503 5367 Vade
3532 5324 3642 5381 post
3672 5329 3769 5379 me,
3800 5324 4039 5371 satanas.

2451 5410 2581 5463 Nam
2609 5409 2855 5476 cupiebat
2883 5407 3215 5462 adversarius
3245 5416 3300 5459 ut
3328 5405 3572 5459 Christus
3593 5421 3696 5459 non
3719 5416 4002 5475 pateretur
4026 5426 4039 5462 :

2455 5502 2572 5558 ideo
2616 5503 2692 5556 sic
2721 5500 3060 5555 vehementer
3099 5498 3408 5566 increpavit,
3441 5497 3581 5567 quod
3621 5497 3850 5552 maxime
3871 5500 4043 5555 sciret

2453 5607 2506 5651 et
2539 5597 2681 5650 illum
2711 5605 2763 5651 et
2792 5595 2923 5647 alios
2953 5596 3048 5647 hoc
3077 5593 3245 5661 ipsum
3277 5590 3484 5653 timere,
3513 5605 3683 5658 neque
3713 5589 3872 5645 facile
3906 5592 4041 5646 illud

2456 5687 2754 5741 admittere.
2810 5685 3141 5752 Quapropter
3185 5684 3377 5734 mentis
3439 5682 3786 5748 ejus'arcaua
3835 5683 4044 5737 revelat

2461 5779 2642 5833 dicens
2673 5796 2682 5831 :
2716 5776 2834 5831 Non
2863 5778 2996 5844 sapis
3027 5791 3082 5828 ea
3115 5789 3224 5843 (ματ
3262 5772 3352 5827 De:
3379 5783 3514 5840 sunt,
3538 5773 3624 5834 sed
3652 5787 3708 5825 ea
3729 5789 3846 5844 qua:
3874 5775 4034 5827 licini-
