4154 6324
146 392 236 450 εδτ
1247 385 1314 441 ΙΝ-
1350 379 1728 440 ΜᾹΤΤΗᾹΞΗΕ

1834 379 2026 436 lOBIIL.
2069 378 2200 434 LIV.
2243 381 2314 433 al.
2359 377 2444 434 LV

147 524 277 559 nunt.
299 502 438 574 Quid
471 518 634 573 porro
661 503 788 558 illud
815 512 918 569 est,
949 501 1067 556 Non
1094 501 1236 572 sapis
1257 518 1315 556 ea
1343 516 1457 571 qut:
1485 500 1577 554 Dei
1596 508 1733 565 sunt,

147 601 230 653 ml
253 617 312 653 ea
341 614 456 663 qua
495 599 758 651 hominum
779 599 806 652 .’
831 597 923 652 llle
969 596 1202 650 humano
1245 606 1297 649 et
1325 604 1539 650 terreno
1569 593 1736 647 ratio-

145 693 280 745 cinio
307 707 420 746 rem
450 691 785 756 examinans,
832 690 1050 759 putabat
1094 689 1143 744 id
1171 689 1386 744 Christo
1431 697 1584 756 turpe
1617 702 1738 742 esse

145 796 190 839 et
219 783 558 838 indecorum.
604 784 777 852 Ipsum
820 783 999 852 itaque
1035 798 1262 849 carpens
1306 784 1379 836 ait
1407 799 1418 832 :
1451 781 1565 836 Non
1597 783 1735 836 inde-

146 889 320 927 corum
354 882 441 927 est
468 889 553 927 me
581 874 684 942 pati
709 890 722 925 :
746 873 838 927 sed
863 883 914 925 tu
947 872 1732 938 carnaliconsilioitajudicas:

145 965 225 1035 qui
254 964 299 1017 si
329 964 624 1019 secundum
650 963 982 1039 Deum'dicta
1000 963 1260 1027 audisses,
1284 980 1311 1018 a
1340 963 1540 1018 carnali
1558 965 1737 1017 animo

146 1057 439 1127 expeditus,
473 1057 639 1111 scires
671 1057 720 1110 id
750 1073 835 1112 me
859 1058 1091 1111 maxime
1117 1056 1312 1113 decere
1337 1074 1351 1122 ;
1383 1067 1438 1111 tu
1467 1058 1610 1112 enim
1640 1073 1735 1126 pu-

148 1161 237 1210 tas,
272 1149 547 1218 indignam
579 1164 690 1203 rem
719 1163 857 1213 esse,
902 1149 948 1202 si
989 1148 1042 1203 id
1084 1164 1183 1216 ego
1230 1150 1438 1218 patiar:
1472 1164 1571 1219 ego
1607 1165 1736 1204 vero

148 1244 258 1297 dico
285 1243 408 1305 tibi,
438 1242 634 1296 diaboli
666 1241 992 1296 voluntatem
1013 1257 1134 1297 esse
1165 1252 1218 1296 ut
1248 1258 1346 1313 ego
1377 1257 1481 1295 non
1517 1244 1687 1311 patiar
1717 1259 1732 1295 :

146 1353 202 1391 ex
247 1335 540 1391 contrariis
584 1335 995 1390 sollicitudinem
1048 1333 1166 1402 ejus
1207 1334 1551 1403 reprimebat.
1585 1334 1737 1390 Sicut

147 1427 278 1481 enim
309 1425 576 1480 Joannem
604 1425 692 1494 qui
723 1425 995 1494 indignum
1026 1422 1241 1479 Christo
1268 1425 1486 1494 putabat
1509 1441 1650 1489 esse,
1688 1425 1732 1480 si

145 1515 271 1570 ahse
290 1515 676 1585 baptizaretur,
692 1515 755 1568 ad
781 1515 830 1568 id
850 1514 1150 1570 faciendum
1175 1515 1378 1570 induxit
1395 1515 1581 1571 dicens
1604 1534 1616 1569 :
1646 1515 1736 1570 Sic
1757 1577 1763 1582 _

147 1610 273 1662 decet
321 1625 416 1661 nos
444 1605 658 1678 (Matth.
707 1609 760 1662 5.
807 1606 931 1676 15);
974 1615 1027 1660 et
1075 1607 1172 1676 ipsi
1221 1607 1378 1661 Petro
1420 1608 1582 1676 pedes
1607 1621 1734 1662 suos

147 1702 314 1755 lavare
345 1698 646 1769 prohibenti
671 1700 824 1765 dixit,
863 1697 978 1752 Non
1000 1699 1152 1753 habes
1173 1710 1368 1768 partem
1390 1716 1602 1763 mecum,
1636 1700 1736 1753 nisi

147 1791 287 1860 pedes
332 1800 448 1844 tuos
486 1790 654 1843 lavero
685 1789 863 1857 (Joan.
899 1790 986 1845 15.
1015 1788 1086 1861 8)
1125 1790 1246 1846 :sie
1277 1801 1329 1845 et
1369 1791 1470 1846 hoc
1509 1791 1742 1846 loso‘er

146 1882 422 1937 contrariis
451 1882 624 1953 ipsum
651 1882 928 1951 repressit,
955 1891 1021 1937 et
1040 1883 1732 1952 increpationisvehemcm

146 1977 204 2028 tia
236 1975 490 2029 timorem
519 1974 782 2044 passionis
816 1975 1089 2030 exstinxit.
1129 1975 1408 2031 Neminem
1439 1977 1597 2046 igitur
1639 1992 1735 2045 pu-

147 2068 256 2121 deat
299 2067 694 2122 honorabilium
727 2067 914 2121 salutis
955 2077 1152 2122 nostrae
1191 2067 1578 2137 symbolarum,
1612 2083 1730 2138 qua:

145 2168 255 2212 sunt
285 2170 450 2228 caput
490 2158 774 2218 bonorum.
819 2174 911 2228 per
935 2174 1056 2228 quin
1082 2159 1330 2224 vivimus,
1365 2175 1458 2228 per
1496 2176 1614 2230 qua:
1642 2175 1732 2214 su-

146 2267 252 2306 mus
276 2269 291 2304 :
318 2251 414 2305 sed
446 2266 660 2305 crucem
688 2250 881 2306 Christi
912 2253 1060 2322 quasi
1101 2268 1352 2307 coronam
1384 2254 1730 2308 circumfera-

145 2357 288 2408 ntus;
324 2357 422 2412 per
442 2357 560 2396 eam
589 2342 734 2398 enim
761 2343 938 2397 omnia
964 2360 1085 2414 qua:
1111 2344 1177 2398 ad
1207 2359 1302 2398 nos
1329 2355 1573 2413 spectant
1605 2359 1729 2414 per-

147 2436 406 2489 ficiuntur.
461 2435 517 2490 Si
581 2437 888 2505 regenerari
938 2446 1226 2506 oporteat,
1277 2453 1409 2493 crux
1451 2438 1636 2501 adest;
1685 2439 1730 2492 si

145 2527 360 2596 mystico
383 2525 476 2580 illo
496 2525 618 2579 cibo
639 2527 848 2590 nutriri,
868 2527 910 2581 si
930 2529 1186 2592 ordinari,
1211 2538 1263 2584 et
1286 2530 1330 2583 si
1353 2530 1562 2600 quidvis
1586 2531 1730 2586 aliud

145 2617 460 2683 faciendum,
490 2619 688 2688 ubique
716 2621 868 2674 nobis
910 2620 1060 2676 adest
1098 2621 1200 2676 hoc
1241 2623 1478 2678 victoriae
1515 2625 1731 2696 symbo-

144 2708 258 2762 lum.
290 2709 497 2764 ltlcirco
521 2719 576 2765 et
603 2709 768 2776 domi,
797 2721 851 2766 et
875 2711 926 2765 in
959 2713 1267 2780 parietibus,
1296 2724 1350 2769 et
1373 2715 1424 2769 in
1456 2715 1726 2783 fenestris,

143 2809 189 2854 et
215 2801 260 2855 in
285 2800 465 2857 fronte
492 2809 546 2857 et
569 2803 620 2856 in
653 2814 852 2868 mente,
886 2805 1028 2859 illam
1067 2821 1187 2860 cum
1233 2807 1399 2862 multo
1435 2808 1612 2862 studio
1634 2809 1730 2864 de-

145 2893 420 2962 pingimus.
475 2893 586 2948 Hoc
635 2896 830 2964 quippe
881 2897 1089 2965 signum
1143 2908 1225 2952 est
1274 2909 1472 2954 nostra:
1516 2902 1726 2968 salutis,

143 2985 434 3038 communis
463 2985 744 3047 libertatis,
769 2995 822 3039 et
846 2989 1270 3043 mansuetudinis
1301 2991 1507 3045 Domini
1538 3010 1550 3045 :
1579 2990 1727 3047 Sicut

141 3077 234 3130 oris
274 3077 420 3130 enim
465 3076 534 3129 ad
561 3078 856 3131 occisionem
897 3079 1073 3134 ductus
1098 3089 1168 3133 est
1219 3079 1354 3152 (Act.
1384 3081 1438 3136 8.
1472 3081 1558 3136 52.
1596 3082 1724 3138 Isai.

142 3168 217 3221 53.
249 3169 326 3236 7).
359 3169 491 3222 Cum
526 3168 682 3237 igitur
723 3178 774 3222 te
806 3168 1003 3238 signas,
1047 3180 1213 3225 totum
1246 3173 1419 3226 crucis
1445 3189 1727 3240 argumen-

141 3271 239 3314 tum
266 3263 466 3332 cogita,
497 3262 780 3332 exstingue
797 3263 926 3317 iram
951 3279 1244 3332 omnestjue
1267 3281 1456 3334 pravos
1480 3265 1723 3320 allectus.

141 3353 257 3407 Cum
286 3365 341 3408 te
369 3355 571 3424 signas,
604 3357 767 3407 multa
797 3353 986 3409 fiducia
1025 3357 1252 3411 frontem
1285 3364 1430 3411 tuam
1461 3359 1626 3426 reple,
1658 3357 1726 3410 li-

141 3446 311 3498 berant
348 3444 509 3498 facito
535 3447 788 3500 animam.
819 3446 980 3500 Scitis
1012 3448 1167 3516 plane
1196 3463 1442 3518 quamam
1470 3449 1578 3503 sint
1605 3464 1727 3520 quae

142 3535 430 3589 libertatem
458 3535 613 3589 nobis
637 3538 860 3604 pariant.
885 3535 1010 3590 Ideo
1032 3539 1232 3592 Paulus
1247 3538 1310 3590 ad
1341 3538 1390 3592 id
1419 3536 1728 3594 nos'cohor-

143 3636 267 3690 tans,
297 3628 406 3684 hoc
431 3629 599 3698 estad
628 3628 923 3683 libertatem
954 3629 1105 3684 nobis
1121 3641 1523 3699 congruentem,
1551 3632 1726 3686 crucis

141 3731 187 3769 et
225 3720 506 3789 sanguinis
546 3719 798 3774 dominici
840 3721 1110 3775 mentione
1171 3721 1343 3786 facta,
1390 3721 1469 3777 sic
1522 3724 1722 3777 habet:

147 3809 323 3876 Pretio,
360 3811 551 3881 inquit,
585 3813 740 3880 empti
767 3815 883 3866 estis
909 3827 927 3874 ,'
968 3830 1030 3867 ne
1057 3814 1166 3866 sitis
1205 3815 1333 3867 servi
1362 3814 1620 3868 hominum
1647 3817 1722 3886 (l.

141 3904 245 3958 Cor.
279 3907 332 3958 7.
362 3905 481 3973 25).
513 3905 720 3972 Cogita,
754 3906 960 3974 inquit,
1001 3909 1224 3974 pretium
1269 3923 1364 3978 pro
1393 3918 1444 3962 te
1473 3925 1721 3962 numera-

143 4006 258 4060 tum,
287 4006 454 4066 atque
486 3997 679 4050 nullius
712 3997 942 4050 hominis
962 3999 1066 4051 eris
1093 4013 1308 4066 servus;
1345 4001 1572 4068 pretium
1598 4015 1724 4054 vero

140 4102 342 4143 crucem
391 4098 566 4141 vocat.
616 4087 800 4157 Neque
833 4088 975 4142 enim
1022 4089 1338 4157 simpliciter
1384 4091 1527 4144 illam
1559 4092 1724 4162 digito

140 4181 418 4238 ell’ormare
446 4192 676 4251 oportet,
711 4182 802 4237 sed
835 4185 979 4250 prius
1001 4183 1272 4238 voluntate
1302 4194 1354 4238 et
1392 4186 1554 4237 nmlta
1598 4185 1719 4239 lide.

139 4272 184 4325 Si
236 4273 336 4328 hoc
392 4273 551 4327 modo
605 4273 749 4327 illam
792 4274 843 4326 in
887 4273 1018 4328 lacie
1061 4284 1145 4328 tua
1189 4275 1517 4344 depinxeris,
1548 4277 1723 4330 nullus

141 4366 461 4435 impnrorum
505 4366 808 4419 daemonum
855 4374 1036 4420 contra
1081 4376 1133 4422 te
1174 4377 1318 4421 stare
1364 4367 1571 4436 poterit,
1599 4382 1722 4422 cum

137 4476 308 4517 ensem
367 4461 548 4515 videat
588 4476 694 4531 quo
725 4462 912 4514 vulnus
954 4462 1178 4529 accepit,
1217 4475 1337 4514 cum
1374 4461 1724 4530 glatlinmvi.

139 4552 248 4606 deat
273 4570 384 4623 quo
411 4553 552 4606 letali
595 4551 744 4621 plaga
774 4549 1046 4619 perfossus
1073 4559 1176 4604 est.
1221 4550 1276 4606 Si
1307 4567 1404 4604 nos
1433 4552 1576 4606 enim
1609 4552 1730 4605 loca»

141 4645 379 4699 videntes
422 4644 512 4698 ubi
561 4645 635 4696 rei
679 4642 975 4704 creduntur,
1023 4642 1515 4710 perhorrescimus,
1549 4645 1720 4712 cogita

139 4736 249 4802 quid
297 4735 516 4805 passuri
560 4737 666 4789 sint
707 4734 964 4788 diabolus
993 4745 1046 4788 et
1071 4734 1367 4800 da'tnones,
1400 4735 1561 4788 telum
1593 4734 1721 4787 illud

139 4828 392 4889 videntes,
435 4842 543 4896 quo
569 4825 812 4882 Christus
843 4833 1007 4879 totam
1045 4827 1253 4880 illorum
1285 4826 1576 4893 potentiam
1616 4827 1725 4880 sol-

139 4920 221 4980 vit,
247 4918 612 4988 draconisque
638 4925 799 4986 caput
842 4916 1088 4971 abscidit.
1121 4916 1198 4971 Ne
1226 4917 1404 4988 itaque
1443 4924 1493 4971 te
1529 4916 1724 4985 pudeat

138 5016 254 5064 tanti
294 5010 509 5080 accepti
556 5009 703 5077 boni,
744 5024 810 5063 .te
848 5007 1117 5062 Cbristun.
1161 5008 1235 5062 tui
1286 5007 1482 5078 pudeat
1507 5008 1722 5077 quando

137 5103 299 5155 veniet
325 5117 458 5157 cum
484 5100 653 5171 gloria
680 5115 797 5164 sua,
837 5099 1021 5154 ethoc
1046 5100 1255 5169 signum
1297 5108 1422 5154 ante
1448 5099 1720 5154 Christum

137 5194 396 5248 videbitur
452 5191 581 5262 ipsis
633 5191 897 5245 solaribus
953 5190 1117 5245 radiis
1167 5191 1520 5259 splendidius.
1575 5190 1724 5246 Tunc

139 5287 266 5338 enim
295 5301 436 5341 crux
462 5284 659 5347 veniet,
690 5292 979 5351 conspectu
1019 5299 1119 5337 suo
1146 5298 1332 5338 vocem
1369 5285 1637 5347 emittens,
1671 5294 1726 5340 et

139 5378 386 5430 adversus
433 5377 619 5430 orbem
664 5386 831 5429 totum
883 5391 1098 5430 causam
1155 5376 1360 5429 Domini
1405 5376 1721 5444 defendens,

140 5472 534 5539 ostendensque
579 5468 713 5521 nihil
754 5483 820 5522 ex
853 5469 970 5537 ejus
1019 5478 1168 5536 parte
1211 5467 1464 5522 defuisse.
1512 5469 1621 5522 Hoc
1649 5469 1724 5522 si-

138 5577 287 5627 gnum
317 5571 375 5614 et
406 5560 666 5630 majorum
697 5569 1002 5614 nostrorum
1049 5569 1289 5628 tempore
1315 5572 1367 5614 et
1396 5575 1511 5613 aevo
1541 5570 1726 5614 nostro

135 5652 336 5706 clausas
353 5653 566 5721 aperuit
579 5651 800 5722 ianuas;
824 5652 924 5705 hoc
939 5653 1148 5720 signum
1165 5663 1423 5706 venenata
1441 5651 1726 5720 pharmaca

140 5745 420 5808 exstinxit;
469 5743 566 5799 hoc
592 5743 780 5798 cicutae
810 5744 916 5797 vim
959 5744 1150 5808 solvit;
1199 5743 1300 5797 hoc
1344 5757 1725 5799 venenatarum

144 5834 365 5893 auarum
387 5850 597 5894 momus
609 5835 838 5895 curavit.
860 5833 991 5890 Nam
1010 5834 1246 5906 si-portas
1269 5834 1556 5890 inferortun
1595 5851 1725 5905 ape-

3351 377 3450 434 ωε

1847 503 1972 563 ruit,
2001 501 2044 556 si
2075 499 2332 554 (sclorum
2357 499 2493 554 ostia
2526 498 2807 564 reseravit,
2835 506 2888 553 et
2917 495 3147 568 paradisi
3170 496 3451 551 renovavit

1845 590 2164 662 ingressum,
2183 592 2225 645 si
2242 590 2438 646 diaboli
2459 606 2651 646 nervos
2677 590 2895 646 rescidit
2915 613 2926 646 :
2945 589 3074 660 quid
3091 592 3286 645 mirum
3305 589 3348 643 si
3368 589 3449 642 le-

1845 683 1998 740 til‘era
2017 684 2324 753 pharmaca,
2346 683 2505 747 feras,
2525 683 2734 754 aliaque
2758 682 3069 753 hujusmodi
3089 683 3452 752 superaverit?

1915 777 1969 831 5.
2007 775 2121 832 Hoc
2147 791 2276 846 ergo
2307 776 2361 830 in
2407 787 2585 831 mente
2614 785 2700 831 tua
2735 776 3015 846 insculpe,
3050 785 3105 829 et
3143 776 3448 831 animarum

1843 875 2146 920 nostrarum
2209 867 2436 920 salutem
2481 868 2825 935 amplectere.
2888 867 3014 922 llzcc
3067 865 3263 936 quippe
3315 881 3448 922 crux

1842 960 2026 1014 orbem
2051 961 2289 1014 servavit
2332 970 2385 1015 et
2413 963 2710 1028 convertit,
2743 976 2986 1016 errorem
3026 962 3263 1032 expulit,
3307 963 3450 1018 veri-

1844 1059 2004 1105 tatem
2034 1052 2274 1117 induxit,
2311 1063 2506 1106 terram
2535 1054 2725 1108 caelum
2771 1053 2977 1114 effecit.
3009 1055 3256 1110 homines
3286 1072 3447 1127 ange-

1842 1141 1922 1195 los
1940 1141 2193 1199 reddidit.
2211 1143 2269 1197 Vi
2298 1145 2472 1198 crucis
2501 1144 2775 1200 daemones
2794 1161 2901 1200 non
2932 1147 3068 1201 ultra
3097 1147 3447 1215 formidandi,

1841 1235 1936 1290 sed
1984 1235 2310 1306 despiciendi
2361 1248 2522 1304 sunt;
2574 1254 2748 1310 neque
2804 1255 2952 1295 mors
3001 1256 3148 1296 mors
3180 1250 3299 1308 est,
3349 1243 3447 1298 sed

1840 1344 2094 1385 somnus:
2117 1345 2213 1400 per
2237 1346 2450 1386 crucem
2477 1349 2596 1402 qum
2618 1335 2770 1389 nobis
2797 1336 3246 1402 adversabantur,
3265 1337 3448 1391 omnia

1840 1420 1986 1476 humi
2033 1421 2238 1491 dejecta
2269 1425 2671 1480 eoneuleantur.
2705 1425 2758 1480 Si
2784 1427 2906 1496 quis
2933 1442 3062 1498 ergo
3109 1427 3253 1482 dicat
3306 1428 3400 1483 tibi
3435 1469 3451 1492 ,

1839 1514 2236 1571 Crucifixumne
2261 1515 2454 1571 adoras
2472 1507 2506 1572 ἶ
2524 1517 2642 1572 latta
2669 1533 2818 1582 voce,
2851 1519 3004 1574 hilari
3033 1520 3186 1574 vultu
3212 1536 3447 1591 respon—
3511 1501 3520 1520 ’

1838 1617 1929 1673 de,
1962 1607 2144 1662 Adoro
2165 1651 2179 1674 ,
2203 1623 2312 1664 nec
2330 1608 2589 1664 adorandi
2621 1610 2780 1664 linem
2810 1609 3022 1666 faciam.
3041 1612 3312 1667 .Si-rideat
3332 1656 3347 1678 ,
3379 1614 3448 1670 dc

1839 1698 1954 1766 ejus
1982 1697 2482 1769 insaniatlacrymas
2508 1699 2691 1755 funde.
2738 1701 2950 1757 Gratias
2977 1718 3076 1772 age
3105 1705 3332 1759 Domino
3379 1705 3454 1760 de

1840 1790 2000 1843 tantis
2044 1790 2319 1845 beneficiis
2339 1835 2353 1856 ,
2385 1807 2506 1863 qua:
2536 1793 2653 1849 sine
2679 1795 2878 1857 caelesti
2908 1791 3235 1852 refutatione
3266 1815 3332 1853 ne
3359 1798 3446 1853 di-

1838 1895 1990 1937 scere
2015 1883 2228 1953 quidem
2261 1885 2387 1955 quis
2409 1885 2596 1955 possit.
2633 1885 2758 1942 Ideo
2779 1903 2973 1958 nempe
3001 1888 3087 1943 hic
3117 1889 3256 1944 ridet
3275 1932 3300 1955 ,.
3323 1890 3451 1960 quia.

1837 1975 2090 2029 Animalis
2120 1977 2270 2031 homo
2314 1995 2414 2031 non
2444 1979 2658 2049 percipit
2702 1997 2760 2033 ea
2787 1997 2901 2051 qua:
2931 1980 3159 2051 Spiritus
3179 1993 3300 2036 sunt
3347 1984 3363 2052 (
3393 1984 3445 2037 1.

1838 2067 1954 2122 Cor.
1979 2067 2031 2121 2.
2061 2067 2181 2139 14).
2213 2068 2344 2122 Nam
2371 2078 2426 2124 et
2457 2070 2604 2138 pueri
2627 2070 2704 2124 sic
2722 2071 2900 2127 solent
2925 2070 3090 2139 afﬁci,
3111 2088 3443 2144 cummagna

1837 2159 2079 2230 quaedam
2110 2167 2166 2214 et
2196 2158 2455 2213 mirabilia
2487 2159 2718 2216 viderint
2743 2179 2756 2215 :
2786 2163 2832 2218 si
2863 2162 3120 2218 infantem
3149 2166 3215 2218 ad
3243 2176 3446 2236 mystc-

1837 2250 1974 2304 rium
2004 2251 2364 2306 introduxeris
2384 2292 2399 2317 ,
2441 2251 2659 2308 ridebit.
2692 2253 2785 2310 His
2821 2257 3060 2325 puerulis
3085 2258 3291 2314 similes
3321 2271 3443 2318 sunt

1833 2343 2097 2412 gentiles;
2131 2344 2239 2397 imo
2262 2343 2344 2399 his
2361 2359 2574 2414 quoque
2591 2354 2715 2400 sunt
2743 2346 3186 2416 imperfecliores.
3215 2351 3444 2424 Ideoque

1835 2439 2175 2505 miseriores,
2212 2439 2353 2510 quod
2402 2456 2508 2496 non
2552 2441 2603 2496 in
2636 2443 2955 2508 immatura,
2985 2444 3079 2499 sed
3131 2445 3181 2498 in
3207 2445 3444 2516 perfecta

1835 2543 2013 2600 aetate,
2034 2535 2226 2590 eodem
2257 2551 2362 2606 quo
2392 2537 2542 2606 pueri
2570 2538 2732 2592 modo
2761 2537 3092 2604 afficiantur;
3117 2549 3444 2608 quapropter

1835 2625 1990 2680 venia
2020 2635 2145 2682 sunt
2176 2626 2395 2699 indigni.
2427 2628 2533 2684 Sed
2564 2644 2664 2684 nos
2693 2630 2836 2684 clara
2867 2645 3166 2701 magnaque
3193 2646 3324 2685 voce
3350 2673 3363 2692 ,
3391 2641 3442 2684 et

1834 2717 2071 2773 clamore
2102 2719 2342 2775 adhibito
2389 2720 2665 2785 dicamus;
2718 2722 2827 2777 imo
2859 2724 3062 2793 majore
3091 2740 3212 2779 cum
3251 2722 3444 2779 ﬁducia

1834 2810 1878 2864 si
1934 2810 2165 2879 gentiles
2215 2825 2405 2867 omnes
2456 2813 2632 2868 adsint
2665 2833 2676 2868 :
2705 2813 2884 2870 Gloria
2943 2824 3124 2870 nostra
3161 2831 3292 2869 crux
3321 2822 3441 2878 est,

1834 2910 1995 2972 caput
2042 2902 2302 2958 bonormn
2335 2907 2612 2974 omnium,
2662 2906 2852 2962 fiducia
2898 2917 2952 2964 et
2981 2924 3199 2964 corona.
3237 2909 3441 2964 Vellem

1832 3007 1954 3048 cum
1987 2993 2150 3049 Paulo
2177 3010 2337 3064 posse
2367 2996 2545 3052 dicere
2577 3015 2588 3050 :
2625 2997 2731 3052 Per
2752 3016 2900 3068 quem
2927 3000 3053 3053 nti/ti
3079 3000 3297 3054 mundus
3323 3016 3443 3054 cru-

1831 3085 2014 3152 cifixus
2041 3095 2135 3150 est,
2168 3096 2213 3139 et
2239 3103 2331 3158 ego
2355 3091 2545 3141 mundo
2581 3088 2738 3158 (Gal.
2767 3090 2818 3144 6.
2856 3091 2960 3159 M)
2996 3109 3008 3144 :
3043 3091 3138 3145 sed
3179 3107 3283 3145 non
3314 3106 3437 3161 pos-

1833 3191 1952 3230 sum
2003 3178 2247 3246 plurimis
2297 3180 2548 3236 detentus
2595 3181 2894 3238 all‘ectibus.
2953 3187 3296 3255 Quapropter
3344 3200 3441 3238 vos

1834 3268 2042 3335 hortor,
2062 3280 2116 3324 et
2141 3282 2265 3326 ante
2286 3286 2383 3327 vos
2418 3273 2700 3342 meipsum,
2728 3283 2785 3328 ut
2809 3274 3008 3329 mundo
3034 3275 3437 3345 crucifigatnnr,

1832 3361 2069 3431 nihilque
2097 3378 2384 3417 commune
2415 3379 2536 3418 cum
2569 3373 2708 3419 terra
2745 3365 3035 3421 habeamus
3057 3408 3071 3432 ,
3104 3365 3196 3421 sed
3239 3383 3439 3438 super-

1832 3468 1952 3507 nam
1982 3468 2222 3509 amemus
2250 3455 2471 3524 patriam
2496 3497 2510 3518 ,
2543 3455 2764 3526 gloriam
2795 3457 2937 3511 illam
2958 3500 2973 3524 ,
3009 3457 3144 3514 bona
3176 3460 3435 3515 caelestia.

1831 3546 1960 3599 ham
1993 3545 2153 3616 Regis
2177 3547 2409 3603 caelestis
2437 3548 2634 3602 milites
2657 3564 2874 3616 sumus,
2904 3560 2958 3604 et
2988 3551 3153 3605 armis
3180 3551 3438 3621 spiritua-

1831 3637 1971 3694 libus
2019 3639 2306 3693 induimur.
2339 3639 2448 3695 Cur
2476 3656 2603 3712 ergo
2643 3657 2942 3711 cauponum
2965 3685 2980 3709 ,
3013 3643 3394 3700 eirculatornm
3415 3687 3434 3710 ,

1831 3731 1940 3784 imo
1973 3733 2231 3784 vermium
2264 3733 2422 3786 vitam
2455 3734 2706 3802 agimus?
2753 3733 2855 3789 Ubi
2885 3735 3030 3790 enim
3063 3751 3153 3790 rex
3184 3745 3269 3791 est
3298 3777 3314 3803 ,
3363 3737 3434 3791 ibi

1831 3821 2053 3877 militem
2094 3838 2215 3878 esse
2239 3833 2469 3893 Oportet.
2511 3823 2643 3879 Nam
2690 3826 2886 3880 milites
2933 3842 3120 3882 sumus
3151 3845 3162 3879 :
3199 3844 3306 3882 non
3339 3843 3434 3883 eo-

1831 3929 1950 3968 rum
1995 3914 2083 3984 qui
2112 3915 2268 3986 longe
2290 3957 2304 3982 ,
2337 3916 2431 3970 sed
2462 3931 2649 3972 eorum
2681 3919 2770 3988 qui
2812 3933 2978 3989 prope
3024 3928 3168 3974 sunt.
3219 3919 3440 3975 Etenim

1830 4021 1927 4061 rex
1958 4017 2203 4061 terrenus
2231 4022 2335 4062 non
2369 4009 2627 4078 permittit
2653 4026 2841 4065 omnes
2870 4012 2922 4065 in
2953 4013 3096 4081 regia
3126 4027 3247 4067 esse
3267 4054 3280 4078 ,
3332 4028 3443 4070 nec.

1829 4099 1894 4152 ad
1924 4099 2039 4169 ejus
2066 4100 2230 4156 latera
2261 4104 2586 4167 consistere;
2611 4114 2665 4158 at
2699 4105 2932 4161 caelestis
2975 4105 3063 4163 ille
3094 4105 3211 4160 Rex
3242 4121 3446 4160 omnes.

1831 4209 1996 4266 ptope
2028 4195 2234 4265 regium
2255 4195 2448 4249 solium
2477 4197 2493 4226 ί
2532 4197 2642 4250 vult
2669 4197 2882 4251 adesse.
2921 4198 2986 4251 Et
3017 4198 3288 4267 quomodo
3312 4198 3434 4253 ﬁeri

1829 4295 2042 4355 potest,
2075 4287 2309 4356 inquies,
2339 4287 2508 4341 ut-hic
2551 4287 2838 4358 degentes,
2865 4303 3031 4360 prope
3067 4288 3262 4343 solium
3283 4289 3438 4344 illud

1828 4381 2068 4435 stemus?
2098 4381 2238 4446 Quia.
2257 4389 2312 4434 et
2332 4381 2527 4434 Paulus
2548 4396 2670 4434 cum
2703 4382 2753 4434 in
2779 4392 2918 4436 terra
2949 4389 3124 4446 esset,
3153 4381 3220 4436 ibi
3251 4390 3430 4436 tamen

1828 4484 1976 4537 erat,
2009 4473 2096 4528 ubi
2152 4474 2432 4543 Seraphim
2464 4486 2519 4529 et
2555 4473 2846 4530 Cherubim
2871 4517 2887 4540 ,
2921 4475 3140 4546 propius
3175 4476 3430 4544 Christo,

1827 4585 1985 4640 quam
2014 4570 2273 4624 satellites
2304 4570 2636 4640 Imperatori.
2669 4569 2732 4623 Hi
2764 4585 2995 4641 namque
3029 4586 3172 4640 saepe
3195 4571 3432 4626 circum-

1829 4679 2036 4734 quaque
2082 4665 2410 4733 reSpiciunt;
2459 4664 2548 4718 ille
2591 4680 2720 4718 vero
2770 4664 2911 4718 nulla
2957 4665 3352 4736 imaginationis
3380 4667 3431 4720 vi

1827 4768 2004 4810 mutus
2051 4756 2132 4811 vel
2176 4757 2475 4811 abstractus
2510 4765 2659 4819 erat,
2687 4756 2782 4810 sed
2828 4756 3029 4811 intenta
3074 4767 3254 4811 mente
3299 4757 3432 4826 Regi

1826 4846 2042 4902 Christo
2086 4847 2345 4902 hauebat.
2398 4848 2575 4915 Quare
2605 4847 2646 4902 si
2677 4847 3038 4914 voluerimus,
3079 4864 3175 4904 nos
3217 4865 3433 4920 quoque

1829 4940 1879 4996 id
1909 4941 2223 5010 poterimus.
2255 4940 2384 4994 Nam
2425 4941 2466 4993 si
2494 4940 2733 4994 locorum
2766 4940 3048 4996 intervallo
3077 4951 3317 4998 semotus
3346 4958 3433 5000 es-

1828 5041 1930 5095 set,
1967 5045 2069 5085 non
2103 5033 2218 5086 sine
2238 5046 2397 5086 causa
2430 5031 2542 5087 hzrc
2565 5032 2828 5100 ohjiceres
2849 5048 2863 5098 ;
2888 5033 2981 5086 sed
3009 5033 3055 5087 si
3078 5033 3272 5102 ubique
3295 5051 3431 5104 pne-

1829 5140 1953 5180 seus
1983 5134 2100 5191 est,
2132 5125 2271 5194 vigili
2313 5134 2367 5179 et
2409 5133 2614 5178 attento
2642 5134 2788 5180 certe
2817 5125 3059 5194 proxime
3097 5126 3266 5182 adest.
3300 5126 3430 5182 Ideo

1830 5220 2088 5287 propheta
2121 5217 2352 5281 dicebat,
2381 5215 2501 5268 Non
2532 5216 2712 5268 timebo
2739 5217 2875 5270 mala
2895 5218 3134 5284 quoniam
3161 5227 3214 5271 tu
3233 5235 3428 5273 mecum

1829 5329 1879 5367 es
1906 5316 1922 5381 (
1945 5312 2088 5366 Psal.
2119 5311 2211 5367 22.
2243 5311 2315 5380 4)
2349 5327 2364 5363 :
2397 5317 2451 5363 et
2478 5325 2661 5363 rursus
2691 5310 2804 5378 ipse
2843 5311 2982 5363 Deus
3011 5329 3023 5363 :
3059 5309 3197 5364 Deus
3234 5328 3429 5380 appro-

1832 5407 2080 5475 pinquans
2130 5420 2220 5473 ego
2271 5419 2415 5466 sum,
2470 5418 2570 5455 non
2623 5399 2761 5454 Deus
2790 5402 2967 5465 procul
2997 5401 3142 5472 (Jer.
3166 5403 3257 5457 23.
3289 5402 3424 5473 25).

1830 5499 1977 5555 Sicut
2005 5497 2147 5551 enim
2177 5505 2390 5564 peccata
2413 5510 2508 5547 nos
2537 5494 2604 5548 ah
2637 5493 2725 5547 illo
2755 5493 3096 5563 disjungnnt,
3127 5495 3204 5548 sic
3224 5495 3428 5563 justitia

1832 5609 1930 5646 nos
1960 5590 2200 5660 adjungit
2240 5590 2356 5657 ipsi.
2391 5587 2521 5641 Nam
2549 5589 2622 5641 ait
2653 5606 2665 5640 :
2694 5586 2876 5640 Adhuc
2902 5597 2950 5640 te
2978 5587 3210 5657 loquente
3236 5589 3426 5654 dicam,

1834 5683 1964 5738 Ecce
1993 5683 2174 5735 adsunt
2219 5679 2380 5750 (Isai.
2411 5679 2499 5733 58.
2523 5676 2607 5748 9).
2640 5677 2771 5746 Quis
2803 5687 2953 5749 pater
2981 5677 3060 5734 sic
3091 5679 3229 5735 ﬁlios
3260 5695 3425 5748 ηερο-

1899 5844 1914 5875 ι
1949 5845 2080 5895 Unus
2096 5839 2265 5897 habet,
2292 5836 2580 5887 tlonu'uicmn
2606 5832 2796 5886 solium.
