4154 6324
702 380 807 433 559

703 510 885 566 tesque
910 492 1082 548 audiat
1104 491 1261 559 tique!
1289 492 1456 540 mater
1482 485 1548 536 ita
1583 490 1758 549 parata
1793 484 2136 547 promptaque
2165 470 2225 522 sit
2247 511 2260 532 ,

705 608 769 644 ne
800 604 856 644 se
888 585 1028 640 filioli
1074 578 1371 636 advocent?
1429 576 1594 631 Nemo
1624 583 1768 628 certe
1788 612 1803 635 ,
1836 585 1938 623 non
1965 577 2130 635 pater,
2163 579 2264 616 non

703 691 890 743 matur,
918 676 1012 732 sed
1043 675 1181 728 Deus
1210 670 1354 724 solus
1378 668 1587 722 assidue
1609 670 1896 732 exspecmt,
1927 674 2050 711 num
2069 655 2186 726 quis
2209 667 2268 705 se

701 771 1106 826 domesticorum
1134 763 1374 825 advocet,
1401 776 1496 815 nec
1523 772 1766 827 umquam
1796 763 1850 806 ut
1879 752 2030 804 decet
2055 753 2266 799 vocatus

701 885 727 919 a
760 866 941 926 nobis,
992 877 1096 915 non
1151 857 1367 913 audivit.
1424 854 1546 908 Iden
1577 852 1649 905 ait
1679 869 1688 902 :
1723 849 1898 900 Adhuc
1938 853 1982 896 te
2012 843 2266 910 loquente,

701 973 805 1012 non
833 953 1157 1025 exSpectabo
1181 951 1353 1006 donec
1376 945 1572 1001 finieris
1592 985 1604 1005 ,
1637 941 1728 996 scd
1769 938 1943 992 statim
1969 933 2266 988 exaudiam.

702 1023 1033 1104 Advocernus
1069 1046 1243 1112 itaque
1284 1041 1428 1094 illum
1456 1046 1511 1090 ut
1537 1035 1645 1088 vult
1673 1032 1918 1085 advocari
1950 1047 1960 1080 :
1994 1023 2268 1093 Quomodo

701 1142 806 1194 vult
835 1138 1007 1208 ergo?
1051 1135 1230 1197 Solve,
1259 1132 1461 1200 inquit,
1494 1143 1638 1180 onme
1680 1124 1930 1176 vinculum
1976 1117 2234 1187 injustitite
2253 1155 2267 1179 ,

701 1234 914 1286 dissolve
959 1229 1281 1298 obligatione:
1328 1223 1656 1277 violentarum
1702 1215 2019 1285 pactionum,
2076 1225 2269 1261 onmem

698 1323 997 1390 scripturam
1039 1319 1263 1384 iniquam
1290 1310 1570 1366 conscinde.
1602 1306 1803 1375 Frange
1833 1302 2065 1357 esurienti
2092 1315 2272 1368 panem

703 1428 864 1479 tnmn,
893 1423 936 1464 et
966 1424 1209 1480 pauperes
1233 1396 1479 1475 uagosque
1506 1401 1657 1454 induc
1689 1400 1739 1451 in
1762 1399 1964 1450 domum
2012 1403 2168 1446 tuam.
2212 1391 2273 1444 Si

701 1505 884 1556 ridet-is
914 1500 1125 1564 nudum,
1153 1496 1290 1566 operi
1317 1511 1448 1557 eum,
1472 1502 1517 1546 et
1543 1490 1832 1544 domesticos
1851 1485 2051 1540 seminis
2071 1485 2142 1536 tui
2172 1497 2273 1535 non

705 1594 1004 1662 despexeris.
1033 1589 1170 1644 Tunc
1210 1594 1433 1654 erumpet
1475 1583 1770 1635 matutinum
1819 1579 1982 1631 lumen
2003 1586 2144 1627 tuum
2169 1615 2181 1636 ,
2225 1583 2273 1627 et

703 1684 909 1739 nmdelce
931 1694 1027 1736 tute
1049 1696 1165 1735 mox
1185 1653 1406 1732 orientur
1432 1684 1476 1728 et
1503 1674 1698 1744 prteibit
1718 1683 1830 1724 ante
1855 1681 1897 1723 te
1915 1670 2115 1739 justitia
2137 1653 2228 1720 tua
2253 1705 2272 1734 ,

704 1791 749 1831 et
779 1777 938 1847 gloria
959 1773 1056 1827 Dei
1101 1770 1483 1825 cirrumamiciet
1524 1777 1586 1818 te.
1631 1763 1769 1817 Tunc
1799 1762 2047 1816 invocabis
2072 1778 2150 1813 me
2172 1801 2186 1824 ,
2227 1769 2274 1813 et

707 1870 973 1922 exaudiam
1007 1874 1069 1917 te.
1105 1863 1282 1915 Adhuc
1324 1870 1370 1913 te
1408 1861 1636 1934 loquente
1673 1857 1854 1908 dicam.
1914 1851 2046 1906 Ecce
2097 1852 2274 1904 adsum

707 1961 724 2026 t
753 1959 873 2011 Isai.
907 1957 993 2012 58.
1023 1953 1174 2024 6-9).
1209 1952 1313 2007 Sed
1341 1951 1565 2019 inquies,
1595 1946 1721 2013 Quis
1757 1945 1869 1999 hmc
1897 1944 2071 1998 omnia
2104 1943 2274 1996 facere

705 2047 940 2120 poterit?
970 2046 1080 2100 lmo
1103 2057 1250 2105 vero,
1292 2042 1376 2096 dic
1399 2054 1599 2109 quaeso,
1631 2038 1748 2107 quis
1780 2053 1883 2089 non
1915 2035 2124 2104 potest?
2147 2034 2272 2102 quid

707 2142 847 2192 mum
868 2154 930 2192 ex
960 2135 1114 2191 diutis
1145 2136 1213 2188 ita
1240 2131 1484 2187 difficile?
1509 2128 1633 2200 quid
1670 2128 1989 2196 operosum?
2013 2125 2139 2196 quid
2168 2139 2276 2180 non

709 2228 908 2285 facile?
953 2228 1026 2282 Ita
1055 2243 1157 2280 non
1189 2224 1346 2279 modo
1371 2221 1636 2292 possibilia
1663 2230 1786 2276 sunt
1805 2260 1818 2284 ,
1847 2218 1939 2274 sed
1969 2227 2022 2272 et
2058 2216 2227 2271 facilia
2257 2258 2272 2282 ,

709 2333 764 2375 ut
803 2320 952 2374 multi
979 2334 1161 2374 eorum
1206 2328 1506 2370 mensuram
1555 2311 1898 2376 excesserint,
1946 2324 2051 2363 non
2104 2309 2274 2362 solum

709 2414 903 2481 injusta
955 2409 1302 2481 chirographa
1348 2408 1674 2472 lacerantes,
1707 2404 1798 2459 sed
1828 2418 1946 2459 sese
1988 2402 2138 2457 bonis
2169 2402 2278 2456 suis

708 2505 1097 2572 exspoliantes;
1127 2517 1229 2556 non
1253 2501 1410 2554 modo
1437 2499 1534 2553 sub
1561 2506 1696 2552 tecto
1718 2507 1769 2551 et
1788 2495 1855 2550 ad
1877 2509 2109 2566 mensam
2151 2508 2278 2561 pau-

711 2612 864 2666 peros
884 2595 1221 2665 recipientes,
1239 2591 1331 2648 sed
1359 2592 1515 2645 etiam
1545 2589 1611 2643 ad
1642 2588 1757 2643 illos
1787 2585 2004 2642 alendus
2029 2599 2276 2654 magnum

711 2689 948 2758 corporis
976 2688 1209 2742 laborem
1254 2695 1307 2740 et
1334 2684 1582 2739 sudorem
1607 2681 1991 2750 suscipientes;
2043 2693 2148 2733 non
2190 2693 2280 2733 co-

713 2781 886 2849 gnatis
913 2779 1091 2843 modo,
1125 2778 1216 2832 sed
1233 2777 1390 2831 etiam
1420 2775 1647 2830 inimicis
1675 2771 1927 2827 beneficia
1945 2779 2274 2840 prmstantes.

783 2873 833 2927 6.
862 2871 998 2940 Quid
1027 2871 1078 2925 in
1105 2869 1418 2939 supradictis
1447 2867 1658 2922 difﬁcile
1683 2866 1794 2922 est?
1814 2866 1928 2919 Non
1957 2867 2095 2919 enim
2129 2866 2278 2931 dixit,

712 2961 1050 3019 Transcende
1094 2970 1334 3025 montes,
1390 2973 1534 3012 mare
1559 2958 1740 3025 trajice
1763 2998 1777 3022 ,
1810 2965 1885 3010 tot
1913 2964 1964 3009 et
1993 2964 2066 3009 tot
2095 2955 2278 3023 jugera

714 3064 869 3106 terrae
913 3049 1130 3105 effudias
1152 3091 1166 3114 ,
1190 3047 1402 3118 jejunus
1424 3047 1515 3099 diu
1541 3060 1784 3109 maneas,
1825 3058 1980 3099 sacco
2007 3055 2056 3099 te
2086 3045 2277 3108 indue;

714 3143 829 3207 sed,
859 3141 1108 3196 Proximo
1141 3141 1438 3210 impertire,
1469 3152 1654 3208 panem
1686 3138 1903 3207 largire,
1933 3137 2124 3206 injusta
2170 3135 2283 3191 chi-

714 3232 976 3303 rographa
1005 3231 1263 3287 rescinde.
1291 3230 1424 3299 Quid
1444 3273 1457 3295 ,
1487 3244 1666 3299 quasso
1686 3270 1699 3292 ,
1728 3229 1808 3283 his
1833 3229 2035 3284 facilius
2060 3229 2082 3281 ἲ
2133 3228 2285 3297 Quod

717 3325 758 3376 si
790 3322 1020 3377 difficilia
1047 3322 1134 3377 illa
1160 3330 1343 3390 putes,
1382 3321 1592 3390 praemia
1627 3320 1829 3388 respice
1850 3361 1865 3385 ,
1893 3328 1947 3375 et
1993 3318 2163 3374 facilia
2193 3319 2286 3374 tibi

717 3422 891 3467 erunt.
941 3411 1395 3480 Quemadmodum
1439 3411 1579 3466 enim
1627 3423 1778 3480 reges
1821 3410 1872 3464 in
1922 3409 2286 3480 hippodromis

717 3513 840 3558 ante
865 3501 1198 3558 decertantes
1227 3516 1448 3556 coronas
1471 3543 1485 3565 ,
1527 3500 1705 3554 bravia
1751 3509 1804 3555 et
1829 3501 2139 3555 vestimenta
2188 3517 2286 3571 po-

719 3605 850 3651 nunt
869 3636 882 3662 ,
913 3596 989 3650 sic
1015 3604 1067 3650 et
1097 3594 1335 3649 Christus
1360 3595 1412 3648 in
1441 3593 1612 3648 medio
1655 3592 1826 3648 stadio
1853 3594 2069 3663 praemia
2103 3595 2245 3663 ponit
2269 3637 2284 3659 ,

719 3702 782 3742 ac
832 3687 980 3757 quasi
1037 3687 1324 3741 multorum
1379 3686 1618 3740 manibus
1665 3701 1757 3754 per
1809 3686 2079 3756 prephetas
2126 3687 2285 3740 verba

720 3776 987 3847 expandit.
1020 3777 1096 3832 Ac
1125 3790 1278 3847 reges
1305 3775 1516 3862 quidem
1538 3819 1552 3841 ,
1585 3779 1685 3830 etsi
1725 3777 1912 3832 millies
1942 3791 2095 3846 reges
2138 3778 2283 3843 sint,

723 3875 907 3935 utpote
935 3865 1206 3934 homines,
1237 3864 1403 3920 ﬂuxas
1448 3865 1644 3921 habent
1670 3879 1798 3936 opes
1837 3876 1891 3922 et
1918 3865 2285 3921 liberalitatem

721 3973 839 4024 qua:
868 3966 1150 4013 evacuatur
1171 3998 1186 4024 ,
1218 3973 1336 4028 qua:
1361 3973 1524 4027 pauca
1566 3973 1692 4013 vere
1719 3967 1841 4013 sunt
1862 4001 1876 4026 ,
1906 3958 2070 4013 multa
2121 3959 2289 4014 videri

719 4049 969 4116 student;
995 4050 1116 4104 ideo
1136 4049 1338 4120 singula
1365 4050 1583 4120 singulis
1608 4050 1862 4105 ministris
1880 4049 2006 4105 dant
2025 4093 2039 4115 ,
2068 4059 2121 4104 et
2141 4050 2216 4104 sic
2238 4051 2318 4104 in'

722 4142 956 4197 medium
985 4141 1288 4208 adducunt;
1314 4152 1498 4197 contra
1521 4159 1642 4198 vero
1672 4143 1782 4198 Rex
1812 4154 1991 4199 noster
2015 4146 2192 4199 omnia
2222 4147 2282 4198 si-

727 4235 834 4287 mul
861 4233 1226 4301 accumulans,
1245 4235 1366 4304 quia
1389 4235 1618 4290 abundat
1641 4235 1846 4304 apibus,
1873 4228 2006 4290 nihil
2030 4235 2094 4290 ad
2113 4246 2295 4291 osten-

725 4324 977 4378 tationem
1005 4324 1150 4393 facit,
1201 4326 1382 4396 sioque
1429 4327 1480 4379 in
1533 4325 1706 4380 medio
1753 4328 1997 4397 proponit
2045 4342 2136 4391 ea,
2176 4345 2295 4399 quae

724 4415 962 4483 esposita
1001 4415 1258 4472 immensa
1300 4425 1484 4482 erunt,
1544 4417 1822 4488 multisque
1874 4419 2117 4475 manibus
2162 4436 2299 4490 opus

727 4508 828 4562 erit
851 4506 918 4562 ad
947 4521 1009 4563 ea
1028 4508 1345 4564 exhibenda.
1379 4510 1529 4576 Quod
1558 4521 1612 4565 ut
1634 4511 1856 4577 ediscas,
1881 4512 2068 4569 horum
2090 4515 2296 4585 singula

725 4600 1002 4671 diligenter
1066 4601 1260 4671 aspice.
1313 4601 1455 4656 Tune
1510 4613 1733 4673 erumpet
1781 4607 2079 4660 matutinum
2130 4607 2297 4662 lumen

729 4701 886 4745 tuum.
944 4695 1134 4748 Annon
1185 4693 1397 4750 videtur
1439 4711 1599 4750 unum
1642 4711 1760 4751 esse
1787 4696 2150 4756 donumYSed
2191 4717 2298 4758 non

729 4797 894 4837 unum
923 4793 1005 4840 est
1027 4803 1040 4839 :
1063 4801 1186 4841 nam
1215 4787 1379 4843 multa
1417 4787 1556 4842 intus
1587 4787 1745 4844 habet
1771 4789 1972 4858 bravia,
2027 4808 2254 4851 coronas
2279 4838 2295 4864 ,

1404 366 1458 421 S.
1499 360 1769 419 JOANNIS
1807 349 2282 414 CllllYSOS'TOHI
2324 345 2634 403 ARCHIEP.
2676 341 3206 399 CONSTANTINOP.

3847 330 3953 388 550

2371 474 2666 531 caeteraqtu:
2695 460 2930 530 praemia.
2950 458 3143 525 Quare,
3168 456 3210 509 si
3241 454 3430 524 placet,
3462 451 3543 505 his
3562 448 3814 504 revolutis
3841 449 3954 502 sin-

2373 555 2586 626 gulatim
2611 553 2821 606 divitias
2847 552 3002 604 hasce
3026 547 3394 610 exhibeamus,
3417 551 3672 612 quantum
3711 539 3786 592 fas
3817 541 3954 605 erit;

2375 654 2572 698 tantum
2591 660 2655 696 ne
2672 643 2946 696 deﬁciatis.
2968 641 3043 692 Ac
3065 635 3522 707 primo'discamus
3547 631 3672 702 quid
3700 630 3769 683 sit
3798 629 3953 695 illttd,

2375 734 2634 803 Erumpet.
2659 733 2840 803 Neque
2863 731 3002 786 enim
3031 728 3178 793 dixit,
3209 724 3514 794 Apparebit,
3544 722 3659 786 sed,
3685 720 3953 789 Erumpet,

2372 839 2426 883 et
2454 828 2778 882 celeritatem
2802 835 2855 880 et
2883 824 3085 892 cupiam
3119 820 3272 875 nobis
3300 817 3550 882 ostendit,
3601 821 3654 870 et
3696 823 3954 884 quantum

2373 920 2592 973 salutem
2633 927 2868 971 nostram
2911 913 3178 968 desideret
3199 919 3252 965 et
3283 925 3438 980 quam
3477 908 3668 977 gestiat
3697 907 3834 959 bona
3868 904 3956 958 illa

2376 1009 2638 1077 proferri,
2674 1006 2912 1075 nihilque
2961 1018 3078 1058 esse
3134 1000 3273 1072 quod
3319 998 3637 1054 ineti‘abilem
3694 997 3953 1064 impetum

2373 1108 2616 1154 coerceat
2661 1119 2673 1153 :
2722 1098 2912 1167 quibus
2960 1093 3204 1149 omnibus
3250 1091 3508 1146 immensa
3558 1103 3742 1142 eorum
3798 1087 3955 1155 copia

2375 1191 2685 1247 ostenditur.
2713 1190 2848 1256 Quid
2877 1196 3053 1242 autem
3084 1185 3211 1240 illud
3242 1192 3322 1238 est
3343 1225 3358 1249 ,
3391 1180 3740 1254 ﬂaminum?
3769 1177 3823 1233 Id
3850 1187 3955 1241 est,

2375 1298 2479 1336 non
2521 1290 2641 1351 post
2671 1280 3016 1335 tentationum
3049 1276 3334 1332 certamina
3366 1315 3380 1336 ,
3411 1287 3510 1327 nec
3537 1283 3651 1340 post
3690 1271 3956 1324 malorum

2378 1377 2644 1428 incursum
2678 1389 2691 1435 ;
2729 1370 2820 1424 sed
2851 1370 2965 1422 haec
2991 1367 3274 1438 praevenit.
3327 1362 3781 1430 Quemadmodum
3811 1363 3956 1415 enim

2378 1467 2428 1520 in
2453 1463 2711 1518 fructibus
2739 1460 3053 1514 matutinum
3079 1458 3304 1512 dicimus
3351 1454 3401 1509 id
3431 1453 3568 1523 quod
3595 1463 3716 1507 ante
3745 1461 3960 1519 tempus

2376 1563 2612 1624 apparet,
2643 1551 2719 1606 sic
2749 1559 2801 1604 et
2830 1549 2928 1602 hoc
2950 1549 3082 1610 loco,
3103 1547 3424 1601 celeritatem
3454 1559 3634 1598 rursus
3665 1539 3958 1597 ostendens

2378 1647 2448 1698 ita
2476 1644 2629 1707 dixit,
2662 1652 2716 1696 ut
2763 1655 2919 1710 supra
2946 1638 3153 1692 dicebat
3183 1656 3196 1688 :
3227 1637 3404 1689 Adhuc
3434 1645 3480 1688 te
3502 1635 3730 1702 loquente
3751 1635 3917 1686 dicam
3943 1671 3958 1695 ,

2378 1737 2509 1791 Ecce
2545 1736 2742 1788 adsum.
2775 1732 2926 1799 Quod
2957 1731 3130 1784 lumen
3158 1729 3319 1793 dicit,
3349 1727 3506 1797 quale
3533 1725 3744 1779 tandem
3773 1725 3957 1785 lumen

2377 1827 2494 1882 est?
2539 1825 2652 1880 Non
2698 1825 2797 1877 hoc
2844 1821 3070 1887 sensile,
3104 1819 3197 1873 sed
3228 1819 3366 1871 aliud
3411 1817 3577 1871 multo
3618 1815 3962 1885 prtesumtius

2376 1933 2480 1988 quo
2506 1916 2690 1972 cselum
2712 1955 2727 1980 ,
2757 1912 2971 1983 angelos
2991 1953 3005 1976 ,
3036 1908 3382 1978 archangclos
3400 1946 3414 1970 ,
3441 1906 3728 1961 Cherubim
3749 1947 3762 1970 ,
3791 1903 3964 1959 Sera-

2381 2008 2522 2078 phim
2545 2047 2560 2073 ,
2602 2005 2962 2076 principatus,
2994 2010 3315 2071 potestates,
3349 1999 3572 2052 thronos
3593 2037 3608 2063 ,
3635 1996 3966 2051 dominatio-

2379 2112 2504 2162 nes,
2535 2097 2836 2150 universum
2888 2093 3218 2156 exercitum‘,
3249 2090 3420 2159 regias
3450 2087 3599 2142 aulas
3628 2097 3682 2142 et
3713 2088 3966 2142 taberna-

2381 2189 2498 2243 cula
2530 2188 2789 2240 videmus.
2814 2183 2944 2238 Nam
2971 2185 3014 2237 si
3043 2183 3240 2235 lumine
3268 2181 3356 2234 illo
3382 2179 3628 2250 dignatus
3655 2177 3819 2232 fueris
3843 2221 3857 2244 ,
3909 2189 3968 2233 et

2379 2279 2493 2334 haec
2515 2277 2717 2332 videbis
2742 2317 2756 2340 ,
2788 2284 2841 2328 et
2887 2272 3125 2340 eripieris
3151 2285 3180 2324 a
3201 2269 3440 2341 gebenna
3463 2311 3478 2335 ,
3509 2285 3537 2322 a
3587 2283 3767 2322 verme
3793 2283 3964 2322 vene-

2382 2381 2506 2426 nato
2526 2411 2538 2434 ,
2570 2385 2599 2423 a
2643 2366 2870 2422 stridore
2920 2364 3155 2418 dentium
3176 2403 3190 2426 ,
3222 2377 3251 2415 a
3294 2361 3516 2415 vinculis
3547 2359 3920 2414 insolubilibus
3947 2399 3964 2425 ,

2381 2465 2446 2518 ab
2469 2461 2708 2532 angustia
2729 2467 2784 2513 et
2813 2456 3151 2511 tribulatione
3169 2494 3185 2519 ,
3212 2467 3240 2505 a
3270 2451 3500 2506 tenebris
3521 2450 3919 2504 obscurissimis
3945 2488 3962 2515 ,

2379 2570 2408 2610 a
2438 2551 2755 2608 cruciatibus
2775 2590 2790 2616 ,
2817 2548 2884 2603 ab
2907 2546 3074 2617 igneis
3111 2543 3415 2598 ﬂuminibus
3434 2583 3449 2608 ,
3479 2556 3506 2593 a
3539 2540 3916 2595 maledictione
3943 2582 3962 2608 ,

2381 2661 2409 2699 a
2435 2657 2710 2713 poenarum
2739 2640 2867 2694 locis
2892 2654 2906 2703 ;
2955 2647 3008 2692 et
3038 2636 3128 2690 illo
3154 2649 3343 2705 perges
3365 2674 3380 2698 ,
3423 2633 3509 2685 ubi
3542 2633 3717 2687 nullus
3765 2631 3928 2687 dolor
3948 2675 3967 2700 ,

2385 2750 2582 2789 mceror
2611 2731 2784 2787 nullus
2804 2770 2818 2794 ,
2849 2729 2942 2785 sed
2971 2727 3056 2782 ubi
3088 2727 3311 2780 multum
3341 2723 3589 2794 gaudium
3614 2764 3629 2788 ,
3658 2739 3759 2793 pax
3778 2764 3794 2789 ,
3815 2723 3967 2777 cari-

2387 2840 2485 2894 tas,
2516 2828 2714 2893 laetitia,
2749 2824 2952 2879 delicia:
2986 2838 3000 2876 :
3034 2821 3123 2877 ubi
3152 2823 3251 2875 vita
3278 2831 3500 2886 teterna,
3523 2818 3688 2889 gloria
3716 2815 3970 2871 ineffabi-

2386 2922 2449 2975 lis
2469 2961 2483 2985 ,
2540 2916 2872 2988 pulchritudo
2900 2913 3268 2970 inenarrabilis
3301 2932 3313 2966 :
3348 2912 3434 2966 ubi
3462 2920 3660 2965 eterna
3715 2909 3972 2963 taberna-

2383 3011 2496 3064 cula
2519 3051 2532 3074 ,
2565 3017 2616 3063 et
2643 3007 2808 3077 gloria
2838 3006 2994 3075 Regis
3021 3003 3434 3066 intestimabilis,
3467 3012 3624 3071 atque
3655 3001 3789 3054 bona
3830 3000 3922 3053 illa
3954 3040 3970 3063 ,

2390 3103 2514 3170 Qua:
2531 3102 2708 3156 oculus
2738 3116 2834 3154 non
2861 3099 3002 3162 uidit,
3041 3099 3180 3150 auris
3223 3112 3322 3149 non
3347 3095 3568 3158 audivit,
3596 3110 3751 3162 neque
3793 3094 3846 3145 in
3879 3109 3973 3146 cor

2386 3192 2604 3248 hominis
2629 3193 2954 3245 ascenderunt
2984 3188 3073 3261 (l.
3101 3186 3216 3242 Cor.
3241 3185 3294 3240 2.
3327 3187 3396 3254 9)
3425 3202 3436 3236 :
3483 3185 3568 3239 ubi
3600 3198 3827 3254 Sponsus
3859 3185 3976 3251 Spi-

2388 3284 2614 3346 ritualis,
2644 3292 2694 3338 et
2726 3281 2944 3336 thalami
2969 3279 3229 3344 easiestes,
3254 3277 3486 3346 virgines
3513 3275 3736 3345 fulgidas
3763 3274 3977 3333 haben-

2391 3384 2471 3430 tes
2496 3372 2787 3443 lampadas,
2806 3380 2859 3426 et
2881 3385 3064 3427 omnes
3083 3371 3169 3440 qui
3197 3376 3396 3424 vestem
3419 3366 3618 3420 habent
3639 3366 3932 3435 nuptialem
3955 3405 3971 3419 .

2390 3470 2478 3525 ubi
2535 3467 2712 3522 multae
2739 3465 2945 3520 Domini
2971 3477 3100 3533 opes
3123 3503 3137 3526 ,
3190 3468 3244 3515 et
3273 3458 3629 3529 promptuaria
3680 3457 3844 3527 regia.
3880 3457 3980 3511 Vi-

2391 3562 2510 3618 den‘
2533 3569 2727 3630 quanta
2753 3556 2990 3627 prtemia,
3022 3566 3076 3610 et
3103 3560 3301 3624 quanta
3334 3565 3436 3605 una
3460 3564 3587 3605 voce
3608 3547 3977 3618 comprehen-

2391 3653 2578 3710 derit?
2616 3652 2687 3706 lta
2732 3651 2776 3705 si
2823 3647 3056 3718 singulas
3102 3646 3450 3718 exploremus
3501 3656 3696 3706 voces,
3747 3639 3979 3694 multum

2392 3744 2722 3800 invenientus
2773 3756 2950 3796 rerum
3002 3739 3207 3808 cupiam
3262 3746 3314 3791 et
3363 3735 3577 3805 pelagus
3626 3736 3977 3786 immensum.

2391 3838 2525 3892 Num
2554 3833 2725 3888 adhuc
2750 3830 3134 3895 cunctabimur,
3162 3842 3361 3897 quaso,
3392 3841 3492 3881 nec
3518 3825 3746 3895 prompti
3767 3824 3982 3878 erimus

2393 3928 2459 3983 ad
2486 3923 2901 3981 misericordiam
2931 3921 3048 3976 aliis
3077 3917 3426 3975 exhibendam
3451 3917 3475 3970 ἲ
3511 3915 3727 3970 Minime
3750 3955 3765 3979 ,
3807 3914 3983 3969 obse-

2393 4036 2506 4076 cro.
2531 4017 2637 4074 Sed
2666 4015 2872 4072 etiamsi
2911 4012 3090 4069 omnia
3117 4011 3375 4081 projicere
3399 4018 3452 4064 et
3475 4009 3526 4064 in
3556 4008 3727 4077 ignem
3759 4007 3985 4063 mittere

2398 4119 2674 4184 oporteat:
2706 4109 2752 4162 si
2792 4108 2842 4162 in
2889 4103 3092 4175 gladios
3140 4101 3446 4157 incumbere
3472 4140 3489 4165 ,
3523 4099 3567 4153 si
3595 4097 3660 4153 ad
3685 4111 3986 4154 mucrones

2400 4203 2631 4267 insilire,
2663 4201 2705 4255 si
2735 4196 2942 4270 quidvis
2970 4193 3111 4250 aliud
3142 4190 3472 4248 tolerandum
3500 4197 3764 4255 occurrat,
3793 4190 3988 4245 omnia

2401 4293 2550 4348 facile
2578 4291 2807 4345 feramus
2829 4328 2844 4352 ,
2872 4297 2927 4340 ut
2953 4284 3102 4356 regni
3127 4283 3376 4337 caelorum
3407 4283 3679 4342 amictum,
3709 4288 3763 4334 et
3789 4279 3990 4334 ineﬂ‘a-

2400 4385 2559 4441 bilem
2587 4368 2728 4436 illam
2759 4378 2978 4449 gloriam
3006 4387 3352 4443 assequamur
3374 4385 3563 4440 :quam
3593 4370 3796 4423 utinam
3821 4369 3990 4424 nobis

2401 4475 2646 4533 omnibus
2675 4470 2910 4528 nancisci
2933 4467 3222 4535 contingat,
3249 4463 3416 4534 gratia
3438 4472 3492 4516 et
3519 4460 3847 4531 benignitate
3875 4460 3994 4516 Do-

2401 4568 2531 4624 mini
2559 4566 2723 4622 nostri
2770 4563 2897 4619 Jesu
2940 4558 3170 4622 Christi,
3199 4557 3285 4612 cui
3311 4553 3478 4625 gloria
3517 4560 3572 4608 et
3615 4551 3900 4622 imperium
3932 4553 3992 4607 in

2403 4661 2594 4718 saecula
2619 4657 2954 4715 saeculorum.
2987 4653 3176 4707 Amen.

1956 4975 2303 5038 HOMILIA
2339 4975 2469 5039 LV.
2508 4974 2592 5036 al.
2635 4968 2792 5030 LVI.

2406 5119 2515 5174 buit
2555 5115 2703 5171 illum
2734 5111 3056 5177 increpasse,
3113 5101 3208 5158 sed
3251 5116 3314 5156 ex
3361 5097 3652 5154 abundanti
3698 5094 4004 5152 ostendere

2406 5210 2590 5267 volens
2619 5215 2674 5261 et
2707 5203 2970 5258 dictorum
2997 5193 3142 5252 Petri
3182 5191 3564 5248 absurditatem
3583 5230 3598 5253 ,
3628 5197 3683 5243 et
3707 5187 4006 5242 utilitatem

808 5275 878 5355 lat
1127 5318 1289 5367 mm,
1318 5311 1364 5356 et
1386 5310 1619 5370 sequatur
1644 5275 1738 5354 me.
1919 5275 1929 5282 ’
2099 5275 2102 5276 ν
2408 5316 2474 5357 ex
2504 5299 2748 5369 passione
2777 5292 3039 5349 futuram,
3071 5286 3183 5349 ait,
3215 5282 3296 5338 Tu
3346 5280 3475 5336 mihi
3511 5279 3679 5342 dicis,
3725 5275 4010 5346 PrOpits'us

815 5396 866 5449 l.
892 5395 970 5448 Ad
1010 5406 1216 5450 mortem
1259 5366 1486 5464 exemplo
1519 5394 1707 5449 Christi
1736 5395 1900 5464 parati
1922 5410 2026 5449 esse
2050 5393 2303 5450 debemus.
2411 5366 2646 5454 tibi—esto,
2682 5400 2785 5438 non
2811 5382 2904 5435 erit
2949 5379 3041 5431 hoc
3076 5375 3162 5429 tibi
3206 5389 3224 5427 :
3274 5385 3380 5464 ego
3408 5385 3534 5424 vero
3554 5367 3657 5464 tibi
3838 5407 3855 5430 ,
3887 5381 4008 5420 non

734 5485 962 5543 Christus
988 5487 1151 5558 ipsum
1179 5488 1316 5557 seqisi
1346 5457 1540 5553 inuitat,
1568 5503 1669 5542 non
1706 5457 1879 5555 cogit;
1912 5501 2020 5538 cur.
2049 5485 2280 5554 Abnegar

2411 5479 2572 5535 modo
2616 5471 2973 5548 perniciosum
3000 5481 3120 5523 esse
3161 5464 3294 5528 tibi,
3341 5463 3388 5518 si
3440 5476 3528 5516 me
3554 5457 3834 5529 impedias,
3867 5467 3928 5513 et
3961 5473 4010 5513 ει

735 5551 1057 5650 semetipsum
1078 5580 1200 5650 quid
1332 5610 1404 5622 —
1430 5551 1594 5649 Tunc,
1627 5551 2000 5650 quandonam?
2021 5551 2308 5647 Postquam
2414 5571 2711 5642 passionem
2749 5578 2921 5620 meam
2945 5559 3172 5615 moleste
3200 5554 3361 5622 feras,
3393 5551 3488 5608 sed
3514 5551 3675 5607 etiam
3697 5564 3808 5650 μου
3841 5564 4016 5612 posse

745 5637 1176 5733 l’etrusdixerat,
1206 5669 1459 5741 Propitius
1500 5637 1593 5725 tibi
1630 5637 1718 5734 sis,
1748 5685 1848 5725 non
1886 5670 1979 5724 erit
2009 5668 2096 5721 tibi
2122 5637 2234 5730 hoc,
2258 5677 2311 5722 et
2415 5637 2467 5718 ie
2488 5662 2714 5716 salutem
2741 5651 3012 5723 consequi,
3048 5649 3150 5741 nisi
3184 5653 3238 5741 et
3266 5646 3392 5741 ipse
3413 5657 3629 5713 semper
3647 5637 3715 5695 ad
3755 5639 4015 5695 morien-

747 5762 969 5828 audivit,
998 5762 1139 5818 Vade
1163 5773 1274 5833 post
1309 5735 1404 5832 ine,
1431 5773 1629 5818 satana.
1663 5761 1843 5834 Neque
1881 5760 2020 5818 enim
2051 5758 2180 5816 satis
2209 5757 2307 5813 ha-
2413 5754 2538 5809 dum
2565 5751 2637 5808 sis
2664 5755 2892 5816 paratus.
2921 5741 3000 5800 Ne
3027 5740 3171 5799 enim
3193 5736 3467 5809 indignum
3494 5747 3554 5792 se
3575 5745 3697 5790 esse
3723 5735 4019 5804 putarent,

730 5120 858 5176 Car.
894 5120 980 5204 l6.
1012 5135 1063 5172 ν.
1090 5117 1180 5174 34.
1209 5116 1351 5172 Tunc
1401 5117 1549 5172 Jesus
1600 5119 1726 5173 dixit
1759 5119 2016 5190 discipulis
2043 5121 2147 5174 suis
2181 5135 2197 5173 :
2239 5119 2301 5176 Si

801 5211 910 5280 quis
929 5209 1035 5263 vult
1056 5219 1166 5281 post
1189 5225 1268 5263 me
1295 5210 1458 5263 uenire
1475 5250 1490 5272 ,
1521 5210 1722 5280 abneget
1748 5211 2064 5282 semetipsum
2093 5252 2109 5276 ,
2135 5218 2183 5266 et
2215 5210 2305 5264 tol-
