4154 6324
234 429 323 486 ΒΗ
1268 411 1333 467 IN
1373 404 1780 464 MATTIMEUSI
1819 401 2050 458 IIOMIL.
2096 401 2206 458 LV.
2246 404 2320 457 al.
2366 401 2498 458 LVI.

231 539 368 610 quod
401 538 528 594 talia
556 542 863 605 pateretur,
906 544 1012 585 non
1042 525 1308 598 prioribus
1341 531 1546 577 tantum
1597 519 1776 574 verbis
1803 558 1818 610 ,

233 609 326 688 sed
367 631 531 686 etiam
574 622 924 695 sequentibus
974 620 1054 674 rei
1109 618 1391 672 utilitatem
1436 614 1614 669 docet.
1664 609 1818 681 Apud

232 723 493 779 Joannem
522 715 739 787 quidem
769 712 903 768 dicit
933 709 1085 764 :Nisi
1113 723 1326 781 granum
1354 703 1596 777 frumenti
1631 703 1815 755 cadens

229 818 280 869 in
302 826 498 867 terram
519 821 770 866 mortuum
797 805 968 876 fuerit,
1009 804 1176 872 ipsum
1201 802 1365 855 solum
1391 807 1559 851 manet
1581 813 1601 861 ;
1625 797 1704 849 sin
1729 809 1818 846 au-

231 919 328 962 tem
359 917 620 962 mortuum
644 903 827 974 fuerit,
859 899 1070 954 multum
1097 901 1317 969 fructum
1344 891 1495 960 a/fert
1522 889 1698 962 (Joan.
1730 888 1816 942 I2.

232 999 320 1054 ξι.
355 997 488 1072 9.5);
522 998 609 1051 hic
637 1010 763 1051 vero
787 992 1054 1063 copiosius
1092 1004 1204 1043 rem
1232 995 1468 1040 tractans
1492 1024 1506 1044 ,
1535 997 1639 1035 non
1667 979 1733 1034 de
1762 993 1821 1072 se

230 1094 410 1148 solum
432 1069 610 1147 morte
626 1083 1048 1144 consummando
1073 1081 1328 1151 loquitur,
1359 1075 1450 1132 sed
1481 1073 1531 1130 id
1564 1073 1722 1128 etiam
1753 1069 1818 1124 ad

229 1183 525 1251 discipulos
555 1178 820 1236 extendit.
852 1176 1080 1232 Tantum
1123 1179 1203 1226 est
1233 1169 1374 1225 enim
1399 1166 1474 1221 rei
1506 1165 1735 1228 lucrum,
1765 1168 1822 1215 ut

231 1273 389 1326 vobis
419 1273 571 1342 ipsis,
618 1270 663 1325 si
696 1269 829 1332 mori
857 1266 1058 1328 nolitis,
1098 1262 1151 1317 id
1173 1262 1490 1317 damnosum
1514 1257 1669 1311 vobis
1698 1255 1770 1308 sit
1801 1270 1817 1308 :

229 1372 422 1417 contra
464 1377 614 1428 vero,
646 1361 690 1414 si
719 1355 786 1413 ad
828 1356 956 1412 illud
1000 1356 1196 1409 bonum
1228 1351 1397 1422 parati
1421 1349 1560 1404 sitis.
1589 1347 1693 1404 Sed
1719 1347 1820 1402 hoc

231 1456 286 1510 In
317 1455 670 1524 sequentibus
691 1450 944 1516 ostendit,
974 1448 1293 1516 interimque
1310 1443 1436 1498 illud
1462 1458 1562 1498 una
1584 1458 1650 1498 ex
1673 1451 1824 1512 parte

233 1548 531 1604 examinat.
563 1549 638 1600 Ac
660 1543 778 1598 vide
802 1541 1073 1613 quomodo
1093 1539 1289 1594 nullam
1321 1538 1559 1605 imponat
1578 1533 1816 1588 necessi-

235 1646 424 1692 tatem.
458 1636 648 1706 Neque
670 1634 812 1690 enim
833 1633 987 1698 dixit,
1017 1631 1234 1693 Velitis,
1266 1628 1466 1692 nolitis,
1500 1625 1550 1680 id
1591 1639 1686 1678 vos
1719 1625 1824 1692 pati

233 1734 452 1795 oportet
485 1743 502 1780 :
550 1724 644 1780 sed
684 1721 995 1795 quomodo?
1023 1721 1082 1776 Si
1107 1720 1220 1789 quis
1262 1719 1369 1772 vult
1393 1725 1506 1786 post
1532 1731 1610 1768 me
1636 1714 1823 1767 venire.

234 1817 352 1870 Non
384 1817 493 1871 vim
524 1815 714 1880 infero,
740 1829 846 1869 non
869 1811 1238 1868 necessitatem
1257 1809 1492 1878 impono,
1520 1806 1614 1860 sed
1636 1806 1820 1858 unius-

235 1908 505 1976 cujusque
547 1907 770 1962 arbitrio
824 1905 876 1961 id
921 1905 1167 1972 relinquo
1200 1919 1212 1954 :
1244 1901 1365 1956 idco
1414 1899 1536 1955 dico
1561 1940 1575 1965 ,
1612 1897 1673 1953 Si
1714 1898 1827 1967 quis

235 2000 364 2054 vult.
401 1998 484 2053 Ad
512 1998 648 2053 bona
671 2012 831 2062 voco;
865 2011 971 2052 non
998 1995 1066 2050 ad
1094 1993 1230 2048 mala
1256 2001 1311 2048 et
1334 2006 1585 2057 onerosa,
1618 2004 1723 2043 non
1756 1988 1825 2042 ad

234 2089 560 2159 supplicium
590 2098 644 2143 et
681 2103 888 2159 pinnas,
913 2097 970 2142 ut
997 2101 1206 2157 cogam.
1233 2084 1363 2138 Nam
1395 2082 1507 2153 ipsa
1535 2082 1608 2136 rei
1635 2091 1823 2134 natura

236 2192 416 2254 potest
439 2182 509 2236 ad
539 2181 590 2235 id
628 2180 959 2251 pertrahere.
989 2179 1113 2233 Haec
1141 2193 1303 2250 porro
1330 2176 1515 2231 dicens
1544 2175 1715 2244 magis
1741 2174 1823 2228 al-

237 2272 477 2326 liciebat.
511 2271 642 2328 Nam
674 2272 765 2340 qui
791 2271 894 2325 vim
922 2269 1104 2336 infert,
1133 2284 1276 2339 sape
1311 2269 1543 2332 avertit;
1577 2269 1664 2335 qui
1697 2282 1827 2320 vero

236 2380 351 2420 rem
383 2363 647 2418 auditoris
685 2362 904 2418 arbitrio
931 2361 1217 2432 relinquit,
1247 2361 1415 2431 magis
1444 2361 1696 2424 attrahit;
1728 2374 1826 2429 po-

240 2457 442 2510 tentior
461 2456 657 2525 quippe
679 2464 760 2510 est
782 2455 924 2508 mitis
945 2453 1021 2507 rei
1051 2454 1335 2521 expositio,
1361 2467 1518 2520 quam
1550 2451 1823 2504 violentia.

237 2547 364 2602 Ideo
388 2549 604 2602 dicebat
646 2547 762 2612 ille,
809 2546 870 2602 Si
889 2548 1001 2616 quis
1039 2544 1162 2598 vult.
1207 2545 1390 2614 Magna
1436 2547 1632 2614 quippe
1678 2551 1822 2607 sunt,

237 2639 430 2709 inquit,
474 2654 595 2708 qua:
641 2638 794 2692 vobis
836 2636 1005 2692 offero
1050 2637 1209 2697 bona,
1239 2646 1293 2691 et
1343 2636 1487 2697 talia,
1538 2643 1595 2689 ut
1642 2635 1707 2688 ad
1762 2650 1826 2688 ea

236 2740 430 2800 sponte
470 2738 738 2785 curratur.
779 2727 961 2796 Neque
1003 2728 1145 2782 enim
1175 2728 1218 2782 si
1249 2727 1370 2797 quis
1394 2741 1581 2780 aurum
1614 2726 1815 2794 prtehe-

236 2833 342 2888 ret,
374 2830 430 2877 et
462 2823 769 2877 thesaurum
799 2829 1108 2890 exponeret,
1138 2833 1260 2874 cum
1289 2818 1538 2873 violentia
1568 2827 1821 2882 vocaret;

237 2915 282 2970 si
320 2929 451 2968 vero
479 2914 546 2968 ad
592 2914 707 2968 haec
737 2913 852 2968 sine
881 2911 1130 2967 violentia
1174 2911 1311 2973 itur,
1342 2911 1511 2964 multo
1539 2913 1707 2978 magis
1756 2911 1821 2964 ad

240 3005 476 3060 caelestia
504 3005 665 3060 bona.
693 3004 803 3059 Nisi
843 3004 983 3058 enim
1012 3005 1124 3073 ipsa
1153 3004 1229 3058 rei
1267 3012 1452 3058 natura
1483 3003 1574 3057 tibi
1611 3017 1827 3072 persua-

240 3095 364 3152 deat
382 3105 442 3151 ut
465 3111 736 3160 accurras,
758 3097 868 3169 jam
895 3095 1087 3165 dignus
1108 3111 1211 3149 non
1236 3109 1296 3150 es
1321 3094 1412 3164 qui
1437 3096 1700 3164 accipias;
1727 3112 1824 3151 ne-

240 3204 363 3258 que,
407 3187 455 3242 si
495 3188 787 3256 acceperis,
838 3197 983 3242 recte
1026 3187 1164 3242 scias
1188 3195 1420 3256 acceptae
1468 3188 1544 3241 rei
1575 3188 1821 3257 pretium.

242 3281 365 3336 Ideo
393 3297 500 3336 non
526 3282 668 3352 cogit
691 3280 954 3347 Christus,
984 3279 1078 3336 sed
1109 3281 1380 3345 hortatur,
1422 3281 1700 3351 indulgens
1727 3296 1826 3335 no-

242 3372 342 3427 bis.
365 3372 500 3440 Quia
525 3377 668 3426 enim
694 3374 856 3427 multa
888 3371 1312 3434 insusurrabaut,
1339 3387 1405 3426 ex
1423 3372 1514 3424 illo
1539 3372 1680 3426 dicto
1709 3382 1824 3427 tur-

226 3449 370 3524 'bati,
399 3454 532 3518 dicit
560 3464 666 3518 illis
698 3485 712 3519 :
745 3463 857 3517 Non
886 3472 967 3517 est
1010 3477 1145 3532 epus
1175 3462 1474 3517 turbatione
1496 3472 1549 3518 et
1575 3464 1821 3534 strepitu.

245 3553 430 3610 Sinon
481 3555 686 3624 putatis
706 3555 759 3609 id
789 3555 931 3624 quod
959 3555 1108 3622 dixi,
1140 3557 1185 3610 si
1231 3557 1386 3611 vobis
1434 3571 1653 3628 quoque
1694 3570 1828 3611 eon-

247 3651 431 3720 tingat,
462 3648 940 3704 innumerabilium
987 3649 1250 3704 honorum
1288 3664 1408 3706 esse
1444 3665 1688 3716 causam,
1717 3665 1826 3705 non

241 3738 346 3791 vim
379 3737 553 3792 infero
573 3779 588 3802 ,
619 3751 723 3792 non
752 3751 883 3807 cogo
907 3777 924 3804 ,
951 3736 1044 3792 sed
1073 3753 1196 3792 eum
1221 3738 1310 3807 qui
1340 3739 1488 3808 sequi
1516 3738 1644 3792 velit
1664 3753 1821 3793 voco.

244 3827 318 3884 Nc
345 3831 544 3902 putetis
575 3841 750 3884 autem
786 3829 935 3898 sequi
970 3845 1072 3893 me,
1095 3829 1226 3884 illud
1249 3845 1369 3884 esse
1396 3829 1538 3899 quod
1564 3844 1659 3884 vos
1682 3846 1824 3886 nunc

241 3921 432 3984 facitis,
463 3937 585 3975 cum
619 3937 703 3975 me
733 3911 1032 3990 sequimini.
1056 3920 1233 3975 Multis
1261 3921 1365 3975 erit
1404 3922 1558 3975 vobis
1581 3935 1715 3990 Opus
1743 3923 1824 3976 la-

244 4010 480 4078 boribus,
530 4014 711 4067 multis
754 4013 1005 4082 periculis
1057 4011 1100 4066 si
1149 4021 1272 4082 post
1308 4027 1394 4067 me
1442 4014 1653 4067 venturi
1681 4015 1822 4068 sitis.

244 4101 354 4157 Non
385 4105 552 4165 enim,
582 4118 616 4157 ο
642 4103 819 4168 Petre,
843 4105 962 4173 quia
992 4119 1132 4158 nunc
1161 4119 1248 4158 me
1274 4102 1467 4158 Filium
1492 4104 1583 4159 Dei
1613 4105 1821 4159 confes—

243 4208 332 4248 sus
355 4210 432 4258 es,
460 4195 582 4248 ideo
605 4204 805 4248 tantum
832 4195 995 4250 debes
1021 4210 1250 4250 coronas
1270 4205 1613 4265 exSpectare,
1643 4205 1698 4250 et
1729 4213 1827 4266 pu-

242 4295 351 4340 tare
378 4287 429 4340 id
479 4285 573 4340 tibi
622 4299 743 4340 esse
770 4284 834 4339 ad
881 4286 1108 4340 salutem
1138 4287 1300 4352 satis,
1331 4296 1490 4356 atque
1538 4288 1824 4358 tranquille

242 4389 422 4448 postea
452 4379 671 4448 degere,
701 4392 765 4432 ac
794 4378 836 4432 si
867 4389 1032 4433 totum
1062 4379 1370 4448 perfeceris.
1399 4380 1620 4434 Possum
1652 4381 1820 4448 enim,

241 4481 421 4541 utpote
457 4472 550 4526 Dei
588 4470 772 4535 Filius,
811 4481 860 4526 te
907 4488 935 4524 a
985 4473 1247 4527 malorum
1293 4473 1661 4540 experimento
1708 4475 1824 4526 exi-

241 4577 422 4628 mere;
479 4562 605 4616 nolo
631 4571 811 4618 autem
855 4563 931 4617 tui
963 4563 1129 4632 gratia
1157 4605 1173 4628 ,
1217 4573 1273 4617 ut
1294 4570 1350 4618 et
1377 4563 1495 4632 ipse
1533 4564 1731 4630 aliquid
1758 4565 1826 4620 de

243 4663 334 4709 tuo
351 4655 621 4720 conferas,
650 4670 712 4710 ac
739 4655 1015 4728 probatior
1056 4656 1273 4711 evadas.
1317 4656 1498 4728 Neque
1528 4660 1670 4714 enim
1701 4674 1826 4730 ago-

241 4749 458 4801 notheta
480 4747 601 4816 quis
624 4746 878 4801 dilectum
899 4747 1105 4802 habens
1123 4747 1399 4814 athletam,
1423 4751 1552 4804 velit
1572 4765 1823 4821 umquam

240 4836 389 4892 illum
421 4854 489 4893 ex
532 4852 679 4892 mera
719 4839 889 4908 gratia
935 4853 1212 4899 coronare.
1257 4839 1351 4894 sed
1392 4856 1458 4902 ex
1500 4843 1730 4912 propriis
1773 4842 1827 4897 id

244 4939 505 4997 prastare
566 4929 714 4997 cupit
761 4928 1034 4983 laboribus
1061 4969 1075 4995 ,
1119 4929 1349 5000 ideoque
1391 4932 1656 4997 maxime,
1702 4934 1825 5002 quia

241 5021 416 5089 ipsum
451 5019 626 5088 diligit
681 5020 804 5074 :sic
842 5027 896 5073 et
939 5019 1183 5076 Christus
1231 5036 1366 5092 quos
1419 5025 1652 5080 maxime
1699 5025 1822 5080 dili-

240 5112 354 5179 git,
403 5111 502 5165 hos
541 5115 651 5166 vult
691 5127 791 5166 suo
837 5113 1029 5166 merito
1074 5127 1194 5194 esse
1246 5115 1567 5181 conspicuos
1615 5118 1664 5183 ⁸,
1719 5134 1825 5171 non

241 5211 423 5258 autem
447 5218 514 5256 ex
539 5202 652 5257 sola
682 5218 776 5257 sua
801 5219 926 5274 ope.
958 5204 1091 5260 Vide
1117 5214 1298 5262 autem
1330 5208 1599 5277 quomodo
1626 5211 1828 5265 oratio-

240 5308 364 5347 nem
391 5308 497 5347 non
525 5307 806 5349 onerosam
831 5294 1089 5365 proferat.
1126 5296 1308 5367 Neque
1333 5301 1475 5354 enim
1504 5300 1554 5354 in
1579 5300 1682 5355 illis
1713 5311 1828 5356 tan-

240 5394 351 5439 tum
392 5385 530 5440 mala
572 5387 995 5453 circumscribit,
1027 5389 1120 5445 sed
1147 5399 1201 5445 et
1246 5407 1534 5448 commune
1581 5395 1676 5448 toti
1708 5395 1825 5450 orbi

238 5475 436 5546 dogma
457 5475 676 5533 exhibet
704 5477 894 5534 dicens
922 5496 935 5532 ε
962 5478 1023 5534 Si
1043 5482 1155 5551 quis
1179 5480 1303 5549 vult,
1328 5483 1440 5538 sive
1472 5483 1684 5550 mulier,
1715 5488 1827 5542 sive

239 5566 342 5631 vir,
375 5566 490 5621 sive
536 5567 807 5639 princeps,
857 5569 970 5626 sive
999 5571 1277 5640 subditus,
1319 5573 1456 5629 hanc
1499 5576 1828 5646 ingrediatur

239 5657 405 5711 viain.
432 5655 759 5730 Videturque
790 5677 950 5716 unum
976 5672 1178 5718 tantum
1206 5666 1427 5733 dixisse,
1459 5669 1554 5723 sed
1580 5671 1677 5724 tria
1702 5687 1828 5740 pro-

237 5750 392 5821 ponit
424 5767 437 5803 :
462 5751 733 5823 abnegare
759 5757 1107 5828 semetipsum
1127 5797 1144 5826 ,
1176 5758 1369 5816 tollere
1399 5775 1619 5819 crucem
1646 5779 1822 5834 suam,

305 5845 323 5878 ι
359 5844 469 5908 alii,
490 5859 590 5900 esse
612 5848 789 5902 beatos.

3418 401 3525 458 5ιῖ

1929 528 1984 570 et
2046 516 2220 585 ipsum
2248 517 2435 586 sequi;
2465 515 2571 572 duo
2597 526 2776 573 autem
2803 517 3089 588 conjuncta
3116 527 3241 576 sunt
3262 561 3277 584 ,
3310 521 3523 576 tertiqu

1928 607 2102 660 solum
2134 609 2473 677 proponitur.
2521 609 2628 664 Sed
2660 609 2836 680 primo
2865 609 3140 665 videamus
3175 610 3303 679 quid
3333 611 3403 666 sit
3430 612 3528 665 ab.

1929 713 2124 768 negare
2140 701 2508 770 semetipsum.
2531 701 2687 755 Prius
2711 701 2981 756 discamus
3002 703 3126 769 quid
3158 705 3228 756 sit
3253 703 3524 774 abnegare

1928 790 2174 852 alterum.
2202 798 2258 845 et
2306 800 2431 845 tunc
2475 793 2710 846 sciemus
2739 792 2868 862 quid
2897 791 2968 846 sit
3012 793 3279 863 ahnegare
3324 804 3526 850 semet-

1929 882 2127 950 ipsum.
2167 881 2267 949 Qui
2313 882 2541 953 abnegat
2578 884 2827 949 alterum,
2853 886 2969 940 sive
2999 882 3234 942 fratrem.
3267 885 3378 938 sive
3406 901 3523 940 ser-

1931 989 2078 1042 vum,
2114 978 2229 1031 sive
2258 977 2422 1032 alium
2468 981 2794 1048 quempiam,
2824 981 2922 1034 etsi
2948 981 3269 1050 ﬂagellatam
3311 981 3522 1048 viderit,

1931 1071 2028 1122 etsi
2059 1071 2296 1124 vinetum
2320 1110 2335 1136 ,
2365 1070 2468 1125 etsi
2510 1071 2576 1125 ad
2605 1081 2832 1126 mortem
2854 1073 3166 1138 abductum,
3199 1075 3297 1127 etsi
3317 1076 3527 1142 quidvis

1929 1162 2071 1215 aliud
2100 1163 2408 1232 patientem,
2432 1180 2538 1218 non
2560 1164 2730 1229 adest,
2757 1180 2861 1218 non
2885 1165 3189 1230 auxiliatur,
3212 1180 3317 1220 non
3345 1169 3526 1221 animo

1931 1252 2194 1324 frangitur
2219 1294 2238 1319 ,
2266 1269 2372 1308 non
2425 1255 2541 1323 ejus
2571 1270 2732 1309 causa
2761 1257 2992 1327 patitur,
3022 1267 3205 1326 utpote
3231 1260 3320 1322 qui
3366 1246 3433 1312 ah
3460 1271 3529 1315 eo

1932 1344 2264 1399 abalienatus
2281 1345 2370 1399 sit.
2399 1345 2488 1401 Sic
2508 1345 2687 1415 itaque
2705 1348 2819 1400 vult
2849 1362 2945 1402 nos
2972 1348 3120 1402 nullo
3133 1348 3296 1402 modo
3311 1351 3527 1418 corpori

1931 1449 2170 1504 parcere,
2201 1445 2258 1489 ut
2286 1437 2399 1491 sive
2445 1435 2714 1506 ﬂagellent
2738 1478 2754 1502 ,
2781 1438 2896 1492 sive
2925 1438 3149 1508 pellant,
3196 1439 3312 1493 sive
3343 1450 3522 1506 urant,

1929 1527 2042 1581 sive
2069 1525 2210 1581 aliud
2240 1526 2450 1596 quidvis
2480 1525 2698 1592 faciant,
2728 1542 2835 1582 non
2859 1528 3015 1582 nobis
3049 1543 3353 1597 parcamus.
3384 1529 3520 1584 Illud

1931 1616 2072 1670 enim
2101 1627 2183 1672 est
2209 1632 2448 1687 parcere.
2471 1615 2603 1690 Nam
2625 1618 2784 1671 etiam
2799 1630 2978 1686 patres
3006 1619 3130 1673 ﬁliis
3147 1627 3272 1675 tunc
3294 1622 3527 1677 maxime

1931 1716 2178 1777 parcunt,
2206 1722 2328 1763 cum
2369 1710 2640 1777 magistris
2668 1710 2967 1777 tradentes,
3001 1711 3257 1767 mandant
3304 1729 3371 1769 ne
3405 1730 3527 1783 par-

1932 1808 2057 1854 cant
2084 1801 2183 1855 eis.
2214 1799 2290 1854 Ita
2341 1810 2394 1856 et
2423 1799 2670 1855 Christus
2710 1818 2724 1856 :
2757 1816 2863 1856 non
2913 1803 3142 1858 dixitne
3173 1814 3356 1874 parcat
3401 1806 3525 1872 sibi,

1933 1891 2025 1945 sed
2068 1891 2207 1961 quod
2248 1893 2461 1962 gravius
2508 1900 2610 1957 est,
2647 1893 2871 1963 Abneget
2907 1895 3233 1964 semetipsum
3273 1911 3293 1952 :
3323 1897 3375 1952 id
3421 1907 3526 1966 est,

1932 1985 2069 2039 Nihil
2099 2000 2220 2040 cum
2270 1986 2450 2054 seipso
2499 2000 2787 2040 commune
2817 1986 3034 2052 habeat,
3064 1987 3158 2042 sed
3191 1989 3443 2057 periculis
3469 2005 3528 2047 se

1929 2076 2091 2131 dedat
2133 2087 2188 2131 et
2229 2077 2635 2145 certaminibus,
2680 2086 2840 2147 atque
2885 2077 2954 2130 ita
2999 2078 3072 2133 sit
3099 2077 3344 2143 allectus,
3378 2093 3434 2134 nt
3478 2081 3526 2136 si

1928 2167 2066 2221 alius
2096 2166 2148 2221 id
2180 2175 2467 2236 pateretur.
2520 2166 2630 2222 Nec
2669 2167 2823 2234 dixit,
2862 2166 3030 2239 Neget
3052 2207 3071 2233 ,
3106 2169 3201 2224 sed
3223 2211 3238 2234 ,
3266 2168 3526 2241 Abneget;

1931 2261 2031 2314 hoc
2063 2276 2224 2329 parvo
2251 2259 2616 2314 additamento
2644 2260 2750 2314 vim
2799 2275 3044 2329 magnam
3075 2262 3298 2316 dictioni
3340 2262 3519 2318 affert.

1933 2352 2061 2406 Nam
2095 2350 2362 2420 abnegare
2387 2351 2556 2405 multo
2588 2351 2706 2420 plus
2729 2361 2811 2404 est
2838 2367 2997 2420 quam
3021 2368 3236 2423 negare.

1999 2443 2054 2496 2.
2089 2441 2156 2496 Et
2204 2444 2351 2496 tollat
2404 2459 2603 2496 crucem
2640 2459 2806 2496 suam.
2853 2442 2968 2497 lloc
3008 2458 3079 2500 ex
3122 2444 3212 2498 illo
3261 2445 3525 2516 sequitur.

1930 2535 2008 2591 Ne
2053 2546 2207 2605 putes
2232 2536 2372 2590 enim
2400 2576 2414 2600 ,
2443 2535 2509 2589 ad
2537 2536 2698 2590 verba
2728 2551 2894 2606 usque
2920 2544 3126 2589 tantum
3157 2546 3211 2591 et
3236 2550 3514 2592 contume-

1929 2631 2028 2685 lias
2068 2641 2124 2700 et
2173 2628 2458 2698 opprobria
2509 2628 2775 2698 abnegare
2805 2629 3039 2698 seipsum
3081 2640 3329 2698 oportere
3355 2645 3374 2686 :
3400 2629 3533 2688 dicit

1927 2737 2203 2793 quousque
2243 2723 2510 2791 abnegare
2562 2723 2911 2792 semetipsum
2966 2733 3247 2792 oporteat;
3310 2724 3362 2778 id
3415 2733 3519 2789 est,

1927 2829 2095 2884 usque
2133 2815 2201 2868 ad
2256 2823 2521 2878 mortem,
2551 2822 2606 2869 et
2646 2824 2873 2868 mortem
2908 2815 3289 2884 turpisdinam.
3326 2816 3526 2871 Idcirco

1927 2920 2034 2959 non
2065 2905 2216 2968 dixit,
2260 2905 2502 2975 Abneget
2549 2905 2900 2974 semetipum
2926 2922 3096 2976 usque
3151 2907 3218 2961 ad
3275 2919 3525 2972 mortem,

1926 2996 2041 3062 sed,
2072 2995 2242 3050 Tollat
2266 3012 2464 3049 crucem
2489 3008 2659 3061 suam,"
2685 2997 3048 3066 turpissimam
3082 3011 3309 3053 mortem
3340 3001 3526 3055 decla-

1926 3104 2085 3153 rans;
2114 3099 2169 3144 et
2210 3090 2354 3160 quod
2381 3105 2486 3143 non
2511 3090 2703 3151 semel,
2736 3099 2828 3143 aut
2855 3088 2972 3153 bis,
3003 3091 3095 3145 sed
3129 3105 3224 3160 per
3251 3102 3414 3148 totam
3447 3095 3525 3149 \i-

1929 3191 2034 3236 tam
2062 3182 2114 3236 id
2142 3180 2444 3236 faciendum
2471 3182 2557 3235 sit.
2591 3180 2876 3250 Perpetuo,
2904 3181 3095 3252 inquit,
3124 3184 3259 3239 hanc
3295 3198 3524 3241 mortem

1925 3274 2292 3339 circumferas,
2341 3283 2395 3329 et
2419 3273 2658 3344 quotidie
2685 3274 2751 3327 ad
2781 3289 2968 3329 necem
3000 3287 3217 3344 paratus
3260 3278 3358 3334 sis.
3391 3279 3523 3345 Quia

1926 3368 2068 3423 enim
2099 3366 2253 3420 multi
2284 3380 2414 3436 opes
2434 3374 2877 3434 contempserunt
2899 3374 2955 3420 et
2975 3369 3304 3436 voluptatein
3325 3380 3378 3426 et
3403 3374 3525 3442 glo-

1926 3460 2081 3520 riam,
2105 3467 2335 3513 mortem
2360 3472 2489 3512 vero
2513 3473 2619 3512 non
2651 3467 2998 3527 spreverunt,
3026 3470 3080 3513 at
3102 3462 3396 3517 timuerunt
3427 3481 3524 3535 pe-

1926 3553 2092 3607 ricula
2124 3570 2138 3607 :
2170 3567 2289 3623 ego,
2315 3551 2511 3622 inquit,
2533 3552 2791 3607 athletam
2823 3567 3002 3608 meum
3041 3555 3164 3608 volo
3193 3556 3260 3610 ad
3294 3567 3523 3615 mortem

1927 3658 2097 3713 usque
2138 3659 2374 3714 pugnare
2401 3684 2416 3710 ,
2445 3651 2501 3698 et
2525 3643 2820 3698 certamina
2868 3644 2933 3697 ad
2985 3647 3302 3714 sanguinem
3357 3665 3524 3720 usque

1927 3736 2130 3807 peragi.
2168 3736 2353 3806 Itaque
2381 3736 2425 3790 si
2456 3746 2684 3790 mortem
2721 3737 2872 3791 obire
2919 3747 3187 3806 Oporteat,
3215 3751 3269 3796 et
3294 3753 3523 3797 mortem

1929 3831 2289 3899 turpissimam
2309 3871 2321 3893 ,
2358 3838 2691 3898 mortemque
2718 3830 3128 3898 exsecrandam,
3159 3833 3391 3900 etiamsi,
3428 3852 3525 3904 pro

1927 3936 2088 3991 prava
2109 3920 2336 3992 quadam
2360 3920 2684 3988 suspicione,
2701 3921 2881 3974 omnia
2903 3931 3115 3991 oportet
3135 3924 3346 3980 fortiter
3359 3926 3521 3998 ferre,

1928 4022 1979 4068 et
2012 4013 2130 4067 ideo
2158 4013 2386 4067 maxime
2412 4013 2701 4066 exsultare.
2736 4010 2804 4065 Et
2828 4023 3066 4084 sequatur
3090 4033 3194 4070 me;
3218 4019 3349 4085 Quia
3379 4023 3523 4075 enim

1929 4105 2042 4158 fieri
2102 4111 2275 4172 potest
2320 4102 2493 4171 utqui
2535 4103 2734 4172 patitur
2772 4119 2878 4156 non
2922 4115 3177 4174 sequatur
3225 4108 3521 4178 Chiistum,

1926 4209 2047 4249 eum
2090 4208 2197 4248 non
2256 4193 2451 4264 patitur
2483 4203 2702 4262 propter
2746 4194 2918 4262 ipsum
2973 4195 3116 4267 (nam
3149 4198 3405 4264 latrones,
3440 4219 3524 4257 se.

1928 4289 2232 4358 pulcrorum
2253 4286 2575 4354 expilatores
2593 4296 2650 4341 et
2675 4287 3088 4356 pnaestigiatores
3110 4291 3273 4344 multa
3319 4305 3373 4346 et
3400 4311 3525 4363 grao

1926 4381 2072 4433 viora
2103 4376 2396 4448 patiuntur)
2424 4418 2437 4440 ,
2465 4393 2531 4431 ne
2563 4386 2739 4445 putes,
2766 4377 3013 4433 sufﬁcere
3053 4379 3222 4450 ipsam
3260 4386 3522 4440 malorum

1927 4479 2192 4531 naturam,
2238 4482 2454 4522 causam
2488 4469 2749 4534 malorum
2778 4468 2944 4524 addit.
2975 4471 3232 4539 Quaenam
3279 4477 3365 4531 illa
3406 4481 3525 4534 est?

1929 4560 1996 4616 Ut
2019 4561 2133 4614 iure
2160 4573 2323 4628 agens
2358 4568 2414 4614 et
2450 4560 2657 4629 patiens
2685 4560 2858 4629 ipsum
2901 4565 3179 4632 sequaris;
3224 4577 3281 4621 ut
3310 4583 3525 4638 propter

1928 4654 2100 4722 ipsum
2126 4653 2305 4706 omnia
2335 4653 2549 4720 patiaris
2569 4692 2584 4717 ,
2629 4662 2683 4706 et
2722 4653 2958 4723 reliquas
3003 4655 3227 4712 virtutes
3255 4660 3520 4718 obtineas.

1927 4743 2058 4799 Nam
2081 4743 2132 4797 id
2161 4742 2422 4814 signiﬁcat
2451 4741 2602 4808 illud,
2636 4743 2892 4813 Sequatur
2921 4763 3029 4811 me;
3063 4748 3132 4800 ita
3156 4758 3336 4804 utnon
3365 4756 3525 4807 modo

1929 4839 2294 4893 fortitudinem
2322 4837 2372 4891 in
2404 4836 2659 4891 aerumnis
2677 4878 2692 4899 ,
2717 4836 2811 4892 sed
2842 4848 2895 4892 et
2916 4840 3300 4898 continentiam
3323 4887 3336 4910 ,
3361 4851 3526 4917 atqui-

1932 4939 2094 4984 tatcm
2116 4971 2132 4995 ,
2152 4944 2476 4999 omnemque
2495 4928 2890 4998 philosophiam
2911 4932 3187 4988 exhibeas.
3220 4934 3350 4992 Illud
3381 4944 3524 4995 enim

1928 5031 2011 5077 est
2029 5029 2083 5074 ut
2099 5029 2309 5090 oportet
2332 5021 2481 5088 sequi
2511 5037 2526 5074 :
2551 5029 2604 5074 et
2618 5022 2751 5075 alias
2767 5036 2956 5076 curare
2975 5026 3220 5090 virtutes,
3240 5038 3293 5082 et
3310 5043 3526 5099 proriter

1931 5114 2103 5181 ipsum
2121 5111 2297 5164 omnia
2327 5111 2457 5180 pati.
2479 5109 2616 5166 Sunt
2645 5113 2784 5166 enim
2803 5112 2890 5182 qui
2916 5114 3185 5170 diabolum
3208 5133 3525 5190 sequuntur,

1930 5215 1979 5258 et
2013 5205 2126 5258 haec
2156 5206 2427 5273 patiuntur
2450 5245 2464 5269 ,
2493 5213 2550 5256 et
2577 5214 2795 5273 prepter
2839 5205 2984 5259 illum
3012 5210 3219 5263 animas
3247 5226 3370 5265 suas
3403 5229 3525 5282 pro-

1930 5296 2100 5360 dunt;
2134 5295 2227 5350 sed
2270 5310 2367 5349 nos
2402 5303 2618 5363 promer
2663 5294 2939 5350 Christum
2965 5340 2980 5362 ,
3013 5300 3120 5354 imo
3152 5311 3370 5369 propter
3428 5321 3522 5362 nos

1931 5389 2096 5456 ipsos.
2126 5386 2226 5452 Illi,
2256 5396 2312 5440 ut
2339 5385 2436 5441 sibi
2462 5387 2589 5456 ipsis
2618 5397 2672 5442 et
2703 5387 2787 5441 hic
2816 5397 2872 5442 et
2897 5391 3004 5444 illic
3028 5404 3252 5448 noceant
3277 5412 3291 5459 ;
3322 5413 3438 5458 nos,
3471 5411 3520 5454 ut

1931 5491 2213 5550 utramque
2235 5481 2393 5533 vitam
2417 5479 2706 5535 lucremur.
2733 5481 3017 5550 Quomodo
3034 5501 3160 5555 ergo
3179 5503 3285 5542 non
3301 5508 3522 5548 summai

1931 5571 2093 5626 fuerit
2151 5573 2370 5641 ignaviae
2417 5588 2523 5626 non
2575 5583 2772 5626 tantam
2819 5574 3184 5632 fortitudinem
3240 5583 3522 5652 exhibere,

1930 5676 2179 5736 quantam
2209 5668 2244 5721 ii
2277 5669 2363 5732 qui
2393 5679 2614 5737 pereunt
2642 5669 2917 5735 exhibent,
2941 5681 2997 5724 et
3023 5671 3158 5737 ιιωε,
3189 5691 3308 5729 cum
3335 5688 3410 5731 tot
3430 5695 3524 5732 co-

1932 5759 2081 5813 ronis
2125 5759 2312 5813 donari
2345 5758 2685 5814 debeamus?
2716 5762 2877 5831 Atqui
2927 5765 3080 5818 nobis
3108 5768 3252 5820 adem
3283 5767 3530 5827 Chi-istos

1931 5851 2241 5923 auxiliator,
2286 5850 2389 5908 illis
2433 5867 2612 5909 nemo.
2663 5851 2776 5908 [Ioc
2815 5867 2976 5925 porro
3015 5866 3342 5928 prmceptum
3383 5877 3535 5917 uian-
