  <div class='ocr_page' id='page_1' title='image "/cluster/home/n/w/nwhite01/storage/ocr_20150623/58/pst.000005712571/085.png"; bbox 0 0 4154 6324; ppageno 0'>
   <div class='ocr_carea' id='block_1_1' title="bbox 604 377 711 441">
    <p class='ocr_par' dir='ltr' id='par_1_1' title="bbox 604 377 711 441">
     <span class='ocr_line' id='line_1_1' title="bbox 604 377 711 441; baseline 0.084 -10"><span class='ocrx_word' id='word_1_1' title='bbox 604 377 711 441; x_wconf 62' lang='lat'><strong>583.</strong></span> 
     </span>
    </p>
   </div>
   <div class='ocr_carea' id='block_1_2' title="bbox 604 481 2171 564">
    <p class='ocr_par' dir='ltr' id='par_1_2' title="bbox 604 481 2171 564">
     <span class='ocr_line' id='line_1_2' title="bbox 604 481 2171 564; baseline -0.003 -15"><span class='ocrx_word' id='word_1_2' title='bbox 604 494 748 550; x_wconf 75' lang='lat' dir='ltr'><strong>davit</strong></span> <span class='ocrx_word' id='word_1_3' title='bbox 771 532 787 559; x_wconf 89' lang='lat'><strong>,</strong></span> <span class='ocrx_word' id='word_1_4' title='bbox 830 507 952 551; x_wconf 79' lang='lat' dir='ltr'><strong>cum</strong></span> <span class='ocrx_word' id='word_1_5' title='bbox 994 491 1138 549; x_wconf 87' lang='lat' dir='ltr'><strong>misit</strong></span> <span class='ocrx_word' id='word_1_6' title='bbox 1172 506 1270 549; x_wconf 87' lang='lat' dir='ltr'><strong>eos</strong></span> <span class='ocrx_word' id='word_1_7' title='bbox 1296 492 1480 548; x_wconf 88' lang='lat' dir='ltr'><strong>dicens</strong></span> <span class='ocrx_word' id='word_1_8' title='bbox 1516 511 1531 549; x_wconf 90' lang='lat'><strong>:</strong></span> <span class='ocrx_word' id='word_1_9' title='bbox 1580 492 1647 548; x_wconf 74' lang='lat' dir='ltr'><strong>In</strong></span> <span class='ocrx_word' id='word_1_10' title='bbox 1676 481 1807 548; x_wconf 56' lang='lat' dir='ltr'><strong>nam</strong></span> <span class='ocrx_word' id='word_1_11' title='bbox 1850 492 2070 564; x_wconf 81' lang='lat' dir='ltr'><strong>gentium</strong></span> <span class='ocrx_word' id='word_1_12' title='bbox 2108 506 2171 545; x_wconf 86' lang='lat' dir='ltr'><strong>ne</strong></span> 
     </span>
    </p>
   </div>
   <div class='ocr_carea' id='block_1_3' title="bbox 608 574 2171 653">
    <p class='ocr_par' dir='ltr' id='par_1_3' title="bbox 608 574 2171 653">
     <span class='ocr_line' id='line_1_3' title="bbox 608 574 2171 653; baseline -0.003 -14"><span class='ocrx_word' id='word_1_13' title='bbox 608 585 847 640; x_wconf 74' lang='lat' dir='ltr'><strong>abieritis.</strong></span> <span class='ocrx_word' id='word_1_14' title='bbox 879 583 1029 639; x_wconf 71' lang='lat' dir='ltr'><strong>Hillo</strong></span> <span class='ocrx_word' id='word_1_15' title='bbox 1066 574 1209 639; x_wconf 85' lang='lat' dir='ltr'><strong>enim</strong></span> <span class='ocrx_word' id='word_1_16' title='bbox 1238 600 1325 639; x_wconf 80' lang='lat' dir='ltr'><strong>eos</strong></span> <span class='ocrx_word' id='word_1_17' title='bbox 1345 586 1473 640; x_wconf 80' lang='lat' dir='ltr'><strong>sicut</strong></span> <span class='ocrx_word' id='word_1_18' title='bbox 1498 599 1611 640; x_wconf 79' lang='lat' dir='ltr'><strong>oues</strong></span> <span class='ocrx_word' id='word_1_19' title='bbox 1656 586 1785 639; x_wconf 83' lang='lat' dir='ltr'><strong>inter</strong></span> <span class='ocrx_word' id='word_1_20' title='bbox 1812 582 1980 653; x_wconf 85' lang='lat' dir='ltr'><strong>lupos.</strong></span> <span class='ocrx_word' id='word_1_21' title='bbox 2017 582 2079 636; x_wconf 85' lang='lat' dir='ltr'><strong>Et</strong></span> <span class='ocrx_word' id='word_1_22' title='bbox 2104 584 2171 636; x_wconf 88' lang='lat' dir='ltr'><strong>ad</strong></span> 
     </span>
    </p>
   </div>
   <div class='ocr_carea' id='block_1_4' title="bbox 608 674 2170 749">
    <p class='ocr_par' dir='ltr' id='par_1_4' title="bbox 608 674 2170 749">
     <span class='ocr_line' id='line_1_4' title="bbox 608 674 2170 749; baseline -0.001 -20"><span class='ocrx_word' id='word_1_23' title='bbox 608 674 840 746; x_wconf 71' lang='lat' dir='ltr'><strong>prmities</strong></span> <span class='ocrx_word' id='word_1_24' title='bbox 882 684 931 728; x_wconf 88' lang='lat' dir='ltr'><strong>et</strong></span> <span class='ocrx_word' id='word_1_25' title='bbox 970 678 1118 745; x_wconf 77' lang='lat' dir='ltr'><strong>reges</strong></span> <span class='ocrx_word' id='word_1_26' title='bbox 1152 675 1403 730; x_wconf 62' lang='grc' dir='ltr'><strong>ἀνδρηιίηὶ</strong></span> <span class='ocrx_word' id='word_1_27' title='bbox 1430 674 1639 749; x_wconf 75' lang='lat' dir='ltr'><strong>(Matth.</strong></span> <span class='ocrx_word' id='word_1_28' title='bbox 1680 675 1767 731; x_wconf 78' lang='grc'><strong>10.</strong></span> <span class='ocrx_word' id='word_1_29' title='bbox 1808 676 1862 731; x_wconf 82' lang='lat'><strong>5.</strong></span> <span class='ocrx_word' id='word_1_30' title='bbox 1896 675 1985 729; x_wconf 73' lang='lat' dir='ltr'><strong>ili.</strong></span> <span class='ocrx_word' id='word_1_31' title='bbox 2034 675 2170 740; x_wconf 78' lang='lat' dir='ltr'><strong>i7);</strong></span> 
     </span>
    </p>
   </div>
   <div class='ocr_carea' id='block_1_5' title="bbox 608 765 2175 836">
    <p class='ocr_par' dir='ltr' id='par_1_5' title="bbox 608 765 2175 836">
     <span class='ocr_line' id='line_1_5' title="bbox 608 765 2175 836; baseline 0.003 -17"><span class='ocrx_word' id='word_1_32' title='bbox 608 780 747 820; x_wconf 88' lang='lat' dir='ltr'><strong>nunc</strong></span> <span class='ocrx_word' id='word_1_33' title='bbox 786 774 963 820; x_wconf 63' lang='lat' dir='ltr'><strong>suum</strong></span> <span class='ocrx_word' id='word_1_34' title='bbox 998 765 1132 821; x_wconf 90' lang='lat' dir='ltr'><strong>illud</strong></span> <span class='ocrx_word' id='word_1_35' title='bbox 1166 766 1381 836; x_wconf 78' lang='lat' dir='ltr'><strong>gravius</strong></span> <span class='ocrx_word' id='word_1_36' title='bbox 1410 776 1465 822; x_wconf 88' lang='lat' dir='ltr'><strong>et</strong></span> <span class='ocrx_word' id='word_1_37' title='bbox 1510 768 1685 822; x_wconf 89' lang='lat' dir='ltr'><strong>acrius</strong></span> <span class='ocrx_word' id='word_1_38' title='bbox 1712 768 1993 836; x_wconf 71' lang='lat' dir='ltr'><strong>expressit.</strong></span> <span class='ocrx_word' id='word_1_39' title='bbox 2023 766 2175 823; x_wconf 85' lang='lat' dir='ltr'><strong>Tunc</strong></span> 
     </span>
    </p>
   </div>
   <div class='ocr_carea' id='block_1_6' title="bbox 605 858 2175 917">
    <p class='ocr_par' dir='ltr' id='par_1_6' title="bbox 605 858 2175 917">
     <span class='ocr_line' id='line_1_6' title="bbox 605 858 2175 917; baseline 0.002 -6"><span class='ocrx_word' id='word_1_40' title='bbox 605 858 743 913; x_wconf 83' lang='lat' dir='ltr'><strong>enim</strong></span> <span class='ocrx_word' id='word_1_41' title='bbox 778 866 999 912; x_wconf 87' lang='lat' dir='ltr'><strong>mortem</strong></span> <span class='ocrx_word' id='word_1_42' title='bbox 1028 864 1235 913; x_wconf 81' lang='lat' dir='ltr'><strong>tantum</strong></span> <span class='ocrx_word' id='word_1_43' title='bbox 1269 858 1481 914; x_wconf 84' lang='lat' dir='ltr'><strong>dicebat</strong></span> <span class='ocrx_word' id='word_1_44' title='bbox 1508 877 1524 917; x_wconf 87' lang='lat'><strong>:</strong></span> <span class='ocrx_word' id='word_1_45' title='bbox 1552 858 1639 914; x_wconf 85' lang='lat' dir='ltr'><strong>hic</strong></span> <span class='ocrx_word' id='word_1_46' title='bbox 1662 874 1791 915; x_wconf 79' lang='lat' dir='ltr'><strong>vero</strong></span> <span class='ocrx_word' id='word_1_47' title='bbox 1812 859 1972 913; x_wconf 86' lang='lat' dir='ltr'><strong>etiam</strong></span> <span class='ocrx_word' id='word_1_48' title='bbox 2002 860 2175 914; x_wconf 87' lang='lat' dir='ltr'><strong>erucis</strong></span> 
     </span>
    </p>
   </div>
   <div class='ocr_carea' id='block_1_7' title="bbox 602 947 2174 1019">
    <p class='ocr_par' dir='ltr' id='par_1_7' title="bbox 602 947 2174 1019">
     <span class='ocr_line' id='line_1_7' title="bbox 602 947 2174 1019; baseline 0.001 -20"><span class='ocrx_word' id='word_1_49' title='bbox 602 947 926 1001; x_wconf 76' lang='lat' dir='ltr'><strong>mentionem</strong></span> <span class='ocrx_word' id='word_1_50' title='bbox 957 947 1097 1013; x_wconf 83' lang='lat' dir='ltr'><strong>iecit,</strong></span> <span class='ocrx_word' id='word_1_51' title='bbox 1126 958 1181 1003; x_wconf 92' lang='lat' dir='ltr'><strong>et</strong></span> <span class='ocrx_word' id='word_1_52' title='bbox 1207 950 1380 1003; x_wconf 91' lang='lat' dir='ltr'><strong>erucis</strong></span> <span class='ocrx_word' id='word_1_53' title='bbox 1401 958 1666 1019; x_wconf 79' lang='lat' dir='ltr'><strong>perpetua:</strong></span> <span class='ocrx_word' id='word_1_54' title='bbox 1692 966 1709 1003; x_wconf 87' lang='lat'>:</span> <span class='ocrx_word' id='word_1_55' title='bbox 1735 964 1856 1003; x_wconf 85' lang='lat' dir='ltr'><strong>nam</strong></span> <span class='ocrx_word' id='word_1_56' title='bbox 1879 949 1979 1015; x_wconf 82' lang='lat' dir='ltr'><strong>ait,</strong></span> <span class='ocrx_word' id='word_1_57' title='bbox 2006 948 2174 1001; x_wconf 86' lang='lat' dir='ltr'><strong>Tollat</strong></span> 
     </span>
    </p>
   </div>
   <div class='ocr_carea' id='block_1_8' title="bbox 602 1037 2181 1109">
    <p class='ocr_par' dir='ltr' id='par_1_8' title="bbox 602 1037 2181 1109">
     <span class='ocr_line' id='line_1_8' title="bbox 602 1037 2181 1109; baseline 0.001 -20"><span class='ocrx_word' id='word_1_58' title='bbox 602 1052 801 1089; x_wconf 84' lang='lat' dir='ltr'><strong>crucem</strong></span> <span class='ocrx_word' id='word_1_59' title='bbox 825 1053 1009 1103; x_wconf 72' lang='lat' dir='ltr'><strong>uani;</strong></span> <span class='ocrx_word' id='word_1_60' title='bbox 1037 1037 1090 1091; x_wconf 88' lang='lat' dir='ltr'><strong>id</strong></span> <span class='ocrx_word' id='word_1_61' title='bbox 1124 1047 1226 1104; x_wconf 88' lang='lat' dir='ltr'><strong>est,</strong></span> <span class='ocrx_word' id='word_1_62' title='bbox 1267 1039 1424 1094; x_wconf 76' lang='lat' dir='ltr'><strong>Ferat</strong></span> <span class='ocrx_word' id='word_1_63' title='bbox 1462 1052 1697 1109; x_wconf 83' lang='lat' dir='ltr'><strong>semper,</strong></span> <span class='ocrx_word' id='word_1_64' title='bbox 1732 1048 1787 1093; x_wconf 90' lang='lat' dir='ltr'><strong>et</strong></span> <span class='ocrx_word' id='word_1_65' title='bbox 1816 1047 2010 1109; x_wconf 75' lang='lat' dir='ltr'><strong>portet.</strong></span> <span class='ocrx_word' id='word_1_66' title='bbox 2043 1038 2181 1092; x_wconf 81' lang='lat' dir='ltr'><strong>illud</strong></span> 
     </span>
    </p>
   </div>
   <div class='ocr_carea' id='block_1_9' title="bbox 603 1125 2182 1198">
    <p class='ocr_par' dir='ltr' id='par_1_9' title="bbox 603 1125 2182 1198">
     <span class='ocr_line' id='line_1_9' title="bbox 603 1125 2182 1198; baseline 0 -19"><span class='ocrx_word' id='word_1_67' title='bbox 603 1140 762 1195; x_wconf 83' lang='lat' dir='ltr'><strong>porro</strong></span> <span class='ocrx_word' id='word_1_68' title='bbox 788 1125 963 1183; x_wconf 81' lang='lat' dir='ltr'><strong>facere</strong></span> <span class='ocrx_word' id='word_1_69' title='bbox 986 1126 1191 1183; x_wconf 75' lang='lat' dir='ltr'><strong>solebat</strong></span> <span class='ocrx_word' id='word_1_70' title='bbox 1211 1128 1429 1198; x_wconf 85' lang='lat' dir='ltr'><strong>ubique,</strong></span> <span class='ocrx_word' id='word_1_71' title='bbox 1448 1143 1554 1183; x_wconf 83' lang='lat' dir='ltr'><strong>non</strong></span> <span class='ocrx_word' id='word_1_72' title='bbox 1584 1130 1660 1182; x_wconf 79' lang='lat' dir='ltr'><strong>ab</strong></span> <span class='ocrx_word' id='word_1_73' title='bbox 1681 1129 1832 1183; x_wconf 90' lang='lat' dir='ltr'><strong>initio</strong></span> <span class='ocrx_word' id='word_1_74' title='bbox 1855 1137 1909 1183; x_wconf 91' lang='lat' dir='ltr'><strong>et</strong></span> <span class='ocrx_word' id='word_1_75' title='bbox 1931 1127 2182 1193; x_wconf 69' lang='lat' dir='ltr'><strong>exordio,</strong></span> 
     </span>
    </p>
   </div>
   <div class='ocr_carea' id='block_1_10' title="bbox 602 1219 2168 1290">
    <p class='ocr_par' dir='ltr' id='par_1_10' title="bbox 602 1219 2168 1290">
     <span class='ocr_line' id='line_1_10' title="bbox 602 1219 2168 1290; baseline -0.001 -17"><span class='ocrx_word' id='word_1_76' title='bbox 602 1219 696 1273; x_wconf 88' lang='lat' dir='ltr'><strong>sed</strong></span> <span class='ocrx_word' id='word_1_77' title='bbox 737 1219 932 1274; x_wconf 79' lang='lat' dir='ltr'><strong>sensim</strong></span> <span class='ocrx_word' id='word_1_78' title='bbox 978 1228 1031 1274; x_wconf 92' lang='lat' dir='ltr'><strong>et</strong></span> <span class='ocrx_word' id='word_1_79' title='bbox 1062 1220 1316 1289; x_wconf 72' lang='lat' dir='ltr'><strong>paulatim</strong></span> <span class='ocrx_word' id='word_1_80' title='bbox 1360 1221 1556 1290; x_wconf 83' lang='lat' dir='ltr'><strong>majora</strong></span> <span class='ocrx_word' id='word_1_81' title='bbox 1588 1228 1851 1289; x_wconf 63' lang='lat' dir='ltr'><strong>princepta</strong></span> <span class='ocrx_word' id='word_1_82' title='bbox 1894 1219 2168 1281; x_wconf 86' lang='lat' dir='ltr'><strong>inducens,</strong></span> 
     </span>
    </p>
   </div>
   <div class='ocr_carea' id='block_1_11' title="bbox 604 1308 2172 1380">
    <p class='ocr_par' dir='ltr' id='par_1_11' title="bbox 604 1308 2172 1380">
     <span class='ocr_line' id='line_1_11' title="bbox 604 1308 2172 1380; baseline 0.001 -19"><span class='ocrx_word' id='word_1_83' title='bbox 604 1324 669 1361; x_wconf 88' lang='lat' dir='ltr'><strong>ne</strong></span> <span class='ocrx_word' id='word_1_84' title='bbox 692 1309 959 1363; x_wconf 84' lang='lat' dir='ltr'><strong>auditores</strong></span> <span class='ocrx_word' id='word_1_85' title='bbox 986 1309 1063 1363; x_wconf 88' lang='lat' dir='ltr'><strong>rei</strong></span> <span class='ocrx_word' id='word_1_86' title='bbox 1087 1311 1347 1380; x_wconf 78' lang='lat' dir='ltr'><strong>gravitate</strong></span> <span class='ocrx_word' id='word_1_87' title='bbox 1393 1310 1753 1364; x_wconf 84' lang='lat' dir='ltr'><strong>turbarentur.</strong></span> <span class='ocrx_word' id='word_1_88' title='bbox 1787 1309 2021 1373; x_wconf 81' lang='lat' dir='ltr'><strong>Deinde,</strong></span> <span class='ocrx_word' id='word_1_89' title='bbox 2049 1308 2172 1378; x_wconf 77' lang='lat' dir='ltr'><strong>quia</strong></span> 
     </span>
    </p>
   </div>
   <div class='ocr_carea' id='block_1_12' title="bbox 604 1397 2181 1467">
    <p class='ocr_par' dir='ltr' id='par_1_12' title="bbox 604 1397 2181 1467">
     <span class='ocr_line' id='line_1_12' title="bbox 604 1397 2181 1467; baseline 0.001 -15"><span class='ocrx_word' id='word_1_90' title='bbox 604 1400 654 1452; x_wconf 86' lang='lat' dir='ltr'><strong>id</strong></span> <span class='ocrx_word' id='word_1_91' title='bbox 690 1400 828 1467; x_wconf 85' lang='lat' dir='ltr'><strong>quod</strong></span> <span class='ocrx_word' id='word_1_92' title='bbox 858 1399 1071 1455; x_wconf 82' lang='lat' dir='ltr'><strong>dictum</strong></span> <span class='ocrx_word' id='word_1_93' title='bbox 1094 1397 1267 1456; x_wconf 76' lang='lat' dir='ltr'><strong>fuerat</strong></span> <span class='ocrx_word' id='word_1_94' title='bbox 1294 1444 1307 1467; x_wconf 84' lang='lat'><strong>,</strong></span> <span class='ocrx_word' id='word_1_95' title='bbox 1336 1401 1524 1455; x_wconf 77' lang='lat' dir='ltr'><strong>durum</strong></span> <span class='ocrx_word' id='word_1_96' title='bbox 1552 1414 1671 1455; x_wconf 71' lang='lat' dir='ltr'><strong>esse</strong></span> <span class='ocrx_word' id='word_1_97' title='bbox 1714 1400 2020 1463; x_wconf 77' lang='lat' dir='ltr'><strong>videbatur,</strong></span> <span class='ocrx_word' id='word_1_98' title='bbox 2051 1398 2181 1460; x_wconf 77' lang='lat' dir='ltr'><strong>vide</strong></span> 
     </span>
    </p>
   </div>
   <div class='ocr_carea' id='block_1_13' title="bbox 602 1488 2173 1560">
    <p class='ocr_par' dir='ltr' id='par_1_13' title="bbox 602 1488 2173 1560">
     <span class='ocr_line' id='line_1_13' title="bbox 602 1488 2173 1560; baseline 0.002 -19"><span class='ocrx_word' id='word_1_99' title='bbox 602 1488 872 1556; x_wconf 87' lang='lat' dir='ltr'><strong>quomodo</strong></span> <span class='ocrx_word' id='word_1_100' title='bbox 903 1490 956 1542; x_wconf 90' lang='lat' dir='ltr'><strong>in</strong></span> <span class='ocrx_word' id='word_1_101' title='bbox 995 1490 1338 1559; x_wconf 73' lang='lat' dir='ltr'><strong>sequentibus</strong></span> <span class='ocrx_word' id='word_1_102' title='bbox 1374 1490 1534 1545; x_wconf 83' lang='lat' dir='ltr'><strong>leniat</strong></span> <span class='ocrx_word' id='word_1_103' title='bbox 1563 1490 1713 1553; x_wconf 81' lang='lat' dir='ltr'><strong>illud,</strong></span> <span class='ocrx_word' id='word_1_104' title='bbox 1746 1498 2012 1560; x_wconf 71' lang='lat' dir='ltr'><strong>portatque</strong></span> <span class='ocrx_word' id='word_1_105' title='bbox 2037 1504 2173 1558; x_wconf 62' lang='lat' dir='ltr'><strong>prae»</strong></span> 
     </span>
    </p>
   </div>
   <div class='ocr_carea' id='block_1_14' title="bbox 608 1578 2169 1650">
    <p class='ocr_par' dir='ltr' id='par_1_14' title="bbox 608 1578 2169 1650">
     <span class='ocr_line' id='line_1_14' title="bbox 608 1578 2169 1650; baseline 0.001 -17"><span class='ocrx_word' id='word_1_106' title='bbox 608 1582 708 1633; x_wconf 86' lang='lat' dir='ltr'><strong>mia</strong></span> <span class='ocrx_word' id='word_1_107' title='bbox 744 1578 967 1633; x_wconf 81' lang='lat' dir='ltr'><strong>sudores</strong></span> <span class='ocrx_word' id='word_1_108' title='bbox 999 1581 1340 1647; x_wconf 80' lang='lat' dir='ltr'><strong>superantia;</strong></span> <span class='ocrx_word' id='word_1_109' title='bbox 1366 1595 1535 1650; x_wconf 86' lang='lat' dir='ltr'><strong>neque</strong></span> <span class='ocrx_word' id='word_1_110' title='bbox 1568 1582 1788 1650; x_wconf 65' lang='lat' dir='ltr'><strong>praemia</strong></span> <span class='ocrx_word' id='word_1_111' title='bbox 1816 1590 2043 1646; x_wconf 81' lang='lat' dir='ltr'><strong>tantum,</strong></span> <span class='ocrx_word' id='word_1_112' title='bbox 2075 1580 2169 1634; x_wconf 84' lang='lat' dir='ltr'><strong>sed</strong></span> 
     </span>
    </p>
   </div>
   <div class='ocr_carea' id='block_1_15' title="bbox 603 1670 2165 1743">
    <p class='ocr_par' dir='ltr' id='par_1_15' title="bbox 603 1670 2165 1743">
     <span class='ocr_line' id='line_1_15' title="bbox 603 1670 2165 1743; baseline 0.002 -20"><span class='ocrx_word' id='word_1_113' title='bbox 603 1670 849 1739; x_wconf 64' lang='lat' dir='ltr'><strong>nequitia</strong></span> <span class='ocrx_word' id='word_1_114' title='bbox 876 1671 1134 1741; x_wconf 79' lang='lat' dir='ltr'><strong>supplicia</strong></span> <span class='ocrx_word' id='word_1_115' title='bbox 1170 1689 1179 1723; x_wconf 94' lang='lat'><strong>:</strong></span> <span class='ocrx_word' id='word_1_116' title='bbox 1211 1673 1262 1725; x_wconf 84' lang='lat' dir='ltr'><strong>in</strong></span> <span class='ocrx_word' id='word_1_117' title='bbox 1293 1672 1483 1742; x_wconf 79' lang='lat' dir='ltr'><strong>quibus</strong></span> <span class='ocrx_word' id='word_1_118' title='bbox 1509 1674 1676 1743; x_wconf 83' lang='lat' dir='ltr'><strong>magis</strong></span> <span class='ocrx_word' id='word_1_119' title='bbox 1712 1680 1977 1738; x_wconf 69' lang='lat' dir='ltr'><strong>versatur,</strong></span> <span class='ocrx_word' id='word_1_120' title='bbox 2005 1687 2165 1742; x_wconf 82' lang='lat' dir='ltr'><strong>quam</strong></span> 
     </span>
    </p>
   </div>
   <div class='ocr_carea' id='block_1_16' title="bbox 603 1762 2173 1834">
    <p class='ocr_par' dir='ltr' id='par_1_16' title="bbox 603 1762 2173 1834">
     <span class='ocr_line' id='line_1_16' title="bbox 603 1762 2173 1834; baseline -0.001 -18"><span class='ocrx_word' id='word_1_121' title='bbox 603 1764 655 1816; x_wconf 79' lang='lat' dir='ltr'><strong>in</strong></span> <span class='ocrx_word' id='word_1_122' title='bbox 680 1762 817 1829; x_wconf 84' lang='lat' dir='ltr'><strong>aliis,</strong></span> <span class='ocrx_word' id='word_1_123' title='bbox 856 1764 1105 1832; x_wconf 86' lang='lat' dir='ltr'><strong>quoniam</strong></span> <span class='ocrx_word' id='word_1_124' title='bbox 1148 1777 1252 1817; x_wconf 89' lang='lat' dir='ltr'><strong>non</strong></span> <span class='ocrx_word' id='word_1_125' title='bbox 1284 1763 1355 1817; x_wconf 87' lang='lat' dir='ltr'><strong>ita</strong></span> <span class='ocrx_word' id='word_1_126' title='bbox 1398 1763 1657 1818; x_wconf 79' lang='lat' dir='ltr'><strong>bonorum.</strong></span> <span class='ocrx_word' id='word_1_127' title='bbox 1687 1762 1861 1827; x_wconf 81' lang='lat' dir='ltr'><strong>dona,</strong></span> <span class='ocrx_word' id='word_1_128' title='bbox 1894 1772 1952 1817; x_wconf 87' lang='lat' dir='ltr'><strong>nt</strong></span> <span class='ocrx_word' id='word_1_129' title='bbox 1986 1778 2173 1834; x_wconf 52' lang='lat' dir='ltr'><strong>pinna-</strong></span> 
     </span>
    </p>
   </div>
   <div class='ocr_carea' id='block_1_17' title="bbox 603 1855 2172 1922">
    <p class='ocr_par' dir='ltr' id='par_1_17' title="bbox 603 1855 2172 1922">
     <span class='ocr_line' id='line_1_17' title="bbox 603 1855 2172 1922; baseline 0.002 -14"><span class='ocrx_word' id='word_1_130' title='bbox 603 1870 720 1909; x_wconf 86' lang='lat' dir='ltr'><strong>rum</strong></span> <span class='ocrx_word' id='word_1_131' title='bbox 745 1855 1205 1922; x_wconf 71' lang='lat' dir='ltr'><strong>commutationes,</strong></span> <span class='ocrx_word' id='word_1_132' title='bbox 1231 1856 1423 1911; x_wconf 87' lang='lat' dir='ltr'><strong>multos</strong></span> <span class='ocrx_word' id='word_1_133' title='bbox 1451 1855 1517 1910; x_wconf 84' lang='lat' dir='ltr'><strong>ad</strong></span> <span class='ocrx_word' id='word_1_134' title='bbox 1544 1871 1724 1910; x_wconf 83' lang='lat' dir='ltr'><strong>sanam</strong></span> <span class='ocrx_word' id='word_1_135' title='bbox 1754 1867 1983 1912; x_wconf 84' lang='lat' dir='ltr'><strong>mentem</strong></span> <span class='ocrx_word' id='word_1_136' title='bbox 2016 1857 2172 1911; x_wconf 55' lang='lat' dir='ltr'><strong>redi»</strong></span> 
     </span>
    </p>
   </div>
   <div class='ocr_carea' id='block_1_18' title="bbox 602 1944 2174 2015">
    <p class='ocr_par' dir='ltr' id='par_1_18' title="bbox 602 1944 2174 2015">
     <span class='ocr_line' id='line_1_18' title="bbox 602 1944 2174 2015; baseline 0 -15"><span class='ocrx_word' id='word_1_137' title='bbox 602 1958 725 2000; x_wconf 86' lang='lat' dir='ltr'><strong>cere</strong></span> <span class='ocrx_word' id='word_1_138' title='bbox 746 1944 941 1998; x_wconf 80' lang='lat' dir='ltr'><strong>solent.</strong></span> <span class='ocrx_word' id='word_1_139' title='bbox 972 1945 1350 2001; x_wconf 81' lang='lat' dir='ltr'><strong>Animadverte</strong></span> <span class='ocrx_word' id='word_1_140' title='bbox 1380 1960 1543 2015; x_wconf 86' lang='lat' dir='ltr'><strong>porro</strong></span> <span class='ocrx_word' id='word_1_141' title='bbox 1580 1946 1846 2015; x_wconf 89' lang='lat' dir='ltr'><strong>quomodo</strong></span> <span class='ocrx_word' id='word_1_142' title='bbox 1888 1946 2009 2000; x_wconf 87' lang='lat' dir='ltr'><strong>hinc</strong></span> <span class='ocrx_word' id='word_1_143' title='bbox 2041 1946 2174 2001; x_wconf 85' lang='lat' dir='ltr'><strong>inei-</strong></span> 
     </span>
    </p>
   </div>
   <div class='ocr_carea' id='block_1_19' title="bbox 602 2033 2176 2107">
    <p class='ocr_par' dir='ltr' id='par_1_19' title="bbox 602 2033 2176 2107">
     <span class='ocr_line' id='line_1_19' title="bbox 602 2033 2176 2107; baseline 0.001 -20"><span class='ocrx_word' id='word_1_144' title='bbox 602 2035 711 2104; x_wconf 86' lang='lat' dir='ltr'><strong>piat</strong></span> <span class='ocrx_word' id='word_1_145' title='bbox 734 2042 791 2090; x_wconf 90' lang='lat' dir='ltr'><strong>et</strong></span> <span class='ocrx_word' id='word_1_146' title='bbox 819 2033 1135 2106; x_wconf 77' lang='lat' dir='ltr'><strong>inidipsum</strong></span> <span class='ocrx_word' id='word_1_147' title='bbox 1166 2035 1394 2107; x_wconf 78' lang='lat' dir='ltr'><strong>desinat.</strong></span> <span class='ocrx_word' id='word_1_148' title='bbox 1442 2036 1532 2091; x_wconf 73' lang='grc'><strong>25.</strong></span> <span class='ocrx_word' id='word_1_149' title='bbox 1570 2036 1884 2105; x_wconf 74' lang='lat' dir='ltr'><strong>Quicumque</strong></span> <span class='ocrx_word' id='word_1_150' title='bbox 1909 2038 2043 2091; x_wconf 79' lang='lat' dir='ltr'><strong>enim</strong></span> <span class='ocrx_word' id='word_1_151' title='bbox 2091 2052 2176 2089; x_wconf 74' lang='lat' dir='ltr'><strong>w-</strong></span> 
     </span>
    </p>
   </div>
   <div class='ocr_carea' id='block_1_20' title="bbox 605 2124 2169 2199">
    <p class='ocr_par' dir='ltr' id='par_1_20' title="bbox 605 2124 2169 2199">
     <span class='ocr_line' id='line_1_20' title="bbox 605 2124 2169 2199; baseline 0.001 -19"><span class='ocrx_word' id='word_1_152' title='bbox 605 2126 750 2180; x_wconf 82' lang='lat' dir='ltr'><strong>luerit</strong></span> <span class='ocrx_word' id='word_1_153' title='bbox 774 2126 997 2181; x_wconf 78' lang='lat' dir='ltr'><strong>animum</strong></span> <span class='ocrx_word' id='word_1_154' title='bbox 1035 2129 1394 2183; x_wconf 80' lang='lat' dir='ltr'><strong>suamsaluam</strong></span> <span class='ocrx_word' id='word_1_155' title='bbox 1436 2124 1623 2198; x_wconf 77' lang='lat' dir='ltr'><strong>facere,</strong></span> <span class='ocrx_word' id='word_1_156' title='bbox 1665 2129 1835 2199; x_wconf 87' lang='lat' dir='ltr'><strong>perdet</strong></span> <span class='ocrx_word' id='word_1_157' title='bbox 1864 2145 1971 2183; x_wconf 81' lang='lat' dir='ltr'><strong>eam</strong></span> <span class='ocrx_word' id='word_1_158' title='bbox 2010 2128 2169 2199; x_wconf 70' lang='lat' dir='ltr'><strong>:qui-</strong></span> 
     </span>
    </p>
   </div>
   <div class='ocr_carea' id='block_1_21' title="bbox 604 2216 2181 2289">
    <p class='ocr_par' dir='ltr' id='par_1_21' title="bbox 604 2216 2181 2289">
     <span class='ocr_line' id='line_1_21' title="bbox 604 2216 2181 2289; baseline 0 -18"><span class='ocrx_word' id='word_1_159' title='bbox 604 2232 810 2287; x_wconf 79' lang='lat' dir='ltr'><strong>cumque</strong></span> <span class='ocrx_word' id='word_1_160' title='bbox 834 2216 1105 2287; x_wconf 77' lang='lat' dir='ltr'><strong>perdiderit</strong></span> <span class='ocrx_word' id='word_1_161' title='bbox 1131 2219 1353 2272; x_wconf 71' lang='lat' dir='ltr'><strong>uitiatum</strong></span> <span class='ocrx_word' id='word_1_162' title='bbox 1398 2235 1542 2273; x_wconf 83' lang='lat' dir='ltr'><strong>suam</strong></span> <span class='ocrx_word' id='word_1_163' title='bbox 1585 2227 1789 2289; x_wconf 78' lang='lat' dir='ltr'><strong>propter</strong></span> <span class='ocrx_word' id='word_1_164' title='bbox 1824 2234 1922 2283; x_wconf 87' lang='lat' dir='ltr'><strong>me,</strong></span> <span class='ocrx_word' id='word_1_165' title='bbox 1962 2220 2181 2272; x_wconf 77' lang='lat' dir='ltr'><strong>inveniet</strong></span> 
     </span>
    </p>
   </div>
   <div class='ocr_carea' id='block_1_22' title="bbox 606 2308 2180 2380">
    <p class='ocr_par' dir='ltr' id='par_1_22' title="bbox 606 2308 2180 2380">
     <span class='ocr_line' id='line_1_22' title="bbox 606 2308 2180 2380; baseline 0.001 -18"><span class='ocrx_word' id='word_1_166' title='bbox 606 2325 734 2363; x_wconf 84' lang='lat' dir='ltr'><strong>eam.</strong></span> <span class='ocrx_word' id='word_1_167' title='bbox 764 2308 853 2365; x_wconf 73' lang='lat'><strong>26.</strong></span> <span class='ocrx_word' id='word_1_168' title='bbox 891 2308 1025 2376; x_wconf 80' lang='lat' dir='ltr'><strong>Quid</strong></span> <span class='ocrx_word' id='word_1_169' title='bbox 1046 2310 1177 2363; x_wconf 86' lang='lat' dir='ltr'><strong>enim</strong></span> <span class='ocrx_word' id='word_1_170' title='bbox 1203 2311 1403 2380; x_wconf 81' lang='lat' dir='ltr'><strong>prodest</strong></span> <span class='ocrx_word' id='word_1_171' title='bbox 1429 2312 1621 2365; x_wconf 81' lang='lat' dir='ltr'><strong>homini</strong></span> <span class='ocrx_word' id='word_1_172' title='bbox 1642 2312 1685 2364; x_wconf 88' lang='lat' dir='ltr'><strong>si</strong></span> <span class='ocrx_word' id='word_1_173' title='bbox 1715 2310 1957 2364; x_wconf 83' lang='lat' dir='ltr'><strong>mundum</strong></span> <span class='ocrx_word' id='word_1_174' title='bbox 1979 2312 2180 2364; x_wconf 63' lang='lat' dir='ltr'><strong>unitum-</strong></span> 
     </span>
    </p>
   </div>
   <div class='ocr_carea' id='block_1_23' title="bbox 606 2390 2182 2469">
    <p class='ocr_par' dir='ltr' id='par_1_23' title="bbox 606 2390 2182 2469">
     <span class='ocr_line' id='line_1_23' title="bbox 606 2390 2182 2469; baseline 0.001 -16"><span class='ocrx_word' id='word_1_175' title='bbox 606 2415 716 2453; x_wconf 83' lang='lat' dir='ltr'><strong>sum</strong></span> <span class='ocrx_word' id='word_1_176' title='bbox 740 2390 964 2453; x_wconf 81' lang='lat' dir='ltr'><strong>lucretur</strong></span> <span class='ocrx_word' id='word_1_177' title='bbox 988 2439 1005 2465; x_wconf 89' lang='lat'><strong>,</strong></span> <span class='ocrx_word' id='word_1_178' title='bbox 1032 2390 1217 2454; x_wconf 66' lang='lat' dir='ltr'><strong>animo:</strong></span> <span class='ocrx_word' id='word_1_179' title='bbox 1240 2416 1355 2455; x_wconf 73' lang='lat' dir='ltr'><strong>vero</strong></span> <span class='ocrx_word' id='word_1_180' title='bbox 1378 2416 1484 2455; x_wconf 73' lang='lat' dir='ltr'><strong>sua</strong></span> <span class='ocrx_word' id='word_1_181' title='bbox 1522 2401 1871 2456; x_wconf 71' lang='lat' dir='ltr'><strong>detrimentum</strong></span> <span class='ocrx_word' id='word_1_182' title='bbox 1913 2402 2135 2469; x_wconf 77' lang='lat' dir='ltr'><strong>patiatur</strong></span> <span class='ocrx_word' id='word_1_183' title='bbox 2154 2401 2182 2454; x_wconf 74' lang='lat'><em>7</em></span> 
     </span>
    </p>
   </div>
   <div class='ocr_carea' id='block_1_24' title="bbox 604 2484 2184 2564">
    <p class='ocr_par' dir='ltr' id='par_1_24' title="bbox 604 2484 2184 2564">
     <span class='ocr_line' id='line_1_24' title="bbox 604 2484 2184 2564; baseline 0.002 -20"><span class='ocrx_word' id='word_1_184' title='bbox 604 2500 692 2545; x_wconf 87' lang='lat' dir='ltr'><strong>aut</strong></span> <span class='ocrx_word' id='word_1_185' title='bbox 711 2506 859 2561; x_wconf 80' lang='lat' dir='ltr'><strong>quam</strong></span> <span class='ocrx_word' id='word_1_186' title='bbox 887 2491 1025 2545; x_wconf 71' lang='lat' dir='ltr'><strong>dabit</strong></span> <span class='ocrx_word' id='word_1_187' title='bbox 1050 2491 1199 2545; x_wconf 78' lang='lat' dir='ltr'><strong>homo</strong></span> <span class='ocrx_word' id='word_1_188' title='bbox 1246 2484 1685 2547; x_wconf 73' lang='lat' dir='ltr'><strong>commutationem</strong></span> <span class='ocrx_word' id='word_1_189' title='bbox 1724 2507 1816 2564; x_wconf 81' lang='lat' dir='ltr'><strong>pro</strong></span> <span class='ocrx_word' id='word_1_190' title='bbox 1834 2492 2009 2547; x_wconf 75' lang='lat' dir='ltr'><strong>animo</strong></span> <span class='ocrx_word' id='word_1_191' title='bbox 2046 2493 2184 2547; x_wconf 78' lang='lat' dir='ltr'><strong>sua!</strong></span> 
     </span>
    </p>
   </div>
   <div class='ocr_carea' id='block_1_25' title="bbox 606 2579 2181 2653">
    <p class='ocr_par' dir='ltr' id='par_1_25' title="bbox 606 2579 2181 2653">
     <span class='ocr_line' id='line_1_25' title="bbox 606 2579 2181 2653; baseline 0.001 -17"><span class='ocrx_word' id='word_1_192' title='bbox 606 2580 660 2636; x_wconf 87' lang='lat' dir='ltr'><strong>id</strong></span> <span class='ocrx_word' id='word_1_193' title='bbox 683 2589 765 2635; x_wconf 89' lang='lat' dir='ltr'><strong>est</strong></span> <span class='ocrx_word' id='word_1_194' title='bbox 810 2598 823 2635; x_wconf 91' lang='lat'>:</span> <span class='ocrx_word' id='word_1_195' title='bbox 863 2579 982 2635; x_wconf 86' lang='lat' dir='ltr'><strong>Non</strong></span> <span class='ocrx_word' id='word_1_196' title='bbox 1016 2580 1159 2651; x_wconf 91' lang='lat' dir='ltr'><strong>quod</strong></span> <span class='ocrx_word' id='word_1_197' title='bbox 1196 2580 1348 2636; x_wconf 86' lang='lat' dir='ltr'><strong>vobis</strong></span> <span class='ocrx_word' id='word_1_198' title='bbox 1386 2596 1491 2636; x_wconf 91' lang='lat' dir='ltr'><strong>non</strong></span> <span class='ocrx_word' id='word_1_199' title='bbox 1524 2596 1762 2653; x_wconf 82' lang='lat' dir='ltr'><strong>parcam,</strong></span> <span class='ocrx_word' id='word_1_200' title='bbox 1816 2582 1923 2637; x_wconf 88' lang='lat' dir='ltr'><strong>imo</strong></span> <span class='ocrx_word' id='word_1_201' title='bbox 1952 2587 2181 2637; x_wconf 81' lang='lat' dir='ltr'><strong>maxime</strong></span> 
     </span>
    </p>
   </div>
   <div class='ocr_carea' id='block_1_26' title="bbox 606 2669 2181 2743">
    <p class='ocr_par' dir='ltr' id='par_1_26' title="bbox 606 2669 2181 2743">
     <span class='ocr_line' id='line_1_26' title="bbox 606 2669 2181 2743; baseline 0.003 -20"><span class='ocrx_word' id='word_1_202' title='bbox 606 2684 835 2739; x_wconf 77' lang='lat' dir='ltr'><strong>parcens</strong></span> <span class='ocrx_word' id='word_1_203' title='bbox 859 2669 973 2725; x_wconf 64' lang='lat' dir='ltr'><strong>haec</strong></span> <span class='ocrx_word' id='word_1_204' title='bbox 999 2671 1272 2743; x_wconf 71' lang='lat' dir='ltr'><strong>praecipio.</strong></span> <span class='ocrx_word' id='word_1_205' title='bbox 1309 2670 1440 2725; x_wconf 85' lang='lat' dir='ltr'><strong>Nam</strong></span> <span class='ocrx_word' id='word_1_206' title='bbox 1466 2674 1555 2741; x_wconf 86' lang='lat' dir='ltr'><strong>qui</strong></span> <span class='ocrx_word' id='word_1_207' title='bbox 1586 2673 1755 2743; x_wconf 89' lang='lat' dir='ltr'><strong>parcit</strong></span> <span class='ocrx_word' id='word_1_208' title='bbox 1774 2672 1883 2728; x_wconf 81' lang='lat' dir='ltr'><strong>lilio</strong></span> <span class='ocrx_word' id='word_1_209' title='bbox 1910 2688 2028 2739; x_wconf 89' lang='lat' dir='ltr'><strong>suo,</strong></span> <span class='ocrx_word' id='word_1_210' title='bbox 2061 2688 2181 2741; x_wconf 85' lang='lat' dir='ltr'><strong>per-</strong></span> 
     </span>
    </p>
   </div>
   <div class='ocr_carea' id='block_1_27' title="bbox 606 2760 2183 2833">
    <p class='ocr_par' dir='ltr' id='par_1_27' title="bbox 606 2760 2183 2833">
     <span class='ocr_line' id='line_1_27' title="bbox 606 2760 2183 2833; baseline 0.003 -18"><span class='ocrx_word' id='word_1_211' title='bbox 606 2760 686 2816; x_wconf 89' lang='lat' dir='ltr'><strong>dit</strong></span> <span class='ocrx_word' id='word_1_212' title='bbox 714 2761 896 2827; x_wconf 89' lang='lat' dir='ltr'><strong>illum;</strong></span> <span class='ocrx_word' id='word_1_213' title='bbox 922 2762 1012 2831; x_wconf 88' lang='lat' dir='ltr'><strong>qui</strong></span> <span class='ocrx_word' id='word_1_214' title='bbox 1059 2777 1164 2817; x_wconf 91' lang='lat' dir='ltr'><strong>non</strong></span> <span class='ocrx_word' id='word_1_215' title='bbox 1193 2763 1382 2832; x_wconf 87' lang='lat' dir='ltr'><strong>parcit,</strong></span> <span class='ocrx_word' id='word_1_216' title='bbox 1420 2774 1598 2819; x_wconf 88' lang='lat' dir='ltr'><strong>servat</strong></span> <span class='ocrx_word' id='word_1_217' title='bbox 1621 2779 1765 2820; x_wconf 90' lang='lat' dir='ltr'><strong>eum.</strong></span> <span class='ocrx_word' id='word_1_218' title='bbox 1821 2765 1972 2833; x_wconf 92' lang='lat' dir='ltr'><strong>Quod</strong></span> <span class='ocrx_word' id='word_1_219' title='bbox 2017 2765 2183 2820; x_wconf 80' lang='lat' dir='ltr'><strong>etiam</strong></span> 
     </span>
    </p>
   </div>
   <div class='ocr_carea' id='block_1_28' title="bbox 608 2849 2183 2922">
    <p class='ocr_par' dir='ltr' id='par_1_28' title="bbox 608 2849 2183 2922">
     <span class='ocr_line' id='line_1_28' title="bbox 608 2849 2183 2922; baseline 0.003 -18"><span class='ocrx_word' id='word_1_220' title='bbox 608 2851 821 2919; x_wconf 78' lang='lat' dir='ltr'><strong>sapiens</strong></span> <span class='ocrx_word' id='word_1_221' title='bbox 865 2849 1078 2919; x_wconf 87' lang='lat' dir='ltr'><strong>quidam</strong></span> <span class='ocrx_word' id='word_1_222' title='bbox 1118 2850 1327 2906; x_wconf 84' lang='lat' dir='ltr'><strong>dicebat</strong></span> <span class='ocrx_word' id='word_1_223' title='bbox 1373 2851 1477 2906; x_wconf 84' lang='lat' dir='ltr'><strong>:Si</strong></span> <span class='ocrx_word' id='word_1_224' title='bbox 1498 2854 1802 2922; x_wconf 69' lang='lat' dir='ltr'><strong>percusseris</strong></span> <span class='ocrx_word' id='word_1_225' title='bbox 1834 2853 2000 2922; x_wconf 77' lang='lat' dir='ltr'><strong>ﬁlium</strong></span> <span class='ocrx_word' id='word_1_226' title='bbox 2043 2864 2183 2909; x_wconf 78' lang='lat' dir='ltr'><strong>tuum</strong></span> 
     </span>
    </p>
   </div>
   <div class='ocr_carea' id='block_1_29' title="bbox 608 2941 2183 3015">
    <p class='ocr_par' dir='ltr' id='par_1_29' title="bbox 608 2941 2183 3015">
     <span class='ocr_line' id='line_1_29' title="bbox 608 2941 2183 3015; baseline 0.002 -20"><span class='ocrx_word' id='word_1_227' title='bbox 608 2942 764 3011; x_wconf 75' lang='lat' dir='ltr'><strong>virga,</strong></span> <span class='ocrx_word' id='word_1_228' title='bbox 781 2956 887 2993; x_wconf 82' lang='lat' dir='ltr'><strong>non</strong></span> <span class='ocrx_word' id='word_1_229' title='bbox 904 2941 1142 2996; x_wconf 78' lang='lat' dir='ltr'><strong>morietur</strong></span> <span class='ocrx_word' id='word_1_230' title='bbox 1171 2943 1431 2996; x_wconf 73' lang='lat' dir='ltr'><strong>:onitnatn</strong></span> <span class='ocrx_word' id='word_1_231' title='bbox 1456 2951 1623 2997; x_wconf 77' lang='lat' dir='ltr'><strong>autent</strong></span> <span class='ocrx_word' id='word_1_232' title='bbox 1639 2944 1750 3015; x_wconf 86' lang='lat' dir='ltr'><strong>ejus</strong></span> <span class='ocrx_word' id='word_1_233' title='bbox 1776 2960 1808 2997; x_wconf 90' lang='lat' dir='ltr'><strong>a</strong></span> <span class='ocrx_word' id='word_1_234' title='bbox 1824 2953 1981 2998; x_wconf 85' lang='lat' dir='ltr'><strong>morte</strong></span> <span class='ocrx_word' id='word_1_235' title='bbox 2001 2946 2183 3013; x_wconf 80' lang='lat' dir='ltr'><strong>eripies</strong></span> 
     </span>
    </p>
   </div>
   <div class='ocr_carea' id='block_1_30' title="bbox 609 3028 2191 3105">
    <p class='ocr_par' dir='ltr' id='par_1_30' title="bbox 609 3028 2191 3105">
     <span class='ocr_line' id='line_1_30' title="bbox 609 3028 2191 3105; baseline 0.004 -22"><span class='ocrx_word' id='word_1_236' title='bbox 609 3028 789 3099; x_wconf 77' lang='lat' dir='ltr'><strong>(Prov.</strong></span> <span class='ocrx_word' id='word_1_237' title='bbox 840 3030 929 3086; x_wconf 71' lang='grc'><strong>25.</strong></span> <span class='ocrx_word' id='word_1_238' title='bbox 982 3030 1110 3097; x_wconf 68' lang='lat' dir='ltr'><strong>ii);</strong></span> <span class='ocrx_word' id='word_1_239' title='bbox 1165 3045 1229 3086; x_wconf 88' lang='lat' dir='ltr'><strong>ac</strong></span> <span class='ocrx_word' id='word_1_240' title='bbox 1279 3047 1513 3099; x_wconf 87' lang='lat' dir='ltr'><strong>rursum,</strong></span> <span class='ocrx_word' id='word_1_241' title='bbox 1566 3034 1666 3101; x_wconf 77' lang='lat' dir='ltr'><strong>Qui</strong></span> <span class='ocrx_word' id='word_1_242' title='bbox 1711 3034 1976 3105; x_wconf 79' lang='lat' dir='ltr'><strong>refrigerat</strong></span> <span class='ocrx_word' id='word_1_243' title='bbox 2016 3036 2191 3105; x_wconf 73' lang='lat' dir='ltr'><strong>ﬁlium</strong></span> 
     </span>
    </p>
   </div>
   <div class='ocr_carea' id='block_1_31' title="bbox 608 3120 2181 3197">
    <p class='ocr_par' dir='ltr' id='par_1_31' title="bbox 608 3120 2181 3197">
     <span class='ocr_line' id='line_1_31' title="bbox 608 3120 2181 3197; baseline 0.006 -23"><span class='ocrx_word' id='word_1_244' title='bbox 608 3136 778 3185; x_wconf 84' lang='lat' dir='ltr'><strong>suum,</strong></span> <span class='ocrx_word' id='word_1_245' title='bbox 808 3120 982 3190; x_wconf 80' lang='lat' dir='ltr'><strong>ligabit</strong></span> <span class='ocrx_word' id='word_1_246' title='bbox 1017 3122 1224 3177; x_wconf 73' lang='lat' dir='ltr'><strong>vulnera</strong></span> <span class='ocrx_word' id='word_1_247' title='bbox 1271 3125 1379 3193; x_wconf 87' lang='lat' dir='ltr'><strong>ejus</strong></span> <span class='ocrx_word' id='word_1_248' title='bbox 1417 3122 1604 3195; x_wconf 80' lang='lat' dir='ltr'><strong>(Eecli.</strong></span> <span class='ocrx_word' id='word_1_249' title='bbox 1651 3125 1737 3183; x_wconf 77' lang='lat'><strong>30.</strong></span> <span class='ocrx_word' id='word_1_250' title='bbox 1765 3126 1823 3197; x_wconf 79' lang='grc'><strong>1)</strong></span> <span class='ocrx_word' id='word_1_251' title='bbox 1857 3144 1870 3180; x_wconf 91' lang='lat'><strong>:</strong></span> <span class='ocrx_word' id='word_1_252' title='bbox 1902 3126 2000 3182; x_wconf 84' lang='lat' dir='ltr'><strong>hoc</strong></span> <span class='ocrx_word' id='word_1_253' title='bbox 2022 3129 2181 3184; x_wconf 89' lang='lat' dir='ltr'><strong>etiam</strong></span> 
     </span>
    </p>
   </div>
   <div class='ocr_carea' id='block_1_32' title="bbox 609 3211 2185 3285">
    <p class='ocr_par' dir='ltr' id='par_1_32' title="bbox 609 3211 2185 3285">
     <span class='ocr_line' id='line_1_32' title="bbox 609 3211 2185 3285; baseline 0.007 -22"><span class='ocrx_word' id='word_1_254' title='bbox 609 3211 662 3263; x_wconf 92' lang='lat' dir='ltr'><strong>in</strong></span> <span class='ocrx_word' id='word_1_255' title='bbox 710 3211 947 3265; x_wconf 90' lang='lat' dir='ltr'><strong>exercitu</strong></span> <span class='ocrx_word' id='word_1_256' title='bbox 974 3211 1051 3266; x_wconf 87' lang='lat' dir='ltr'><strong>lit.</strong></span> <span class='ocrx_word' id='word_1_257' title='bbox 1081 3211 1210 3266; x_wconf 81' lang='lat' dir='ltr'><strong>Nam</strong></span> <span class='ocrx_word' id='word_1_258' title='bbox 1234 3213 1277 3267; x_wconf 91' lang='lat' dir='ltr'><strong>si</strong></span> <span class='ocrx_word' id='word_1_259' title='bbox 1324 3213 1431 3277; x_wconf 81' lang='lat' dir='ltr'><strong>dux</strong></span> <span class='ocrx_word' id='word_1_260' title='bbox 1489 3231 1710 3285; x_wconf 83' lang='lat' dir='ltr'><strong>parcens</strong></span> <span class='ocrx_word' id='word_1_261' title='bbox 1738 3217 2011 3284; x_wconf 87' lang='lat' dir='ltr'><strong>militibus,</strong></span> <span class='ocrx_word' id='word_1_262' title='bbox 2042 3219 2185 3275; x_wconf 90' lang='lat' dir='ltr'><strong>intus</strong></span> 
     </span>
    </p>
   </div>
   <div class='ocr_carea' id='block_1_33' title="bbox 607 3298 2185 3379">
    <p class='ocr_par' dir='ltr' id='par_1_33' title="bbox 607 3298 2185 3379">
     <span class='ocr_line' id='line_1_33' title="bbox 607 3298 2185 3379; baseline 0.009 -25"><span class='ocrx_word' id='word_1_263' title='bbox 607 3298 787 3371; x_wconf 63' lang='lat' dir='ltr'><strong>iubeat</strong></span> <span class='ocrx_word' id='word_1_264' title='bbox 831 3316 1043 3371; x_wconf 83' lang='lat' dir='ltr'><strong>semper</strong></span> <span class='ocrx_word' id='word_1_265' title='bbox 1069 3318 1321 3369; x_wconf 86' lang='lat' dir='ltr'><strong>manere,</strong></span> <span class='ocrx_word' id='word_1_266' title='bbox 1350 3316 1460 3361; x_wconf 88' lang='lat' dir='ltr'><strong>tam</strong></span> <span class='ocrx_word' id='word_1_267' title='bbox 1502 3307 1694 3364; x_wconf 79' lang='lat' dir='ltr'><strong>milites</strong></span> <span class='ocrx_word' id='word_1_268' title='bbox 1734 3322 1891 3379; x_wconf 79' lang='lat' dir='ltr'><strong>quam</strong></span> <span class='ocrx_word' id='word_1_269' title='bbox 1938 3311 2069 3366; x_wconf 86' lang='lat' dir='ltr'><strong>alios</strong></span> <span class='ocrx_word' id='word_1_270' title='bbox 2110 3312 2185 3367; x_wconf 87' lang='lat' dir='ltr'><strong>si-</strong></span> 
     </span>
    </p>
   </div>
   <div class='ocr_carea' id='block_1_34' title="bbox 608 3391 2186 3469">
    <p class='ocr_par' dir='ltr' id='par_1_34' title="bbox 608 3391 2186 3469">
     <span class='ocr_line' id='line_1_34' title="bbox 608 3391 2186 3469; baseline 0.01 -25"><span class='ocrx_word' id='word_1_271' title='bbox 608 3391 719 3445; x_wconf 89' lang='lat' dir='ltr'><strong>mul</strong></span> <span class='ocrx_word' id='word_1_272' title='bbox 762 3392 1073 3464; x_wconf 85' lang='lat' dir='ltr'><strong>corrumpit.</strong></span> <span class='ocrx_word' id='word_1_273' title='bbox 1113 3392 1191 3448; x_wconf 81' lang='lat' dir='ltr'><strong>Ne</strong></span> <span class='ocrx_word' id='word_1_274' title='bbox 1234 3395 1393 3465; x_wconf 89' lang='lat' dir='ltr'><strong>igitur</strong></span> <span class='ocrx_word' id='word_1_275' title='bbox 1435 3397 1610 3469; x_wconf 35' lang='lat' dir='ltr'><strong>etiam.</strong></span> <span class='ocrx_word' id='word_1_276' title='bbox 1636 3398 1787 3453; x_wconf 83' lang='lat' dir='ltr'><strong>vobis</strong></span> <span class='ocrx_word' id='word_1_277' title='bbox 1814 3399 1942 3455; x_wconf 90' lang='lat' dir='ltr'><strong>illud</strong></span> <span class='ocrx_word' id='word_1_278' title='bbox 1978 3404 2186 3459; x_wconf 87' lang='lat' dir='ltr'><strong>contin-</strong></span> 
     </span>
    </p>
   </div>
   <div class='ocr_carea' id='block_1_35' title="bbox 610 3480 2185 3557">
    <p class='ocr_par' dir='ltr' id='par_1_35' title="bbox 610 3480 2185 3557">
     <span class='ocr_line' id='line_1_35' title="bbox 610 3480 2185 3557; baseline 0.011 -24"><span class='ocrx_word' id='word_1_279' title='bbox 610 3491 731 3552; x_wconf 84' lang='lat' dir='ltr'><strong>gat,</strong></span> <span class='ocrx_word' id='word_1_280' title='bbox 775 3480 975 3551; x_wconf 87' lang='lat' dir='ltr'><strong>inquit,</strong></span> <span class='ocrx_word' id='word_1_281' title='bbox 1020 3492 1231 3553; x_wconf 90' lang='lat' dir='ltr'><strong>oportet</strong></span> <span class='ocrx_word' id='word_1_282' title='bbox 1255 3500 1351 3541; x_wconf 89' lang='lat' dir='ltr'><strong>vos</strong></span> <span class='ocrx_word' id='word_1_283' title='bbox 1378 3496 1683 3557; x_wconf 80' lang='lat' dir='ltr'><strong>perpetuam</strong></span> <span class='ocrx_word' id='word_1_284' title='bbox 1712 3489 1780 3545; x_wconf 92' lang='lat' dir='ltr'><strong>ad</strong></span> <span class='ocrx_word' id='word_1_285' title='bbox 1808 3501 2034 3547; x_wconf 87' lang='lat' dir='ltr'><strong>mortem</strong></span> <span class='ocrx_word' id='word_1_286' title='bbox 2063 3508 2185 3550; x_wconf 86' lang='lat' dir='ltr'><strong>esse</strong></span> 
     </span>
    </p>
   </div>
   <div class='ocr_carea' id='block_1_36' title="bbox 613 3570 2186 3645">
    <p class='ocr_par' dir='ltr' id='par_1_36' title="bbox 613 3570 2186 3645">
     <span class='ocr_line' id='line_1_36' title="bbox 613 3570 2186 3645; baseline 0.011 -21"><span class='ocrx_word' id='word_1_287' title='bbox 613 3580 846 3641; x_wconf 84' lang='lat' dir='ltr'><strong>paratos.</strong></span> <span class='ocrx_word' id='word_1_288' title='bbox 883 3570 1014 3627; x_wconf 82' lang='lat' dir='ltr'><strong>Nam</strong></span> <span class='ocrx_word' id='word_1_289' title='bbox 1044 3584 1098 3629; x_wconf 91' lang='lat' dir='ltr'><strong>et</strong></span> <span class='ocrx_word' id='word_1_290' title='bbox 1120 3590 1283 3645; x_wconf 85' lang='lat' dir='ltr'><strong>grave</strong></span> <span class='ocrx_word' id='word_1_291' title='bbox 1327 3576 1524 3632; x_wconf 77' lang='lat' dir='ltr'><strong>bellum</strong></span> <span class='ocrx_word' id='word_1_292' title='bbox 1571 3592 1694 3635; x_wconf 86' lang='lat' dir='ltr'><strong>mox</strong></span> <span class='ocrx_word' id='word_1_293' title='bbox 1738 3584 2087 3639; x_wconf 78' lang='lat' dir='ltr'><strong>excitabitur:</strong></span> <span class='ocrx_word' id='word_1_294' title='bbox 2117 3599 2186 3642; x_wconf 85' lang='lat' dir='ltr'><strong>ne</strong></span> 
     </span>
    </p>
   </div>
   <div class='ocr_carea' id='block_1_37' title="bbox 611 3663 2184 3742">
    <p class='ocr_par' dir='ltr' id='par_1_37' title="bbox 611 3663 2184 3742">
     <span class='ocr_line' id='line_1_37' title="bbox 611 3663 2184 3742; baseline 0.008 -24"><span class='ocrx_word' id='word_1_295' title='bbox 611 3676 738 3734; x_wconf 87' lang='lat' dir='ltr'><strong>ergo</strong></span> <span class='ocrx_word' id='word_1_296' title='bbox 766 3663 905 3719; x_wconf 90' lang='lat' dir='ltr'><strong>intus</strong></span> <span class='ocrx_word' id='word_1_297' title='bbox 923 3664 1139 3734; x_wconf 83' lang='lat' dir='ltr'><strong>sedeas,</strong></span> <span class='ocrx_word' id='word_1_298' title='bbox 1155 3667 1247 3723; x_wconf 87' lang='lat' dir='ltr'><strong>sed</strong></span> <span class='ocrx_word' id='word_1_299' title='bbox 1268 3669 1353 3723; x_wconf 85' lang='lat' dir='ltr'><strong>exi</strong></span> <span class='ocrx_word' id='word_1_300' title='bbox 1378 3680 1432 3725; x_wconf 86' lang='lat' dir='ltr'><strong>et</strong></span> <span class='ocrx_word' id='word_1_301' title='bbox 1456 3681 1722 3742; x_wconf 82' lang='lat' dir='ltr'><strong>pugnate;</strong></span> <span class='ocrx_word' id='word_1_302' title='bbox 1749 3675 1793 3729; x_wconf 89' lang='lat' dir='ltr'><strong>si</strong></span> <span class='ocrx_word' id='word_1_303' title='bbox 1820 3674 1873 3729; x_wconf 87' lang='lat' dir='ltr'><strong>in</strong></span> <span class='ocrx_word' id='word_1_304' title='bbox 1901 3676 2016 3731; x_wconf 84' lang='lat' dir='ltr'><strong>acie</strong></span> <span class='ocrx_word' id='word_1_305' title='bbox 2041 3677 2184 3734; x_wconf 84' lang='lat' dir='ltr'><strong>ceci-</strong></span> 
     </span>
    </p>
   </div>
   <div class='ocr_carea' id='block_1_38' title="bbox 612 3754 2186 3835">
    <p class='ocr_par' dir='ltr' id='par_1_38' title="bbox 612 3754 2186 3835">
     <span class='ocr_line' id='line_1_38' title="bbox 612 3754 2186 3835; baseline 0.012 -28"><span class='ocrx_word' id='word_1_306' title='bbox 612 3754 774 3819; x_wconf 87' lang='lat' dir='ltr'><strong>deris,</strong></span> <span class='ocrx_word' id='word_1_307' title='bbox 831 3766 955 3812; x_wconf 86' lang='lat' dir='ltr'><strong>tunc</strong></span> <span class='ocrx_word' id='word_1_308' title='bbox 980 3758 1140 3813; x_wconf 86' lang='lat' dir='ltr'><strong>vitam</strong></span> <span class='ocrx_word' id='word_1_309' title='bbox 1169 3760 1435 3817; x_wconf 82' lang='lat' dir='ltr'><strong>invenisti.</strong></span> <span class='ocrx_word' id='word_1_310' title='bbox 1477 3762 1608 3819; x_wconf 82' lang='lat' dir='ltr'><strong>Nam</strong></span> <span class='ocrx_word' id='word_1_311' title='bbox 1655 3765 1700 3819; x_wconf 90' lang='lat' dir='ltr'><strong>si</strong></span> <span class='ocrx_word' id='word_1_312' title='bbox 1741 3765 1795 3821; x_wconf 88' lang='lat' dir='ltr'><strong>in</strong></span> <span class='ocrx_word' id='word_1_313' title='bbox 1838 3766 1987 3835; x_wconf 84' lang='lat' dir='ltr'><strong>hisce</strong></span> <span class='ocrx_word' id='word_1_314' title='bbox 2032 3768 2186 3827; x_wconf 87' lang='lat' dir='ltr'><strong>bellis</strong></span> 
     </span>
    </p>
   </div>
   <div class='ocr_carea' id='block_1_39' title="bbox 612 3845 2181 3929">
    <p class='ocr_par' dir='ltr' id='par_1_39' title="bbox 612 3845 2181 3929">
     <span class='ocr_line' id='line_1_39' title="bbox 612 3845 2181 3929; baseline 0.013 -30"><span class='ocrx_word' id='word_1_315' title='bbox 612 3845 926 3913; x_wconf 78' lang='lat' dir='ltr'><strong>sensilibus,</strong></span> <span class='ocrx_word' id='word_1_316' title='bbox 950 3847 1040 3918; x_wconf 83' lang='lat' dir='ltr'><strong>qui</strong></span> <span class='ocrx_word' id='word_1_317' title='bbox 1090 3859 1365 3921; x_wconf 79' lang='lat' dir='ltr'><strong>promptus</strong></span> <span class='ocrx_word' id='word_1_318' title='bbox 1389 3862 1442 3908; x_wconf 90' lang='lat' dir='ltr'><strong>et</strong></span> <span class='ocrx_word' id='word_1_319' title='bbox 1484 3864 1696 3923; x_wconf 85' lang='lat' dir='ltr'><strong>paratus</strong></span> <span class='ocrx_word' id='word_1_320' title='bbox 1720 3856 1788 3912; x_wconf 87' lang='lat' dir='ltr'><strong>ad</strong></span> <span class='ocrx_word' id='word_1_321' title='bbox 1832 3858 2031 3916; x_wconf 63' lang='lat' dir='ltr'><strong>eadem</strong></span> <span class='ocrx_word' id='word_1_322' title='bbox 2079 3872 2181 3929; x_wconf 87' lang='lat' dir='ltr'><strong>est,</strong></span> 
     </span>
    </p>
   </div>
   <div class='ocr_carea' id='block_1_40' title="bbox 612 3935 2183 4021">
    <p class='ocr_par' dir='ltr' id='par_1_40' title="bbox 612 3935 2183 4021">
     <span class='ocr_line' id='line_1_40' title="bbox 612 3935 2183 4021; baseline 0.011 -30"><span class='ocrx_word' id='word_1_323' title='bbox 612 3935 699 3992; x_wconf 88' lang='lat' dir='ltr'><strong>hic</strong></span> <span class='ocrx_word' id='word_1_324' title='bbox 726 3939 1013 4007; x_wconf 63' lang='lat' dir='ltr'><strong>praeclarus</strong></span> <span class='ocrx_word' id='word_1_325' title='bbox 1037 3940 1176 3996; x_wconf 86' lang='lat' dir='ltr'><strong>inter</strong></span> <span class='ocrx_word' id='word_1_326' title='bbox 1198 3953 1421 3999; x_wconf 64' lang='lat' dir='ltr'><strong>caeteros</strong></span> <span class='ocrx_word' id='word_1_327' title='bbox 1446 3954 1501 3999; x_wconf 89' lang='lat' dir='ltr'><strong>et</strong></span> <span class='ocrx_word' id='word_1_328' title='bbox 1530 3945 1758 4002; x_wconf 70' lang='lat' dir='ltr'><strong>inﬁctus</strong></span> <span class='ocrx_word' id='word_1_329' title='bbox 1778 3947 2004 4021; x_wconf 67' lang='lat' dir='ltr'><strong>habetur</strong></span> <span class='ocrx_word' id='word_1_330' title='bbox 2032 3992 2046 4016; x_wconf 91' lang='lat'><strong>,</strong></span> <span class='ocrx_word' id='word_1_331' title='bbox 2078 3952 2183 4007; x_wconf 91' lang='lat' dir='ltr'><strong>ini-</strong></span> 
     </span>
    </p>
   </div>
   <div class='ocr_carea' id='block_1_41' title="bbox 611 4028 2183 4106">
    <p class='ocr_par' dir='ltr' id='par_1_41' title="bbox 611 4028 2183 4106">
     <span class='ocr_line' id='line_1_41' title="bbox 611 4028 2183 4106; baseline 0.01 -25"><span class='ocrx_word' id='word_1_332' title='bbox 611 4028 763 4082; x_wconf 82' lang='lat' dir='ltr'><strong>micis</strong></span> <span class='ocrx_word' id='word_1_333' title='bbox 805 4028 1179 4087; x_wconf 76' lang='lat' dir='ltr'><strong>formidolosus</strong></span> <span class='ocrx_word' id='word_1_334' title='bbox 1204 4040 1289 4087; x_wconf 89' lang='lat' dir='ltr'><strong>est</strong></span> <span class='ocrx_word' id='word_1_335' title='bbox 1307 4073 1323 4098; x_wconf 92' lang='lat'><strong>,</strong></span> <span class='ocrx_word' id='word_1_336' title='bbox 1353 4048 1673 4104; x_wconf 88' lang='lat' dir='ltr'><strong>quamquam</strong></span> <span class='ocrx_word' id='word_1_337' title='bbox 1699 4037 1744 4091; x_wconf 86' lang='lat' dir='ltr'><strong>si</strong></span> <span class='ocrx_word' id='word_1_338' title='bbox 1771 4039 2047 4106; x_wconf 79' lang='lat' dir='ltr'><strong>moriatur,</strong></span> <span class='ocrx_word' id='word_1_339' title='bbox 2076 4057 2183 4098; x_wconf 91' lang='lat' dir='ltr'><strong>non</strong></span> 
     </span>
    </p>
   </div>
   <div class='ocr_carea' id='block_1_42' title="bbox 612 4120 2180 4206">
    <p class='ocr_par' dir='ltr' id='par_1_42' title="bbox 612 4120 2180 4206">
     <span class='ocr_line' id='line_1_42' title="bbox 612 4120 2180 4206; baseline 0.011 -34"><span class='ocrx_word' id='word_1_340' title='bbox 612 4120 779 4189; x_wconf 87' lang='lat' dir='ltr'><strong>possit</strong></span> <span class='ocrx_word' id='word_1_341' title='bbox 801 4136 923 4175; x_wconf 89' lang='lat' dir='ltr'><strong>eum</strong></span> <span class='ocrx_word' id='word_1_342' title='bbox 946 4121 1243 4205; x_wconf 83' lang='lat' dir='ltr'><strong>imperator</strong></span> <span class='ocrx_word' id='word_1_343' title='bbox 1267 4124 1544 4191; x_wconf 83' lang='lat' dir='ltr'><strong>suscitare,</strong></span> <span class='ocrx_word' id='word_1_344' title='bbox 1570 4144 1666 4197; x_wconf 89' lang='lat' dir='ltr'><strong>pro</strong></span> <span class='ocrx_word' id='word_1_345' title='bbox 1692 4142 1799 4200; x_wconf 91' lang='lat' dir='ltr'><strong>quo</strong></span> <span class='ocrx_word' id='word_1_346' title='bbox 1824 4145 1969 4187; x_wconf 83' lang='lat' dir='ltr'><strong>arma</strong></span> <span class='ocrx_word' id='word_1_347' title='bbox 1998 4134 2139 4206; x_wconf 87' lang='lat' dir='ltr'><strong>cepit</strong></span> <span class='ocrx_word' id='word_1_348' title='bbox 2165 4152 2180 4190; x_wconf 87' lang='lat'><strong>:</strong></span> 
     </span>
    </p>
   </div>
   <div class='ocr_carea' id='block_1_43' title="bbox 613 4200 2187 4291">
    <p class='ocr_par' dir='ltr' id='par_1_43' title="bbox 613 4200 2187 4291">
     <span class='ocr_line' id='line_1_43' title="bbox 613 4200 2187 4291; baseline 0.013 -26"><span class='ocrx_word' id='word_1_349' title='bbox 613 4212 779 4265; x_wconf 87' lang='lat' dir='ltr'><strong>multo</strong></span> <span class='ocrx_word' id='word_1_350' title='bbox 800 4200 967 4283; x_wconf 80' lang='lat' dir='ltr'><strong>magis</strong></span> <span class='ocrx_word' id='word_1_351' title='bbox 998 4215 1049 4269; x_wconf 87' lang='lat' dir='ltr'><strong>in</strong></span> <span class='ocrx_word' id='word_1_352' title='bbox 1090 4215 1237 4271; x_wconf 86' lang='lat' dir='ltr'><strong>hisce</strong></span> <span class='ocrx_word' id='word_1_353' title='bbox 1261 4215 1446 4285; x_wconf 88' lang='lat' dir='ltr'><strong>bellis,</strong></span> <span class='ocrx_word' id='word_1_354' title='bbox 1496 4220 1587 4275; x_wconf 87' lang='lat' dir='ltr'><strong>ubi</strong></span> <span class='ocrx_word' id='word_1_355' title='bbox 1631 4236 1755 4291; x_wconf 87' lang='lat' dir='ltr'><strong>spes</strong></span> <span class='ocrx_word' id='word_1_356' title='bbox 1778 4200 2187 4285; x_wconf 68' lang='lat' dir='ltr'><strong>resurrectionis</strong></span> 
     </span>
    </p>
   </div>
   <div class='ocr_carea' id='block_1_44' title="bbox 612 4302 2182 4387">
    <p class='ocr_par' dir='ltr' id='par_1_44' title="bbox 612 4302 2182 4387">
     <span class='ocr_line' id='line_1_44' title="bbox 612 4302 2182 4387; baseline 0.011 -32"><span class='ocrx_word' id='word_1_357' title='bbox 612 4302 877 4368; x_wconf 85' lang='lat' dir='ltr'><strong>habetur,</strong></span> <span class='ocrx_word' id='word_1_358' title='bbox 930 4304 1019 4373; x_wconf 88' lang='lat' dir='ltr'><strong>qui</strong></span> <span class='ocrx_word' id='word_1_359' title='bbox 1070 4306 1302 4361; x_wconf 87' lang='lat' dir='ltr'><strong>animam</strong></span> <span class='ocrx_word' id='word_1_360' title='bbox 1345 4321 1493 4363; x_wconf 86' lang='lat' dir='ltr'><strong>suam</strong></span> <span class='ocrx_word' id='word_1_361' title='bbox 1534 4311 1602 4367; x_wconf 86' lang='lat' dir='ltr'><strong>ad</strong></span> <span class='ocrx_word' id='word_1_362' title='bbox 1652 4322 1881 4370; x_wconf 89' lang='lat' dir='ltr'><strong>mortem</strong></span> <span class='ocrx_word' id='word_1_363' title='bbox 1931 4318 2182 4387; x_wconf 78' lang='lat' dir='ltr'><strong>exponit,</strong></span> 
     </span>
    </p>
   </div>
   <div class='ocr_carea' id='block_1_45' title="bbox 611 4392 2183 4472">
    <p class='ocr_par' dir='ltr' id='par_1_45' title="bbox 611 4392 2183 4472">
     <span class='ocr_line' id='line_1_45' title="bbox 611 4392 2183 4472; baseline 0.012 -27"><span class='ocrx_word' id='word_1_364' title='bbox 611 4392 842 4449; x_wconf 86' lang='lat' dir='ltr'><strong>inveniet</strong></span> <span class='ocrx_word' id='word_1_365' title='bbox 894 4406 1050 4449; x_wconf 84' lang='lat' dir='ltr'><strong>eam:</strong></span> <span class='ocrx_word' id='word_1_366' title='bbox 1082 4397 1273 4465; x_wconf 85' lang='lat' dir='ltr'><strong>primo,</strong></span> <span class='ocrx_word' id='word_1_367' title='bbox 1318 4397 1441 4466; x_wconf 83' lang='lat' dir='ltr'><strong>quis</strong></span> <span class='ocrx_word' id='word_1_368' title='bbox 1476 4414 1581 4455; x_wconf 91' lang='lat' dir='ltr'><strong>non</strong></span> <span class='ocrx_word' id='word_1_369' title='bbox 1622 4403 1730 4457; x_wconf 86' lang='lat' dir='ltr'><strong>cito</strong></span> <span class='ocrx_word' id='word_1_370' title='bbox 1773 4404 2050 4472; x_wconf 81' lang='lat' dir='ltr'><strong>vincetur;</strong></span> <span class='ocrx_word' id='word_1_371' title='bbox 2092 4422 2183 4463; x_wconf 89' lang='lat' dir='ltr'><strong>se-</strong></span> 
     </span>
    </p>
   </div>
   <div class='ocr_carea' id='block_1_46' title="bbox 608 4481 2185 4568">
    <p class='ocr_par' dir='ltr' id='par_1_46' title="bbox 608 4481 2185 4568">
     <span class='ocr_line' id='line_1_46' title="bbox 608 4481 2185 4568; baseline 0.011 -31"><span class='ocrx_word' id='word_1_372' title='bbox 608 4481 953 4555; x_wconf 82' lang='lat' dir='ltr'><strong>cundo,-quia</strong></span> <span class='ocrx_word' id='word_1_373' title='bbox 976 4484 1078 4541; x_wconf 83' lang='lat' dir='ltr'><strong>etsi</strong></span> <span class='ocrx_word' id='word_1_374' title='bbox 1102 4487 1375 4553; x_wconf 86' lang='lat' dir='ltr'><strong>ceciderit,</strong></span> <span class='ocrx_word' id='word_1_375' title='bbox 1403 4489 1469 4546; x_wconf 81' lang='lat' dir='ltr'><strong>ad</strong></span> <span class='ocrx_word' id='word_1_376' title='bbox 1499 4491 1778 4550; x_wconf 74' lang='lat' dir='ltr'><strong>meliorem</strong></span> <span class='ocrx_word' id='word_1_377' title='bbox 1803 4496 1962 4552; x_wconf 78' lang='lat' dir='ltr'><strong>vitam</strong></span> <span class='ocrx_word' id='word_1_378' title='bbox 1990 4498 2185 4568; x_wconf 83' lang='lat' dir='ltr'><strong>perdu-</strong></span> 
     </span>
    </p>
   </div>
   <div class='ocr_carea' id='block_1_47' title="bbox 617 4573 1120 4629">
    <p class='ocr_par' dir='ltr' id='par_1_47' title="bbox 617 4573 1120 4629">
     <span class='ocr_line' id='line_1_47' title="bbox 617 4573 1120 4629; baseline 0.004 0"><span class='ocrx_word' id='word_1_379' title='bbox 617 4573 689 4629; x_wconf 90' lang='lat' dir='ltr'><strong>cit</strong></span> <span class='ocrx_word' id='word_1_380' title='bbox 704 4588 844 4628; x_wconf 88' lang='lat' dir='ltr'><strong>eam.</strong></span> <span class='ocrx_word' id='word_1_381' title='bbox 1094 4618 1095 4621; x_wconf 57' lang='grc' dir='ltr'><strong>η</strong></span> <span class='ocrx_word' id='word_1_382' title='bbox 1118 4594 1120 4597; x_wconf 92' lang='grc'><strong>·</strong></span> 
     </span>
    </p>
   </div>
   <div class='ocr_carea' id='block_1_48' title="bbox 677 4664 2183 4737">
    <p class='ocr_par' dir='ltr' id='par_1_48' title="bbox 677 4664 2183 4737">
     <span class='ocr_line' id='line_1_48' title="bbox 677 4664 2183 4737; baseline 0.011 -17"><span class='ocrx_word' id='word_1_383' title='bbox 677 4665 732 4720; x_wconf 70' lang='grc' dir='ltr'><strong>ὃ.</strong></span> <span class='ocrx_word' id='word_1_384' title='bbox 759 4664 960 4723; x_wconf 76' lang='lat' dir='ltr'><strong>Deinde</strong></span> <span class='ocrx_word' id='word_1_385' title='bbox 978 4666 1101 4736; x_wconf 85' lang='lat' dir='ltr'><strong>quia</strong></span> <span class='ocrx_word' id='word_1_386' title='bbox 1130 4667 1265 4724; x_wconf 87' lang='lat' dir='ltr'><strong>dixit</strong></span> <span class='ocrx_word' id='word_1_387' title='bbox 1289 4687 1304 4725; x_wconf 92' lang='lat'><strong>:</strong></span> <span class='ocrx_word' id='word_1_388' title='bbox 1326 4668 1426 4737; x_wconf 81' lang='lat' dir='ltr'><strong>Qui</strong></span> <span class='ocrx_word' id='word_1_389' title='bbox 1444 4672 1550 4727; x_wconf 71' lang='lat' dir='ltr'><strong>vult</strong></span> <span class='ocrx_word' id='word_1_390' title='bbox 1569 4674 1791 4730; x_wconf 74' lang='lat' dir='ltr'><strong>animans</strong></span> <span class='ocrx_word' id='word_1_391' title='bbox 1813 4693 1959 4732; x_wconf 83' lang='lat' dir='ltr'><strong>suam</strong></span> <span class='ocrx_word' id='word_1_392' title='bbox 1989 4682 2183 4737; x_wconf 76' lang='lat' dir='ltr'><strong>saluam</strong></span> 
     </span>
    </p>
   </div>
   <div class='ocr_carea' id='block_1_49' title="bbox 610 4758 2184 4837">
    <p class='ocr_par' dir='ltr' id='par_1_49' title="bbox 610 4758 2184 4837">
     <span class='ocr_line' id='line_1_49' title="bbox 610 4758 2184 4837; baseline 0.014 -28"><span class='ocrx_word' id='word_1_393' title='bbox 610 4760 797 4828; x_wconf 77' lang='lat' dir='ltr'><strong>facere,</strong></span> <span class='ocrx_word' id='word_1_394' title='bbox 853 4758 1025 4828; x_wconf 77' lang='lat' dir='ltr'><strong>perdet</strong></span> <span class='ocrx_word' id='word_1_395' title='bbox 1070 4774 1179 4814; x_wconf 68' lang='lat' dir='ltr'><strong>eain</strong></span> <span class='ocrx_word' id='word_1_396' title='bbox 1205 4802 1219 4826; x_wconf 91' lang='lat'><strong>,</strong></span> <span class='ocrx_word' id='word_1_397' title='bbox 1256 4770 1304 4816; x_wconf 89' lang='lat' dir='ltr'><strong>et</strong></span> <span class='ocrx_word' id='word_1_398' title='bbox 1339 4765 1634 4831; x_wconf 76' lang='lat' dir='ltr'><strong>quicumque</strong></span> <span class='ocrx_word' id='word_1_399' title='bbox 1665 4770 1836 4837; x_wconf 74' lang='lat' dir='ltr'><strong>perdet</strong></span> <span class='ocrx_word' id='word_1_400' title='bbox 1856 4812 1872 4837; x_wconf 93' lang='lat'><strong>,</strong></span> <span class='ocrx_word' id='word_1_401' title='bbox 1927 4774 2139 4829; x_wconf 80' lang='lat' dir='ltr'><strong>soluabit</strong></span> <span class='ocrx_word' id='word_1_402' title='bbox 2164 4794 2184 4831; x_wconf 89' lang='lat'><strong><em>:</em></strong></span> 
     </span>
    </p>
   </div>
   <div class='ocr_carea' id='block_1_50' title="bbox 610 4847 2184 4937">
    <p class='ocr_par' dir='ltr' id='par_1_50' title="bbox 610 4847 2184 4937">
     <span class='ocr_line' id='line_1_50' title="bbox 610 4847 2184 4937; baseline 0.014 -36"><span class='ocrx_word' id='word_1_403' title='bbox 610 4848 697 4902; x_wconf 81' lang='lat' dir='ltr'><strong>hic</strong></span> <span class='ocrx_word' id='word_1_404' title='bbox 724 4856 778 4903; x_wconf 90' lang='lat' dir='ltr'><strong>et</strong></span> <span class='ocrx_word' id='word_1_405' title='bbox 806 4847 913 4904; x_wconf 88' lang='lat' dir='ltr'><strong>illic</strong></span> <span class='ocrx_word' id='word_1_406' title='bbox 936 4849 1164 4907; x_wconf 77' lang='lat' dir='ltr'><strong>salutem</strong></span> <span class='ocrx_word' id='word_1_407' title='bbox 1191 4860 1258 4931; x_wconf 43' lang='lat' dir='ltr'><strong>et.</strong></span> <span class='ocrx_word' id='word_1_408' title='bbox 1296 4852 1647 4923; x_wconf 86' lang='lat' dir='ltr'><strong>perditionem</strong></span> <span class='ocrx_word' id='word_1_409' title='bbox 1696 4862 1873 4930; x_wconf 81' lang='lat' dir='ltr'><strong>posuit</strong></span> <span class='ocrx_word' id='word_1_410' title='bbox 1896 4904 1910 4927; x_wconf 89' lang='lat'><strong>,</strong></span> <span class='ocrx_word' id='word_1_411' title='bbox 1957 4878 2024 4920; x_wconf 87' lang='lat' dir='ltr'><strong>ne</strong></span> <span class='ocrx_word' id='word_1_412' title='bbox 2065 4868 2184 4937; x_wconf 83' lang='lat' dir='ltr'><strong>quis</strong></span> 
     </span>
    </p>
   </div>
   <div class='ocr_carea' id='block_1_51' title="bbox 608 4939 2184 5024">
    <p class='ocr_par' dir='ltr' id='par_1_51' title="bbox 608 4939 2184 5024">
     <span class='ocr_line' id='line_1_51' title="bbox 608 4939 2184 5024; baseline 0.013 -30"><span class='ocrx_word' id='word_1_413' title='bbox 608 4948 887 5011; x_wconf 83' lang='lat' dir='ltr'><strong>utramque</strong></span> <span class='ocrx_word' id='word_1_414' title='bbox 918 4939 1005 4999; x_wconf 86' lang='lat' dir='ltr'><strong>vel</strong></span> <span class='ocrx_word' id='word_1_415' title='bbox 1030 4940 1381 5012; x_wconf 81' lang='lat' dir='ltr'><strong>perditionem</strong></span> <span class='ocrx_word' id='word_1_416' title='bbox 1410 4946 1497 5001; x_wconf 84' lang='lat' dir='ltr'><strong>vel</strong></span> <span class='ocrx_word' id='word_1_417' title='bbox 1531 4940 1755 5006; x_wconf 81' lang='lat' dir='ltr'><strong>salutem</strong></span> <span class='ocrx_word' id='word_1_418' title='bbox 1780 4954 2038 5024; x_wconf 82' lang='lat' dir='ltr'><strong>:equaiem</strong></span> <span class='ocrx_word' id='word_1_419' title='bbox 2062 4971 2184 5015; x_wconf 83' lang='lat' dir='ltr'><strong>esse</strong></span> 
     </span>
    </p>
   </div>
   <div class='ocr_carea' id='block_1_52' title="bbox 606 5028 2187 5105">
    <p class='ocr_par' dir='ltr' id='par_1_52' title="bbox 606 5028 2187 5105">
     <span class='ocr_line' id='line_1_52' title="bbox 606 5028 2187 5105; baseline 0.014 -22"><span class='ocrx_word' id='word_1_420' title='bbox 606 5038 777 5099; x_wconf 83' lang='lat' dir='ltr'><strong>putet,</strong></span> <span class='ocrx_word' id='word_1_421' title='bbox 803 5028 900 5086; x_wconf 90' lang='lat' dir='ltr'><strong>sed</strong></span> <span class='ocrx_word' id='word_1_422' title='bbox 944 5030 1096 5087; x_wconf 84' lang='lat' dir='ltr'><strong>clare</strong></span> <span class='ocrx_word' id='word_1_423' title='bbox 1134 5030 1342 5102; x_wconf 79' lang='lat' dir='ltr'><strong>discat,</strong></span> <span class='ocrx_word' id='word_1_424' title='bbox 1373 5042 1576 5092; x_wconf 86' lang='lat' dir='ltr'><strong>tantum</strong></span> <span class='ocrx_word' id='word_1_425' title='bbox 1614 5053 1736 5097; x_wconf 86' lang='lat' dir='ltr'><strong>esse</strong></span> <span class='ocrx_word' id='word_1_426' title='bbox 1775 5042 1924 5099; x_wconf 88' lang='lat' dir='ltr'><strong>illam</strong></span> <span class='ocrx_word' id='word_1_427' title='bbox 1966 5040 2105 5103; x_wconf 87' lang='lat' dir='ltr'><strong>inter</strong></span> <span class='ocrx_word' id='word_1_428' title='bbox 2130 5058 2187 5105; x_wconf 90' lang='lat' dir='ltr'><strong>et</strong></span> 
     </span>
    </p>
   </div>
   <div class='ocr_carea' id='block_1_53' title="bbox 609 5119 2185 5203">
    <p class='ocr_par' dir='ltr' id='par_1_53' title="bbox 609 5119 2185 5203">
     <span class='ocr_line' id='line_1_53' title="bbox 609 5119 2185 5203; baseline 0.013 -29"><span class='ocrx_word' id='word_1_429' title='bbox 609 5119 747 5177; x_wconf 81' lang='lat' dir='ltr'><strong>hanc</strong></span> <span class='ocrx_word' id='word_1_430' title='bbox 760 5120 986 5177; x_wconf 76' lang='lat' dir='ltr'><strong>salutem</strong></span> <span class='ocrx_word' id='word_1_431' title='bbox 1011 5122 1323 5191; x_wconf 83' lang='lat' dir='ltr'><strong>discrimen,</strong></span> <span class='ocrx_word' id='word_1_432' title='bbox 1340 5134 1597 5196; x_wconf 85' lang='lat' dir='ltr'><strong>quantum</strong></span> <span class='ocrx_word' id='word_1_433' title='bbox 1608 5128 1749 5187; x_wconf 74' lang='lat' dir='ltr'><strong>mter</strong></span> <span class='ocrx_word' id='word_1_434' title='bbox 1760 5134 2108 5203; x_wconf 83' lang='lat' dir='ltr'><strong>perditionem</strong></span> <span class='ocrx_word' id='word_1_435' title='bbox 2128 5148 2185 5197; x_wconf 89' lang='lat' dir='ltr'><strong>et</strong></span> 
     </span>
    </p>
   </div>
   <div class='ocr_carea' id='block_1_54' title="bbox 608 5208 2184 5299">
    <p class='ocr_par' dir='ltr' id='par_1_54' title="bbox 608 5208 2184 5299">
     <span class='ocr_line' id='line_1_54' title="bbox 608 5208 2184 5299; baseline 0.013 -34"><span class='ocrx_word' id='word_1_436' title='bbox 608 5212 835 5267; x_wconf 76' lang='lat' dir='ltr'><strong>salutem</strong></span> <span class='ocrx_word' id='word_1_437' title='bbox 863 5227 879 5278; x_wconf 90' lang='lat'><strong>;</strong></span> <span class='ocrx_word' id='word_1_438' title='bbox 906 5220 964 5267; x_wconf 87' lang='lat' dir='ltr'><strong>et</strong></span> <span class='ocrx_word' id='word_1_439' title='bbox 1005 5227 1071 5269; x_wconf 85' lang='lat' dir='ltr'><strong>ex</strong></span> <span class='ocrx_word' id='word_1_440' title='bbox 1100 5217 1386 5272; x_wconf 72' lang='lat' dir='ltr'><strong>contrariis</strong></span> <span class='ocrx_word' id='word_1_441' title='bbox 1419 5208 1535 5275; x_wconf 67' lang='lat' dir='ltr'><strong>haec</strong></span> <span class='ocrx_word' id='word_1_442' title='bbox 1562 5220 1633 5277; x_wconf 82' lang='lat' dir='ltr'><strong>ita</strong></span> <span class='ocrx_word' id='word_1_443' title='bbox 1657 5226 1969 5295; x_wconf 79' lang='lat' dir='ltr'><strong>comprobat</strong></span> <span class='ocrx_word' id='word_1_444' title='bbox 1996 5246 2011 5283; x_wconf 89' lang='lat'><strong>:</strong></span> <span class='ocrx_word' id='word_1_445' title='bbox 2048 5229 2184 5299; x_wconf 80' lang='lat' dir='ltr'><strong>Quid</strong></span> 
     </span>
    </p>
   </div>
   <div class='ocr_carea' id='block_1_55' title="bbox 607 5303 2178 5389">
    <p class='ocr_par' dir='ltr' id='par_1_55' title="bbox 607 5303 2178 5389">
     <span class='ocr_line' id='line_1_55' title="bbox 607 5303 2178 5389; baseline 0.011 -31"><span class='ocrx_word' id='word_1_446' title='bbox 607 5303 738 5358; x_wconf 86' lang='lat' dir='ltr'><strong>enim</strong></span> <span class='ocrx_word' id='word_1_447' title='bbox 780 5303 980 5375; x_wconf 74' lang='lat' dir='ltr'><strong>prodest</strong></span> <span class='ocrx_word' id='word_1_448' title='bbox 1007 5305 1197 5361; x_wconf 68' lang='lat' dir='ltr'><strong>homini</strong></span> <span class='ocrx_word' id='word_1_449' title='bbox 1223 5307 1266 5362; x_wconf 86' lang='lat' dir='ltr'><strong>si</strong></span> <span class='ocrx_word' id='word_1_450' title='bbox 1309 5308 1555 5364; x_wconf 71' lang='lat' dir='ltr'><strong>mundum</strong></span> <span class='ocrx_word' id='word_1_451' title='bbox 1580 5314 1869 5372; x_wconf 56' lang='lat' dir='ltr'><strong>summ</strong></span> <span class='ocrx_word' id='word_1_452' title='bbox 1915 5316 2137 5377; x_wconf 77' lang='lat' dir='ltr'><strong>lucretur</strong></span> <span class='ocrx_word' id='word_1_453' title='bbox 2161 5364 2178 5389; x_wconf 90' lang='lat'><strong>,</strong></span> 
     </span>
    </p>
   </div>
   <div class='ocr_carea' id='block_1_56' title="bbox 606 5394 2180 5482">
    <p class='ocr_par' dir='ltr' id='par_1_56' title="bbox 606 5394 2180 5482">
     <span class='ocr_line' id='line_1_56' title="bbox 606 5394 2180 5482; baseline 0.013 -35"><span class='ocrx_word' id='word_1_454' title='bbox 606 5394 792 5449; x_wconf 67' lang='lat' dir='ltr'><strong>animo</strong></span> <span class='ocrx_word' id='word_1_455' title='bbox 833 5410 950 5451; x_wconf 75' lang='lat' dir='ltr'><strong>vero</strong></span> <span class='ocrx_word' id='word_1_456' title='bbox 986 5411 1094 5451; x_wconf 72' lang='lat' dir='ltr'><strong>sua</strong></span> <span class='ocrx_word' id='word_1_457' title='bbox 1143 5396 1493 5455; x_wconf 73' lang='lat' dir='ltr'><strong>detrimentum</strong></span> <span class='ocrx_word' id='word_1_458' title='bbox 1522 5402 1789 5471; x_wconf 73' lang='lat' dir='ltr'><strong>patiatur!</strong></span> <span class='ocrx_word' id='word_1_459' title='bbox 1831 5405 2017 5465; x_wconf 75' lang='lat' dir='ltr'><strong>Viden’</strong></span> <span class='ocrx_word' id='word_1_460' title='bbox 2043 5427 2180 5482; x_wconf 84' lang='lat' dir='ltr'><strong>quo-</strong></span> 
     </span>
    </p>
   </div>
   <div class='ocr_carea' id='block_1_57' title="bbox 607 5484 2180 5573">
    <p class='ocr_par' dir='ltr' id='par_1_57' title="bbox 607 5484 2180 5573">
     <span class='ocr_line' id='line_1_57' title="bbox 607 5484 2180 5573; baseline 0.015 -34"><span class='ocrx_word' id='word_1_461' title='bbox 607 5484 770 5540; x_wconf 85' lang='lat' dir='ltr'><strong>modo</strong></span> <span class='ocrx_word' id='word_1_462' title='bbox 805 5486 952 5542; x_wconf 85' lang='lat' dir='ltr'><strong>salus</strong></span> <span class='ocrx_word' id='word_1_463' title='bbox 977 5498 1163 5544; x_wconf 85' lang='lat' dir='ltr'><strong>contra</strong></span> <span class='ocrx_word' id='word_1_464' title='bbox 1188 5490 1277 5561; x_wconf 67' lang='lat' dir='ltr'><strong>ius</strong></span> <span class='ocrx_word' id='word_1_465' title='bbox 1302 5490 1493 5563; x_wconf 73' lang='lat' dir='ltr'><strong>iusque</strong></span> <span class='ocrx_word' id='word_1_466' title='bbox 1515 5508 1842 5566; x_wconf 82' lang='lat' dir='ltr'><strong>comparata,</strong></span> <span class='ocrx_word' id='word_1_467' title='bbox 1868 5511 1924 5561; x_wconf 82' lang='lat' dir='ltr'><strong>et</strong></span> <span class='ocrx_word' id='word_1_468' title='bbox 1949 5504 2180 5573; x_wconf 89' lang='lat' dir='ltr'><strong>perditio</strong></span> 
     </span>
    </p>
   </div>
   <div class='ocr_carea' id='block_1_58' title="bbox 606 5580 2179 5661">
    <p class='ocr_par' dir='ltr' id='par_1_58' title="bbox 606 5580 2179 5661">
     <span class='ocr_line' id='line_1_58' title="bbox 606 5580 2179 5661; baseline 0.013 -31"><span class='ocrx_word' id='word_1_469' title='bbox 606 5586 705 5641; x_wconf 86' lang='lat' dir='ltr'><strong>est,</strong></span> <span class='ocrx_word' id='word_1_470' title='bbox 728 5586 783 5633; x_wconf 86' lang='lat' dir='ltr'><strong>et</strong></span> <span class='ocrx_word' id='word_1_471' title='bbox 804 5580 957 5633; x_wconf 85' lang='lat' dir='ltr'><strong>omni</strong></span> <span class='ocrx_word' id='word_1_472' title='bbox 976 5580 1272 5649; x_wconf 78' lang='lat' dir='ltr'><strong>perditione</strong></span> <span class='ocrx_word' id='word_1_473' title='bbox 1292 5582 1548 5653; x_wconf 69' lang='lat' dir='ltr'><strong>deterior,</strong></span> <span class='ocrx_word' id='word_1_474' title='bbox 1577 5595 1759 5659; x_wconf 88' lang='lat' dir='ltr'><strong>utpote</strong></span> <span class='ocrx_word' id='word_1_475' title='bbox 1794 5605 1916 5661; x_wconf 65' lang='lat' dir='ltr'><strong>quae</strong></span> <span class='ocrx_word' id='word_1_476' title='bbox 1938 5596 2009 5649; x_wconf 89' lang='lat' dir='ltr'><strong>sit</strong></span> <span class='ocrx_word' id='word_1_477' title='bbox 2035 5594 2179 5650; x_wconf 88' lang='lat' dir='ltr'><strong>insa-</strong></span> 
     </span>
    </p>
   </div>
   <div class='ocr_carea' id='block_1_59' title="bbox 608 5667 2182 5751">
    <p class='ocr_par' dir='ltr' id='par_1_59' title="bbox 608 5667 2182 5751">
     <span class='ocr_line' id='line_1_59' title="bbox 608 5667 2182 5751; baseline 0.013 -30"><span class='ocrx_word' id='word_1_478' title='bbox 608 5667 825 5733; x_wconf 76' lang='lat' dir='ltr'><strong>nabilis,</strong></span> <span class='ocrx_word' id='word_1_479' title='bbox 855 5669 995 5741; x_wconf 88' lang='lat' dir='ltr'><strong>quod</strong></span> <span class='ocrx_word' id='word_1_480' title='bbox 1046 5671 1177 5727; x_wconf 80' lang='lat' dir='ltr'><strong>nihil</strong></span> <span class='ocrx_word' id='word_1_481' title='bbox 1222 5673 1293 5728; x_wconf 85' lang='lat' dir='ltr'><strong>sit</strong></span> <span class='ocrx_word' id='word_1_482' title='bbox 1316 5676 1454 5731; x_wconf 83' lang='lat' dir='ltr'><strong>ultra</strong></span> <span class='ocrx_word' id='word_1_483' title='bbox 1476 5716 1494 5743; x_wconf 94' lang='lat'><strong>,</strong></span> <span class='ocrx_word' id='word_1_484' title='bbox 1534 5692 1642 5747; x_wconf 85' lang='lat' dir='ltr'><strong>quo</strong></span> <span class='ocrx_word' id='word_1_485' title='bbox 1668 5696 1731 5736; x_wconf 90' lang='lat' dir='ltr'><strong>ea</strong></span> <span class='ocrx_word' id='word_1_486' title='bbox 1759 5682 1928 5751; x_wconf 85' lang='lat' dir='ltr'><strong>possit</strong></span> <span class='ocrx_word' id='word_1_487' title='bbox 1954 5684 2182 5743; x_wconf 75' lang='lat' dir='ltr'><strong>redimi?</strong></span> 
     </span>
    </p>
   </div>
   <div class='ocr_carea' id='block_1_60' title="bbox 600 5754 2174 5848">
    <p class='ocr_par' dir='ltr' id='par_1_60' title="bbox 600 5754 2174 5848">
     <span class='ocr_line' id='line_1_60' title="bbox 600 5754 2174 5848; baseline 0.013 -34"><span class='ocrx_word' id='word_1_488' title='bbox 600 5754 903 5832; x_wconf 65' lang='lat' dir='ltr'><strong>Necdicas,</strong></span> <span class='ocrx_word' id='word_1_489' title='bbox 931 5761 1134 5834; x_wconf 88' lang='lat' dir='ltr'><strong>inquit,</strong></span> <span class='ocrx_word' id='word_1_490' title='bbox 1161 5756 1396 5823; x_wconf 73' lang='lat' dir='ltr'><strong>animum</strong></span> <span class='ocrx_word' id='word_1_491' title='bbox 1439 5782 1591 5827; x_wconf 86' lang='lat' dir='ltr'><strong>suam</strong></span> <span class='ocrx_word' id='word_1_492' title='bbox 1640 5786 1885 5831; x_wconf 67' lang='lat' dir='ltr'><strong>servasse</strong></span> <span class='ocrx_word' id='word_1_493' title='bbox 1935 5776 2023 5848; x_wconf 86' lang='lat' dir='ltr'><strong>qui</strong></span> <span class='ocrx_word' id='word_1_494' title='bbox 2054 5779 2174 5836; x_wconf 83' lang='lat' dir='ltr'><strong>talis</strong></span> 
     </span>
    </p>
   </div>
   <div class='ocr_carea' id='block_1_61' title="bbox 1303 368 3074 435">
    <p class='ocr_par' dir='ltr' id='par_1_61' title="bbox 1303 368 3074 435">
     <span class='ocr_line' id='line_1_61' title="bbox 1303 368 3074 435; baseline -0.004 0"><span class='ocrx_word' id='word_1_495' title='bbox 1303 377 1357 434; x_wconf 89' lang='lat' dir='ltr'><strong>S.</strong></span> <span class='ocrx_word' id='word_1_496' title='bbox 1396 374 1671 435; x_wconf 77' lang='lat' dir='ltr'><strong>JOANNIS</strong></span> <span class='ocrx_word' id='word_1_497' title='bbox 1689 370 2160 434; x_wconf 72' lang='lat' dir='ltr'><strong>CHRYSOSTOMI</strong></span> <span class='ocrx_word' id='word_1_498' title='bbox 2197 368 2509 429; x_wconf 78' lang='lat' dir='ltr'><strong>ARCiliEP.</strong></span> <span class='ocrx_word' id='word_1_499' title='bbox 2549 368 3074 431; x_wconf 71' lang='lat' dir='ltr'><strong>CONSTANTINOP.</strong></span> 
     </span>
    </p>
   </div>
   <div class='ocr_carea' id='block_1_62' title="bbox 3750 377 3869 435">
    <p class='ocr_par' dir='ltr' id='par_1_62' title="bbox 3750 377 3869 435">
     <span class='ocr_line' id='line_1_62' title="bbox 3750 377 3869 435; baseline 0 0"><span class='ocrx_word' id='word_1_500' title='bbox 3750 377 3869 435; x_wconf 63' lang='grc' dir='ltr'><strong>5ιᾷ</strong></span> 
     </span>
    </p>
   </div>
   <div class='ocr_carea' id='block_1_63' title="bbox 2286 487 3875 565">
    <p class='ocr_par' dir='ltr' id='par_1_63' title="bbox 2286 487 3875 565">
     <span class='ocr_line' id='line_1_63' title="bbox 2286 487 3875 565; baseline 0.007 -24"><span class='ocrx_word' id='word_1_501' title='bbox 2286 487 2517 558; x_wconf 88' lang='lat' dir='ltr'><strong>pericula</strong></span> <span class='ocrx_word' id='word_1_502' title='bbox 2545 490 2813 554; x_wconf 79' lang='lat' dir='ltr'><strong>evaserit;</strong></span> <span class='ocrx_word' id='word_1_503' title='bbox 2846 489 2941 546; x_wconf 88' lang='lat' dir='ltr'><strong>sed</strong></span> <span class='ocrx_word' id='word_1_504' title='bbox 2980 505 3100 546; x_wconf 86' lang='lat' dir='ltr'><strong>cum</strong></span> <span class='ocrx_word' id='word_1_505' title='bbox 3151 491 3326 547; x_wconf 88' lang='lat' dir='ltr'><strong>anima</strong></span> <span class='ocrx_word' id='word_1_506' title='bbox 3366 493 3483 563; x_wconf 80' lang='lat' dir='ltr'><strong>ejus</strong></span> <span class='ocrx_word' id='word_1_507' title='bbox 3524 510 3662 565; x_wconf 83' lang='lat' dir='ltr'><strong>pone</strong></span> <span class='ocrx_word' id='word_1_508' title='bbox 3693 496 3875 551; x_wconf 72' lang='lat' dir='ltr'><strong>etiam</strong></span> 
     </span>
    </p>
   </div>
   <div class='ocr_carea' id='block_1_64' title="bbox 2280 579 3873 656">
    <p class='ocr_par' dir='ltr' id='par_1_64' title="bbox 2280 579 3873 656">
     <span class='ocr_line' id='line_1_64' title="bbox 2280 579 3873 656; baseline 0.004 -23"><span class='ocrx_word' id='word_1_509' title='bbox 2280 589 2448 634; x_wconf 88' lang='lat' dir='ltr'><strong>totum</strong></span> <span class='ocrx_word' id='word_1_510' title='bbox 2486 579 2693 635; x_wconf 87' lang='lat' dir='ltr'><strong>orbem.</strong></span> <span class='ocrx_word' id='word_1_511' title='bbox 2720 580 2855 649; x_wconf 83' lang='lat' dir='ltr'><strong>Quid</strong></span> <span class='ocrx_word' id='word_1_512' title='bbox 2901 580 3023 637; x_wconf 88' lang='lat' dir='ltr'><strong>hinc</strong></span> <span class='ocrx_word' id='word_1_513' title='bbox 3064 581 3182 649; x_wconf 87' lang='lat' dir='ltr'><strong>plus</strong></span> <span class='ocrx_word' id='word_1_514' title='bbox 3230 583 3443 640; x_wconf 83' lang='lat' dir='ltr'><strong>habebit</strong></span> <span class='ocrx_word' id='word_1_515' title='bbox 3488 585 3873 656; x_wconf 67' lang='lat' dir='ltr'><strong>illa-perdita?</strong></span> 
     </span>
    </p>
   </div>
   <div class='ocr_carea' id='block_1_65' title="bbox 2281 669 3873 738">
    <p class='ocr_par' dir='ltr' id='par_1_65' title="bbox 2281 669 3873 738">
     <span class='ocr_line' id='line_1_65' title="bbox 2281 669 3873 738; baseline 0.004 -14"><span class='ocrx_word' id='word_1_516' title='bbox 2281 669 2375 725; x_wconf 90' lang='lat' dir='ltr'><strong>Dic</strong></span> <span class='ocrx_word' id='word_1_517' title='bbox 2403 671 2545 725; x_wconf 91' lang='lat' dir='ltr'><strong>enim</strong></span> <span class='ocrx_word' id='word_1_518' title='bbox 2594 671 2759 738; x_wconf 90' lang='lat' dir='ltr'><strong>mihi,</strong></span> <span class='ocrx_word' id='word_1_519' title='bbox 2794 673 2837 726; x_wconf 88' lang='lat' dir='ltr'><strong>si</strong></span> <span class='ocrx_word' id='word_1_520' title='bbox 2875 670 3102 726; x_wconf 77' lang='lat' dir='ltr'><strong>famulos</strong></span> <span class='ocrx_word' id='word_1_521' title='bbox 3132 681 3250 727; x_wconf 89' lang='lat' dir='ltr'><strong>tuos</strong></span> <span class='ocrx_word' id='word_1_522' title='bbox 3279 672 3489 730; x_wconf 82' lang='lat' dir='ltr'><strong>videres</strong></span> <span class='ocrx_word' id='word_1_523' title='bbox 3539 676 3590 729; x_wconf 89' lang='lat' dir='ltr'><strong>in</strong></span> <span class='ocrx_word' id='word_1_524' title='bbox 3646 675 3873 732; x_wconf 28' lang='lat' dir='ltr'><strong>deliciis.</strong></span> 
     </span>
    </p>
   </div>
   <div class='ocr_carea' id='block_1_66' title="bbox 2280 762 3866 836">
    <p class='ocr_par' dir='ltr' id='par_1_66' title="bbox 2280 762 3866 836">
     <span class='ocr_line' id='line_1_66' title="bbox 2280 762 3866 836; baseline 0.005 -21"><span class='ocrx_word' id='word_1_525' title='bbox 2280 772 2420 827; x_wconf 67' lang='lat' dir='ltr'><strong>esSe,</strong></span> <span class='ocrx_word' id='word_1_526' title='bbox 2468 770 2629 830; x_wconf 87' lang='lat' dir='ltr'><strong>teque</strong></span> <span class='ocrx_word' id='word_1_527' title='bbox 2660 762 2711 816; x_wconf 92' lang='lat' dir='ltr'><strong>in</strong></span> <span class='ocrx_word' id='word_1_528' title='bbox 2743 764 2996 819; x_wconf 77' lang='lat' dir='ltr'><strong>extremis</strong></span> <span class='ocrx_word' id='word_1_529' title='bbox 3036 764 3193 819; x_wconf 77' lang='lat' dir='ltr'><strong>malls</strong></span> <span class='ocrx_word' id='word_1_530' title='bbox 3213 806 3227 831; x_wconf 92' lang='lat'><strong>,</strong></span> <span class='ocrx_word' id='word_1_531' title='bbox 3260 780 3329 819; x_wconf 89' lang='lat' dir='ltr'><strong>an</strong></span> <span class='ocrx_word' id='word_1_532' title='bbox 3352 766 3475 836; x_wconf 89' lang='lat' dir='ltr'><strong>quia</strong></span> <span class='ocrx_word' id='word_1_533' title='bbox 3502 766 3752 823; x_wconf 78' lang='lat' dir='ltr'><strong>dominus</strong></span> <span class='ocrx_word' id='word_1_534' title='bbox 3777 782 3866 833; x_wconf 86' lang='lat' dir='ltr'><strong>es,</strong></span> 
     </span>
    </p>
   </div>
   <div class='ocr_carea' id='block_1_67' title="bbox 2279 852 3866 929">
    <p class='ocr_par' dir='ltr' id='par_1_67' title="bbox 2279 852 3866 929">
     <span class='ocr_line' id='line_1_67' title="bbox 2279 852 3866 929; baseline 0.005 -23"><span class='ocrx_word' id='word_1_535' title='bbox 2279 854 2401 907; x_wconf 87' lang='lat' dir='ltr'><strong>hinc</strong></span> <span class='ocrx_word' id='word_1_536' title='bbox 2424 852 2692 923; x_wconf 82' lang='lat' dir='ltr'><strong>quidpiam</strong></span> <span class='ocrx_word' id='word_1_537' title='bbox 2745 862 2798 908; x_wconf 92' lang='lat' dir='ltr'><strong>te</strong></span> <span class='ocrx_word' id='word_1_538' title='bbox 2829 854 3019 909; x_wconf 86' lang='lat' dir='ltr'><strong>lucrari</strong></span> <span class='ocrx_word' id='word_1_539' title='bbox 3050 864 3272 925; x_wconf 84' lang='lat' dir='ltr'><strong>putares</strong></span> <span class='ocrx_word' id='word_1_540' title='bbox 3291 856 3327 910; x_wconf 66' lang='grc' dir='ltr'><strong>ἲ·</strong></span> <span class='ocrx_word' id='word_1_541' title='bbox 3345 857 3711 929; x_wconf 76' lang='lat' dir='ltr'><strong>Nequaquam.</strong></span> <span class='ocrx_word' id='word_1_542' title='bbox 3746 857 3866 914; x_wconf 84' lang='lat' dir='ltr'><strong>Hoc</strong></span> 
     </span>
    </p>
   </div>
   <div class='ocr_carea' id='block_1_68' title="bbox 2278 944 3871 1019">
    <p class='ocr_par' dir='ltr' id='par_1_68' title="bbox 2278 944 3871 1019">
     <span class='ocr_line' id='line_1_68' title="bbox 2278 944 3871 1019; baseline 0.007 -22"><span class='ocrx_word' id='word_1_543' title='bbox 2278 944 2450 1013; x_wconf 85' lang='lat' dir='ltr'><strong>ipsum</strong></span> <span class='ocrx_word' id='word_1_544' title='bbox 2477 944 2545 1000; x_wconf 86' lang='lat' dir='ltr'><strong>de</strong></span> <span class='ocrx_word' id='word_1_545' title='bbox 2574 948 2759 1001; x_wconf 85' lang='lat' dir='ltr'><strong>anima</strong></span> <span class='ocrx_word' id='word_1_546' title='bbox 2779 948 2974 1019; x_wconf 78' lang='lat' dir='ltr'><strong>cogita,</strong></span> <span class='ocrx_word' id='word_1_547' title='bbox 3002 964 3124 1004; x_wconf 83' lang='lat' dir='ltr'><strong>eum</strong></span> <span class='ocrx_word' id='word_1_548' title='bbox 3154 964 3319 1006; x_wconf 75' lang='lat' dir='ltr'><strong>carne</strong></span> <span class='ocrx_word' id='word_1_549' title='bbox 3348 952 3400 1007; x_wconf 91' lang='lat' dir='ltr'><strong>in</strong></span> <span class='ocrx_word' id='word_1_550' title='bbox 3432 953 3639 1009; x_wconf 86' lang='lat' dir='ltr'><strong>deliciis</strong></span> <span class='ocrx_word' id='word_1_551' title='bbox 3675 962 3739 1009; x_wconf 75' lang='lat' dir='ltr'><strong>es</strong></span> <span class='ocrx_word' id='word_1_552' title='bbox 3772 954 3871 1009; x_wconf 68' lang='lat' dir='ltr'><strong>dio‘</strong></span> 
     </span>
    </p>
   </div>
   <div class='ocr_carea' id='block_1_69' title="bbox 2278 1034 3869 1114">
    <p class='ocr_par' dir='ltr' id='par_1_69' title="bbox 2278 1034 3869 1114">
     <span class='ocr_line' id='line_1_69' title="bbox 2278 1034 3869 1114; baseline 0.007 -28"><span class='ocrx_word' id='word_1_553' title='bbox 2278 1034 2419 1088; x_wconf 77' lang='lat' dir='ltr'><strong>vitiis</strong></span> <span class='ocrx_word' id='word_1_554' title='bbox 2447 1045 2653 1105; x_wconf 82' lang='lat' dir='ltr'><strong>agente,</strong></span> <span class='ocrx_word' id='word_1_555' title='bbox 2678 1037 2765 1090; x_wconf 86' lang='lat' dir='ltr'><strong>illa</strong></span> <span class='ocrx_word' id='word_1_556' title='bbox 2798 1037 3025 1094; x_wconf 86' lang='lat' dir='ltr'><strong>loturam</strong></span> <span class='ocrx_word' id='word_1_557' title='bbox 3051 1041 3337 1109; x_wconf 86' lang='lat' dir='ltr'><strong>perniciem</strong></span> <span class='ocrx_word' id='word_1_558' title='bbox 3366 1052 3662 1114; x_wconf 83' lang='lat' dir='ltr'><strong>exspectat.</strong></span> <span class='ocrx_word' id='word_1_559' title='bbox 3694 1044 3869 1112; x_wconf 79' lang='lat' dir='ltr'><strong>Quam</strong></span> 
     </span>
    </p>
   </div>
   <div class='ocr_carea' id='block_1_70' title="bbox 2276 1124 3871 1202">
    <p class='ocr_par' dir='ltr' id='par_1_70' title="bbox 2276 1124 3871 1202">
     <span class='ocr_line' id='line_1_70' title="bbox 2276 1124 3871 1202; baseline 0.01 -27"><span class='ocrx_word' id='word_1_560' title='bbox 2276 1134 2442 1176; x_wconf 78' lang='lat' dir='ltr'><strong>autem</strong></span> <span class='ocrx_word' id='word_1_561' title='bbox 2468 1124 2603 1178; x_wconf 75' lang='lat' dir='ltr'><strong>dabit</strong></span> <span class='ocrx_word' id='word_1_562' title='bbox 2624 1127 2773 1181; x_wconf 87' lang='lat' dir='ltr'><strong>homo</strong></span> <span class='ocrx_word' id='word_1_563' title='bbox 2792 1131 3228 1184; x_wconf 79' lang='lat' dir='ltr'><strong>commutationem</strong></span> <span class='ocrx_word' id='word_1_564' title='bbox 3247 1148 3341 1202; x_wconf 79' lang='lat' dir='ltr'><strong>pro</strong></span> <span class='ocrx_word' id='word_1_565' title='bbox 3366 1136 3538 1189; x_wconf 78' lang='lat' dir='ltr'><strong>auiam</strong></span> <span class='ocrx_word' id='word_1_566' title='bbox 3557 1152 3650 1190; x_wconf 88' lang='lat' dir='ltr'><strong>sua</strong></span> <span class='ocrx_word' id='word_1_567' title='bbox 3670 1135 3697 1189; x_wconf 71' lang='grc'><strong><em>7</em></strong></span> <span class='ocrx_word' id='word_1_568' title='bbox 3719 1134 3871 1191; x_wconf 78' lang='lat' dir='ltr'><strong>Rur-</strong></span> 
     </span>
    </p>
   </div>
   <div class='ocr_carea' id='block_1_71' title="bbox 2277 1215 3853 1295">
    <p class='ocr_par' dir='ltr' id='par_1_71' title="bbox 2277 1215 3853 1295">
     <span class='ocr_line' id='line_1_71' title="bbox 2277 1215 3853 1295; baseline 0.009 -29"><span class='ocrx_word' id='word_1_569' title='bbox 2277 1229 2367 1268; x_wconf 90' lang='lat' dir='ltr'><strong>sus</strong></span> <span class='ocrx_word' id='word_1_570' title='bbox 2394 1215 2585 1270; x_wconf 87' lang='lat' dir='ltr'><strong>eadem</strong></span> <span class='ocrx_word' id='word_1_571' title='bbox 2618 1217 2669 1270; x_wconf 90' lang='lat' dir='ltr'><strong>in</strong></span> <span class='ocrx_word' id='word_1_572' title='bbox 2695 1233 2754 1273; x_wconf 89' lang='lat' dir='ltr'><strong>re</strong></span> <span class='ocrx_word' id='word_1_573' title='bbox 2778 1216 3006 1275; x_wconf 77' lang='lat' dir='ltr'><strong>insistit.</strong></span> <span class='ocrx_word' id='word_1_574' title='bbox 3024 1220 3157 1275; x_wconf 80' lang='lat' dir='ltr'><strong>Num</strong></span> <span class='ocrx_word' id='word_1_575' title='bbox 3190 1221 3372 1289; x_wconf 75' lang='lat' dir='ltr'><strong>aliam,</strong></span> <span class='ocrx_word' id='word_1_576' title='bbox 3402 1226 3589 1295; x_wconf 84' lang='lat' dir='ltr'><strong>inquit,</strong></span> <span class='ocrx_word' id='word_1_577' title='bbox 3614 1227 3853 1281; x_wconf 82' lang='lat' dir='ltr'><strong>animam</strong></span> 
     </span>
    </p>
   </div>
   <div class='ocr_carea' id='block_1_72' title="bbox 2278 1303 3877 1381">
    <p class='ocr_par' dir='ltr' id='par_1_72' title="bbox 2278 1303 3877 1381">
     <span class='ocr_line' id='line_1_72' title="bbox 2278 1303 3877 1381; baseline 0.007 -22"><span class='ocrx_word' id='word_1_578' title='bbox 2278 1303 2443 1360; x_wconf 73' lang='lat' dir='ltr'><strong>habes</strong></span> <span class='ocrx_word' id='word_1_579' title='bbox 2470 1346 2484 1369; x_wconf 90' lang='lat'><strong>,</strong></span> <span class='ocrx_word' id='word_1_580' title='bbox 2530 1320 2687 1377; x_wconf 81' lang='lat' dir='ltr'><strong>quam</strong></span> <span class='ocrx_word' id='word_1_581' title='bbox 2728 1308 2825 1364; x_wconf 86' lang='lat' dir='ltr'><strong>des</strong></span> <span class='ocrx_word' id='word_1_582' title='bbox 2856 1314 3167 1381; x_wconf 19' lang='lat' dir='ltr'><strong>Aprolanima</strong></span> <span class='ocrx_word' id='word_1_583' title='bbox 3196 1314 3323 1368; x_wconf 83' lang='lat' dir='ltr'><strong>tua?</strong></span> <span class='ocrx_word' id='word_1_584' title='bbox 3365 1314 3621 1370; x_wconf 77' lang='lat' dir='ltr'><strong>Pecunias</strong></span> <span class='ocrx_word' id='word_1_585' title='bbox 3646 1317 3787 1371; x_wconf 81' lang='lat' dir='ltr'><strong>enim</strong></span> <span class='ocrx_word' id='word_1_586' title='bbox 3814 1316 3877 1370; x_wconf 77' lang='lat' dir='ltr'><strong>si</strong></span> 
     </span>
    </p>
   </div>
   <div class='ocr_carea' id='block_1_73' title="bbox 2280 1395 3867 1475">
    <p class='ocr_par' dir='ltr' id='par_1_73' title="bbox 2280 1395 3867 1475">
     <span class='ocr_line' id='line_1_73' title="bbox 2280 1395 3867 1475; baseline 0.008 -29"><span class='ocrx_word' id='word_1_587' title='bbox 2280 1395 2599 1464; x_wconf 81' lang='lat' dir='ltr'><strong>perdideris,</strong></span> <span class='ocrx_word' id='word_1_588' title='bbox 2616 1398 2744 1451; x_wconf 81' lang='lat' dir='ltr'><strong>alios</strong></span> <span class='ocrx_word' id='word_1_589' title='bbox 2762 1400 3081 1469; x_wconf 80' lang='lat' dir='ltr'><strong>pro-amissis</strong></span> <span class='ocrx_word' id='word_1_590' title='bbox 3098 1412 3248 1471; x_wconf 80' lang='lat' dir='ltr'><strong>potes</strong></span> <span class='ocrx_word' id='word_1_591' title='bbox 3265 1406 3545 1474; x_wconf 87' lang='lat' dir='ltr'><strong>supplere;</strong></span> <span class='ocrx_word' id='word_1_592' title='bbox 3564 1406 3796 1475; x_wconf 87' lang='lat' dir='ltr'><strong>itemque</strong></span> <span class='ocrx_word' id='word_1_593' title='bbox 3815 1406 3867 1459; x_wconf 83' lang='lat' dir='ltr'><strong>si</strong></span> 
     </span>
    </p>
   </div>
   <div class='ocr_carea' id='block_1_74' title="bbox 2278 1486 3868 1566">
    <p class='ocr_par' dir='ltr' id='par_1_74' title="bbox 2278 1486 3868 1566">
     <span class='ocr_line' id='line_1_74' title="bbox 2278 1486 3868 1566; baseline 0.005 -25"><span class='ocrx_word' id='word_1_594' title='bbox 2278 1486 2512 1553; x_wconf 82' lang='lat' dir='ltr'><strong>domum,</strong></span> <span class='ocrx_word' id='word_1_595' title='bbox 2537 1488 2581 1543; x_wconf 77' lang='lat' dir='ltr'><strong>si</strong></span> <span class='ocrx_word' id='word_1_596' title='bbox 2600 1506 2804 1551; x_wconf 83' lang='lat' dir='ltr'><strong>servos.</strong></span> <span class='ocrx_word' id='word_1_597' title='bbox 2820 1492 2863 1545; x_wconf 81' lang='lat' dir='ltr'><strong>si</strong></span> <span class='ocrx_word' id='word_1_598' title='bbox 2876 1496 3116 1562; x_wconf 71' lang='lat' dir='ltr'><strong>quamvis</strong></span> <span class='ocrx_word' id='word_1_599' title='bbox 3134 1494 3287 1549; x_wconf 86' lang='lat' dir='ltr'><strong>aliam</strong></span> <span class='ocrx_word' id='word_1_600' title='bbox 3303 1498 3695 1566; x_wconf 77' lang='lat' dir='ltr'><strong>possessionem</strong></span> <span class='ocrx_word' id='word_1_601' title='bbox 3713 1518 3724 1550; x_wconf 84' lang='lat'><strong>;</strong></span> <span class='ocrx_word' id='word_1_602' title='bbox 3748 1496 3868 1550; x_wconf 74' lang='lat' dir='ltr'><strong>ani—</strong></span> 
     </span>
    </p>
   </div>
   <div class='ocr_carea' id='block_1_75' title="bbox 2281 1583 3871 1657">
    <p class='ocr_par' dir='ltr' id='par_1_75' title="bbox 2281 1583 3871 1657">
     <span class='ocr_line' id='line_1_75' title="bbox 2281 1583 3871 1657; baseline 0.005 -23"><span class='ocrx_word' id='word_1_603' title='bbox 2281 1594 2421 1636; x_wconf 82' lang='lat' dir='ltr'><strong>mam</strong></span> <span class='ocrx_word' id='word_1_604' title='bbox 2452 1598 2578 1637; x_wconf 76' lang='lat' dir='ltr'><strong>vero</strong></span> <span class='ocrx_word' id='word_1_605' title='bbox 2604 1583 2648 1636; x_wconf 84' lang='lat' dir='ltr'><strong>si</strong></span> <span class='ocrx_word' id='word_1_606' title='bbox 2676 1585 2987 1651; x_wconf 67' lang='lat' dir='ltr'><strong>perdideris.</strong></span> <span class='ocrx_word' id='word_1_607' title='bbox 3018 1588 3173 1640; x_wconf 61' lang='lat' dir='ltr'><strong>etiam</strong></span> <span class='ocrx_word' id='word_1_608' title='bbox 3200 1602 3317 1642; x_wconf 78' lang='lat' dir='ltr'><strong>non</strong></span> <span class='ocrx_word' id='word_1_609' title='bbox 3349 1590 3550 1657; x_wconf 85' lang='lat' dir='ltr'><strong>poteris</strong></span> <span class='ocrx_word' id='word_1_610' title='bbox 3580 1587 3709 1645; x_wconf 77' lang='lat' dir='ltr'><strong>d‘ure</strong></span> <span class='ocrx_word' id='word_1_611' title='bbox 3747 1589 3871 1642; x_wconf 82' lang='lat' dir='ltr'><strong>ani-</strong></span> 
     </span>
    </p>
   </div>
   <div class='ocr_carea' id='block_1_76' title="bbox 2282 1673 3869 1748">
    <p class='ocr_par' dir='ltr' id='par_1_76' title="bbox 2282 1673 3869 1748">
     <span class='ocr_line' id='line_1_76' title="bbox 2282 1673 3869 1748; baseline 0.008 -25"><span class='ocrx_word' id='word_1_612' title='bbox 2282 1686 2456 1725; x_wconf 82' lang='lat' dir='ltr'><strong>mam:</strong></span> <span class='ocrx_word' id='word_1_613' title='bbox 2486 1673 2580 1727; x_wconf 85' lang='lat' dir='ltr'><strong>sed</strong></span> <span class='ocrx_word' id='word_1_614' title='bbox 2604 1676 2807 1729; x_wconf 84' lang='lat' dir='ltr'><strong>etiamsi</strong></span> <span class='ocrx_word' id='word_1_615' title='bbox 2829 1677 3081 1730; x_wconf 76' lang='lat' dir='ltr'><strong>mundum</strong></span> <span class='ocrx_word' id='word_1_616' title='bbox 3112 1678 3331 1748; x_wconf 70' lang='lat' dir='ltr'><strong>habeas,</strong></span> <span class='ocrx_word' id='word_1_617' title='bbox 3358 1682 3566 1735; x_wconf 79' lang='lat' dir='ltr'><strong>etiamsi</strong></span> <span class='ocrx_word' id='word_1_618' title='bbox 3598 1697 3689 1735; x_wconf 86' lang='lat' dir='ltr'><strong>rex</strong></span> <span class='ocrx_word' id='word_1_619' title='bbox 3719 1680 3869 1735; x_wconf 71' lang='lat' dir='ltr'><strong>orbis</strong></span> 
     </span>
    </p>
   </div>
   <div class='ocr_carea' id='block_1_77' title="bbox 2280 1764 3869 1841">
    <p class='ocr_par' dir='ltr' id='par_1_77' title="bbox 2280 1764 3869 1841">
     <span class='ocr_line' id='line_1_77' title="bbox 2280 1764 3869 1841; baseline 0.006 -25"><span class='ocrx_word' id='word_1_620' title='bbox 2280 1764 2383 1826; x_wconf 76' lang='lat' dir='ltr'><strong>sis,</strong></span> <span class='ocrx_word' id='word_1_621' title='bbox 2400 1778 2496 1818; x_wconf 90' lang='lat' dir='ltr'><strong>nec</strong></span> <span class='ocrx_word' id='word_1_622' title='bbox 2524 1767 2566 1817; x_wconf 89' lang='lat' dir='ltr'><strong>si</strong></span> <span class='ocrx_word' id='word_1_623' title='bbox 2593 1767 2769 1819; x_wconf 87' lang='lat' dir='ltr'><strong>omnia</strong></span> <span class='ocrx_word' id='word_1_624' title='bbox 2795 1782 2913 1836; x_wconf 67' lang='lat' dir='ltr'><strong>qua:</strong></span> <span class='ocrx_word' id='word_1_625' title='bbox 2941 1768 2993 1820; x_wconf 91' lang='lat' dir='ltr'><strong>in</strong></span> <span class='ocrx_word' id='word_1_626' title='bbox 3018 1768 3145 1821; x_wconf 64' lang='grc' dir='ltr'><strong>(ιε-ῠθ</strong></span> <span class='ocrx_word' id='word_1_627' title='bbox 3173 1778 3318 1834; x_wconf 85' lang='lat' dir='ltr'><strong>sunt,</strong></span> <span class='ocrx_word' id='word_1_628' title='bbox 3353 1772 3460 1824; x_wconf 85' lang='lat' dir='ltr'><strong>imo</strong></span> <span class='ocrx_word' id='word_1_629' title='bbox 3484 1786 3582 1826; x_wconf 80' lang='lat' dir='ltr'><strong>nec</strong></span> <span class='ocrx_word' id='word_1_630' title='bbox 3608 1771 3650 1826; x_wconf 83' lang='lat' dir='ltr'><strong>si</strong></span> <span class='ocrx_word' id='word_1_631' title='bbox 3689 1773 3869 1841; x_wconf 78' lang='lat' dir='ltr'><strong>ipsum</strong></span> 
     </span>
    </p>
   </div>
   <div class='ocr_carea' id='block_1_78' title="bbox 2281 1854 3868 1927">
    <p class='ocr_par' dir='ltr' id='par_1_78' title="bbox 2281 1854 3868 1927">
     <span class='ocr_line' id='line_1_78' title="bbox 2281 1854 3868 1927; baseline 0.006 -20"><span class='ocrx_word' id='word_1_632' title='bbox 2281 1854 2465 1909; x_wconf 83' lang='lat' dir='ltr'><strong>orbem</strong></span> <span class='ocrx_word' id='word_1_633' title='bbox 2497 1870 2745 1925; x_wconf 87' lang='lat' dir='ltr'><strong>poneres,</strong></span> <span class='ocrx_word' id='word_1_634' title='bbox 2786 1872 2969 1927; x_wconf 75' lang='lat' dir='ltr'><strong>posscs&#39;</strong></span> <span class='ocrx_word' id='word_1_635' title='bbox 2992 1866 3076 1913; x_wconf 77' lang='lat' dir='ltr'><strong>vel</strong></span> <span class='ocrx_word' id='word_1_636' title='bbox 3117 1861 3349 1915; x_wconf 81' lang='lat' dir='ltr'><strong>animam</strong></span> <span class='ocrx_word' id='word_1_637' title='bbox 3380 1860 3540 1918; x_wconf 87' lang='lat' dir='ltr'><strong>unam</strong></span> <span class='ocrx_word' id='word_1_638' title='bbox 3580 1864 3868 1919; x_wconf 72' lang='lat' dir='ltr'><strong>redimere.</strong></span> 
     </span>
    </p>
   </div>
   <div class='ocr_carea' id='block_1_79' title="bbox 2284 1944 3871 2024">
    <p class='ocr_par' dir='ltr' id='par_1_79' title="bbox 2284 1944 3871 2024">
     <span class='ocr_line' id='line_1_79' title="bbox 2284 1944 3871 2024; baseline 0.009 -28"><span class='ocrx_word' id='word_1_639' title='bbox 2284 1944 2482 2013; x_wconf 82' lang='lat' dir='ltr'><strong>Ecquid</strong></span> <span class='ocrx_word' id='word_1_640' title='bbox 2511 1947 2702 2000; x_wconf 85' lang='lat' dir='ltr'><strong>mirum</strong></span> <span class='ocrx_word' id='word_1_641' title='bbox 2749 1948 2795 2001; x_wconf 90' lang='lat' dir='ltr'><strong>si</strong></span> <span class='ocrx_word' id='word_1_642' title='bbox 2818 1948 2870 2001; x_wconf 91' lang='lat' dir='ltr'><strong>in</strong></span> <span class='ocrx_word' id='word_1_643' title='bbox 2897 1950 3074 2003; x_wconf 83' lang='lat' dir='ltr'><strong>anima</strong></span> <span class='ocrx_word' id='word_1_644' title='bbox 3105 1950 3177 2004; x_wconf 78' lang='lat' dir='ltr'><strong>ita</strong></span> <span class='ocrx_word' id='word_1_645' title='bbox 3203 1952 3293 2019; x_wconf 87' lang='lat' dir='ltr'><strong>sit,</strong></span> <span class='ocrx_word' id='word_1_646' title='bbox 3329 1967 3451 2007; x_wconf 89' lang='lat' dir='ltr'><strong>cum</strong></span> <span class='ocrx_word' id='word_1_647' title='bbox 3478 1966 3533 2008; x_wconf 80' lang='lat' dir='ltr'><strong>et</strong></span> <span class='ocrx_word' id='word_1_648' title='bbox 3556 1956 3610 2008; x_wconf 89' lang='lat' dir='ltr'><strong>in</strong></span> <span class='ocrx_word' id='word_1_649' title='bbox 3640 1970 3871 2024; x_wconf 76' lang='lat' dir='ltr'><strong>corpore</strong></span> 
     </span>
    </p>
   </div>
   <div class='ocr_carea' id='block_1_80' title="bbox 2283 2033 3874 2107">
    <p class='ocr_par' dir='ltr' id='par_1_80' title="bbox 2283 2033 3874 2107">
     <span class='ocr_line' id='line_1_80' title="bbox 2283 2033 3874 2107; baseline 0.009 -21"><span class='ocrx_word' id='word_1_650' title='bbox 2283 2033 2509 2102; x_wconf 84' lang='lat' dir='ltr'><strong>idipsum</strong></span> <span class='ocrx_word' id='word_1_651' title='bbox 2541 2037 2845 2107; x_wconf 85' lang='lat' dir='ltr'><strong>perspicere</strong></span> <span class='ocrx_word' id='word_1_652' title='bbox 2892 2038 3092 2094; x_wconf 74' lang='lat' dir='ltr'><strong>liceat?</strong></span> <span class='ocrx_word' id='word_1_653' title='bbox 3118 2041 3336 2096; x_wconf 80' lang='lat' dir='ltr'><strong>Etiamsi</strong></span> <span class='ocrx_word' id='word_1_654' title='bbox 3378 2043 3523 2100; x_wconf 82' lang='lat' dir='ltr'><strong>mille</strong></span> <span class='ocrx_word' id='word_1_655' title='bbox 3563 2044 3874 2100; x_wconf 54' lang='lat' dir='ltr'><strong>diademati.</strong></span> 
     </span>
    </p>
   </div>
   <div class='ocr_carea' id='block_1_81' title="bbox 2282 2126 3871 2203">
    <p class='ocr_par' dir='ltr' id='par_1_81' title="bbox 2282 2126 3871 2203">
     <span class='ocr_line' id='line_1_81' title="bbox 2282 2126 3871 2203; baseline 0.009 -24"><span class='ocrx_word' id='word_1_656' title='bbox 2282 2126 2384 2180; x_wconf 88' lang='lat' dir='ltr'><strong>bus</strong></span> <span class='ocrx_word' id='word_1_657' title='bbox 2432 2128 2711 2199; x_wconf 85' lang='lat' dir='ltr'><strong>insignitus</strong></span> <span class='ocrx_word' id='word_1_658' title='bbox 2740 2144 2911 2196; x_wconf 84' lang='lat' dir='ltr'><strong>esses,</strong></span> <span class='ocrx_word' id='word_1_659' title='bbox 2956 2133 2999 2185; x_wconf 85' lang='lat' dir='ltr'><strong>si</strong></span> <span class='ocrx_word' id='word_1_660' title='bbox 3048 2148 3243 2203; x_wconf 84' lang='lat' dir='ltr'><strong>corpus</strong></span> <span class='ocrx_word' id='word_1_661' title='bbox 3289 2133 3519 2192; x_wconf 87' lang='lat' dir='ltr'><strong>haberes</strong></span> <span class='ocrx_word' id='word_1_662' title='bbox 3562 2138 3871 2194; x_wconf 86' lang='lat' dir='ltr'><strong>morbidum</strong></span> 
     </span>
    </p>
   </div>
   <div class='ocr_carea' id='block_1_82' title="bbox 2283 2219 3870 2297">
    <p class='ocr_par' dir='ltr' id='par_1_82' title="bbox 2283 2219 3870 2297">
     <span class='ocr_line' id='line_1_82' title="bbox 2283 2219 3870 2297; baseline 0.009 -26"><span class='ocrx_word' id='word_1_663' title='bbox 2283 2225 2339 2272; x_wconf 82' lang='lat' dir='ltr'><strong>et</strong></span> <span class='ocrx_word' id='word_1_664' title='bbox 2381 2219 2673 2275; x_wconf 88' lang='lat' dir='ltr'><strong>incurabile</strong></span> <span class='ocrx_word' id='word_1_665' title='bbox 2693 2262 2709 2285; x_wconf 92' lang='lat'><strong>,</strong></span> <span class='ocrx_word' id='word_1_666' title='bbox 2738 2236 2842 2275; x_wconf 89' lang='lat' dir='ltr'><strong>non</strong></span> <span class='ocrx_word' id='word_1_667' title='bbox 2873 2236 3058 2292; x_wconf 62' lang='lat' dir='ltr'><strong>posses</strong></span> <span class='ocrx_word' id='word_1_668' title='bbox 3081 2266 3094 2289; x_wconf 92' lang='lat'><strong>,</strong></span> <span class='ocrx_word' id='word_1_669' title='bbox 3130 2234 3243 2280; x_wconf 85' lang='lat' dir='ltr'><strong>toto</strong></span> <span class='ocrx_word' id='word_1_670' title='bbox 3268 2240 3435 2297; x_wconf 85' lang='lat' dir='ltr'><strong>regno</strong></span> <span class='ocrx_word' id='word_1_671' title='bbox 3479 2226 3531 2282; x_wconf 91' lang='lat' dir='ltr'><strong>in</strong></span> <span class='ocrx_word' id='word_1_672' title='bbox 3559 2228 3870 2286; x_wconf 80' lang='lat' dir='ltr'><strong>mercedem</strong></span> 
     </span>
    </p>
   </div>
   <div class='ocr_carea' id='block_1_83' title="bbox 2283 2309 3870 2386">
    <p class='ocr_par' dir='ltr' id='par_1_83' title="bbox 2283 2309 3870 2386">
     <span class='ocr_line' id='line_1_83' title="bbox 2283 2309 3870 2386; baseline 0.011 -23"><span class='ocrx_word' id='word_1_673' title='bbox 2283 2309 2408 2365; x_wconf 83' lang='lat' dir='ltr'><strong>dato</strong></span> <span class='ocrx_word' id='word_1_674' title='bbox 2434 2352 2450 2377; x_wconf 91' lang='lat'><strong>,</strong></span> <span class='ocrx_word' id='word_1_675' title='bbox 2506 2313 2785 2367; x_wconf 81' lang='lat' dir='ltr'><strong>sanitatem</strong></span> <span class='ocrx_word' id='word_1_676' title='bbox 2834 2316 3073 2384; x_wconf 83' lang='lat' dir='ltr'><strong>corporis</strong></span> <span class='ocrx_word' id='word_1_677' title='bbox 3119 2318 3435 2386; x_wconf 67' lang='lat' dir='ltr'><strong>restituere,</strong></span> <span class='ocrx_word' id='word_1_678' title='bbox 3472 2320 3681 2376; x_wconf 75' lang='lat' dir='ltr'><strong>etiamsi</strong></span> <span class='ocrx_word' id='word_1_679' title='bbox 3719 2319 3870 2380; x_wconf 70' lang='lat' dir='ltr'><strong>mille</strong></span> 
     </span>
    </p>
   </div>
   <div class='ocr_carea' id='block_1_84' title="bbox 2284 2403 3870 2482">
    <p class='ocr_par' dir='ltr' id='par_1_84' title="bbox 2284 2403 3870 2482">
     <span class='ocr_line' id='line_1_84' title="bbox 2284 2403 3870 2482; baseline 0.014 -28"><span class='ocrx_word' id='word_1_680' title='bbox 2284 2415 2504 2472; x_wconf 81' lang='lat' dir='ltr'><strong>corpora</strong></span> <span class='ocrx_word' id='word_1_681' title='bbox 2544 2403 2823 2473; x_wconf 76' lang='lat' dir='ltr'><strong>adjiceres,</strong></span> <span class='ocrx_word' id='word_1_682' title='bbox 2854 2408 3017 2463; x_wconf 83' lang='lat' dir='ltr'><strong>urbes</strong></span> <span class='ocrx_word' id='word_1_683' title='bbox 3067 2418 3225 2480; x_wconf 80' lang='lat' dir='ltr'><strong>atque</strong></span> <span class='ocrx_word' id='word_1_684' title='bbox 3271 2412 3547 2482; x_wconf 82' lang='lat' dir='ltr'><strong>pecunias.</strong></span> <span class='ocrx_word' id='word_1_685' title='bbox 3585 2412 3676 2470; x_wconf 88' lang='lat' dir='ltr'><strong>Sic</strong></span> <span class='ocrx_word' id='word_1_686' title='bbox 3702 2413 3870 2475; x_wconf 64' lang='lat' dir='ltr'><strong>etiam</strong></span> 
     </span>
    </p>
   </div>
   <div class='ocr_carea' id='block_1_85' title="bbox 2284 2494 3871 2573">
    <p class='ocr_par' dir='ltr' id='par_1_85' title="bbox 2284 2494 3871 2573">
     <span class='ocr_line' id='line_1_85' title="bbox 2284 2494 3871 2573; baseline 0.011 -27"><span class='ocrx_word' id='word_1_687' title='bbox 2284 2495 2351 2546; x_wconf 83' lang='lat' dir='ltr'><strong>de</strong></span> <span class='ocrx_word' id='word_1_688' title='bbox 2380 2494 2553 2547; x_wconf 53' lang='lat' dir='ltr'><strong>auio-na</strong></span> <span class='ocrx_word' id='word_1_689' title='bbox 2604 2495 2812 2566; x_wconf 87' lang='lat' dir='ltr'><strong>cogita;</strong></span> <span class='ocrx_word' id='word_1_690' title='bbox 2858 2498 2968 2554; x_wconf 90' lang='lat' dir='ltr'><strong>imo</strong></span> <span class='ocrx_word' id='word_1_691' title='bbox 3005 2501 3174 2555; x_wconf 85' lang='lat' dir='ltr'><strong>multo</strong></span> <span class='ocrx_word' id='word_1_692' title='bbox 3198 2504 3369 2573; x_wconf 81' lang='lat' dir='ltr'><strong>magis</strong></span> <span class='ocrx_word' id='word_1_693' title='bbox 3396 2502 3467 2561; x_wconf 84' lang='lat' dir='ltr'><strong>de</strong></span> <span class='ocrx_word' id='word_1_694' title='bbox 3506 2504 3704 2571; x_wconf 83' lang='lat' dir='ltr'><strong>anima,</strong></span> <span class='ocrx_word' id='word_1_695' title='bbox 3744 2518 3871 2562; x_wconf 80' lang='lat' dir='ltr'><strong>om-</strong></span> 
     </span>
    </p>
   </div>
   <div class='ocr_carea' id='block_1_86' title="bbox 2284 2585 3870 2663">
    <p class='ocr_par' dir='ltr' id='par_1_86' title="bbox 2284 2585 3870 2663">
     <span class='ocr_line' id='line_1_86' title="bbox 2284 2585 3870 2663; baseline 0.011 -24"><span class='ocrx_word' id='word_1_696' title='bbox 2284 2585 2545 2657; x_wconf 85' lang='lat' dir='ltr'><strong>nibusque</strong></span> <span class='ocrx_word' id='word_1_697' title='bbox 2587 2587 2703 2645; x_wconf 84' lang='lat' dir='ltr'><strong>aliis</strong></span> <span class='ocrx_word' id='word_1_698' title='bbox 2747 2589 2985 2659; x_wconf 82' lang='lat' dir='ltr'><strong>relictis,</strong></span> <span class='ocrx_word' id='word_1_699' title='bbox 3012 2607 3231 2663; x_wconf 66' lang='lat' dir='ltr'><strong>Operam</strong></span> <span class='ocrx_word' id='word_1_700' title='bbox 3262 2603 3430 2652; x_wconf 84' lang='lat' dir='ltr'><strong>totam</strong></span> <span class='ocrx_word' id='word_1_701' title='bbox 3464 2599 3517 2653; x_wconf 91' lang='lat' dir='ltr'><strong>in</strong></span> <span class='ocrx_word' id='word_1_702' title='bbox 3548 2598 3691 2654; x_wconf 81' lang='lat' dir='ltr'><strong>illam</strong></span> <span class='ocrx_word' id='word_1_703' title='bbox 3734 2613 3870 2656; x_wconf 80' lang='lat' dir='ltr'><strong>eon-</strong></span> 
     </span>
    </p>
   </div>
   <div class='ocr_carea' id='block_1_87' title="bbox 2287 2676 2444 2731">
    <p class='ocr_par' dir='ltr' id='par_1_87' title="bbox 2287 2676 2444 2731">
     <span class='ocr_line' id='line_1_87' title="bbox 2287 2676 2444 2731; baseline 0.006 -1"><span class='ocrx_word' id='word_1_704' title='bbox 2287 2676 2444 2731; x_wconf 76' lang='lat' dir='ltr'><strong>feras.</strong></span> 
     </span>
    </p>
   </div>
   <div class='ocr_carea' id='block_1_88' title="bbox 2356 2768 3879 2852">
    <p class='ocr_par' dir='ltr' id='par_1_88' title="bbox 2356 2768 3879 2852">
     <span class='ocr_line' id='line_1_88' title="bbox 2356 2768 3879 2852; baseline 0.011 -29"><span class='ocrx_word' id='word_1_705' title='bbox 2356 2769 2408 2823; x_wconf 74' lang='grc'><strong>4.</strong></span> <span class='ocrx_word' id='word_1_706' title='bbox 2432 2768 2514 2823; x_wconf 67' lang='grc' dir='ltr'><strong>ΑΔ</strong></span> <span class='ocrx_word' id='word_1_707' title='bbox 2530 2786 2613 2824; x_wconf 87' lang='lat' dir='ltr'><strong>eos</strong></span> <span class='ocrx_word' id='word_1_708' title='bbox 2632 2771 2721 2841; x_wconf 78' lang='lat' dir='ltr'><strong>qui</strong></span> <span class='ocrx_word' id='word_1_709' title='bbox 2746 2771 2960 2829; x_wconf 80' lang='lat' dir='ltr'><strong>salutem</strong></span> <span class='ocrx_word' id='word_1_710' title='bbox 2980 2777 3168 2830; x_wconf 78' lang='lat' dir='ltr'><strong>animo:</strong></span> <span class='ocrx_word' id='word_1_711' title='bbox 3185 2779 3462 2852; x_wconf 79' lang='lat' dir='ltr'><strong>negligunt.</strong></span> <span class='ocrx_word' id='word_1_712' title='bbox 3493 2780 3669 2838; x_wconf 78' lang='lat' dir='ltr'><strong>Gloria</strong></span> <span class='ocrx_word' id='word_1_713' title='bbox 3687 2785 3879 2840; x_wconf 74' lang='lat' dir='ltr'><strong>et‘sub—</strong></span> 
     </span>
    </p>
   </div>
   <div class='ocr_carea' id='block_1_89' title="bbox 2285 2859 3869 2942">
    <p class='ocr_par' dir='ltr' id='par_1_89' title="bbox 2285 2859 3869 2942">
     <span class='ocr_line' id='line_1_89' title="bbox 2285 2859 3869 2942; baseline 0.015 -32"><span class='ocrx_word' id='word_1_714' title='bbox 2285 2860 2473 2911; x_wconf 81' lang='lat' dir='ltr'><strong>stantia</strong></span> <span class='ocrx_word' id='word_1_715' title='bbox 2506 2875 2607 2914; x_wconf 82' lang='lat' dir='ltr'><strong>una</strong></span> <span class='ocrx_word' id='word_1_716' title='bbox 2636 2859 2813 2918; x_wconf 83' lang='lat' dir='ltr'><strong>Patris</strong></span> <span class='ocrx_word' id='word_1_717' title='bbox 2850 2873 2902 2917; x_wconf 83' lang='lat' dir='ltr'><strong>et</strong></span> <span class='ocrx_word' id='word_1_718' title='bbox 2950 2864 3093 2921; x_wconf 73' lang='lat' dir='ltr'><strong>Filii.</strong></span> <span class='ocrx_word' id='word_1_719' title='bbox 3128 2897 3191 2909; x_wconf 88' lang='lat'><strong>-—</strong></span> <span class='ocrx_word' id='word_1_720' title='bbox 3216 2869 3293 2926; x_wconf 78' lang='lat' dir='ltr'><strong>Ne</strong></span> <span class='ocrx_word' id='word_1_721' title='bbox 3316 2869 3318 2871; x_wconf 70' lang='grc'><em>’</em></span> <span class='ocrx_word' id='word_1_722' title='bbox 3342 2872 3519 2942; x_wconf 80' lang='lat' dir='ltr'><strong>itaque</strong></span> <span class='ocrx_word' id='word_1_723' title='bbox 3559 2872 3628 2930; x_wconf 88' lang='lat' dir='ltr'><strong>de</strong></span> <span class='ocrx_word' id='word_1_724' title='bbox 3673 2876 3869 2933; x_wconf 84' lang='lat' dir='ltr'><strong>alienis</strong></span> 
     </span>
    </p>
   </div>
   <div class='ocr_carea' id='block_1_90' title="bbox 2285 2950 3871 3036">
    <p class='ocr_par' dir='ltr' id='par_1_90' title="bbox 2285 2950 3871 3036">
     <span class='ocr_line' id='line_1_90' title="bbox 2285 2950 3871 3036; baseline 0.013 -33"><span class='ocrx_word' id='word_1_725' title='bbox 2285 2950 2579 3018; x_wconf 83' lang='lat' dir='ltr'><strong>sollicitus,</strong></span> <span class='ocrx_word' id='word_1_726' title='bbox 2630 2953 2853 3023; x_wconf 84' lang='lat' dir='ltr'><strong>teipsum</strong></span> <span class='ocrx_word' id='word_1_727' title='bbox 2894 2966 2947 3011; x_wconf 90' lang='lat' dir='ltr'><strong>et</strong></span> <span class='ocrx_word' id='word_1_728' title='bbox 2993 2970 3079 3013; x_wconf 85' lang='lat' dir='ltr'><strong>tua</strong></span> <span class='ocrx_word' id='word_1_729' title='bbox 3130 2962 3487 3032; x_wconf 84' lang='lat' dir='ltr'><strong>negligas:id</strong></span> <span class='ocrx_word' id='word_1_730' title='bbox 3534 2966 3674 3036; x_wconf 85' lang='lat' dir='ltr'><strong>quod</strong></span> <span class='ocrx_word' id='word_1_731' title='bbox 3728 2983 3871 3025; x_wconf 87' lang='lat' dir='ltr'><strong>nune</strong></span> 
     </span>
    </p>
   </div>
   <div class='ocr_carea' id='block_1_91' title="bbox 2285 3041 3872 3127">
    <p class='ocr_par' dir='ltr' id='par_1_91' title="bbox 2285 3041 3872 3127">
     <span class='ocr_line' id='line_1_91' title="bbox 2285 3041 3872 3127; baseline 0.014 -34"><span class='ocrx_word' id='word_1_732' title='bbox 2285 3054 2472 3095; x_wconf 89' lang='lat' dir='ltr'><strong>omnes</strong></span> <span class='ocrx_word' id='word_1_733' title='bbox 2512 3041 2719 3098; x_wconf 81' lang='lat' dir='ltr'><strong>faciunt</strong></span> <span class='ocrx_word' id='word_1_734' title='bbox 2740 3085 2758 3111; x_wconf 88' lang='lat'><strong>,</strong></span> <span class='ocrx_word' id='word_1_735' title='bbox 2795 3046 2999 3102; x_wconf 84' lang='lat' dir='ltr'><strong>similes</strong></span> <span class='ocrx_word' id='word_1_736' title='bbox 3028 3049 3092 3104; x_wconf 89' lang='lat' dir='ltr'><strong>iis</strong></span> <span class='ocrx_word' id='word_1_737' title='bbox 3120 3051 3212 3120; x_wconf 82' lang='lat' dir='ltr'><strong>qui</strong></span> <span class='ocrx_word' id='word_1_738' title='bbox 3246 3052 3296 3107; x_wconf 90' lang='lat' dir='ltr'><strong>in</strong></span> <span class='ocrx_word' id='word_1_739' title='bbox 3330 3056 3562 3111; x_wconf 74' lang='lat' dir='ltr'><strong>metallis</strong></span> <span class='ocrx_word' id='word_1_740' title='bbox 3589 3058 3872 3127; x_wconf 77' lang='lat' dir='ltr'><strong>laborant,</strong></span> 
     </span>
    </p>
   </div>
   <div class='ocr_carea' id='block_1_92' title="bbox 2286 3132 3875 3205">
    <p class='ocr_par' dir='ltr' id='par_1_92' title="bbox 2286 3132 3875 3205">
     <span class='ocr_line' id='line_1_92' title="bbox 2286 3132 3875 3205; baseline 0.015 -23"><span class='ocrx_word' id='word_1_741' title='bbox 2286 3132 2376 3200; x_wconf 88' lang='lat' dir='ltr'><strong>qui</strong></span> <span class='ocrx_word' id='word_1_742' title='bbox 2408 3132 2537 3186; x_wconf 87' lang='lat' dir='ltr'><strong>nihil</strong></span> <span class='ocrx_word' id='word_1_743' title='bbox 2565 3133 2804 3190; x_wconf 72' lang='lat' dir='ltr'><strong>utilitatis</strong></span> <span class='ocrx_word' id='word_1_744' title='bbox 2830 3138 2917 3191; x_wconf 21' lang='lat' dir='ltr'><strong>vel.</strong></span> <span class='ocrx_word' id='word_1_745' title='bbox 2942 3136 3244 3196; x_wconf 80' lang='lat' dir='ltr'><strong>divitiarum</strong></span> <span class='ocrx_word' id='word_1_746' title='bbox 3281 3158 3349 3197; x_wconf 80' lang='lat' dir='ltr'><strong>ex</strong></span> <span class='ocrx_word' id='word_1_747' title='bbox 3387 3142 3490 3201; x_wconf 83' lang='lat' dir='ltr'><strong>hoc</strong></span> <span class='ocrx_word' id='word_1_748' title='bbox 3528 3146 3709 3204; x_wconf 88' lang='lat' dir='ltr'><strong>labore</strong></span> <span class='ocrx_word' id='word_1_749' title='bbox 3748 3164 3875 3205; x_wconf 83' lang='lat' dir='ltr'><strong>car-</strong></span> 
     </span>
    </p>
   </div>
   <div class='ocr_carea' id='block_1_93' title="bbox 2288 3221 3876 3308">
    <p class='ocr_par' dir='ltr' id='par_1_93' title="bbox 2288 3221 3876 3308">
     <span class='ocr_line' id='line_1_93' title="bbox 2288 3221 3876 3308; baseline 0.016 -36"><span class='ocrx_word' id='word_1_750' title='bbox 2288 3230 2415 3289; x_wconf 89' lang='lat' dir='ltr'><strong>punt</strong></span> <span class='ocrx_word' id='word_1_751' title='bbox 2448 3236 2463 3286; x_wconf 91' lang='lat'><strong>;</strong></span> <span class='ocrx_word' id='word_1_752' title='bbox 2494 3221 2589 3276; x_wconf 90' lang='lat' dir='ltr'><strong>sed</strong></span> <span class='ocrx_word' id='word_1_753' title='bbox 2615 3224 2839 3280; x_wconf 66' lang='lat' dir='ltr'><strong>multum</strong></span> <span class='ocrx_word' id='word_1_754' title='bbox 2867 3226 3199 3297; x_wconf 83' lang='lat' dir='ltr'><strong>detrimenti,</strong></span> <span class='ocrx_word' id='word_1_755' title='bbox 3222 3234 3474 3302; x_wconf 85' lang='lat' dir='ltr'><strong>quoniam</strong></span> <span class='ocrx_word' id='word_1_756' title='bbox 3501 3236 3693 3293; x_wconf 73' lang='lat' dir='ltr'><strong>frustra</strong></span> <span class='ocrx_word' id='word_1_757' title='bbox 3726 3242 3876 3308; x_wconf 85' lang='lat' dir='ltr'><strong>peri-</strong></span> 
     </span>
    </p>
   </div>
   <div class='ocr_carea' id='block_1_94' title="bbox 2287 3311 3880 3391">
    <p class='ocr_par' dir='ltr' id='par_1_94' title="bbox 2287 3311 3880 3391">
     <span class='ocr_line' id='line_1_94' title="bbox 2287 3311 3880 3391; baseline 0.017 -26"><span class='ocrx_word' id='word_1_758' title='bbox 2287 3311 2537 3367; x_wconf 85' lang='lat' dir='ltr'><strong>clitantur</strong></span> <span class='ocrx_word' id='word_1_759' title='bbox 2563 3323 2613 3368; x_wconf 88' lang='lat' dir='ltr'><strong>et</strong></span> <span class='ocrx_word' id='word_1_760' title='bbox 2644 3329 2743 3385; x_wconf 87' lang='lat' dir='ltr'><strong>pro</strong></span> <span class='ocrx_word' id='word_1_761' title='bbox 2772 3318 2893 3373; x_wconf 83' lang='lat' dir='ltr'><strong>aliis</strong></span> <span class='ocrx_word' id='word_1_762' title='bbox 2923 3321 3305 3391; x_wconf 83' lang='lat' dir='ltr'><strong>periclitantur,</strong></span> <span class='ocrx_word' id='word_1_763' title='bbox 3335 3326 3468 3382; x_wconf 84' lang='lat' dir='ltr'><strong>nihil</strong></span> <span class='ocrx_word' id='word_1_764' title='bbox 3498 3342 3565 3385; x_wconf 87' lang='lat' dir='ltr'><strong>ex</strong></span> <span class='ocrx_word' id='word_1_765' title='bbox 3588 3330 3880 3391; x_wconf 80' lang='lat' dir='ltr'><strong>sudoribus</strong></span> 
     </span>
    </p>
   </div>
   <div class='ocr_carea' id='block_1_95' title="bbox 2287 3412 3883 3490">
    <p class='ocr_par' dir='ltr' id='par_1_95' title="bbox 2287 3412 3883 3490">
     <span class='ocr_line' id='line_1_95' title="bbox 2287 3412 3883 3490; baseline 0.014 -32"><span class='ocrx_word' id='word_1_766' title='bbox 2287 3413 2343 3458; x_wconf 87' lang='lat' dir='ltr'><strong>et</strong></span> <span class='ocrx_word' id='word_1_767' title='bbox 2365 3420 2435 3461; x_wconf 83' lang='lat' dir='ltr'><strong>ex</strong></span> <span class='ocrx_word' id='word_1_768' title='bbox 2462 3416 2633 3463; x_wconf 88' lang='lat' dir='ltr'><strong>morte</strong></span> <span class='ocrx_word' id='word_1_769' title='bbox 2650 3448 2672 3474; x_wconf 89' lang='lat'><strong>,</strong></span> <span class='ocrx_word' id='word_1_770' title='bbox 2706 3424 2865 3479; x_wconf 71' lang='lat' dir='ltr'><strong>quam</strong></span> <span class='ocrx_word' id='word_1_771' title='bbox 2895 3412 3207 3484; x_wconf 81' lang='lat' dir='ltr'><strong>plerumque</strong></span> <span class='ocrx_word' id='word_1_772' title='bbox 3231 3416 3430 3474; x_wconf 86' lang='lat' dir='ltr'><strong>obeunt</strong></span> <span class='ocrx_word' id='word_1_773' title='bbox 3447 3461 3463 3483; x_wconf 93' lang='lat'><strong>,</strong></span> <span class='ocrx_word' id='word_1_774' title='bbox 3491 3419 3699 3490; x_wconf 73' lang='lat' dir='ltr'><strong>fructus</strong></span> <span class='ocrx_word' id='word_1_775' title='bbox 3727 3424 3883 3481; x_wconf 79' lang='lat' dir='ltr'><strong>refe-</strong></span> 
     </span>
    </p>
   </div>
   <div class='ocr_carea' id='block_1_96' title="bbox 2287 3497 3887 3581">
    <p class='ocr_par' dir='ltr' id='par_1_96' title="bbox 2287 3497 3887 3581">
     <span class='ocr_line' id='line_1_96' title="bbox 2287 3497 3887 3581; baseline 0.013 -31"><span class='ocrx_word' id='word_1_776' title='bbox 2287 3508 2487 3551; x_wconf 87' lang='lat' dir='ltr'><strong>rentes.</strong></span> <span class='ocrx_word' id='word_1_777' title='bbox 2533 3497 2641 3553; x_wconf 83' lang='lat' dir='ltr'><strong>iios</strong></span> <span class='ocrx_word' id='word_1_778' title='bbox 2685 3500 2836 3555; x_wconf 87' lang='lat' dir='ltr'><strong>multi</strong></span> <span class='ocrx_word' id='word_1_779' title='bbox 2884 3518 3025 3559; x_wconf 85' lang='lat' dir='ltr'><strong>nunc</strong></span> <span class='ocrx_word' id='word_1_780' title='bbox 3070 3504 3362 3573; x_wconf 85' lang='lat' dir='ltr'><strong>imitantur,</strong></span> <span class='ocrx_word' id='word_1_781' title='bbox 3396 3513 3485 3581; x_wconf 87' lang='lat' dir='ltr'><strong>qui</strong></span> <span class='ocrx_word' id='word_1_782' title='bbox 3513 3512 3632 3568; x_wconf 85' lang='lat' dir='ltr'><strong>aliis</strong></span> <span class='ocrx_word' id='word_1_783' title='bbox 3660 3515 3887 3573; x_wconf 83' lang='lat' dir='ltr'><strong>divitias</strong></span> 
     </span>
    </p>
   </div>
   <div class='ocr_carea' id='block_1_97' title="bbox 2286 3588 3881 3673">
    <p class='ocr_par' dir='ltr' id='par_1_97' title="bbox 2286 3588 3881 3673">
     <span class='ocr_line' id='line_1_97' title="bbox 2286 3588 3881 3673; baseline 0.015 -35"><span class='ocrx_word' id='word_1_784' title='bbox 2286 3596 2558 3657; x_wconf 56' lang='lat' dir='ltr'><strong>quarunt;</strong></span> <span class='ocrx_word' id='word_1_785' title='bbox 2607 3588 2717 3644; x_wconf 89' lang='lat' dir='ltr'><strong>imo</strong></span> <span class='ocrx_word' id='word_1_786' title='bbox 2756 3590 2840 3647; x_wconf 80' lang='lat' dir='ltr'><strong>his</strong></span> <span class='ocrx_word' id='word_1_787' title='bbox 2868 3593 3175 3652; x_wconf 85' lang='lat' dir='ltr'><strong>miseriores</strong></span> <span class='ocrx_word' id='word_1_788' title='bbox 3195 3608 3342 3666; x_wconf 88' lang='lat' dir='ltr'><strong>sunt,</strong></span> <span class='ocrx_word' id='word_1_789' title='bbox 3371 3602 3512 3672; x_wconf 89' lang='lat' dir='ltr'><strong>quod</strong></span> <span class='ocrx_word' id='word_1_790' title='bbox 3542 3614 3662 3673; x_wconf 87' lang='lat' dir='ltr'><strong>post</strong></span> <span class='ocrx_word' id='word_1_791' title='bbox 3688 3613 3762 3660; x_wconf 82' lang='lat' dir='ltr'><strong>tut</strong></span> <span class='ocrx_word' id='word_1_792' title='bbox 3788 3605 3881 3662; x_wconf 77' lang='lat' dir='ltr'><strong>ia—</strong></span> 
     </span>
    </p>
   </div>
   <div class='ocr_carea' id='block_1_98' title="bbox 2289 3675 3897 3757">
    <p class='ocr_par' dir='ltr' id='par_1_98' title="bbox 2289 3675 3897 3757">
     <span class='ocr_line' id='line_1_98' title="bbox 2289 3675 3897 3757; baseline 0.017 -27"><span class='ocrx_word' id='word_1_793' title='bbox 2289 3675 2445 3733; x_wconf 82' lang='lat' dir='ltr'><strong>bores</strong></span> <span class='ocrx_word' id='word_1_794' title='bbox 2489 3681 2731 3748; x_wconf 69' lang='lat' dir='ltr'><strong>geltenna</strong></span> <span class='ocrx_word' id='word_1_795' title='bbox 2784 3697 2888 3737; x_wconf 85' lang='lat' dir='ltr'><strong>nos</strong></span> <span class='ocrx_word' id='word_1_796' title='bbox 2920 3696 3215 3757; x_wconf 74' lang='lat' dir='ltr'><strong>exspectet.</strong></span> <span class='ocrx_word' id='word_1_797' title='bbox 3267 3686 3375 3746; x_wconf 83' lang='lat' dir='ltr'><strong>illis</strong></span> <span class='ocrx_word' id='word_1_798' title='bbox 3423 3693 3566 3749; x_wconf 86' lang='lat' dir='ltr'><strong>enim</strong></span> <span class='ocrx_word' id='word_1_799' title='bbox 3615 3695 3897 3756; x_wconf 67' lang='lat' dir='ltr'><strong>sudorum</strong></span> 
     </span>
    </p>
   </div>
   <div class='ocr_carea' id='block_1_99' title="bbox 2290 3768 3886 3844">
    <p class='ocr_par' dir='ltr' id='par_1_99' title="bbox 2290 3768 3886 3844">
     <span class='ocr_line' id='line_1_99' title="bbox 2290 3768 3886 3844; baseline 0.014 -23"><span class='ocrx_word' id='word_1_800' title='bbox 2290 3768 2449 3823; x_wconf 82' lang='lat' dir='ltr'><strong>tinem</strong></span> <span class='ocrx_word' id='word_1_801' title='bbox 2474 3784 2621 3824; x_wconf 87' lang='lat' dir='ltr'><strong>mors</strong></span> <span class='ocrx_word' id='word_1_802' title='bbox 2650 3770 2841 3827; x_wconf 83' lang='lat' dir='ltr'><strong>ali&#39;ert:</strong></span> <span class='ocrx_word' id='word_1_803' title='bbox 2871 3774 3021 3829; x_wconf 68' lang='lat' dir='ltr'><strong>nobis</strong></span> <span class='ocrx_word' id='word_1_804' title='bbox 3055 3786 3230 3833; x_wconf 86' lang='lat' dir='ltr'><strong>autem</strong></span> <span class='ocrx_word' id='word_1_805' title='bbox 3272 3779 3479 3837; x_wconf 85' lang='lat' dir='ltr'><strong>initium</strong></span> <span class='ocrx_word' id='word_1_806' title='bbox 3521 3784 3669 3841; x_wconf 87' lang='lat' dir='ltr'><strong>mille</strong></span> <span class='ocrx_word' id='word_1_807' title='bbox 3701 3787 3886 3844; x_wconf 78' lang='lat' dir='ltr'><strong>malo-</strong></span> 
     </span>
    </p>
   </div>
   <div class='ocr_carea' id='block_1_100' title="bbox 2288 3860 3879 3945">
    <p class='ocr_par' dir='ltr' id='par_1_100' title="bbox 2288 3860 3879 3945">
     <span class='ocr_line' id='line_1_100' title="bbox 2288 3860 3879 3945; baseline 0.015 -34"><span class='ocrx_word' id='word_1_808' title='bbox 2288 3874 2405 3913; x_wconf 88' lang='lat' dir='ltr'><strong>rum</strong></span> <span class='ocrx_word' id='word_1_809' title='bbox 2434 3873 2578 3914; x_wconf 86' lang='lat' dir='ltr'><strong>mors</strong></span> <span class='ocrx_word' id='word_1_810' title='bbox 2607 3870 2708 3916; x_wconf 89' lang='lat' dir='ltr'><strong>est.</strong></span> <span class='ocrx_word' id='word_1_811' title='bbox 2740 3860 2891 3930; x_wconf 85' lang='lat' dir='ltr'><strong>Quod</strong></span> <span class='ocrx_word' id='word_1_812' title='bbox 2920 3865 2969 3919; x_wconf 85' lang='lat' dir='ltr'><strong>si</strong></span> <span class='ocrx_word' id='word_1_813' title='bbox 2996 3865 3170 3945; x_wconf 74' lang='lat' dir='ltr'><strong>dicas,</strong></span> <span class='ocrx_word' id='word_1_814' title='bbox 3203 3876 3258 3925; x_wconf 91' lang='lat' dir='ltr'><strong>te</strong></span> <span class='ocrx_word' id='word_1_815' title='bbox 3283 3870 3501 3929; x_wconf 89' lang='lat' dir='ltr'><strong>divitem</strong></span> <span class='ocrx_word' id='word_1_816' title='bbox 3530 3877 3635 3931; x_wconf 83' lang='lat' dir='ltr'><strong>tuis</strong></span> <span class='ocrx_word' id='word_1_817' title='bbox 3659 3875 3762 3933; x_wconf 73' lang='grc' dir='ltr'><strong>ἢ·πὶ</strong></span> <span class='ocrx_word' id='word_1_818' title='bbox 3791 3879 3879 3934; x_wconf 83' lang='lat' dir='ltr'><strong>la-</strong></span> 
     </span>
    </p>
   </div>
   <div class='ocr_carea' id='block_1_101' title="bbox 2287 3948 3886 4041">
    <p class='ocr_par' dir='ltr' id='par_1_101' title="bbox 2287 3948 3886 4041">
     <span class='ocr_line' id='line_1_101' title="bbox 2287 3948 3886 4041; baseline 0.017 -37"><span class='ocrx_word' id='word_1_819' title='bbox 2287 3948 2505 4005; x_wconf 85' lang='lat' dir='ltr'><strong>boribus</strong></span> <span class='ocrx_word' id='word_1_820' title='bbox 2526 3990 2542 4017; x_wconf 96' lang='lat'><strong>,</strong></span> <span class='ocrx_word' id='word_1_821' title='bbox 2571 3952 2796 4008; x_wconf 87' lang='lat' dir='ltr'><strong>ostende</strong></span> <span class='ocrx_word' id='word_1_822' title='bbox 2824 3955 3058 4012; x_wconf 86' lang='lat' dir='ltr'><strong>animam</strong></span> <span class='ocrx_word' id='word_1_823' title='bbox 3096 3959 3269 4015; x_wconf 70' lang='lat' dir='ltr'><strong>laatam</strong></span> <span class='ocrx_word' id='word_1_824' title='bbox 3297 3970 3354 4017; x_wconf 89' lang='lat' dir='ltr'><strong>et</strong></span> <span class='ocrx_word' id='word_1_825' title='bbox 3379 3964 3599 4022; x_wconf 74' lang='lat' dir='ltr'><strong>hilarem</strong></span> <span class='ocrx_word' id='word_1_826' title='bbox 3619 4007 3635 4032; x_wconf 86' lang='lat'><strong>,</strong></span> <span class='ocrx_word' id='word_1_827' title='bbox 3667 3976 3724 4041; x_wconf 72' lang='lat' dir='ltr'><strong>et</strong></span> <span class='ocrx_word' id='word_1_828' title='bbox 3747 3977 3886 4031; x_wconf 73' lang='lat' dir='ltr'><strong>tunc</strong></span> 
     </span>
    </p>
   </div>
   <div class='ocr_carea' id='block_1_102' title="bbox 2288 4042 3886 4133">
    <p class='ocr_par' dir='ltr' id='par_1_102' title="bbox 2288 4042 3886 4133">
     <span class='ocr_line' id='line_1_102' title="bbox 2288 4042 3886 4133; baseline 0.013 -36"><span class='ocrx_word' id='word_1_829' title='bbox 2288 4042 2341 4097; x_wconf 90' lang='lat' dir='ltr'><strong>id</strong></span> <span class='ocrx_word' id='word_1_830' title='bbox 2363 4042 2601 4099; x_wconf 87' lang='lat' dir='ltr'><strong>credam.</strong></span> <span class='ocrx_word' id='word_1_831' title='bbox 2630 4045 2879 4104; x_wconf 89' lang='lat' dir='ltr'><strong>Omnium</strong></span> <span class='ocrx_word' id='word_1_832' title='bbox 2918 4052 3113 4123; x_wconf 81' lang='lat' dir='ltr'><strong>quippe</strong></span> <span class='ocrx_word' id='word_1_833' title='bbox 3151 4069 3271 4124; x_wconf 66' lang='lat' dir='ltr'><strong>quas</strong></span> <span class='ocrx_word' id='word_1_834' title='bbox 3305 4055 3357 4111; x_wconf 92' lang='lat' dir='ltr'><strong>in</strong></span> <span class='ocrx_word' id='word_1_835' title='bbox 3400 4057 3556 4113; x_wconf 87' lang='lat' dir='ltr'><strong>nobis</strong></span> <span class='ocrx_word' id='word_1_836' title='bbox 3580 4071 3705 4115; x_wconf 86' lang='lat' dir='ltr'><strong>sunt</strong></span> <span class='ocrx_word' id='word_1_837' title='bbox 3728 4061 3886 4133; x_wconf 75' lang='lat' dir='ltr'><strong>prist-</strong></span> 
     </span>
    </p>
   </div>
   <div class='ocr_carea' id='block_1_103' title="bbox 2287 4138 3885 4223">
    <p class='ocr_par' dir='ltr' id='par_1_103' title="bbox 2287 4138 3885 4223">
     <span class='ocr_line' id='line_1_103' title="bbox 2287 4138 3885 4223; baseline 0.014 -34"><span class='ocrx_word' id='word_1_838' title='bbox 2287 4148 2417 4204; x_wconf 87' lang='lat' dir='ltr'><strong>ceps</strong></span> <span class='ocrx_word' id='word_1_839' title='bbox 2444 4145 2524 4192; x_wconf 88' lang='lat' dir='ltr'><strong>est</strong></span> <span class='ocrx_word' id='word_1_840' title='bbox 2562 4138 2777 4192; x_wconf 83' lang='lat' dir='ltr'><strong>anima:</strong></span> <span class='ocrx_word' id='word_1_841' title='bbox 2807 4139 2948 4209; x_wconf 89' lang='lat' dir='ltr'><strong>quod</strong></span> <span class='ocrx_word' id='word_1_842' title='bbox 2986 4142 3031 4197; x_wconf 88' lang='lat' dir='ltr'><strong>si</strong></span> <span class='ocrx_word' id='word_1_843' title='bbox 3058 4158 3257 4214; x_wconf 89' lang='lat' dir='ltr'><strong>corpus</strong></span> <span class='ocrx_word' id='word_1_844' title='bbox 3295 4146 3385 4203; x_wconf 86' lang='lat' dir='ltr'><strong>illa</strong></span> <span class='ocrx_word' id='word_1_845' title='bbox 3415 4150 3726 4209; x_wconf 82' lang='lat' dir='ltr'><strong>tabescente</strong></span> <span class='ocrx_word' id='word_1_846' title='bbox 3755 4153 3885 4223; x_wconf 81' lang='lat' dir='ltr'><strong>pin—</strong></span> 
     </span>
    </p>
   </div>
   <div class='ocr_carea' id='block_1_104' title="bbox 2288 4228 3879 4305">
    <p class='ocr_par' dir='ltr' id='par_1_104' title="bbox 2288 4228 3879 4305">
     <span class='ocr_line' id='line_1_104' title="bbox 2288 4228 3879 4305; baseline 0.016 -26"><span class='ocrx_word' id='word_1_847' title='bbox 2288 4228 2491 4298; x_wconf 88' lang='lat' dir='ltr'><strong>guescit</strong></span> <span class='ocrx_word' id='word_1_848' title='bbox 2512 4271 2525 4293; x_wconf 88' lang='lat'><strong>,</strong></span> <span class='ocrx_word' id='word_1_849' title='bbox 2556 4229 2685 4285; x_wconf 90' lang='lat' dir='ltr'><strong>nihil</strong></span> <span class='ocrx_word' id='word_1_850' title='bbox 2718 4231 2809 4287; x_wconf 90' lang='lat' dir='ltr'><strong>tibi</strong></span> <span class='ocrx_word' id='word_1_851' title='bbox 2841 4232 3087 4290; x_wconf 84' lang='lat' dir='ltr'><strong>utilitatis</strong></span> <span class='ocrx_word' id='word_1_852' title='bbox 3126 4234 3288 4290; x_wconf 84' lang='lat' dir='ltr'><strong>aﬂ‘ert</strong></span> <span class='ocrx_word' id='word_1_853' title='bbox 3341 4237 3429 4292; x_wconf 91' lang='lat' dir='ltr'><strong>illa</strong></span> <span class='ocrx_word' id='word_1_854' title='bbox 3481 4240 3816 4302; x_wconf 84' lang='lat' dir='ltr'><strong>abundantia</strong></span> <span class='ocrx_word' id='word_1_855' title='bbox 3838 4243 3879 4305; x_wconf 64' lang='grc' dir='ltr'>ἐ</span> 
     </span>
    </p>
   </div>
   <div class='ocr_carea' id='block_1_105' title="bbox 2288 4319 3883 4403">
    <p class='ocr_par' dir='ltr' id='par_1_105' title="bbox 2288 4319 3883 4403">
     <span class='ocr_line' id='line_1_105' title="bbox 2288 4319 3883 4403; baseline 0.014 -31"><span class='ocrx_word' id='word_1_856' title='bbox 2288 4319 2424 4373; x_wconf 89' lang='lat' dir='ltr'><strong>sicut</strong></span> <span class='ocrx_word' id='word_1_857' title='bbox 2448 4321 2591 4389; x_wconf 76' lang='lat' dir='ltr'><strong>enim</strong></span> <span class='ocrx_word' id='word_1_858' title='bbox 2622 4322 2813 4379; x_wconf 85' lang='lat' dir='ltr'><strong>ancilla</strong></span> <span class='ocrx_word' id='word_1_859' title='bbox 2844 4324 3077 4395; x_wconf 71' lang='lat' dir='ltr'><strong>ineunte,</strong></span> <span class='ocrx_word' id='word_1_860' title='bbox 3106 4327 3238 4383; x_wconf 88' lang='lat' dir='ltr'><strong>nihil</strong></span> <span class='ocrx_word' id='word_1_861' title='bbox 3262 4328 3328 4384; x_wconf 85' lang='lat' dir='ltr'><strong>ad</strong></span> <span class='ocrx_word' id='word_1_862' title='bbox 3354 4328 3538 4388; x_wconf 81' lang='lat' dir='ltr'><strong>heram</strong></span> <span class='ocrx_word' id='word_1_863' title='bbox 3564 4345 3883 4403; x_wconf 80' lang='lat' dir='ltr'><strong>pereuntem</strong></span> 
     </span>
    </p>
   </div>
   <div class='ocr_carea' id='block_1_106' title="bbox 2287 4409 3884 4491">
    <p class='ocr_par' dir='ltr' id='par_1_106' title="bbox 2287 4409 3884 4491">
     <span class='ocr_line' id='line_1_106' title="bbox 2287 4409 3884 4491; baseline 0.014 -29"><span class='ocrx_word' id='word_1_864' title='bbox 2287 4409 2499 4466; x_wconf 71' lang='lat' dir='ltr'><strong>ancillae</strong></span> <span class='ocrx_word' id='word_1_865' title='bbox 2542 4413 2868 4481; x_wconf 83' lang='lat' dir='ltr'><strong>prosperitas</strong></span> <span class='ocrx_word' id='word_1_866' title='bbox 2910 4414 3062 4471; x_wconf 75' lang='lat' dir='ltr'><strong>affert</strong></span> <span class='ocrx_word' id='word_1_867' title='bbox 3083 4457 3103 4484; x_wconf 90' lang='lat'><strong>,</strong></span> <span class='ocrx_word' id='word_1_868' title='bbox 3131 4432 3231 4474; x_wconf 88' lang='lat' dir='ltr'><strong>nec</strong></span> <span class='ocrx_word' id='word_1_869' title='bbox 3256 4418 3383 4491; x_wconf 80' lang='lat' dir='ltr'><strong>quid</strong></span> <span class='ocrx_word' id='word_1_870' title='bbox 3413 4423 3621 4479; x_wconf 80' lang='lat' dir='ltr'><strong>confert</strong></span> <span class='ocrx_word' id='word_1_871' title='bbox 3644 4427 3884 4485; x_wconf 74' lang='lat' dir='ltr'><strong>vestium</strong></span> 
     </span>
    </p>
   </div>
   <div class='ocr_carea' id='block_1_107' title="bbox 2288 4502 3887 4576">
    <p class='ocr_par' dir='ltr' id='par_1_107' title="bbox 2288 4502 3887 4576">
     <span class='ocr_line' id='line_1_107' title="bbox 2288 4502 3887 4576; baseline 0.013 -21"><span class='ocrx_word' id='word_1_872' title='bbox 2288 4513 2506 4558; x_wconf 86' lang='lat' dir='ltr'><strong>ornatus</strong></span> <span class='ocrx_word' id='word_1_873' title='bbox 2533 4502 2601 4557; x_wconf 90' lang='lat' dir='ltr'><strong>ad</strong></span> <span class='ocrx_word' id='word_1_874' title='bbox 2628 4504 2805 4559; x_wconf 80' lang='lat' dir='ltr'><strong>carnis</strong></span> <span class='ocrx_word' id='word_1_875' title='bbox 2832 4506 3231 4574; x_wconf 76' lang='lat' dir='ltr'><strong>infirmitatem;</strong></span> <span class='ocrx_word' id='word_1_876' title='bbox 3264 4510 3359 4567; x_wconf 82' lang='lat' dir='ltr'><strong>sed</strong></span> <span class='ocrx_word' id='word_1_877' title='bbox 3384 4527 3596 4569; x_wconf 84' lang='lat' dir='ltr'><strong>rursum</strong></span> <span class='ocrx_word' id='word_1_878' title='bbox 3618 4512 3763 4572; x_wconf 86' lang='lat' dir='ltr'><strong>dicet</strong></span> <span class='ocrx_word' id='word_1_879' title='bbox 3782 4518 3887 4576; x_wconf 72' lang='lat' dir='ltr'><strong>tibi</strong></span> 
     </span>
    </p>
   </div>
   <div class='ocr_carea' id='block_1_108' title="bbox 2288 4590 3884 4676">
    <p class='ocr_par' dir='ltr' id='par_1_108' title="bbox 2288 4590 3884 4676">
     <span class='ocr_line' id='line_1_108' title="bbox 2288 4590 3884 4676; baseline 0.013 -30"><span class='ocrx_word' id='word_1_880' title='bbox 2288 4590 2530 4648; x_wconf 85' lang='lat' dir='ltr'><strong>Christus</strong></span> <span class='ocrx_word' id='word_1_881' title='bbox 2554 4611 2569 4649; x_wconf 90' lang='lat'><strong>:</strong></span> <span class='ocrx_word' id='word_1_882' title='bbox 2598 4593 2761 4659; x_wconf 81' lang='lat' dir='ltr'><strong>Quam</strong></span> <span class='ocrx_word' id='word_1_883' title='bbox 2782 4596 2923 4651; x_wconf 79' lang='lat' dir='ltr'><strong>dabit</strong></span> <span class='ocrx_word' id='word_1_884' title='bbox 2944 4597 3097 4673; x_wconf 68' lang='lat' dir='ltr'><strong>horno</strong></span> <span class='ocrx_word' id='word_1_885' title='bbox 3111 4603 3551 4659; x_wconf 74' lang='lat' dir='ltr'><strong>commutationem</strong></span> <span class='ocrx_word' id='word_1_886' title='bbox 3578 4621 3672 4676; x_wconf 75' lang='lat' dir='ltr'><strong>pro</strong></span> <span class='ocrx_word' id='word_1_887' title='bbox 3702 4610 3884 4666; x_wconf 65' lang='lat' dir='ltr'><strong>anima</strong></span> 
     </span>
    </p>
   </div>
   <div class='ocr_carea' id='block_1_109' title="bbox 2288 4678 3881 4759">
    <p class='ocr_par' dir='ltr' id='par_1_109' title="bbox 2288 4678 3881 4759">
     <span class='ocr_line' id='line_1_109' title="bbox 2288 4678 3881 4759; baseline 0.014 -24"><span class='ocrx_word' id='word_1_888' title='bbox 2288 4685 2423 4737; x_wconf 70' lang='lat' dir='ltr'><strong>sua!</strong></span> <span class='ocrx_word' id='word_1_889' title='bbox 2447 4684 2788 4756; x_wconf 68' lang='lat' dir='ltr'><strong>prueipitque</strong></span> <span class='ocrx_word' id='word_1_890' title='bbox 2814 4678 2907 4757; x_wconf 83' lang='lat' dir='ltr'><strong>tibi</strong></span> <span class='ocrx_word' id='word_1_891' title='bbox 2932 4690 3163 4759; x_wconf 78' lang='lat' dir='ltr'><strong>semper,</strong></span> <span class='ocrx_word' id='word_1_892' title='bbox 3192 4698 3249 4745; x_wconf 89' lang='lat' dir='ltr'><strong>ut</strong></span> <span class='ocrx_word' id='word_1_893' title='bbox 3275 4691 3340 4747; x_wconf 91' lang='lat' dir='ltr'><strong>ad</strong></span> <span class='ocrx_word' id='word_1_894' title='bbox 3370 4692 3513 4749; x_wconf 80' lang='lat' dir='ltr'><strong>illam</strong></span> <span class='ocrx_word' id='word_1_895' title='bbox 3557 4690 3881 4757; x_wconf 78' lang='lat' dir='ltr'><strong>servandam</strong></span> 
     </span>
    </p>
   </div>
   <div class='ocr_carea' id='block_1_110' title="bbox 2288 4772 3884 4858">
    <p class='ocr_par' dir='ltr' id='par_1_110' title="bbox 2288 4772 3884 4858">
     <span class='ocr_line' id='line_1_110' title="bbox 2288 4772 3884 4858; baseline 0.014 -33"><span class='ocrx_word' id='word_1_896' title='bbox 2288 4772 2549 4839; x_wconf 74' lang='lat' dir='ltr'><strong>versaris.</strong></span> <span class='ocrx_word' id='word_1_897' title='bbox 2580 4775 2830 4845; x_wconf 81' lang='lat' dir='ltr'><strong>illamque</strong></span> <span class='ocrx_word' id='word_1_898' title='bbox 2856 4792 3011 4834; x_wconf 87' lang='lat' dir='ltr'><strong>cures</strong></span> <span class='ocrx_word' id='word_1_899' title='bbox 3036 4779 3227 4836; x_wconf 75' lang='lat' dir='ltr'><strong>solani.</strong></span> <span class='ocrx_word' id='word_1_900' title='bbox 3263 4781 3553 4856; x_wconf 64' lang='lat' dir='ltr'><strong>Postumum</strong></span> <span class='ocrx_word' id='word_1_901' title='bbox 3597 4786 3759 4858; x_wconf 78' lang='lat' dir='ltr'><strong>igitur</strong></span> <span class='ocrx_word' id='word_1_902' title='bbox 3788 4782 3884 4848; x_wconf 80' lang='lat' dir='ltr'><strong>his</strong></span> 
     </span>
    </p>
   </div>
   <div class='ocr_carea' id='block_1_111' title="bbox 2288 4863 3885 4945">
    <p class='ocr_par' dir='ltr' id='par_1_111' title="bbox 2288 4863 3885 4945">
     <span class='ocr_line' id='line_1_111' title="bbox 2288 4863 3885 4945; baseline 0.014 -28"><span class='ocrx_word' id='word_1_903' title='bbox 2288 4863 2473 4921; x_wconf 88' lang='lat' dir='ltr'><strong>verbis</strong></span> <span class='ocrx_word' id='word_1_904' title='bbox 2496 4872 2760 4922; x_wconf 87' lang='lat' dir='ltr'><strong>terrorem</strong></span> <span class='ocrx_word' id='word_1_905' title='bbox 2785 4866 3041 4940; x_wconf 87' lang='lat' dir='ltr'><strong>incussit,</strong></span> <span class='ocrx_word' id='word_1_906' title='bbox 3073 4869 3335 4929; x_wconf 85' lang='lat' dir='ltr'><strong>bonorum</strong></span> <span class='ocrx_word' id='word_1_907' title='bbox 3364 4876 3723 4945; x_wconf 78' lang='lat' dir='ltr'><strong>premissione</strong></span> <span class='ocrx_word' id='word_1_908' title='bbox 3746 4895 3885 4938; x_wconf 86' lang='lat' dir='ltr'><strong>con-</strong></span> 
     </span>
    </p>
   </div>
   <div class='ocr_carea' id='block_1_112' title="bbox 2290 4946 3883 5033">
    <p class='ocr_par' dir='ltr' id='par_1_112' title="bbox 2290 4946 3883 5033">
     <span class='ocr_line' id='line_1_112' title="bbox 2290 4946 3883 5033; baseline 0.014 -23"><span class='ocrx_word' id='word_1_909' title='bbox 2290 4956 2515 5025; x_wconf 86' lang='lat' dir='ltr'><strong>solatur,</strong></span> <span class='ocrx_word' id='word_1_910' title='bbox 2544 4956 2629 5027; x_wconf 88' lang='lat' dir='ltr'><strong>bis</strong></span> <span class='ocrx_word' id='word_1_911' title='bbox 2654 4959 2831 5015; x_wconf 83' lang='lat' dir='ltr'><strong>verbis</strong></span> <span class='ocrx_word' id='word_1_912' title='bbox 2853 4977 2868 5016; x_wconf 91' lang='lat'><strong>:</strong></span> <span class='ocrx_word' id='word_1_913' title='bbox 2888 4960 2978 5018; x_wconf 71' lang='grc'><strong>27.</strong></span> <span class='ocrx_word' id='word_1_914' title='bbox 3022 4946 3191 5019; x_wconf 75' lang='lat' dir='ltr'><strong>Filius</strong></span> <span class='ocrx_word' id='word_1_915' title='bbox 3220 4966 3357 5021; x_wconf 75' lang='lat' dir='ltr'><strong>enim</strong></span> <span class='ocrx_word' id='word_1_916' title='bbox 3382 4966 3601 5025; x_wconf 69' lang='lat' dir='ltr'><strong>aestiuis</strong></span> <span class='ocrx_word' id='word_1_917' title='bbox 3635 4982 3883 5033; x_wconf 68' lang='lat' dir='ltr'><strong>uenturus</strong></span> 
     </span>
    </p>
   </div>
   <div class='ocr_carea' id='block_1_113' title="bbox 2289 5048 3885 5131">
    <p class='ocr_par' dir='ltr' id='par_1_113' title="bbox 2289 5048 3885 5131">
     <span class='ocr_line' id='line_1_113' title="bbox 2289 5048 3885 5131; baseline 0.011 -28"><span class='ocrx_word' id='word_1_918' title='bbox 2289 5058 2365 5103; x_wconf 87' lang='lat' dir='ltr'><strong>est</strong></span> <span class='ocrx_word' id='word_1_919' title='bbox 2386 5049 2439 5103; x_wconf 89' lang='lat' dir='ltr'><strong>in</strong></span> <span class='ocrx_word' id='word_1_920' title='bbox 2469 5048 2638 5121; x_wconf 82' lang='lat' dir='ltr'><strong>gloria</strong></span> <span class='ocrx_word' id='word_1_921' title='bbox 2677 5049 2852 5108; x_wconf 78' lang='lat' dir='ltr'><strong>Patris</strong></span> <span class='ocrx_word' id='word_1_922' title='bbox 2882 5069 3011 5117; x_wconf 63' lang='lat' dir='ltr'><strong>sum</strong></span> <span class='ocrx_word' id='word_1_923' title='bbox 3047 5056 3239 5111; x_wconf 75' lang='lat' dir='ltr'><strong>sanctis</strong></span> <span class='ocrx_word' id='word_1_924' title='bbox 3274 5058 3469 5130; x_wconf 80' lang='lat' dir='ltr'><strong>angelis</strong></span> <span class='ocrx_word' id='word_1_925' title='bbox 3504 5062 3636 5131; x_wconf 81' lang='lat' dir='ltr'><strong>suis,</strong></span> <span class='ocrx_word' id='word_1_926' title='bbox 3679 5073 3727 5118; x_wconf 82' lang='lat' dir='ltr'><strong>et</strong></span> <span class='ocrx_word' id='word_1_927' title='bbox 3756 5072 3885 5121; x_wconf 61' lang='lat' dir='ltr'><strong>tutu</strong></span> 
     </span>
    </p>
   </div>
   <div class='ocr_carea' id='block_1_114' title="bbox 2287 5143 3882 5227">
    <p class='ocr_par' dir='ltr' id='par_1_114' title="bbox 2287 5143 3882 5227">
     <span class='ocr_line' id='line_1_114' title="bbox 2287 5143 3882 5227; baseline 0.013 -32"><span class='ocrx_word' id='word_1_928' title='bbox 2287 5143 2461 5196; x_wconf 83' lang='lat' dir='ltr'><strong>reddet</strong></span> <span class='ocrx_word' id='word_1_929' title='bbox 2485 5143 2753 5215; x_wconf 79' lang='lat' dir='ltr'><strong>unicuique</strong></span> <span class='ocrx_word' id='word_1_930' title='bbox 2772 5146 3047 5201; x_wconf 77' lang='lat' dir='ltr'><strong>secundum</strong></span> <span class='ocrx_word' id='word_1_931' title='bbox 3068 5164 3223 5219; x_wconf 79' lang='lat' dir='ltr'><strong>opera</strong></span> <span class='ocrx_word' id='word_1_932' title='bbox 3242 5150 3371 5221; x_wconf 87' lang='lat' dir='ltr'><strong>ejus.</strong></span> <span class='ocrx_word' id='word_1_933' title='bbox 3395 5150 3588 5210; x_wconf 74' lang='lat' dir='ltr'><strong>Viden’</strong></span> <span class='ocrx_word' id='word_1_934' title='bbox 3604 5156 3882 5227; x_wconf 82' lang='lat' dir='ltr'><strong>quomodo</strong></span> 
     </span>
    </p>
   </div>
   <div class='ocr_carea' id='block_1_115' title="bbox 2284 5233 3876 5316">
    <p class='ocr_par' dir='ltr' id='par_1_115' title="bbox 2284 5233 3876 5316">
     <span class='ocr_line' id='line_1_115' title="bbox 2284 5233 3876 5316; baseline 0.012 -29"><span class='ocrx_word' id='word_1_935' title='bbox 2284 5233 2453 5303; x_wconf 72' lang='lat' dir='ltr'><strong>gloria</strong></span> <span class='ocrx_word' id='word_1_936' title='bbox 2502 5234 2571 5288; x_wconf 88' lang='lat' dir='ltr'><strong>sit</strong></span> <span class='ocrx_word' id='word_1_937' title='bbox 2610 5248 2713 5289; x_wconf 88' lang='lat' dir='ltr'><strong>una</strong></span> <span class='ocrx_word' id='word_1_938' title='bbox 2745 5234 2917 5292; x_wconf 84' lang='lat' dir='ltr'><strong>Patris</strong></span> <span class='ocrx_word' id='word_1_939' title='bbox 2956 5247 3010 5292; x_wconf 89' lang='lat' dir='ltr'><strong>et</strong></span> <span class='ocrx_word' id='word_1_940' title='bbox 3054 5236 3220 5294; x_wconf 74' lang='lat' dir='ltr'><strong>Filii?</strong></span> <span class='ocrx_word' id='word_1_941' title='bbox 3260 5240 3412 5307; x_wconf 82' lang='lat' dir='ltr'><strong>Quod</strong></span> <span class='ocrx_word' id='word_1_942' title='bbox 3442 5242 3487 5297; x_wconf 85' lang='lat' dir='ltr'><strong>si</strong></span> <span class='ocrx_word' id='word_1_943' title='bbox 3525 5243 3696 5316; x_wconf 83' lang='lat' dir='ltr'><strong>gloria</strong></span> <span class='ocrx_word' id='word_1_944' title='bbox 3723 5262 3876 5316; x_wconf 61' lang='lat' dir='ltr'><strong>una,</strong></span> 
     </span>
    </p>
   </div>
   <div class='ocr_carea' id='block_1_116' title="bbox 2287 5322 3878 5402">
    <p class='ocr_par' dir='ltr' id='par_1_116' title="bbox 2287 5322 3878 5402">
     <span class='ocr_line' id='line_1_116' title="bbox 2287 5322 3878 5402; baseline 0.012 -25"><span class='ocrx_word' id='word_1_945' title='bbox 2287 5322 2625 5388; x_wconf 74' lang='lat' dir='ltr'><strong>manifestum</strong></span> <span class='ocrx_word' id='word_1_946' title='bbox 2656 5334 2739 5381; x_wconf 88' lang='lat' dir='ltr'><strong>est</strong></span> <span class='ocrx_word' id='word_1_947' title='bbox 2763 5326 3117 5384; x_wconf 86' lang='lat' dir='ltr'><strong>substantiam</strong></span> <span class='ocrx_word' id='word_1_948' title='bbox 3138 5346 3349 5402; x_wconf 87' lang='lat' dir='ltr'><strong>quoque</strong></span> <span class='ocrx_word' id='word_1_949' title='bbox 3370 5347 3530 5390; x_wconf 87' lang='lat' dir='ltr'><strong>unam</strong></span> <span class='ocrx_word' id='word_1_950' title='bbox 3560 5349 3702 5393; x_wconf 67' lang='lat' dir='ltr'><strong>use.</strong></span> <span class='ocrx_word' id='word_1_951' title='bbox 3733 5336 3878 5396; x_wconf 78' lang='lat' dir='ltr'><strong>Nam</strong></span> 
     </span>
    </p>
   </div>
   <div class='ocr_carea' id='block_1_117' title="bbox 2284 5410 3880 5495">
    <p class='ocr_par' dir='ltr' id='par_1_117' title="bbox 2284 5410 3880 5495">
     <span class='ocr_line' id='line_1_117' title="bbox 2284 5410 3880 5495; baseline 0.011 -27"><span class='ocrx_word' id='word_1_952' title='bbox 2284 5413 2331 5469; x_wconf 88' lang='lat' dir='ltr'><strong>si</strong></span> <span class='ocrx_word' id='word_1_953' title='bbox 2374 5415 2424 5468; x_wconf 91' lang='lat' dir='ltr'><strong>in</strong></span> <span class='ocrx_word' id='word_1_954' title='bbox 2454 5410 2754 5473; x_wconf 83' lang='lat' dir='ltr'><strong>substantia</strong></span> <span class='ocrx_word' id='word_1_955' title='bbox 2796 5416 2898 5472; x_wconf 82' lang='lat' dir='ltr'><strong>ima</strong></span> <span class='ocrx_word' id='word_1_956' title='bbox 2922 5458 2937 5484; x_wconf 89' lang='lat'><strong>,</strong></span> <span class='ocrx_word' id='word_1_957' title='bbox 2964 5489 2968 5493; x_wconf 18' lang='lat'><strong><em>‘</em></strong></span> <span class='ocrx_word' id='word_1_958' title='bbox 2996 5418 3301 5476; x_wconf 82' lang='lat' dir='ltr'><strong>diti’erentia</strong></span> <span class='ocrx_word' id='word_1_959' title='bbox 3355 5431 3441 5479; x_wconf 87' lang='lat' dir='ltr'><strong>est</strong></span> <span class='ocrx_word' id='word_1_960' title='bbox 3490 5423 3679 5495; x_wconf 65' lang='lat' dir='ltr'><strong>gloria</strong></span> <span class='ocrx_word' id='word_1_961' title='bbox 3733 5427 3880 5495; x_wconf 74' lang='lat' dir='ltr'><strong>(Alia</strong></span> 
     </span>
    </p>
   </div>
   <div class='ocr_carea' id='block_1_118' title="bbox 2283 5507 3879 5596">
    <p class='ocr_par' dir='ltr' id='par_1_118' title="bbox 2283 5507 3879 5596">
     <span class='ocr_line' id='line_1_118' title="bbox 2283 5507 3879 5596; baseline 0.012 -39"><span class='ocrx_word' id='word_1_962' title='bbox 2283 5507 2480 5577; x_wconf 84' lang='lat' dir='ltr'><strong>quippe</strong></span> <span class='ocrx_word' id='word_1_963' title='bbox 2508 5516 2581 5562; x_wconf 85' lang='lat' dir='ltr'><strong>est</strong></span> <span class='ocrx_word' id='word_1_964' title='bbox 2619 5508 2791 5578; x_wconf 82' lang='lat' dir='ltr'><strong>gloria</strong></span> <span class='ocrx_word' id='word_1_965' title='bbox 2824 5510 2983 5576; x_wconf 87' lang='lat' dir='ltr'><strong>solis,</strong></span> <span class='ocrx_word' id='word_1_966' title='bbox 3022 5511 3126 5566; x_wconf 84' lang='lat' dir='ltr'><strong>alia</strong></span> <span class='ocrx_word' id='word_1_967' title='bbox 3152 5512 3321 5596; x_wconf 68' lang='lat' dir='ltr'><strong>gloria</strong></span> <span class='ocrx_word' id='word_1_968' title='bbox 3350 5515 3513 5581; x_wconf 68' lang='lat' dir='ltr'><strong>tunc,</strong></span> <span class='ocrx_word' id='word_1_969' title='bbox 3562 5518 3670 5573; x_wconf 75' lang='lat' dir='ltr'><strong>alia</strong></span> <span class='ocrx_word' id='word_1_970' title='bbox 3706 5520 3879 5591; x_wconf 70' lang='lat' dir='ltr'><strong>gloria</strong></span> 
     </span>
    </p>
   </div>
   <div class='ocr_carea' id='block_1_119' title="bbox 2282 5598 3874 5685">
    <p class='ocr_par' dir='ltr' id='par_1_119' title="bbox 2282 5598 3874 5685">
     <span class='ocr_line' id='line_1_119' title="bbox 2282 5598 3874 5685; baseline 0.011 -33"><span class='ocrx_word' id='word_1_971' title='bbox 2282 5598 2542 5653; x_wconf 82' lang='lat' dir='ltr'><strong>stellarum</strong></span> <span class='ocrx_word' id='word_1_972' title='bbox 2560 5614 2581 5655; x_wconf 84' lang='lat'><strong><em>:</em></strong></span> <span class='ocrx_word' id='word_1_973' title='bbox 2608 5600 2755 5655; x_wconf 78' lang='lat' dir='ltr'><strong>stella</strong></span> <span class='ocrx_word' id='word_1_974' title='bbox 2796 5602 2932 5657; x_wconf 80' lang='lat' dir='ltr'><strong>enim</strong></span> <span class='ocrx_word' id='word_1_975' title='bbox 2963 5619 2996 5671; x_wconf 84' lang='lat' dir='ltr'><strong>a</strong></span> <span class='ocrx_word' id='word_1_976' title='bbox 3027 5604 3177 5660; x_wconf 85' lang='lat' dir='ltr'><strong>stella</strong></span> <span class='ocrx_word' id='word_1_977' title='bbox 3197 5604 3371 5685; x_wconf 72' lang='lat' dir='ltr'><strong>iii/fert</strong></span> <span class='ocrx_word' id='word_1_978' title='bbox 3392 5608 3445 5663; x_wconf 87' lang='lat' dir='ltr'><strong>in</strong></span> <span class='ocrx_word' id='word_1_979' title='bbox 3470 5608 3635 5684; x_wconf 77' lang='lat' dir='ltr'><strong>gloria</strong></span> <span class='ocrx_word' id='word_1_980' title='bbox 3660 5609 3715 5685; x_wconf 84' lang='lat' dir='ltr'><strong>[i</strong></span> <span class='ocrx_word' id='word_1_981' title='bbox 3745 5610 3874 5670; x_wconf 74' lang='lat' dir='ltr'><strong>Cor.</strong></span> 
     </span>
    </p>
   </div>
   <div class='ocr_carea' id='block_1_120' title="bbox 2286 5683 3875 5771">
    <p class='ocr_par' dir='ltr' id='par_1_120' title="bbox 2286 5683 3875 5771">
     <span class='ocr_line' id='line_1_120' title="bbox 2286 5683 3875 5771; baseline 0.006 -26"><span class='ocrx_word' id='word_1_982' title='bbox 2286 5688 2380 5745; x_wconf 75' lang='lat' dir='ltr'><strong>ss.</strong></span> <span class='ocrx_word' id='word_1_983' title='bbox 2412 5687 2524 5763; x_wconf 75' lang='lat' dir='ltr'><strong>tl],</strong></span> <span class='ocrx_word' id='word_1_984' title='bbox 2552 5699 2609 5745; x_wconf 86' lang='lat' dir='ltr'><strong>et</strong></span> <span class='ocrx_word' id='word_1_985' title='bbox 2638 5701 2816 5746; x_wconf 84' lang='lat' dir='ltr'><strong>tamen</strong></span> <span class='ocrx_word' id='word_1_986' title='bbox 2846 5708 2950 5748; x_wconf 89' lang='lat' dir='ltr'><strong>una</strong></span> <span class='ocrx_word' id='word_1_987' title='bbox 2983 5704 3066 5749; x_wconf 88' lang='lat' dir='ltr'><strong>est</strong></span> <span class='ocrx_word' id='word_1_988' title='bbox 3099 5683 3442 5770; x_wconf 81' lang='lat' dir='ltr'><strong>subsisutia),</strong></span> <span class='ocrx_word' id='word_1_989' title='bbox 3474 5683 3744 5771; x_wconf 71' lang='lat' dir='ltr'><strong>quomodo</strong></span> <span class='ocrx_word' id='word_1_990' title='bbox 3776 5720 3875 5761; x_wconf 74' lang='lat' dir='ltr'><strong>eo.</strong></span> 
     </span>
    </p>
   </div>
   <div class='ocr_carea' id='block_1_121' title="bbox 2284 5782 3871 5857">
    <p class='ocr_par' dir='ltr' id='par_1_121' title="bbox 2284 5782 3871 5857">
     <span class='ocr_line' id='line_1_121' title="bbox 2284 5782 3871 5857; baseline 0.008 -17"><span class='ocrx_word' id='word_1_991' title='bbox 2284 5796 2402 5840; x_wconf 85' lang='lat' dir='ltr'><strong>rum</strong></span> <span class='ocrx_word' id='word_1_992' title='bbox 2422 5821 2438 5853; x_wconf 89' lang='lat'><strong>,</strong></span> <span class='ocrx_word' id='word_1_993' title='bbox 2469 5797 2698 5855; x_wconf 87' lang='lat' dir='ltr'><strong>quorum</strong></span> <span class='ocrx_word' id='word_1_994' title='bbox 2726 5782 2897 5855; x_wconf 83' lang='lat' dir='ltr'><strong>gloria</strong></span> <span class='ocrx_word' id='word_1_995' title='bbox 2924 5801 3026 5841; x_wconf 88' lang='lat' dir='ltr'><strong>una</strong></span> <span class='ocrx_word' id='word_1_996' title='bbox 3056 5796 3161 5857; x_wconf 85' lang='lat' dir='ltr'><strong>est,</strong></span> <span class='ocrx_word' id='word_1_997' title='bbox 3181 5787 3480 5847; x_wconf 86' lang='lat' dir='ltr'><strong>substantia</strong></span> <span class='ocrx_word' id='word_1_998' title='bbox 3504 5792 3717 5851; x_wconf 78' lang='lat' dir='ltr'><strong>diversa</strong></span> <span class='ocrx_word' id='word_1_999' title='bbox 3740 5808 3871 5853; x_wconf 79' lang='lat' dir='ltr'><strong>esse</strong></span> 
     </span>
    </p>
   </div>
  </div>
