4154 6324
234 384 336 440 555

234 495 526 556 credatur?
549 495 671 553 Non
691 493 841 551 enim
880 489 1048 564 dixit,
1100 485 1160 540 In
1199 481 1292 538 tali
1339 478 1506 550 gloria
1545 471 1716 545 qualis
1746 477 1829 525 est

244 589 417 648 Patris
445 592 619 661 gloria
640 629 657 656 ,
685 595 746 643 ut
770 582 1058 640 discrimen
1089 591 1210 633 esse
1237 570 1558 646 suspiceris;
1607 564 1702 621 sed
1745 577 1837 616 ac-

240 657 474 747 curate:
497 684 554 739 in
585 680 774 737 eadem
804 678 948 746 ipsa,
977 671 1188 742 inquit,
1224 665 1392 737 gloria
1421 661 1644 723 veniet,
1675 657 1747 710 ita
1778 662 1835 707 ut

242 795 348 834 una
389 776 690 844 eademque
732 783 850 825 esse
889 762 1143 837 putetur?
1169 757 1305 826 Quid
1331 755 1497 824 igitur
1527 752 1685 804 times
1703 747 1836 844 ,in-

239 875 380 941 qult,
398 837 746 932 Petra-dum
771 869 997 915 mortem
1021 851 1213 910 audis?
1238 848 1389 903 Tunc
1411 848 1552 898 enim
1579 855 1662 894 me
1689 837 1838 892 vide-

240 927 324 1016 bis
349 927 403 1014 in
435 927 608 1029 gloria
635 946 835 1009 Patris.
861 949 918 1004 Si
943 962 1044 1016 ego
1075 945 1130 999 in
1157 941 1325 1013 gloria
1347 977 1364 1003 ,
1389 945 1444 991 et
1470 947 1568 987 vos
1589 932 1641 985 in
1666 927 1835 1018 gloria

240 1054 415 1109 eritis.
436 1021 568 1106 Non
595 1047 736 1102 enim
771 1058 858 1100 res
883 1050 1075 1096 vestra:
1101 1044 1226 1092 sunt
1248 1028 1531 1103 praesentis
1553 1026 1676 1080 vine
1694 1021 1838 1077 limi-

243 1147 388 1200 tibus
416 1137 841 1207 circumscripta:
866 1155 883 1190 :
912 1130 1133 1187 sed-alia
1162 1141 1280 1182 sors
1320 1121 1510 1176 melior
1551 1129 1648 1170 vos
1686 1113 1833 1169 esci-

239 1239 373 1310 pi'et.
411 1238 663 1291 Attamen
691 1204 971 1301 postquam
1003 1224 1141 1279 bona
1164 1219 1253 1272 illa
1282 1214 1438 1278 dixit,
1471 1225 1578 1266 non
1603 1207 1692 1262 hic
1717 1204 1838 1310 sub-

238 1295 401 1389 stitit.
435 1325 535 1380 sed
563 1333 616 1379 et
643 1295 900 1378 terribilia
931 1311 1252 1376 admiscuit,
1296 1305 1558 1377 judicium
1605 1297 1736 1378 illud
1781 1295 1834 1350 in

239 1417 482 1474 medium
521 1415 812 1470 adducens,
847 1417 899 1462 et
933 1407 1168 1460 rationes
1197 1395 1568 1470 inevitabiles,
1613 1400 1838 1445 senten-

241 1511 371 1564 tiam
413 1509 534 1562 sine
561 1505 665 1558 ulla
693 1499 1032 1570 acceptione,
1056 1493 1316 1564 judicium
1346 1487 1487 1558 quod
1528 1481 1701 1551 decipi
1739 1494 1834 1534 ne-

238 1602 381 1673 quit.
417 1599 604 1669 Neque
629 1606 804 1650 tatnen
845 1592 1049 1646 tristem
1090 1587 1217 1642 sivit
1261 1582 1483 1637 omnino
1529 1588 1835 1632 sermonem

241 1664 388 1757 esse,
418 1664 534 1746 sedi
547 1689 739 1742 bonam
771 1697 922 1753 spem
950 1675 1255 1735 admiscuit.
1284 1671 1468 1742 Neque
1494 1667 1640 1723 enim
1667 1664 1834 1729 dixit,

241 1784 399 1839 Tunc
430 1789 742 1852 peccatores
769 1775 983 1846 puniet,
1032 1769 1164 1832 sed,
1208 1765 1404 1822 Reddet
1445 1759 1716 1852 unicuique
1753 1771 1837 1810 se—

239 1874 470 1931 cundum
497 1886 653 1942 opera
671 1885 783 1923 sua.
817 1865 928 1921 lloc
954 1877 1112 1934 porro
1137 1859 1272 1914 dixit
1300 1871 1404 1911 non
1435 1851 1596 1908 modo
1622 1859 1682 1903 ut
1709 1861 1837 1918 pec-

238 1966 521 2023 catoribus
565 1961 811 2030 supplicii
852 1955 1167 2013 memoriam
1213 1958 1523 2009 revocaret,
1553 1944 1646 1999 sed
1673 1942 1835 1997 etiam

239 2069 297 2112 ut
324 2057 431 2127 piis
457 2055 770 2109 braviortnn
798 2059 852 2105 et
875 2061 1216 2102 coronarum.
1249 2041 1355 2097 Sed
1382 2040 1473 2094 ille
1497 2035 1747 2108 quidem,
1780 2041 1838 2088 ut

239 2150 414 2204 bonos
461 2148 609 2200 viros
655 2146 965 2206 recrearet,
1024 2139 1139 2192 haec
1181 2133 1344 2191 dixit:
1375 2144 1478 2202 ego
1502 2139 1680 2184 autem
1708 2139 1828 2196 per-

240 2247 502 2298 horresco
527 2251 744 2307 semper
780 2235 906 2290 dum
935 2233 1050 2286 haec
1075 2229 1234 2281 audio
1264 2244 1277 2281 :
1306 2241 1413 2280 non
1443 2237 1563 2278 sum
1593 2221 1737 2276 enim
1768 2217 1837 2271 de

240 2348 468 2392 numero
499 2328 946 2388 coronandorum.
995 2325 1132 2379 Puto
1159 2330 1335 2375 autem
1363 2316 1499 2371 alios
1525 2328 1648 2370 esse
1677 2311 1835 2379 hujus

241 2426 450 2480 timoris
479 2433 535 2478 et
563 2420 822 2491 angustia:
849 2417 1002 2474 nobis
1028 2421 1328 2468 consortes.
1359 2408 1528 2476 Quem
1558 2405 1702 2462 enim
1726 2416 1832 2457 non

242 2526 464 2590 possent
508 2515 626 2570 [nec
661 2513 822 2568 verba
853 2522 1056 2566 terrere
1079 2550 1094 2573 ,
1141 2507 1185 2560 si
1219 2505 1270 2559 in
1302 2498 1691 2557 conscientiam
1718 2495 1835 2564 ejus

241 2589 620 2675 immittantnr,
648 2621 806 2677 quem
851 2619 955 2658 non
999 2603 1050 2656 in
1101 2601 1380 2654 horrorem
1433 2592 1729 2652 inducere,
1761 2589 1832 2642 ita

241 2716 298 2760 ut
342 2717 659 2774 persuasum
702 2698 918 2761 habeat,
964 2693 1118 2749 nobis
1162 2705 1322 2745 sacco
1350 2687 1404 2743 ei
1442 2687 1602 2754 longo
1626 2681 1834 2752 jejunio

240 2813 371 2866 Opus
393 2812 518 2852 esse
541 2795 708 2864 magis
731 2807 889 2863 quam
912 2787 1109 2859 populo
1136 2777 1526 2838 Ninivitarum?
1549 2775 1663 2830 Non
1685 2775 1830 2828 enim

239 2889 306 2944 de
333 2889 484 2943 urbis
527 2885 805 2942 eversione
855 2891 909 2936 et
955 2879 1023 2934 de
1065 2874 1336 2932 communi
1389 2870 1605 2925 interitu
1655 2880 1834 2920 sermo

241 2981 394 3036 nobis
423 2986 509 3035 est
526 3019 543 3043 ,
576 2977 670 3032 sed
697 2975 764 3030 de
793 2971 1054 3044 supplicio
1079 2978 1305 3030 aatcrno,
1327 2961 1394 3019 de
1418 2962 1540 3032 igne
1566 2959 1657 3030 qui
1680 2971 1836 3011 num-

239 3091 397 3146 quam
431 3070 807 3141 exstinguitur.

310 3167 364 3223 5.
398 3165 772 3219 Monachorum
812 3161 926 3214 laus
955 3167 1002 3212 et
1033 3157 1148 3211 vita
1175 3168 1352 3226 genus.
1380 3179 1453 3192 ——
1477 3147 1614 3205 Ideo.
1646 3158 1834 3201 mona-

240 3259 391 3321 chos,
419 3256 509 3326 qui
539 3256 750 3324 deserta
779 3257 1131 3320 occuparunt,
1161 3243 1322 3299 laudo
1348 3254 1402 3297 et
1431 3239 1688 3300 admiror,
1722 3245 1830 3289 tum

240 3351 359 3404 aliis
384 3349 453 3403 de
479 3348 677 3404 causis.
715 3354 823 3399 tum
855 3351 1072 3412 propter
1095 3339 1208 3392 haec
1236 3334 1416 3389 verba.
1449 3330 1580 3386 Nam
1612 3327 1687 3382 illi
1713 3331 1834 3396 post

241 3440 524 3510 prandium
549 3479 563 3502 ,
594 3438 702 3491 imo
733 3449 861 3490 vero
893 3441 1018 3502 post
1047 3443 1256 3486 emnam
1281 3467 1293 3489 ,
1325 3422 1607 3494 prandium
1636 3418 1834 3488 quippe

241 3550 350 3589 nnn
380 3542 612 3595 norunt;
636 3530 811 3584 sciunt
839 3527 978 3583 enim
1008 3536 1246 3595 praesens
1273 3529 1482 3587 tempus
1513 3527 1631 3569 esse
1658 3512 1834 3565 luctus

240 3642 301 3680 ac
324 3625 513 3694 jejunii
550 3643 562 3677 :
597 3631 714 3691 post
738 3634 948 3674 cmuam
977 3617 1136 3686 igitur
1155 3612 1357 3684 gratias
1383 3609 1497 3694 Deo
1513 3604 1830 3667 referentes,

241 3717 381 3771 hanc
437 3721 739 3771 memorant
788 3724 997 3765 vorem.
1062 3707 1120 3762 Si
1172 3703 1333 3758 vultis
1386 3686 1564 3754 autem
1620 3696 1831 3750 illorum

242 3808 502 3878 hymnum
552 3802 771 3866 audire,
815 3809 875 3854 ut
911 3800 1057 3853 illum
1097 3811 1196 3851 vos
1227 3793 1534 3860 frequenter
1557 3785 1794 3842 recitetis
1817 3824 1832 3849 ,

241 3875 413 3953 totum
446 3895 600 3949 vobis
623 3893 852 3948 referam
881 3893 1118 3961 ipsorum
1141 3900 1354 3941 sacrum
1376 3881 1668 3943 canticum,
1691 3875 1832 3946 quod

241 3991 321 4045 sic
367 3988 526 4042 habet
553 4005 567 4039 :
590 3983 887 4039 Benedictus
923 3981 1085 4045 Deus,
1112 3979 1195 4048 qui
1229 3975 1392 4044 pascis
1420 3988 1499 4026 me
1517 3987 1548 4024 a
1567 3972 1836 4041 juventute

240 4097 354 4135 mea
373 4079 506 4149 ',qui
532 4077 625 4130 das
647 4091 814 4132 escam
839 4075 975 4128 omni
997 4071 1138 4125 carni
1161 4086 1178 4122 :
1199 4067 1356 4136 imple
1376 4064 1564 4137 gaudio
1591 4072 1636 4114 et
1660 4059 1835 4114 ltetitia

241 4189 331 4225 tor
357 4180 588 4224 nostrum
608 4209 621 4229 .
651 4177 706 4220 ut
741 4183 935 4235 semper
959 4177 1156 4218 omnem
1183 4157 1528 4229 suﬁicientiam
1557 4155 1795 4207 habentes
1817 4192 1831 4216 ,

241 4260 561 4314 abundemus
584 4260 636 4312 in
658 4274 805 4312 omne
824 4274 950 4325 opus
971 4256 1153 4309 bonum
1173 4253 1227 4307 in
1250 4251 1450 4304 Christo
1469 4247 1499 4300 J
1509 4263 1593 4300 esu
1617 4244 1837 4298 Domino

243 4365 420 4407 nostro
438 4394 452 4416 ,
478 4352 682 4421 quicum
703 4349 791 4402 tibi
813 4349 998 4420 gloria,
1029 4347 1208 4410 honos,
1234 4341 1502 4411 imperium
1524 4354 1638 4391 cum
1660 4343 1837 4389 sancto

247 4446 449 4515 Spiritu
475 4444 528 4496 in
563 4428 771 4496 alecula.
803 4440 982 4494 Amen.
1020 4436 1195 4491 Gloria
1226 4433 1314 4486 tibi
1341 4474 1354 4496 ,
1400 4430 1647 4492 Domine,
1675 4427 1838 4497 gloria

247 4541 360 4601 tibi,
392 4548 564 4591 sancte
583 4578 598 4601 ,
625 4535 791 4606 gloria
814 4533 936 4598 tibi,
961 4547 1052 4585 rea:
1072 4573 1087 4595 ,
1119 4530 1238 4599 quia
1265 4527 1446 4580 dedisti
1467 4524 1607 4577 nobis
1630 4522 1763 4574 cibos
1783 4517 1840 4572 in

246 4632 501 4684 Iustitiam.
538 4628 702 4698 Imple
741 4643 833 4680 nos
875 4625 1074 4694 Spiritu
1114 4631 1322 4685 sancto,
1360 4631 1412 4671 ut
1449 4617 1766 4671 inveniamur
1789 4613 1840 4665 in

247 4732 520 4789 conspectu
543 4730 628 4772 tuo
650 4715 978 4786 acceptabiles
998 4757 1014 4782 ,
1052 4729 1144 4768 nec
1174 4712 1367 4780 pudore
1401 4710 1700 4778 aﬂ‘iciamur,
1727 4721 1842 4758 cum

248 4812 436 4864 reddes
453 4804 1014 4877 unicuiqud'secundum
1041 4821 1195 4875 opera
1217 4820 1330 4857 sua.
1373 4801 1470 4855 Hie
1503 4799 1733 4870 hymnus
1762 4807 1841 4850 to-

250 4913 339 4958 tus
359 4901 702 4957 admirationi
740 4915 860 4955 esse
899 4899 1079 4960 debet,
1125 4896 1354 4950 maxime
1394 4909 1522 4948 vero
1554 4893 1672 4946 linis
1702 4891 1840 4959 ejus.

249 4996 388 5064 Quia
418 4996 562 5051 enim
596 5009 780 5048 mensa
801 5005 853 5048 et
874 4993 1026 5047 cibus
1054 4990 1254 5046 eﬂ‘usos
1277 4987 1447 5042 reddit
1475 4995 1529 5041 et
1555 4992 1807 5055 aggravat
1826 5025 1842 5050 ,

252 5088 359 5143 hoc
400 5088 602 5142 dictum
633 5085 785 5155 quasi
818 5083 1028 5138 frenum
1059 5080 1326 5152 quoddam
1358 5080 1551 5132 animae
1582 5090 1847 5146 apposue-

251 5183 383 5227 runt
408 5172 510 5226 hoc
538 5170 740 5224 Isctitite
770 5179 1011 5237 tempore
1033 5209 1047 5228 .
1092 5181 1216 5221 cum
1254 5163 1442 5232 judicii
1472 5160 1614 5215 diem
1648 5161 1698 5213 in
1730 5174 1844 5213 me-

254 5265 488 5318 moriam
516 5271 789 5316 revocant.
824 5261 1132 5314 Didicerunt
1172 5258 1314 5313 enim
1357 5253 1501 5325 quod
1545 5267 1736 5324 passus
1765 5259 1848 5306 est

257 5356 425 5408 Israel
456 5364 576 5422 post
604 5354 801 5407 lautam
835 5367 1074 5406 mensam
1101 5370 1113 5404 :
1147 5347 1372 5403 Comedit
1408 5348 1548 5401 enim
1575 5388 1590 5410 ,
1639 5346 1810 5415 inquit
1830 5385 1844 5409 ,

256 5456 301 5499 et
324 5446 636 5498 incrussatus
654 5453 752 5508 est,
776 5455 822 5495 et
841 5441 1173 5495 recalcitravit
1195 5441 1406 5492 dilectus
1425 5438 1601 5509 (Deut.
1621 5438 1708 5490 52.
1739 5437 1848 5505 15).

260 5537 468 5590 idcirco
506 5535 637 5590 dixit
668 5535 913 5604 Moyses:
948 5530 1072 5586 Cum
1109 5532 1488 5583 manducaveris
1514 5541 1556 5581 et
1585 5529 1762 5580 biberis
1806 5538 1852 5579 et

253 5635 534 5679 saturatas
548 5626 729 5697 fueris,
753 5633 998 5678 memento
1019 5621 1226 5676 Domini
1249 5620 1344 5674 Dei
1366 5624 1436 5674 tui
1465 5620 1637 5692 (Deut.
1665 5623 1716 5675 6.
1740 5620 1848 5688 il).

328 5811 348 5844 ι
377 5806 528 5869 linus,
550 5812 632 5873 qm‘
653 5809 814 5870 pascis
837 5819 922 5857 nos
942 5820 971 5854 ιι
987 5809 1234 5864 juventae
1255 5809 1437 5854 nostra.

1274 361 1344 419 ΙΝ
1381 346 1786 417 ΜᾹΤΤΗΕΠΜ
1822 345 2062 404 HOMIL.
2104 347 2218 404 LV.
2255 348 2331 404 al.
2371 347 2501 404 LVI.

3432 340 3536 401 διδ

1943 462 2073 518 Post
2115 477 2357 518 mensam
2401 462 2547 518 enim
2598 457 2932 530 iniquissima
2977 455 3094 514 ausi
3140 454 3372 512 fuerant.
3398 453 3544 511 Cave

1938 556 2105 627 igitur
2131 559 2293 611 etiam
2327 565 2383 610 tu
2413 570 2482 610 ne
2506 553 2684 609 simile
2711 551 2839 623 quid
2867 552 3108 622 patiaris.
3144 548 3368 605 Etiamsi
3397 547 3543 602 enim

1943 663 2044 703 nec
2074 647 2268 717 lapidi,
2319 661 2418 701 nec
2449 660 2583 699 auro
2627 659 2761 699 oves
2802 655 2860 698 et
2904 642 3103 696 vitulos
3147 637 3544 703 immolaveris,

1937 754 2074 794 cave
2102 755 2169 794 ne
2194 739 2288 794 ira:
2323 736 2571 793 immoles
2607 736 2841 791 animam
2885 744 3052 798 tuam,
3091 747 3163 787 ne
3200 727 3544 785 fornicationi

1943 832 2193 887 immoles
2237 831 2462 885 salutem
2512 839 2655 883 tuam
2682 869 2697 892 ,
2740 843 2874 882 neve
2912 827 3035 881 aliis
3082 823 3350 880 similibus
3377 820 3544 876 animi

1944 924 2167 978 morbis.
2203 923 2314 978 Hac
2335 925 2477 978 enim
2507 922 2673 977 etiam
2702 921 2770 986 de
2800 934 2962 974 causa
2992 915 3242 973 monachi
3270 915 3384 971 haec
3409 928 3546 984 pra:-

1943 1013 2123 1084 cipitia
2174 1024 2505 1077 metuentes,
2575 1021 2858 1082 postquam
2913 1022 3139 1071 mensa,
3199 1007 3308 1060 imo
3367 1005 3544 1076 potius

1939 1104 2149 1173 jejunio
2211 1105 2291 1158 usi
2345 1113 2471 1158 sunt
2521 1101 2679 1173 (nam
2739 1114 2926 1155 mensa
2982 1099 3219 1169 ipsorum
3277 1095 3541 1166 jejunium

1941 1197 2089 1264 est),
2139 1194 2403 1249 tremendi
2441 1192 2625 1262 judicii
2667 1207 2731 1246 ac
2773 1190 2878 1245 diei
2920 1189 3060 1260 illius
3106 1186 3423 1247 memoriam
3457 1200 3544 1239 re-

1943 1294 2155 1340 vocant.
2201 1285 2255 1340 Si
2296 1295 2474 1339 autem
2510 1283 2622 1348 illi,
2662 1283 2754 1353 qui
2800 1276 3431 1353 jejuniio,e_hameuniis,
3464 1275 3544 1330 vi-

1941 1378 2103 1448 giliis,
2137 1391 2294 1430 sacco
2324 1385 2379 1429 et
2408 1373 2704 1428 innumeris
2743 1373 2864 1426 aliis
2907 1383 3032 1426 sese
3081 1349 3395 1428 macerant,
3437 1366 3539 1419 hac

1944 1478 2122 1524 tamen
2167 1467 2540 1522 admonitione
2567 1464 2846 1533 indigent:
2877 1460 3092 1532 quando
3118 1459 3412 1530 poterimus
3442 1470 3543 1511 nos

1944 1559 2219 1614 moderate
2243 1559 2424 1612 vivere
2448 1597 2463 1624 ,
2493 1557 2583 1626 qui
2614 1567 2830 1614 mensas
2855 1549 3366 1622 apparamus'mille
3404 1563 3542 1602 nau-

1943 1649 2123 1719 fragiis
2153 1658 2376 1703 onustas
2397 1687 2412 1713 ,
2447 1662 2622 1714 neque
2648 1645 3178 1713 omninoprecamnr
3201 1641 3288 1695 vel
3314 1642 3366 1695 in
3395 1640 3542 1710 prin-

1943 1742 2082 1811 cipio
2119 1741 2202 1795 vel
2243 1741 2296 1795 in
2348 1739 2496 1795 ﬁne?
2536 1738 2743 1794 Idcirco
2771 1747 2828 1791 ut
2856 1736 3133 1807 naufragia
3164 1733 3253 1787 illa
3274 1733 3543 1788 dissolva-
3598 1723 3604 1728 ’

1943 1849 2102 1900 mus,
2143 1833 2400 1903 hymnum
2458 1831 2606 1886 illum
2656 1830 2708 1884 in
2756 1828 2992 1884 medium
3031 1827 3393 1889 adducentes.
3445 1840 3543 1880 ex-

1943 1927 2200 1998 plicemus
2239 1924 2440 1991 omnia,
2464 1933 2521 1978 ut
2561 1923 2686 1993 quid
2716 1921 2849 1978 lucri
2873 1921 3181 2001 commodet
3207 1919 3544 1973 animadver-

1943 2028 2155 2086 tentes,
2206 2019 2514 2088 frequenter
2543 2017 2694 2073 illum
2743 2016 2797 2070 in
2845 2028 3034 2069 mensa
3082 2026 3376 2076 canamus,
3409 2026 3542 2066 vcn-

1943 2111 2146 2181 trisque
2191 2109 2420 2164 insultus
2461 2107 2821 2178 reprimamus
2843 2145 2859 2170 ,
2886 2116 3046 2174 atque
3074 2118 3255 2158 mores
3285 2102 3542 2172 legesque

1940 2205 2251 2275 angelorum
2281 2194 2502 2257 illorum
2520 2201 2572 2255 in
2604 2199 2801 2254 domos
2826 2209 3044 2253 nostras
3073 2196 3410 2250 inducamus.
3435 2195 3541 2250 Par

1939 2306 2086 2351 certe
2130 2294 2351 2358 fuisset,
2384 2302 2441 2346 ut
2468 2293 2558 2346 illo
2588 2306 2684 2345 vos
2720 2291 3064 2345 conferentes
3095 2288 3236 2341 hunc
3266 2285 3540 2341 referretis

1942 2388 2201 2443 fructum:
2223 2385 2316 2441 sed
2342 2386 2465 2456 quia
2497 2383 2545 2439 id
2573 2397 2678 2439 non
2700 2383 2886 2445 vultis.
2905 2381 3081 2435 verbis
3112 2378 3302 2432 saltem
3340 2378 3541 2432 nostris

1939 2483 2077 2538 hanc
2092 2481 2423 2551 spiritualem
2437 2478 2723 2534 melodiam
2740 2475 2942 2540 audite,
2957 2489 3019 2529 ac
3041 2471 3234 2542 singuli
3251 2478 3368 2540 post
3385 2484 3538 2523 men-

1939 2591 2054 2630 sam
2107 2574 2219 2628 hmc
2254 2572 2416 2627 verba
2445 2570 2718 2634 referant,
2750 2568 2829 2623 sic
2857 2567 2966 2622 orsi
2995 2585 3008 2621 :
3035 2565 3343 2619 Benedictus
3373 2561 3535 2616 Deus.
3600 2612 3606 2618 .

1941 2663 2302 2735 Apostolicam
2328 2663 2524 2733 quippe
2545 2660 2714 2730 legem
2738 2658 2918 2712 statim
2945 2655 3279 2726 implentqua
3298 2653 3538 2722 jubetur:

1941 2754 2304 2824 Quodcumque
2335 2752 2618 2808 fecerimus
2645 2751 2697 2803 in
2729 2749 2878 2804 verbo
2945 2757 2992 2801 et
3031 2763 3209 2818 apere,
3256 2746 3310 2799 in
3338 2744 3542 2799 nomine

1940 2845 2147 2899 Domini
2182 2844 2340 2898 nostri
2377 2843 2504 2896 Jesu
2547 2839 2736 2895 Christi
2781 2837 3064 2910 faciamus,
3102 2836 3296 2907 gratias
3326 2844 3534 2906 agentes

1938 2933 2048 2989 Deo
2095 2943 2141 2988 et
2190 2931 2336 2986 Patri
2382 2947 2473 3000 per
2519 2931 2687 2999 ipsum
2737 2927 2956 2999 (Coloss.
2997 2925 3052 2981 3.
3098 2927 3214 2994 ΓΙ).
3245 2923 3448 2978 Deinde
3479 2933 3538 2977 ut

1935 3025 2226 3098 gratiarum
2273 3023 2414 3077 actio
2459 3036 2565 3075 non
2617 3034 2712 3089 pro
2756 3019 2849 3073 illo
2891 3017 3009 3072 solo
3051 3015 3142 3072 die
3181 3016 3284 3081 sit,
3316 3014 3411 3070 sed
3441 3029 3540 3084 pro

1939 3129 2050 3175 tota
2077 3119 2180 3172 vita
2203 3157 2220 3184 ,
2251 3115 2444 3170 dicitur
2470 3131 2484 3166 :
2514 3112 2615 3179 Qui
2640 3110 2806 3180 pascis
2831 3125 2909 3162 me
2929 3125 2960 3161 a
2972 3110 3237 3179 juventute
3257 3122 3389 3159 mea.
3413 3105 3539 3160 Hmc

1937 3227 2152 3284 quoque
2178 3210 2421 3264 doctrina
2455 3204 2825 3284 philosophica
2854 3216 2956 3257 est.
2982 3202 3091 3257 Deo
3114 3202 3313 3270 quippe
3336 3200 3536 3264 alente,

1937 3324 2046 3363 non
2097 3307 2387 3360 sollicitum
2434 3317 2555 3358 esse
2601 3309 2837 3370 Oportet.
2888 3298 3022 3354 Nam
3052 3298 3099 3353 si
3127 3313 3254 3368 rege
3283 3296 3376 3352 tibi
3411 3311 3539 3365 pro-

1940 3401 2226 3461 mittente,
2261 3412 2319 3450 se
2362 3393 2456 3448 tibi
2499 3392 2870 3464 quotidianum
2910 3389 3088 3444 cibum
3138 3403 3203 3442 ex
3253 3403 3348 3441 sua
3395 3401 3536 3456 penu

1938 3489 2396 3561 suppeditaturum
2419 3501 2556 3550 esse,
2582 3483 2886 3539 confideres
2909 3482 3122 3553 utique:
3147 3481 3317 3535 multo
3343 3480 3537 3548 magis,

1939 3583 1984 3637 si
2011 3582 2153 3637 Deus
2177 3587 2414 3649 prinoeat
2439 3619 2455 3643 ,
2483 3586 2538 3631 et
2562 3575 2742 3630 omnia
2773 3573 2865 3628 tibi
2894 3573 3044 3643 quasi
3074 3586 3140 3627 ex
3174 3570 3320 3626 fonte
3348 3569 3535 3635 ﬂuant,

1938 3671 2084 3730 omni
2130 3668 2497 3724 sollicitudine
2537 3680 2759 3721 vacuum
2805 3678 2929 3718 esse
2973 3672 3208 3732 oportet.
3242 3661 3368 3716 Ideo
3393 3663 3539 3715 enim

1940 3764 2056 3818 haec
2080 3761 2286 3823 dicunt,
2314 3768 2371 3813 ut
2393 3769 2450 3814 et
2475 3757 2686 3826 seipsos
2713 3764 2766 3810 et
2791 3754 3085 3823 discipulos
3111 3752 3176 3806 ad
3204 3767 3420 3806 omnetn
3447 3766 3543 3804 cn-

1941 3872 2058 3912 ram
2083 3863 2141 3910 et
2172 3850 2592 3910 sollicitudinem
2635 3846 2941 3918 ponendam
2985 3845 3261 3901 inducant.
3305 3843 3538 3908 Deinde,

1942 3963 2010 4004 ne
2037 3956 2223 4016 putes,
2276 3944 2422 4014 ipsos
2467 3955 2565 4010 pro
2594 3955 2653 3995 se
2682 3949 2888 3994 tantum
2937 3937 3077 3991 hanc
3111 3937 3405 4007 gratiarum
3446 3951 3542 3990 ac-

1942 4044 2144 4094 tionem
2169 4037 2394 4100 referre,
2417 4033 2768 4103 subjungunt.
2797 4032 2898 4097 Qui
2918 4032 3005 4084 dat
3027 4046 3192 4086 escam
3216 4032 3354 4083 omni
3374 4029 3540 4095 carni,

1943 4149 2039 4203 pro
2063 4140 2176 4187 toto
2201 4129 2332 4184 orbe
2363 4128 2461 4197 ipsi
2489 4128 2688 4197 gratias
2717 4133 2973 4193 agentes;
3002 4131 3055 4178 et
3080 4121 3231 4191 quasi
3253 4123 3401 4177 orbis
3426 4123 3544 4176 uni-

1943 4223 2084 4280 versi
2112 4233 2324 4293 patres,
2356 4221 2434 4275 sic
2458 4233 2554 4288 pro
2584 4218 2837 4272 omnibus
2869 4216 3055 4270 laudes
3085 4214 3361 4280 referunt,
3390 4224 3444 4269 et
3474 4215 3543 4271 ad

1942 4333 2124 4374 veram
2153 4331 2273 4371 sese
2311 4313 2701 4369 fraternitatem
2757 4310 2997 4364 incitant.
3031 4306 3216 4376 Neque
3241 4308 3381 4363 enim
3414 4321 3544 4375 pos-

1943 4419 2068 4465 sunt
2088 4409 2208 4463 illos
2230 4407 2426 4468 odisse,
2459 4419 2554 4474 pro
2575 4402 2769 4472 quibus
2797 4402 2865 4455 de
2891 4399 3238 4467 suppeditato
3267 4400 3396 4466 ipsis
3420 4399 3543 4452 cilio

1947 4500 2058 4555 Deo
2085 4498 2284 4570 gratias
2311 4506 2496 4565 agunt.
2530 4493 2718 4547 Vidcn‘
2741 4500 2795 4545 et
2827 4491 3104 4543 caritatem
3131 4505 3223 4557 per
3248 4491 3539 4560 gratiarum

1948 4592 2210 4647 actionem
2245 4589 2554 4648 inductam,
2598 4599 2717 4652 quas
2763 4581 3076 4635 saecularem
3127 4579 3546 4634 sollicitudinem

1947 4684 2130 4752 elicit,
2178 4691 2287 4735 tum
2329 4694 2392 4732 ex
2427 4677 2491 4730 iis
2516 4691 2634 4745 qua?
2680 4673 3025 4742 νττιεεθάυηιν
3072 4681 3182 4724 mm
3228 4687 3296 4724 ex
3332 4670 3544 4736 hisjam

1947 4776 2141 4831 dictis?
2167 4774 2220 4829 Si
2251 4774 2393 4828 enim
2425 4771 2515 4824 dat
2540 4784 2720 4824 escam
2751 4766 2896 4821 omni
2928 4764 3077 4818 carni
3101 4805 3114 4828 ,
3166 4764 3336 4817 multo
3382 4763 3549 4831 magis

1950 4868 2015 4922 iis
2037 4869 2123 4938 qui
2153 4868 2251 4935 ipsi
2294 4864 2488 4918 ad‘dicti
2519 4870 2680 4923 sunt;
2712 4874 2835 4913 nam
2870 4858 2912 4910 si
2941 4871 3056 4921 eos,
3082 4855 3170 4924 qui
3203 4853 3550 4907 saecularibus

1950 4960 2096 5013 curis
2127 4964 2253 5012 sunt
2285 4954 2542 5017 involuti;
2597 4951 2766 5005 multo
2806 4950 2976 5018 magis
3024 4961 3139 5010 eos,
3182 4945 3271 5015 qui
3302 4946 3366 4998 iis
3398 4945 3550 4998 vacui

1952 5060 2110 5114 sunt,
2143 5049 2329 5102 nutrit.
2365 5045 2477 5100 Hoc
2503 5055 2556 5098 et
2580 5042 2827 5096 Christus
2859 5041 3188 5094 conlirmans
3216 5037 3386 5090 dicit:
3417 5033 3551 5099 Quot

1956 5141 2242 5212 passeribus
2287 5139 2516 5191 meliores
2558 5135 2674 5188 estis
2717 5149 2803 5186 vos
2835 5130 2986 5202 (Luc.
3023 5129 3111 5183 η.
3146 5127 3230 5198 7)?
3256 5126 3348 5180 His
3379 5127 3555 5181 verbis

1954 5236 2110 5291 docet
2141 5248 2247 5287 non
2285 5245 2405 5285 esse
2444 5226 2714 5282 lidendum
2755 5222 2956 5278 divitiis
2982 5231 3036 5275 ct
3062 5229 3222 5274 terra:
3251 5225 3308 5270 et
3336 5217 3556 5271 semini-

1958 5329 2076 5382 bus.
2109 5326 2224 5379 Non
2268 5323 2409 5375 enim
2458 5322 2573 5372 hzec
2604 5326 2728 5371 sunt
2756 5331 2875 5386 quae
2907 5313 3184 5373 nutriunt,
3211 5309 3307 5364 sed
3337 5308 3556 5363 verbum

1960 5420 2075 5473 Dei.
2115 5417 2208 5470 liis
2230 5415 2390 5469 etiam
2426 5410 2753 5465 Manichzeos
2785 5405 3106 5468 retrudunt,
3150 5412 3203 5456 et
3235 5399 3558 5454 Valentinia-

1960 5529 2079 5578 nos,
2113 5524 2312 5578 eosque
2341 5506 2430 5575 qui
2471 5519 2594 5556 cum
2635 5502 2744 5554 illis
2774 5499 3032 5553 sentiunt.
3068 5495 3182 5549 Non
3212 5493 3355 5546 enim
3388 5502 3560 5561 potest

1963 5604 2050 5656 hic
2079 5602 2255 5654 malus
2297 5609 2418 5650 esse
2468 5595 2642 5655 Deus,
2687 5592 2775 5660 qui
2819 5589 3104 5644 (mnibus.
3154 5584 3312 5638 etiam
3354 5597 3411 5636 se
3454 5580 3559 5634 bla-

1963 5691 2394 5763 Sphemantibus,
2428 5687 2565 5740 bona
2598 5700 2692 5738 sua
2718 5681 2950 5736 confert.
2988 5679 3188 5733 Deinde
3211 5675 3446 5744 sequitur
3470 5685 3565 5740 pe-

1965 5759 2083 5844 titio
2108 5804 2120 5841 :
2160 5783 2315 5855 lleple
2343 5780 2530 5853 gaudio
2553 5787 2595 5832 et
2621 5776 2800 5833 lictitia
2821 5774 2980 5829 corda
3002 5783 3195 5828 nostra.
3221 5769 3339 5840 Quo
3369 5759 3565 5835 gaudio
