4154 6324
634 301 733 358 5ιῖ

629 416 792 472 dicit?
819 426 940 469 num
967 410 1240 468 saeculari?
1265 407 1447 464 Absit!
1480 421 1653 478 neque
1679 393 1890 460 enimsi
1921 402 2051 457 illud
2074 400 2194 458 ωι-

630 508 740 564 lent
761 550 773 568 .
797 505 1073 562 acumina
1101 503 1359 557 montium
1385 513 1436 554 et
1460 499 1671 554 deserta
1698 502 2041 563 occupassent
2063 534 2080 561 ,
2108 509 2202 548 ne-

641 605 1110 672 presscooessent
1139 595 1347 657 induti;
1395 592 1490 646 sed
1531 590 1660 644 illud
1697 588 1947 658 gaudium
1980 586 2197 650 dicunt,

628 693 767 762 quod
787 705 907 743 cum
941 687 1189 757 prasenti
1221 685 1325 740 vita
1358 683 1488 737 nihil
1517 695 1799 736 commune
1831 678 2028 746 habet,
2068 691 2199 746 gaue

628 787 770 838 dium
815 783 1125 852 angelorum
1173 787 1230 833 et
1270 791 1598 844 supernum;
1647 787 1745 827 nec
1792 771 2106 840 simpliciter
2147 769 2200 823 id

629 873 929 945 postulant,
977 873 1071 926 sed
1113 869 1465 925 abundantius
1491 874 1786 936 expetunt;
1833 879 1937 917 non
1977 863 2197 928 dicunt,

631 965 702 1019 lia
721 1009 734 1030 ,
765 965 878 1028 sed,
915 963 1103 1031 Repfe,
1132 976 1231 1016 nec
1260 960 1442 1014 dicunt
1461 1002 1475 1025 ,
1505 959 1610 1013 Nos
1631 999 1644 1022 ,
1674 957 1787 1020 sed,
1811 956 1976 1008 Corda
1997 961 2201 1008 nostra:

627 1056 727 1110 hoc
773 1059 913 1110 enim
959 1057 1186 1108 maxime
1236 1051 1485 1121 gaudium
1533 1049 1759 1104 cordis:
1806 1045 2029 1100 Fructus
2064 1048 2198 1099 enim

627 1151 879 1219 Spiritus,
925 1149 1139 1212 caritas,
1183 1145 1447 1216 gaudium,
1481 1159 1582 1209 pas:
1627 1140 1773 1210 (Gal.
1804 1140 1854 1194 5.
1899 1138 2013 1208 εἳ).
2063 1137 2198 1205 Quia

625 1244 765 1296 enim
809 1247 1084 1307 peccatum
1129 1236 1394 1288 tristitiam
1437 1233 1676 1297 induxit,
1717 1239 2000 1299 precantur
2023 1238 2081 1282 ut
2107 1242 2201 1296 per

627 1328 874 1397 gaudium
923 1327 1121 1396 iustitia
1156 1325 1207 1379 in
1237 1325 1364 1394 ipsis
1391 1325 1688 1377 inseratur:
1716 1334 1886 1389 neque
1917 1319 2056 1372 enim
2096 1318 2201 1372 alio

627 1419 785 1473 modo
807 1413 1050 1486 gaudium
1074 1417 1125 1471 in
1155 1415 1257 1468 illis
1276 1422 1648 1484 generantur.
1679 1409 1748 1463 Ut
1785 1425 1978 1477 semper
2003 1422 2200 1460 omnem

626 1511 971 1579 sufﬁcientiam
1003 1508 1233 1560 habentes
1257 1503 1565 1558 abundemus
1587 1503 1639 1555 in
1655 1516 1806 1554 eunte
1837 1515 1965 1568 opus
1993 1499 2196 1552 bonum.

629 1601 762 1656 \‘ide
817 1599 1178 1670 evangelicum
1228 1598 1358 1651 illud
1404 1593 1603 1649 dictum
1655 1591 1970 1661 impletum:
2006 1589 2202 1643 Panem

619 1713 854 1758 nostrum
869 1698 1233 1770 quotidianum
1249 1697 1317 1747 da
1337 1693 1484 1748 nobis
1505 1691 1653 1744 hodie
1671 1689 1822 1757 (Luc.
1842 1681 2186 1751 ll.5).(luius

621 1792 1008 1866 postulationis
1031 1786 1280 1842 effectum
1307 1792 1531 1860 propter
1556 1779 1856 1850 spiritualis
1889 1780 2180 1866 qua-erunt}

624 1857 694 1938 lit
718 1882 1060 1940 abimdemus,
1086 1878 1355 1946 inquiunt,
1377 1858 1430 1925 in
1448 1886 1594 1923 omne
1616 1884 1741 1934 opus
1756 1866 1964 1918 bonum.
1985 1857 2187 1913 Necdl—

622 1984 772 2036 cunt,
796 1971 864 2027 Ut
900 1971 1165 2024 faciamus
1191 1967 1365 2020 solum
1393 1962 1535 2032 quod
1559 1961 1818 2014 debemus
1844 1973 1857 2020 ;
1896 1954 1989 2008 sed
2019 1951 2182 2004 etiam

624 2067 765 2136 plus,
784 2076 943 2132 quam
963 2066 1226 2130 praecepta
1249 2054 1562 2115 continent;
1586 2050 1637 2102 id
1665 2047 1813 2136 enim
1836 2042 2107 2136 significat
2126 2039 2187 2094 il-

625 2131 713 2209 lud
727 2197 738 2218 ,
752 2131 1165 2206 utabuad‘amus.
1179 2143 1244 2197 Et
1257 2141 1631 2209 aDeoquidem
1648 2131 2023 2189 suﬂicieutiam
2040 2142 2187 2198 qua-

621 2244 743 2288 runt
769 2236 818 2288 in
850 2235 1166 2290 necessariis
1192 2253 1205 2287 :
1237 2233 1336 2302 ipsi
1359 2247 1486 2286 vero
1515 2233 1699 2285 nolunt
1722 2244 1843 2283 cum
1872 2225 2186 2282 sufﬁcientia

621 2325 822 2378 tantum
857 2325 1105 2389 obedire,
1159 2324 1252 2380 sed
1295 2321 1792 2388 superabundanter
1831 2318 1884 2372 in
1922 2316 2192 2370 omnibus.

623 2417 733 2469 lit»:
775 2427 854 2471 cst
888 2418 1018 2480 i‘rj"
1076 2431 1361 2479 certorum,
1410 2417 1509 2466 hoc
1551 2412 1990 2480 philosophorum
2022 2407 2194 2462 homi-

620 2523 743 2562 num
772 2549 785 2568 ,
820 2520 1031 2575 seraper
1075 2515 1130 2558 et
1173 2505 1225 2558 in
1267 2503 1515 2556 omnibus
1557 2500 1853 2554 abundare.
1898 2495 2100 2550 Deinde
2135 2509 2196 2548 tli.

619 2599 980 2654 inﬁrmitatem
1021 2611 1172 2650 suam
1199 2601 1652 2654 commemorent,
1682 2590 2054 2658 fateanturque
2080 2589 2196 2643 sine

616 2703 850 2758 superno
875 2697 1006 2740 nutu
1039 2686 1172 2741 nihil
1202 2702 1259 2739 se
1289 2699 1447 2753 posse
1479 2681 1968 2736 strenuum-facere
1989 2722 2003 2743 ,
2042 2689 2190 2749 post-

611 2795 771 2847 quam
798 2779 1080 2842 dixerunt,
1113 2773 1182 2829 Ut
1211 2774 1518 2827 abundamus
1561 2773 1612 2824 in
1653 2787 1797 2824 omne
1822 2786 1947 2835 opus
1990 2770 2191 2833 bonum,

617 2869 941 2936 subjiciunt,
990 2865 1056 2919 1η
1101 2865 1299 2921 C/tristo
1340 2863 1465 2916 Ιεειι
1518 2860 1736 2915 Domino
1775 2872 1944 2914 nostro
1991 2861 2190 2930 quicum

619 2963 706 3014 tibi
729 2963 911 3031 gloria,
945 2960 1124 3024 hortor,
1163 2959 1427 3027 imperium
1464 2957 1518 3009 in
1551 2954 1752 3008 swcula.
1794 2955 1970 3006 Amen.
2003 2953 2189 3007 Parem

617 3052 877 3122 principio
907 3051 1066 3104 ﬁnem
1095 3065 1187 3119 per
1219 3050 1508 3118 gratiarum
1535 3047 1798 3101 actio’nem
1829 3053 2030 3098 texunt.

685 3144 739 3198 fi.
769 3142 956 3196 Postea
976 3155 1104 3194 vero
1133 3139 1376 3193 videntur
1415 3139 1564 3206 quasi
1590 3152 1618 3189 a
1643 3136 1902 3206 principio
1925 3135 2184 3203 incipere,

613 3245 662 3288 et
707 3233 950 3288 eumdem
981 3239 1280 3288 sermonem
1311 3231 1623 3284 continuant
1659 3245 1672 3280 :
1701 3236 1757 3280 ut
1785 3237 1856 3284 ,-et
1901 3226 2094 3281 Paulus
2139 3229 2198 3282 iu

613 3321 871 3393 principio
900 3322 1150 3391 Epistulae
1175 3321 1324 3390 quasl
1367 3321 1418 3373 in
1467 3318 1907 3389 glorificationem
1943 3317 2192 3371 desinens

611 3415 682 3468 ait
715 3414 1037 3470 :Sectmdum
1062 3410 1363 3466 uoluntatem
1389 3409 1484 3463 Dei
1529 3419 1574 3464 et
1605 3407 1796 3473 Patris,
1837 3409 1920 3460 cui
1942 3409 2103 3478 gloria
2137 3408 2191 3461 in

611 3507 814 3567 strcula,
844 3521 988 3559 amen
1018 3505 1037 3573 (
1061 3502 1177 3558 Gut.
1203 3505 1253 3558 l.
1280 3503 1333 3557 4.
1362 3501 1431 3573 5)
1458 3518 1472 3556 :
1496 3515 1558 3556 ac
1587 3516 1771 3556 rursus
1789 3501 1930 3571 quod
1954 3506 2188 3554 tractan-

612 3595 736 3648 dum
768 3595 1007 3662 suscipit,
1037 3591 1403 3662 argumentum
1431 3591 1670 3645 resumit.
1717 3590 1786 3644 Et
1812 3590 1934 3644 alibi
1962 3604 2146 3645 rursus
2171 3606 2186 3643 :

610 3683 881 3738 Cotum-unt
912 3695 961 3738 et
987 3685 1257 3738 servierunt
1303 3682 1738 3750 neaturc‘potius
1765 3695 1913 3751 quam
1939 3679 2184 3747 Creatori,

609 3776 695 3844 qui
723 3784 792 3828 est
826 3775 1105 3829 benedictus
1138 3775 1206 3829 in
1254 3776 1458 3829 saculo.
1491 3772 1648 3828 Amen
1676 3773 1866 3844 (Rom.
1922 3775 1972 3827 1.
2026 3772 2137 3843 25)
2169 3791 2183 3828 :

609 3880 716 3918 non
747 3865 975 3918 absolvit
1002 3867 1323 3930 sermonem,
1356 3865 1448 3918 sed
1478 3864 1664 3934 pergit.
1698 3862 1773 3918 Ne
1795 3865 1950 3934 igitur
1971 3865 2066 3918 hos
2092 3874 2187 3918 an-

607 3957 751 4026 gelos
781 3960 1100 4023 incusemus,
1134 3958 1284 4027 quasi
1314 3955 1610 4010 inordinate
1633 3956 1846 4021 faciant,
1873 3957 2012 4029 quod
2034 3967 2183 4027 post-

609 4063 764 4118 quam
798 4049 852 4102 in
883 4031 1315 4118 gloriﬁcationem
1363 4050 1671 4114 desierunt,
1699 4062 1884 4102 rursus
1931 4049 2181 4120 hymnum

607 4153 815 4192 sacrum
845 4138 1118 4205 incipiant.
1149 4140 1477 4208 Apostolicas
1502 4139 1643 4193 enim
1689 4146 1980 4207 sequuntur
2018 4141 2178 4210 leges,

607 4242 726 4282 cum
753 4244 781 4282 a
811 4227 1193 4298 glorificatione
1234 4231 1527 4299 incipiunt,
1559 4239 1611 4285 et
1638 4231 1689 4284 in
1723 4231 1866 4284 illam
1891 4231 2140 4286 desinunt
2163 4273 2178 4298 ,

606 4329 892 4389 posteaque
935 4335 1116 4375 rursus
1157 4321 1520 4375 exordiuntur.
1578 4323 1909 4390 QuaprOpter
1955 4321 2176 4380 dicunt:

605 4409 777 4462 Gloria
798 4411 903 4476 tibi,
935 4409 1176 4474 Domine,
1212 4414 1372 4482 gloria
1397 4413 1503 4477 tibi,
1524 4423 1712 4476 sancte,
1744 4414 1904 4482 gloria
1931 4415 2036 4473 tibi.
2065 4430 2175 4480 rex,

603 4501 722 4567 quia
747 4500 923 4553 dedisti
952 4503 1092 4555 nobis
1113 4501 1249 4556 cibos
1276 4502 1327 4555 in
1357 4503 1598 4556 ltrtitiam.
1631 4501 1744 4556 Non
1773 4503 1916 4557 enim
1944 4519 2041 4573 pro
2066 4520 2177 4558 ma-

592 4583 720 4656 ‘guis
764 4600 987 4659 tantum,
1019 4595 1110 4646 sed
1141 4603 1194 4646 et
1224 4609 1317 4663 pro
1348 4595 1577 4666 minimis
1606 4596 1798 4664 gratias
1841 4611 1998 4666 agere
2026 4613 2176 4666 opor-

603 4691 694 4735 tet.
751 4680 957 4737 Gratias
985 4695 1157 4737 autem
1197 4698 1294 4754 pro
1342 4686 1421 4739 his
1456 4698 1648 4755 agunt,
1677 4697 1733 4739 ut
1764 4687 2171 4743 Manichmorum

603 4771 845 4838 haeresim
875 4771 1228 4840 putlefaciant,
1267 4785 1319 4827 et
1350 4791 1535 4828 omnes
1562 4787 1817 4846 quotquot
1855 4789 2169 4847 praesentem

597 4864 753 4915 vitam
783 4878 902 4916 esse
939 4864 1126 4918 malam
1155 4865 1354 4919 dicunt.
1389 4864 1465 4919 Ne
1496 4877 1646 4934 putes
1671 4870 1812 4921 enim
1843 4883 1959 4934 eos,
1987 4870 2075 4939 qui
2102 4871 2170 4925 ad

595 4969 850 5009 summam
877 4954 1260 5026 philosophiam
1287 4971 1344 5011 se
1369 4969 1615 5011 exercent
1643 4968 1698 5013 et
1721 4970 1959 5014 ventrem
1988 4962 2167 5032 despi-

593 5047 756 5110 ciunt,
786 5059 935 5100 escas
979 5035 1302 5113 abominari,
1326 5057 1381 5100 ut
1412 5049 1444 5100 ii
1475 5048 1562 5117 qui
1593 5063 1651 5102 se
1683 5049 1960 5116 collocant,
1992 5053 2169 5107 verbis

591 5138 911 5204 supplicibus
930 5137 1018 5191 tibi
1036 5139 1278 5203 suadent,
1299 5154 1357 5192 se
1375 5155 1478 5192 non
1503 5139 1620 5193 ideo
1639 5154 1668 5193 a
1683 5142 1862 5194 multis
1878 5141 2162 5207 abstinere,

591 5229 724 5295 quod
758 5230 949 5283 multas
979 5230 1067 5283 Dei
1087 5243 1360 5284 creatums
1385 5231 1734 5296 detestentur,
1752 5232 1848 5286 scd
1878 5234 2014 5302 quod
2048 5235 2165 5304 phl-

589 5318 879 5386 losOphiam
913 5331 1210 5374 exerceant.
1259 5320 1326 5375 Et
1349 5324 1710 5376 animadverte
1756 5325 2018 5393 quomodo
2046 5335 2164 5394 post

588 5410 870 5477 gratiarum
896 5411 1155 5467 actionem
1191 5428 1286 5483 pro
1315 5414 1520 5468 collatis
1551 5414 1685 5469 cibis
1713 5416 1910 5484 majora
1960 5427 2158 5486 petant,

590 5515 687 5554 nec
716 5503 763 5552 in
791 5504 1130 5558 sarcmaribus
1161 5515 1419 5575 perstent,
1447 5505 1538 5561 sed
1583 5522 1738 5577 supra
1771 5508 1931 5562 cailos
1969 5524 2157 5564 ascen-

1405 296 1461 349 s.
1501 289 1777 349 JuANNlS
1814 285 2282 345 CHRYSOSTOMI
2324 269 2637 346 ARCHIEP.
2676 291 3209 351 consummet).

3785 298 3889 353 518

2309 403 2396 459 illa
2422 445 2435 467 ,
2469 412 2528 460 ut
2565 421 2675 460 non
2703 414 2873 475 potest
2901 408 3018 476 quis
3050 417 3342 463 strenuum
3369 416 3457 461 aut
3488 419 3740 476 magnum
3767 406 3890 477 quid

2303 493 2500 559 facere,
2525 497 2622 552 nisi
2645 498 2842 552 Christi
2873 499 3038 568 gratia
3062 499 3287 554 fruatur.
3312 497 3460 554 Sicut
3480 512 3610 567 ergo
3629 497 3890 554 dicentes.

2307 585 2375 641 Ut
2417 588 2731 643 abundantis
2763 585 2834 642 ~in
2880 605 3027 643 omne
3062 605 3189 659 opus
3230 590 3414 643 bonum
3436 631 3450 655 ,
3479 589 3888 658 subjunxerunt,

2304 675 2370 730 In
2418 677 2619 732 Christo
2659 679 2789 735 les:
2817 699 2833 732 :
2856 681 2930 737 ita
2965 691 3019 735 ct
3073 681 3376 736 hic'dicnnt
3403 721 3419 747 ,
3455 679 3613 750 Repfe
3649 698 3755 736 nos
3770 679 3891 750 Spi-

2298 769 2402 820 ritu
2425 780 2617 830 sancto,
2643 768 2748 841 '[su
2771 770 3082 824 inueniamur
3107 774 3160 823 in
3186 783 3456 840 conspectu
3497 784 3582 825 tuo
3610 772 3893 841 acceptabi-

2303 857 2392 912 ιω.
2429 858 2612 913 Viden‘
2638 859 2904 929 quomodo
2928 859 2995 914 de
3042 861 3200 915 rebus
3235 861 3300 916 ad
3333 863 3492 916 vitam
3523 860 3892 931 spectantibus

2303 965 2407 1005 non
2451 962 2732 1020 precentur
2753 994 2767 1017 ,
2800 953 2894 1008 sed
2932 956 3131 1022 gratias
3158 967 3317 1025 agant
3349 964 3553 1010 tantum
3588 973 3601 1008 :
3633 956 3774 1010 circa
3805 969 3893 1010 res

2300 1053 2478 1096 autem
2505 1045 2806 1113 spiritnales
2829 1055 2884 1100 et
2909 1047 3107 1115 gratias
3140 1054 3297 1112 agant
3324 1056 3379 1101 et
3405 1046 3726 1116 precentur?
3756 1043 3888 1100 Nam

2301 1133 2374 1196 ait
2403 1149 2418 1185 :
2450 1133 2669 1199 Querite
2711 1135 2923 1202 primum
2959 1151 3168 1205 regnum
3196 1135 3473 1201 calorum,
3498 1145 3545 1190 et
3587 1137 3695 1196 Im
3721 1135 3892 1188 omnia

2303 1225 2604 1295 adjiciantur
2648 1225 2782 1280 vobis
2810 1225 3019 1296 (Matth.
3042 1227 3096 1281 6.
3126 1228 3249 1296 55).
3297 1227 3575 1295 Perpende
3612 1236 3791 1280 autem
3835 1234 3892 1279 et

2301 1316 2690 1371 aliam-illorum
2716 1317 3119 1388 philosophiam.
3147 1317 3216 1373 Ut
3251 1319 3584 1383 inveniamur,
3619 1318 3886 1386 inquiunt.

2299 1407 2353 1459 in
2381 1420 2647 1477 conspectu
2671 1418 2756 1464 tuo
2782 1410 3144 1479 acceptabiles,
3176 1427 3264 1463 me
3315 1411 3509 1480 pudore
3547 1409 3843 1479 aﬂciamur.
3869 1405 3890 1478 ]

2299 1499 2484 1569 Neque
2513 1502 2656 1555 enim
2678 1515 2953 1567 curamus,
2981 1501 3122 1571 quod
3151 1500 3295 1569 apud
3322 1501 3522 1554 multus
3559 1500 3614 1554 id
3638 1498 3891 1554 dedecori

2303 1590 2456 1644 nobis
2482 1600 2738 1656 vertatur,
2767 1590 2861 1646 sed
2881 1605 3228 1660 quaecumque
3253 1590 3483 1645 dixerint
3516 1589 3584 1644 de
3609 1589 3763 1643 nobis
3792 1587 3893 1644 lto-

2294 1681 2472 1751 }niues
2491 1681 2754 1745 ridentes,
2770 1682 3180 1751 exprobrantes,
3200 1697 3268 1738 ne
3287 1681 3614 1737 advertimus
3630 1679 3848 1750 quidem
3874 1696 3890 1733 :

2303 1770 2406 1828 hoc
2429 1787 2589 1826 unum
2621 1773 3013 1839 contendimus,
3045 1789 3113 1829 ne
3141 1784 3273 1828 tunc
3290 1772 3705 1828 confundamur.
3733 1772 3893 1826 Post-

2302 1877 2461 1932 quam
2483 1873 2662 1918 autem
2696 1864 2808 1920 hinc
2837 1863 3106 1927 dixerunt,
3134 1866 3270 1935 ignis
3298 1881 3512 1935 quoque
3534 1865 3750 1920 ﬂuvium
3780 1879 3895 1917 mc-

2300 1965 2528 2019 morant,
2556 1953 2768 2022 prtcmia
2793 1965 2846 2010 et
2875 1956 3075 2010 hravia.
3102 1955 3210 2012 Nec
3239 1955 3442 2021 dicunt,
3470 1955 3550 2011 Nc
3571 1959 3891 2026 puniamur:

2301 2047 2418 2111 sed,
2435 2047 2506 2102 Ne
2528 2046 2927 2102 confundamur.
2949 2048 3059 2102 Hoc
3078 2049 3272 2118 quippe
3295 2049 3447 2102 nobis
3471 2047 3762 2103 terribilius
3785 2054 3888 2112 est,

2295 2151 2456 2205 quant
2483 2137 2745 2206 gehenna,
2773 2138 2819 2192 si
2849 2139 3123 2194 videamur
3142 2139 3428 2194 offendisse
3450 2137 3751 2195 Dominum.
3781 2135 3892 2191 Sed

2300 2231 2421 2296 quis
2457 2229 2653 2283 multos
2689 2246 2751 2283 ex
2781 2231 3132 2284 crassioribus
3163 2229 3264 2284 hoc
3305 2221 3409 2283 nun
3466 2237 3665 2284 terrere
3709 2227 3890 2293 solet,

2303 2318 2560 2386 adjiciunt
2588 2336 2600 2370 :
2636 2318 2757 2373 Cum
2795 2320 3267 2390 reddesunicuique
3292 2319 3564 2376 nereidum
3588 2333 3745 2388 opem
3773 2332 3886 2370 sua.

2305 2409 2484 2464 Videu‘
2505 2420 2758 2480 quantum
2785 2412 2937 2466 nobis
2962 2413 3166 2480 prosint
3193 2411 3408 2466 externi
3435 2409 3508 2464 illi
3530 2419 3584 2464 et
3620 2407 3891 2477 peregrini

2300 2501 2597 2557 solitudinis
2615 2503 2777 2567 cives,
2796 2504 2904 2557 imo
2925 2501 3176 2556 catlorum
3197 2503 3341 2556 cives
3361 2499 3379 2553 ?
3396 2499 3504 2555 Nos
3530 2499 3670 2554 enim
3701 2499 3755 2552 in
3783 2514 3894 2553 Ciﬁ-

2282 2591 2365 2644 .lis
2385 2592 2646 2662 peregrini
2665 2607 2867 2659 sumus,
2888 2603 3041 2647 terra:
3062 2603 3241 2664 autem
3259 2591 3441 2645 cives:
3467 2589 3539 2644 illi
3556 2603 3682 2644 vero
3707 2603 3740 2645 θ
3761 2605 3892 2644 con-

2301 2691 2399 2737 tra.
2421 2684 2549 2739 Post
2569 2685 2708 2739 hunc
2733 2685 2986 2755 hymnum
3004 2683 3414 2754 conpunctione
3439 2682 3586 2746 moti,
3612 2681 3896 2752 lacrymis-

2297 2788 2401 2842 que
2427 2774 2606 2828 multis
2632 2788 2697 2828 ac
2727 2775 2939 2828 fervidis
2968 2773 3198 2843 perfusi,
3229 2771 3296 2830 ad
3326 2787 3572 2826 somnum
3619 2781 3847 2842 pergunt
3869 2811 3887 2836 ,

2299 2872 2499 2917 tantum
2556 2864 2916 2930 donnientes,
2963 2876 3216 2933 quantum
3269 2865 3399 2918 satis
3434 2862 3622 2918 estad
3667 2875 3888 2932 parvam

2297 2957 2578 3025 quamdam
2597 2958 2826 3026 quietem
2857 2955 3188 3025 capiendam.
3223 2955 3564 3023 Rursumque
3605 2962 3792 3009 noctes
3838 2954 3890 3006 in

2295 3048 2649 3104 dics-vertunt
2672 3090 2688 3114 ,
2707 3049 2762 3102 iu
2781 3050 3070 3119 gratiarum
3096 3048 3306 3102 actione
3327 3057 3381 3102 et
3400 3048 3692 3118 psalmodia
3723 3048 3890 3100 vitam

2283 3151 2532 3209 agentes.
2556 3139 2666 3196 Nec
2687 3140 2844 3195 modo
2869 3139 3108 3207 viri,vsed
3135 3149 3188 3195 et
3217 3137 3470 3192 mulieres
3493 3137 3629 3191 hanc
3650 3136 3890 3207 philoso—

2297 3235 2473 3304 phiam
2500 3244 2775 3301 exerceut,
2802 3251 2917 3304 qua:
2947 3244 3152 3290 natum
3185 3233 3555 3294 infirmitatem
3583 3233 3746 3286 animi
3767 3247 3890 3286 ma-

2295 3324 2568 3394 gnitudine
2596 3334 2867 3393 superant.
2919 3323 3121 3380 Pudeat
3151 3324 3308 3394 igitur
3335 3338 3435 3378 nos
3466 3321 3609 3376 viros
3638 3322 3798 3376 talem
3833 3321 3887 3375 in

2295 3416 2426 3484 ipsis
2479 3417 2833 3470 constantiam
2881 3414 3170 3478 videntes,
3198 3424 3252 3469 et
3276 3428 3551 3469 cessemus
3595 3412 3889 3482 cupiditate

2295 3507 2493 3560 moveri
2519 3521 2696 3559 rerum
2726 3507 3086 3575 praesentium,
3109 3505 3332 3571 umbrtr,
3348 3505 3704 3569 somniorum,
3727 3504 3885 3558 fumi.

2291 3595 2424 3653 Nam
2454 3598 2689 3652 maxima
2717 3611 2839 3666 pars
2865 3597 2987 3650 vitae
3025 3607 3220 3656 nostra:
3250 3611 3412 3650 sensu
3439 3610 3626 3666 carere
3646 3593 3881 3650 videtur.

2293 3689 2468 3744 Prima
2498 3699 2629 3743 mtas
2676 3687 2839 3744 multa
2877 3689 3032 3756 plena
3059 3698 3140 3742 est
3169 3686 3436 3750 stultitia;
3467 3701 3588 3758 quae
3638 3700 3769 3756 vero
3813 3688 3886 3740 ad

2289 3783 2500 3836 senium
2530 3780 2698 3848 vergit
2720 3819 2735 3843 ,
2768 3794 2982 3833 sensum
3019 3779 3070 3832 in
3102 3778 3256 3833 nobis
3287 3778 3613 3834 hebetiorem
3661 3777 3882 3844 reddit;

2291 3872 2662 3927 intermedium
2693 3881 2898 3940 tempus
2922 3871 3084 3925 breve
3112 3882 3215 3936 eet,
3239 3863 3535 3940 quoSensu
3561 3869 3882 3924 deliciarum

2289 3963 2552 4027 fruimur;
2601 3963 2709 4016 imo
2737 3976 2803 4016 ne
2833 3972 3072 4030 tempore
3114 3960 3328 4030 quidem
3380 3961 3470 4018 illo
3516 3975 3680 4017 sensu
3731 3971 3883 4017 recte

2289 4057 2531 4122 fruimur,
2561 4071 2681 4110 cum
2709 4055 2852 4110 mille
2879 4069 3019 4108 cum
3050 4053 3363 4122 laboresque
3390 4052 3565 4108 adsint
3592 4053 3682 4123 qui
3723 4053 3879 4109 illum

2289 4148 2624 4203 labefactent.
2655 4147 2983 4224 Quapropter
3004 4185 3018 4210 ,
3051 4145 3275 4200 obsecro
3301 4185 3316 4210 ,
3349 4145 3564 4198 immota
3589 4156 3642 4204 et
3669 4153 3879 4199 aeterna

2287 4256 2586 4312 queramus
2610 4239 2768 4304 bona,
2787 4249 2840 4294 et
2862 4240 3020 4292 vitam
3049 4253 3168 4308 qua:
3191 4237 3321 4291 nulli
3341 4237 3492 4291 senio
3515 4236 3742 4290 obnoxia
3766 4245 3875 4291 est.

2284 4335 2414 4389 Nam
2437 4344 2609 4404 potest
2629 4334 2786 4388 etiam
2815 4333 2877 4393 is.
2896 4333 2985 4403 qui
3017 4331 3302 4386 incivitate
3329 4329 3546 4394 habitat,
3577 4333 3879 4384 monacho-

2282 4439 2400 4480 rutn
2447 4425 2835 4496 philosophiam
2867 4422 3075 4485 ,itnitari
3107 4438 3121 4479 z
3157 4431 3331 4490 patcst
3384 4420 3591 4474 etiamsi
3642 4435 3875 4475 uxorem

2281 4518 2474 4573 habent
2500 4527 2554 4572 et
2582 4517 2725 4570 domi
2778 4523 3018 4570 versetur
3038 4555 3052 4581 ,
3085 4514 3288 4582 precari
3314 4553 3330 4579 ,
3373 4512 3614 4581 jejunare
3637 4551 3655 4577 ,
3710 4525 3873 4566 eom-

2281 4611 2460 4678 pungi.
2503 4607 2632 4662 Nam
2663 4617 2714 4661 et
2742 4609 2829 4676 qui
2859 4607 2927 4661 ab
2955 4608 3106 4659 initio
3132 4604 3201 4659 ab
3225 4605 3482 4674 apostolis
3508 4604 3871 4659 institueban-

2279 4709 2382 4764 tur,
2411 4699 2679 4753 civitatem
2702 4697 3023 4763 incolebant,
3048 4712 3229 4750 eorum
3257 4697 3343 4766 qui
3367 4697 3417 4750 in
3441 4687 3705 4751 desertum
3732 4711 3874 4751 con-

2277 4801 2550 4847 cesserunt
2579 4792 2825 4860 pietatem
2851 4789 3193 4852 exhibebant,
3227 4803 3324 4842 nec
3367 4804 3472 4842 non
3500 4788 3587 4842 alii
3614 4787 3705 4858 qui
3733 4788 3870 4843 ofﬂ-

2275 4883 2408 4938 cinis
2439 4891 2721 4953 praterant,
2745 4892 2801 4936 ut
2828 4882 3066 4937 Priscilla
3096 4892 3149 4935 et
3174 4880 3361 4951 Aquila
3385 4881 3403 4950 (
3425 4881 3537 4935 Act.
3569 4882 3688 4952 l8).
3720 4882 3868 4947 Pro-

2274 4975 2447 5043 pheta;
2474 4989 2686 5043 quoque
2712 4988 2918 5038 omnes,
2945 4983 2996 5027 et
3023 4987 3216 5027 uxores
3253 4982 3306 5025 et
3337 4970 3527 5027 domos
3566 4972 3864 5042 habebant,

2273 5077 2329 5118 ut
2361 5066 2541 5129 lsaias,
2583 5064 2850 5130 Ezechiel,
2901 5079 3226 5134 magnusque
3252 5063 3478 5135 Moyses,
3513 5079 3684 5132 nettue
3728 5065 3868 5121 inde

2277 5158 2550 5228 quidpiam
2573 5157 2699 5226 ipsis
2721 5156 2898 5211 damni
2914 5156 2980 5210 ad
3015 5157 3260 5211 virtutem
3287 5156 3639 5211 exercendam
3665 5170 3866 5211 arces-

2268 5250 2357 5303 sit.
2407 5248 2514 5302 llos
2541 5257 2595 5302 et
2628 5263 2723 5302 nos
2743 5262 2954 5317 quoque
2971 5248 3262 5313 imitantes,
3287 5261 3499 5316 semper
3521 5245 3861 5316 Deogratias

2267 5356 2506 5411 agamus,
2531 5355 2744 5409 semper
2767 5341 2936 5409 ipsum
2961 5339 3172 5410 hymnis
3193 5339 3546 5403 celebremus,
3562 5339 3860 5395 continen-

2327 5520 2343 5549 ί
2381 5523 2501 5567 Loco
2525 5529 2691 5566 ent-um
2715 5529 2824 5579 qua:
2843 5517 3036 5566 uncinis
3057 5515 3344 5566 clauduntur
3366 5512 3642 5579 siculegitur
3663 5513 3712 5562 in
3731 5512 3850 5564 Edi-

2360 5585 2411 5645 nt
2427 5579 2721 5645 inveniamur
2733 5574 2798 5645 'inr
2811 5587 3060 5645 conspectu
3075 5642 3082 5645 _
3091 5587 3173 5645 tuo
3195 5574 3532 5645 accommodes;
3553 5588 3639 5624 nec
3657 5579 3851 5645 pudore

590 5593 2156 5712 ῗί·.¹ὶ;ξ¹ἱ⁴ἱτξίί1“1ῖῖ.ἴίνῑνέῖ’ὶίῖεὲ-ιῖε’“ίέξι,ξίξ’ῖ.εςτξξεῖίνξεξῖτέξτι

593 5692 765 5756 potest
788 5687 906 5757 quis
935 5689 1187 5760 prasclare
1208 5705 1265 5747 se
1292 5706 1500 5764 gerere,
1523 5693 1622 5750 nisi
1645 5693 1714 5748 sit
1733 5694 1966 5766 repletus
1986 5695 2150 5764 gratis

2265 5700 2560 5765 sitiet-amur,
2590 5711 2792 5767 propter.
2820 5700 3093 5750 Graecorum
3115 5701 3550 5754 homtuoteleuton.

4074 86 4099 594 l
