4154 6324
773 355 867 411 551

772 471 1110 541 Quapmpter
1133 474 1184 520 et
1208 477 1328 520 eum
1350 501 1363 527 ,
1393 461 1483 533 qui
1522 469 1762 528 mortuus
1796 467 1913 514 erat
1934 499 1950 524 ,
1979 465 2033 513 et
2059 469 2178 513 eum
2203 493 2220 522 ,
2247 453 2338 524 qui

774 560 1012 616 nondum
1035 554 1258 619 obierat,
1291 553 1343 608 itt
1371 550 1601 607 medium
1646 549 1877 611 adducit.
1911 547 2157 616 Quintam
2207 559 2336 600 cau-

773 642 887 708 sam
920 628 1063 720 (nam
1093 655 1238 702 certe
1281 646 1461 717 quinta
1491 656 1715 698 numero
1735 644 1837 711 est)
1861 641 2021 696 aﬂert
2059 636 2333 706 evangeli-

770 751 874 795 sta.
894 741 1146 808 Quaenam
1183 737 1271 792 illa
1292 736 1412 792 est?
1447 733 1515 791 Ut
1547 733 1721 788 crucis
1757 730 1976 803 gloriam
2008 728 2333 790 ostenderet,

771 833 1092 900 Petrumque
1143 843 1206 884 ac
1241 827 1475 897 reliquos
1511 825 1802 887 solaretur,
1830 820 1918 891 qui
1949 818 2247 890 passionem
2274 817 2354 872 ti--

775 922 1010 987 urebant,
1040 920 1381 988 ipserumque
1420 915 1626 969 animos
1668 913 1911 981 erigeret.
1940 909 2070 964 Nam
2097 923 2216 963 cum
2241 906 2335 960 illo

773 1013 1132 1073 advenissent,
1165 1024 1272 1065 non
1298 1007 1564 1071 tacebant,
1582 1003 1674 1081 sed
1706 1002 2054 1074 loquebantur
2082 998 2152 1055 de
2171 999 2335 1069 gloria

775 1115 933 1171 quam
967 1103 984 1135 ι
1010 1099 1369 1170 completurus
1395 1105 1508 1152 erat
1536 1095 1588 1150 in
1625 1091 1918 1150 Jerusalem
1946 1089 2095 1159 (Luc.
2126 1088 2176 1145 9.
2208 1089 2332 1158 3i);

774 1193 826 1248 id
846 1201 950 1261 est,
978 1191 1046 1248 de
1073 1191 1319 1262 passione
1344 1197 1398 1244 et
1421 1200 1615 1253 cruce;
1642 1185 1721 1242 sic
1747 1184 1889 1239 enim
1918 1183 2086 1253 ipsam
2125 1193 2335 1249 semper

771 1285 987 1329 vocant.
1017 1274 1199 1342 Neque
1217 1277 1341 1328 hinc
1371 1283 1576 1327 tantum
1599 1273 1720 1326 illus
1750 1271 1971 1333 excitat,
2004 1269 2097 1324 sed
2129 1283 2194 1321 ex
2223 1269 2340 1337 ipsa

771 1363 1014 1419 virorum
1037 1363 1255 1425 virtute,
1275 1375 1439 1431 quam
1454 1360 1569 1432 ipse
1585 1360 1640 1414 in
1658 1359 1768 1415 illis
1786 1357 2023 1413 maxime
2039 1353 2338 1427 querebat.

770 1461 899 1530 Quia
924 1460 1066 1517 enim
1101 1460 1325 1525 dixerat,
1370 1459 1567 1532 Siquis
1604 1459 1711 1515 uult
1737 1465 1851 1529 post
1886 1471 1966 1510 nte
1991 1454 2170 1514 uenire.
2194 1453 2338 1508 tollat

770 1560 968 1606 crucem
996 1567 1140 1605 suam
1183 1559 1232 1605 et
1275 1559 1509 1620 sequatur
1547 1564 1642 1614 me,
1670 1561 1796 1613 eos,
1836 1545 2064 1617 qui’pro
2105 1542 2198 1598 Dei
2243 1542 2336 1597 be-

771 1643 1057 1713 neplacito,
1085 1650 1138 1698 et
1159 1656 1254 1712 pro
1282 1641 1382 1698 sibi
1408 1640 1694 1696 commisso
1737 1639 1930 1709 pupula
1964 1636 2108 1691 mille
2137 1643 2335 1689 mortes

772 1724 1032 1800 obierant,
1065 1732 1114 1796 in
1135 1731 1364 1788 medium
1393 1729 1627 1786 adducit.
1651 1727 1885 1799 Uterque
1933 1728 2073 1782 enim
2104 1725 2333 1780 animam

772 1823 1022 1894 perdidit,
1055 1832 1108 1879 ct
1134 1823 1333 1877 invenit
1373 1837 1510 1877 eam.
1549 1819 1783 1889 Uterque
1823 1828 2007 1873 contra
2054 1826 2332 1887 tyranuum

768 1927 1076 1986 censtanter
1112 1931 1172 1969 ac
1204 1915 1370 1986 libere
1411 1913 1587 1978 stetit;
1644 1911 1730 1966 ille
1778 1918 1963 1966 contra
2002 1905 2335 1978 Egyptium,

773 2011 857 2064 hic
883 2018 1062 2068 contra
1113 2007 1410 2069 Achabum,
1443 2005 1597 2072 idque
1644 2017 1739 2072 pro
1764 2001 1981 2071 ingratis
2018 2009 2072 2056 et
2119 1998 2332 2062 inobse-

769 2100 1054 2172 que’ntilus
1087 2081 1407 2152 hominibus.
1438 2097 1501 2152 Et
1529 2097 1596 2152 ab
1625 2096 1709 2160 iis,
1738 2110 1963 2182 quorum
2005 2092 2159 2148 saluti
2184 2090 2335 2146 advi-

772 2191 1022 2261 gilahaot,
1051 2191 1102 2243 in
1157 2200 1450 2244 extremum
1494 2188 1597 2243 acti
1643 2193 1766 2242 sunt
1816 2182 2128 2254 periculum.
2178 2190 2336 2253 atque

774 2292 994 2350 uterque
1024 2291 1081 2335 ut
1133 2281 1249 2335 illus
1297 2279 1364 2334 ab
1406 2278 1702 2334 idololatria
1737 2277 2062 2340 retraheret;
2094 2284 2148 2331 et
2179 2275 2336 2329 ambo

773 2372 956 2441 privati
981 2369 1221 2424 homines
1247 2383 1366 2424 esse
1393 2367 1743 2423 videbantur:
1769 2365 1854 2421 ille
1878 2365 2052 2435 lingua
2080 2364 2258 2419 tardus
2283 2370 2339 2419 et

772 2461 894 2515 exili
923 2476 1053 2514 voce
1082 2468 1224 2523 erat;
1250 2459 1334 2513 hic
1367 2457 1590 2528 agrestis
1619 2456 1717 2511 viri
1745 2470 1896 2511 more
1920 2455 2108 2525 agebat
2136 2469 2151 2507 :
2181 2456 2337 2507 ambo

773 2565 1028 2622 pauperes
1054 2549 1336 2603 admodum
1361 2535 1516 2603 erant
1547 2563 1561 2601 :
1591 2561 1711 2600 nam
1743 2561 1917 2615 neque
1947 2544 2157 2614 Moyses
2177 2542 2334 2613 quid-

775 2645 910 2713 piam
937 2641 1259 2713 possidebat,
1287 2654 1458 2710 neque
1484 2637 1693 2703 Helias;
1727 2635 1892 2708 (quid
1919 2635 2061 2690 enim
2089 2633 2208 2704 plus
2237 2631 2337 2688 ba-

773 2735 906 2801 buit,
931 2727 1087 2805 quam
1115 2730 1422 2803 melotenl)
1460 2740 1514 2787 et
1563 2729 1679 2786 haec
1727 2729 1778 2784 in
1822 2727 1988 2785 veteri
2033 2725 2170 2796 lege,
2218 2740 2338 2781 cum

774 2825 1006 2882 nondum
1085 2829 1284 2879 tantam
1343 2824 1612 2894 signorum
1668 2818 1914 2891 gratiam
1990 2816 2337 2887 accepissent.

776 2915 991 2972 Etiamsi
1013 2915 1152 2969 enim
1179 2912 1387 2985 ﬂoyses
1410 2927 1558 2968 mare
1583 2909 1839 2976 diviserit,
1868 2918 1922 2964 at
1950 2908 2138 2964 Petrus
2178 2922 2340 2979 super

773 3021 937 3078 aquas
961 3005 1267 3072 ambulavit,
1293 3013 1347 3061 et
1374 3011 1584 3058 montes
1611 3001 1898 3057 transferre
1921 3006 2163 3070 poterat,
2195 3013 2340 3054 mor-

773 3097 871 3153 bos
887 3099 1059 3153 omnis
1085 3095 1296 3168 generis
1321 3093 1561 3160 curabat,
1584 3091 1788 3148 feroces
1813 3091 2087 3148 demersas
2107 3089 2338 3161 litigabat,

775 3203 1065 3260 magnaque
1113 3187 1200 3242 illa
1249 3185 1484 3258 prodigia
1525 3198 1620 3254 per
1672 3182 1914 3238 umbram
1979 3181 2219 3250 corporis
2257 3179 2340 3235 sui

775 3280 983 3342 edebat,
1016 3286 1290 3347 totumque
1334 3275 1518 3332 orbem
1548 3274 1831 3334 convertit.
1886 3272 1942 3328 Si
1989 3281 2167 3327 autem
2197 3269 2342 3325 Elias

775 3376 1043 3426 mortuum
1097 3367 1408 3434 suscitavit;
1453 3375 1508 3423 at
1549 3366 1624 3423 illi
1670 3374 1950 3422 sexcentos
1995 3364 2339 3429 suscitarunt,

772 3461 980 3518 etiamsi
1007 3461 1240 3517 nondum
1280 3458 1537 3532 Spiritum
1561 3467 1801 3515 sanctum
1843 3459 2188 3529 accepissent.
2221 3456 2342 3514 illos

777 3559 951 3626 itaque
997 3553 1096 3610 bac
1141 3553 1210 3611 de
1256 3567 1413 3610 causa
1465 3553 1517 3608 in
1567 3552 1801 3609 medium
1844 3549 2061 3606 adduxit
2092 3567 2106 3606 :
2135 3549 2346 3606 volebat

776 3645 1228 3716 enim’discipulos
1257 3660 1444 3702 eorum
1475 3644 1540 3699 ad
1591 3644 1842 3716 populum
1883 3643 2183 3699 ducendum
2231 3653 2343 3698 stn-

774 3736 919 3791 dium
947 3737 1160 3800 imitari,
1193 3724 1401 3793 illorun.
1427 3737 1801 3801 constantiam,
1830 3735 2130 3807 firmitatem
2161 3747 2344 3790 :esse-

774 3841 876 3897 que
903 3827 1075 3892 mites,
1111 3834 1168 3880 ut
1195 3825 1400 3900 Moyses
1429 3823 1560 3894 erat,
1612 3828 1728 3884 zelo
1765 3827 1954 3898 plenos
1980 3837 2035 3884 ut
2072 3829 2236 3894 Elias,
2262 3830 2340 3885 si-

776 3917 1074 3990 militerque
1111 3918 1386 3974 sollicitos.
1425 3918 1577 3975 Alter
1605 3921 1748 3975 enim
1801 3919 2113 3976 triennalem
2146 3920 2337 3976 famem

777 4010 895 4065 tulit
919 3999 1135 4082 propter
1159 4012 1409 4086 populum
1432 4011 1746 4080 Judaicum;
1777 4015 1913 4071 alter
1939 4029 2064 4069 vero
2092 4013 2337 4070 dicebat:

778 4099 837 4155 Si
859 4098 1057 4171 quidem
1086 4101 1294 4160 dimittis
1317 4104 1442 4172 ipsis
1477 4102 1752 4174 peccatum,
1779 4107 1972 4161 dimitte
1987 4122 2008 4172 ,°
2034 4108 2113 4161 sin
2137 4109 2304 4165 minus
2320 4149 2339 4178 ,

777 4193 887 4246 dele
914 4202 991 4247 ins
1016 4193 1076 4248 de
1097 4193 1222 4248 libro
1250 4211 1396 4264 quem
1423 4197 1666 4267 scripsisti
1696 4196 1716 4267 (
1739 4196 1905 4252 Exod.
1935 4198 2023 4254 32.
2052 4197 2122 4256 53
2148 4198 2189 4270 ).
2220 4200 2345 4256 Hac

776 4284 952 4338 omnia
981 4285 1110 4354 ipsis
1137 4301 1229 4354 per
1251 4285 1665 4350 hancvvisionem
1695 4287 1748 4343 in
1772 4298 2002 4345 mentem
2034 4290 2340 4347 revocabat.

777 4374 905 4429 Nam
937 4376 988 4430 in
1017 4375 1236 4445 gloriam
1270 4377 1410 4432 illam
1440 4377 1660 4435 adduxit
1693 4382 1868 4449 ipsos;
1917 4397 2020 4436 non
2047 4391 2107 4438 ut
2137 4386 2188 4438 in
2236 4383 2342 4441 illis

776 4473 994 4534 starent,
1025 4468 1117 4523 sed
1149 4479 1207 4523 ut
1234 4479 1522 4526 scammata
1553 4471 1895 4528 transilirent.
1922 4473 2144 4543 Quando
2174 4476 2334 4546 igitur

779 4560 1041 4624 dixerunt,
1069 4559 1309 4616 Dicamus
1345 4562 1511 4633 ignem
1537 4562 1601 4619 de
1625 4563 1750 4634 calo
1770 4565 2086 4633 descendere,
2133 4579 2187 4624 et
2214 4570 2341 4627 Elite

782 4649 1044 4704 recordati
1067 4658 1206 4715 sunt,
1232 4652 1320 4721 qui
1353 4653 1454 4707 hoc
1478 4653 1697 4718 fecerat,
1725 4659 1800 4711 ait
1821 4657 1925 4711 illis
1953 4675 1968 4713 :
2001 4657 2220 4716 Nescitis
2248 4679 2336 4719 cu-

779 4741 859 4808 ius
883 4739 1092 4808 spiritus
1114 4740 1222 4794 sitis
1252 4739 1400 4811 (Luc.
1427 4741 1481 4799 9.
1510 4744 1596 4799 δι.
1618 4746 1742 4827 55);
1769 4747 1836 4805 ad
1865 4748 2175 4818 iujuriarum
2204 4755 2343 4808 obii-

780 4831 986 4885 vicnem
1021 4830 1138 4886 illos
1165 4832 1452 4889 adhortans
1478 4837 1545 4891 oh
1570 4838 1943 4898 charismatum
1972 4843 2341 4903 diii‘erentiam.

778 4920 853 4974 Ne
882 4930 1036 4976 nutes
1067 4935 1165 4979 nos
1195 4923 1362 4980 Eliam
1412 4936 1468 4981 ut
1514 4929 1878 4999 imperfectum
1915 4934 2172 4997 damnare
2199 4959 2211 4994 :
2237 4956 2344 4998 non

778 5013 928 5065 enim
946 5014 1053 5068 hoc
1072 5015 1336 5083 dicimus;
1367 5018 1562 5073 etenim
1589 5021 1875 5088 admodum
1918 5029 2184 5096 perfectis
2206 5044 2341 5087 erat.

778 5102 976 5161 Verum
1000 5105 1331 5178 temporibus
1348 5109 1486 5177 suis,
1509 5128 1627 5168 cum
1657 5118 1908 5182 pueriiior
1935 5129 2059 5178 tunc
2078 5138 2228 5179 mens
2258 5125 2346 5179 ho-

781 5195 981 5250 minum
1012 5208 1174 5263 esset,
1222 5198 1321 5285 hac
1345 5188 1478 5271 opus
1504 5213 1618 5258 erat
1648 5205 1978 5268 institutione
2011 5229 2169 5272 :nam
2201 5215 2348 5290 May.

781 5299 867 5340 si-s
891 5288 1225 5381 quoque‘bac'
1247 5279 1453 5376 ratione
1467 5293 1729 5361 perfectus
1748 5307 1896 5367 erat;
1923 5304 2015 5360 sed
2042 5305 2160 5375 plus
2177 5279 2336 5381 exigis

783 5384 869 5428 tur
892 5373 960 5430 ab
987 5371 1236 5445 apostolis
1268 5372 1426 5450 quam
1466 5383 1534 5437 ab
1571 5383 1680 5439 illo.
1712 5385 1832 5443 ma
1854 5393 1988 5446 uim
2025 5371 2348 5456 άθαηάοοέτετ

769 5463 972 5532 justitia
995 5456 1287 5539 oestra'pfus
1308 5489 1458 5540 quam
1472 5475 1747 5534 scribarum
1772 5489 1817 5537 et
1836 5480 2229 5558 Phariam-am,
2248 5509 2350 5546 non

779 5555 1025 5609 ιιιηλὰύὶεὺ
1052 5557 1105 5611 in
1132 5573 1340 5628 regnum
1359 5565 1594 5620 steteram
1623 5567 1833 5642 (Matth.
1861 5574 1914 5630 5.
1936 5575 2047 5647 ἑο).
2073 5578 2189 5638 Non
2206 5555 2346 5647 enim

905 5712 1052 5767 tunsa
1066 5714 1255 5766 alioaet
1278 5717 1394 5768 sibi;
1415 5717 1676 5784 legetidum
1703 5735 1797 5789 est,
1822 5731 1883 5782 de
1905 5744 2102 5786 excessu
2122 5750 2279 5804 quem.

1511 343 1566 398 8.
1604 338 1878 396 JUANNIS
1913 332 2383 392 αιιιιγεοετοδιι
2421 336 2732 397 ARCﬂlEP.
2763 340 3297 402 CONSTANTINOP.

3910 353 4008 410 551

2446 455 2498 508 ln
2526 453 2810 528 Egyptum
2843 461 3063 530 ingressi
3088 473 3228 528 sunt,
3262 463 3356 519 sed
3384 465 3433 518 in
3463 465 3647 521 orbem
3671 474 3863 534 totum,
3889 485 4025 540 ιη·-

2440 548 2560 604 vius
2607 556 2660 602 et
2704 550 2857 618 pejus
2907 550 3152 607 aﬂ’ectum
3191 568 3351 628 qyam
3393 553 3630 625 Egyptii
3679 566 3876 614 erant:
3909 577 4007 615 non

2441 637 2769 695 Pharaonem
2812 641 3156 712 aiioquuturi.
3191 644 3284 700 sed
3314 660 3434 701 cum
3479 648 3692 704 diabolo
3733 652 4007 721 pugnaturi

2441 742 2556 797 Ipso
2580 732 2831 801 nequitiae
2861 744 3103 805 tyranno.
3135 735 3266 791 Nam
3301 747 3571 794 certamen
3618 741 3748 809 ipsis
3788 752 3924 806 erat,
3956 752 4010 797 ut

2440 816 2587 873 illum
2609 821 2904 892 alligarent,
2935 834 2988 879 et
3009 841 3134 880 vasa
3159 826 3276 897 ejus
3318 828 3613 898 diriperent
3649 832 3860 896 omnia;
3886 831 4008 887 illud

2439 924 2566 965 vero
2585 909 2870 980 faciebant,
2896 930 3000 970 non
3025 931 3173 972 mare
3219 918 3538 986 dividentes,
3567 923 3661 975 sed
3690 936 3783 992 per
3811 923 4006 992 virgam

2437 997 2603 1055 Jesste
2623 1001 2947 1071 profundum
2991 1006 3280 1076 impietatis
3304 1010 3656 1076 dissecantes,
3686 1013 3854 1067 multo
3887 1027 4008 1083 gra-

2439 1090 2672 1146 vioribus
2690 1094 2944 1162 agitatum
2975 1096 3240 1154 fluctibus.
3271 1099 3402 1155 Vide
3429 1103 3589 1170 igitur
3614 1110 3745 1171 quot
3783 1115 4010 1173 quanta-

2437 1195 2543 1252 que
2583 1194 2798 1252 essent,
2829 1201 2964 1256 quae
3006 1187 3311 1246 hominibus
3365 1203 3623 1248 terrorem
3667 1196 4006 1251 incuterent:

2436 1285 2602 1334 mors,
2633 1283 2937 1343 paupertas,
2968 1275 3208 1345 infamia,
3239 1280 3383 1336 mille
3405 1281 3565 1346 maia,
3613 1286 3894 1354 magisque
3925 1284 4007 1340 illa

2436 1367 2563 1416 tunc
2590 1362 2860 1432 timebant,
2896 1380 3054 1437 quam
3093 1368 3265 1424 Judaei
3287 1371 3412 1426 olim
3443 1374 3663 1444 pelagus
3685 1375 3837 1430 illud.
3863 1377 4009 1430 Atta-

2437 1465 2558 1505 men
2583 1451 2750 1506 suasit
2774 1453 2877 1508 illis
2904 1462 2962 1507 ut
2985 1455 3100 1510 haec
3125 1460 3303 1512 omnia
3337 1459 3561 1517 fidenter
3575 1463 4008 1533 aggrederentur,

2437 1547 2633 1594 etcum
2656 1556 2842 1611 magna
2871 1546 3156 1602 securitate
3179 1550 3330 1619 quasi
3357 1566 3452 1619 per
3476 1551 3676 1609 siccum
3703 1555 4010 1610 transirent.

2437 1630 2518 1687 Ad
2549 1631 2659 1686 hazc
2688 1634 2846 1704 igitur
2876 1637 3056 1692 omnia
3101 1640 3246 1708 ipsos
3283 1643 3594 1707 concitans,
3646 1645 3766 1700 illos
3795 1645 4014 1702 adduxit

2437 1721 2596 1790 quiin
2621 1722 2797 1779 Veteri
2831 1724 3166 1783 refulserunt.
3215 1730 3352 1798 Quid
3387 1733 3544 1802 igitur
3571 1733 3760 1790 Petrus
3803 1736 4014 1793 fervens

2439 1812 2564 1868 ille?
2586 1814 2638 1868 4.
2669 1813 2866 1869 Bonum
2890 1827 2963 1871 est
2995 1834 3087 1873 nos
3119 1821 3201 1874 Iu'c
3233 1837 3355 1876 esse.
3402 1823 3534 1891 Quia
3573 1828 3713 1881 enim
3757 1828 4012 1892 audierat.

2439 1903 2610 1972 ipsum
2634 1903 3018 1977 Jerosolymam
3051 1923 3332 1968 venturum
3359 1920 3416 1968 et
3449 1929 3728 1982 passurum
3775 1931 3922 1983 esse,
3957 1934 4016 1972 ea

2437 1993 2505 2050 de
2522 2010 2676 2050 causa
2699 1996 2873 2053 adhuc
2890 1998 3083 2055 timens
3110 2011 3164 2056 et
3184 2013 3439 2070 tremens,
3453 2015 3574 2076 post
3595 2007 4018 2078 increpa-tionem

2437 2087 2586 2146 illam
2610 2105 2714 2143 non
2744 2091 2906 2146 audet
2928 2092 3140 2162 quidem
3169 2095 3428 2151 accedere
3473 2112 3536 2153 ac
3580 2099 3797 2155 dicere:
3825 2099 4017 2165 Propi-

2438 2177 2536 2232 tius
2561 2179 2646 2232 tibi
2669 2181 2731 2235 sit
2752 2179 2963 2251 (Matth.
2998 2182 3218 2254 £6.22),
3249 2185 3344 2240 sed
3372 2187 3561 2242 timore
3585 2189 3760 2245 adhuc
3802 2201 4016 2259 captus,

2437 2269 2622 2324 eadem
2651 2271 2782 2340 ipsa,
2807 2273 2898 2326 sed
2928 2287 3025 2342 per
3048 2274 3148 2329 alia
3180 2274 3340 2332 verba
3365 2277 3687 2335 subindicat.
3710 2279 3847 2348 Quia
3877 2282 4021 2338 enim

2439 2370 2673 2416 montem
2729 2363 2940 2419 videbat
2990 2374 3045 2421 et
3083 2377 3286 2422 vastam
3340 2369 3704 2439 solitudinem,
3752 2373 4021 2444 cogitabat

2441 2464 2683 2519 magnam
2715 2451 2786 2507 ibi
2839 2456 3176 2512 securitatem
3223 2472 3255 2513 a
3295 2457 3416 2515 loco
3453 2474 3611 2526 esse;
3664 2476 3762 2517 nec
3792 2463 3961 2518 modo
3993 2478 4024 2518 a

2441 2539 2577 2604 loco,
2609 2541 2702 2598 sed
2729 2545 2867 2613 quod
2888 2554 3106 2614 cuperet
3133 2547 3305 2615 ipsum
3335 2565 3440 2604 non
3471 2551 3607 2607 ultra
3628 2551 4022 2626 ierosolymam

2439 2631 2629 2687 adire:
2663 2633 2769 2687 vult
2817 2635 2960 2690 enim
3008 2651 3129 2692 eum
3171 2639 3242 2694 ibi
3289 2651 3548 2712 perpetuo
3587 2657 3803 2699 manere
3840 2660 3857 2698 :
3903 2643 4028 2699 ideo

2443 2721 2776 2779 tabernacula
2802 2735 3080 2782 memorat.
3127 2727 3186 2784 Si
3213 2731 3355 2786 enim
3385 2731 3489 2788 hoc
3537 2732 3646 2796 fiat,
3675 2734 3881 2806 inquit.
3916 2751 4024 2791 nou

2443 2811 2574 2868 ultra
2600 2813 2987 2886 Jerosolymam
3009 2819 3394 2890 ascendemus;
3432 2824 3477 2880 si
3519 2840 3625 2881 non
3644 2827 4026 2888 ascendamus.

2441 2903 2528 2959 ille
2551 2893 2660 2960 non
2687 2910 2962 2965 morietur.
2991 2910 3067 2966 ibi
3095 2927 3326 2984 namque
3350 2914 3561 2972 dicebat
3587 2919 3792 2975 scribas
3835 2933 3900 2976 se
3936 2936 4031 2992 ag-

2439 3010 2721 3065 gressuros
2750 3011 2890 3056 esse.
2922 3000 3027 3058 Sed
3052 3017 3156 3059 non
3181 3019 3343 3062 ausas
3362 3015 3445 3065 est
3471 3008 3542 3062 ita
3568 3008 3749 3080 loqui;
3789 3009 3911 3067 hac
3935 3028 4034 3067 au-

2442 3094 2547 3144 tem
2576 3087 2832 3158 perlicere
2855 3091 3063 3158 volens,
3088 3109 3285 3158 secure
3321 3097 3534 3166 dicebat
3566 3118 3580 3153 :
3606 3099 3803 3158 Bonum
3830 3112 3908 3158 est
3939 3120 4035 3157 nos

2443 3176 2526 3230 hic
2552 3193 2678 3245 esse,
2711 3180 2801 3235 ubi
2827 3190 2879 3236 et
2901 3181 3111 3256 Moyses
3135 3194 3190 3241 et
3217 3185 3368 3242 Elias
3387 3188 3618 3245 adsunt:
3647 3191 3810 3256 Elias,
3844 3194 3942 3264 qui
3962 3193 4035 3248 de

2442 3268 2574 3325 celo
2601 3270 2773 3342 ignem
2795 3271 2848 3328 iu
2873 3284 3107 3332 montem
3127 3277 3456 3336 descendere
3475 3281 3655 3351 jussit,
3683 3281 4034 3356 Iluyscaqur,

2425 3361 2530 3431 .qui
2563 3362 2614 3418 in
2637 3363 2915 3434 caliginem
2937 3367 3226 3438 ingressus,
3252 3386 3374 3427 cum
3406 3373 3517 3430 Deo
3545 3373 3795 3446 loquutus
3815 3388 3908 3433 est
3934 3394 3950 3432 :
3980 3387 4037 3433 et

2444 3465 2603 3509 nemo
2625 3454 2756 3510 sciet
2777 3455 2993 3514 ubinam
3013 3474 3219 3516 sumus.

2513 3545 2568 3601 3.
2619 3544 2892 3604 Visdistin'
2930 3548 3220 3610 ferventem
3274 3552 3468 3611 Christi
3524 3567 3816 3617 amatorem
3867 3561 3894 3615 τ
3960 3561 4043 3618 Ne

2443 3650 2652 3706 quaeras
2687 3653 2845 3710 quam
2884 3641 3118 3712 prudens
3160 3653 3215 3700 et
3255 3648 3539 3702 accuratus
3579 3660 3724 3705 esset
3773 3649 4042 3708 hortandi

2441 3728 2664 3795 modus,
2716 3731 2813 3788 sed
2875 3746 3032 3802 quam
3080 3733 3326 3800 fervens,
3387 3749 3748 3810 quantumque
3800 3742 4046 3798 ardebat

2441 3834 2624 3878 amore
2655 3819 2872 3878 Christi.
2901 3823 3054 3893 Quod
3081 3826 3221 3882 enim
3242 3841 3364 3883 cum
3394 3827 3521 3884 illud
3538 3831 3758 3898 diceret,
3790 3847 3910 3889 non
3942 3851 4051 3904 pro

2443 3913 2624 3982 seipse
2652 3922 2854 3969 tantum
2885 3926 3135 3972 tremeret
3164 3918 3277 3973 haec
3303 3919 3551 3988 dicendo,
3576 3922 3696 3976 audi
3724 3923 3856 3994 quid
3889 3924 4053 3981 dicat

2441 4016 2564 4059 cum
2606 4001 2849 4061 Christus
2890 4002 3118 4062 mortem
3147 4020 3296 4062 suam
3338 4023 3392 4066 et
3438 4010 3658 4067 insidias
3700 4013 3799 4068 sibi
3852 4021 4052 4085 parari

2444 4092 2814 4162 praenuntiavit
2840 4111 2855 4147 :
2881 4096 3114 4150 Animam
3145 4113 3306 4152 rusum
3344 4115 3435 4170 pro
3456 4111 3503 4155 te
3530 4117 3714 4171 ponam
3745 4118 3766 4158 :
3800 4105 3852 4159 si
3884 4122 4056 4176 ορομ

2445 4185 2596 4238 tuerit
2619 4201 2699 4240 nte
2725 4186 2856 4241 mori
2882 4195 3076 4255 “cum,
3106 4205 3206 4243 non
3243 4199 3290 4243 te
3315 4193 3500 4262 negabo
3525 4191 3546 4266 (
3571 4193 3734 4249 lare.
3766 4197 3862 4254 ιι.
3899 4200 3974 4256 51
4007 4201 4056 4271 ).

2446 4275 2580 4333 Vide
2622 4279 2782 4333 etiam
2821 4281 3090 4351 quomodo
3119 4282 3170 4336 in
3219 4284 3410 4339 mediis
3457 4286 3704 4353 periculis
3745 4289 3882 4346 vita
3934 4307 4060 4350 sua

2445 4382 2629 4437 parum
2668 4371 2988 4428 consuleret.
3011 4370 3186 4429 Tanto
3223 4375 3364 4430 enim
3393 4377 3772 4436 circumstante
3797 4387 4063 4455 male,

2445 4476 2552 4515 non
2595 4462 2755 4518 modo
2789 4478 2897 4518 non
2923 4465 3146 4535 aufugit,
3191 4462 3288 4522 sed
3313 4469 3500 4524 stricto
3525 4470 3704 4540 gladio
3731 4479 4065 4543 amputavit

2446 4551 2736 4605 auriculam
2784 4553 2923 4607 servi
2963 4554 3278 4616 sacerdotis.
3308 4555 3397 4611 Sic
3436 4558 3526 4613 ille
3556 4574 3661 4614 non
3694 4563 3842 4632 quod
3882 4581 4067 4625 suum

2447 4651 2565 4697 erat
2608 4644 2959 4712 respiciebat,
3007 4647 3100 4702 sed
3152 4664 3250 4719 pro
3296 4651 3551 4721 magistro
3595 4667 3693 4708 suo
3741 4659 4066 4715 tremebat.

2453 4732 2651 4789 Deinde
2686 4735 2808 4806 quia
2853 4736 3094 4794 absolute
3139 4739 3383 4810 loquutus
3426 4739 3746 4808 fuerat,'ad
3793 4759 4072 4806 mentem

2448 4822 2622 4890 redit;
2650 4824 2944 4896 timensque
2975 4844 3040 4885 ne
3062 4808 3664 4903 rursds‘increpnretur,
3690 4834 3766 4889 ait
3799 4853 3814 4890 :
3852 4837 3934 4894 Si
3962 4844 4074 4908 eis,
4134 4825 4135 4832 ‘

2447 4910 2693 4982 faciamus
2721 4920 2802 4974 hic
2832 4922 2927 4974 tria
2951 4923 3292 4984 tabernacula,
3324 4925 3410 4978 tibi
3433 4941 3611 4994 unum,
3645 4925 3824 4999 lloyss'
3857 4949 4075 5002 unum,

2449 5016 2494 5060 et
2528 5005 2654 5063 ﬁlia:
2679 5027 2860 5064 unum.
2886 5011 3022 5079 Quid
3066 5012 3218 5078 dicis,
3247 5013 3452 5071 Petrei
3481 5031 3660 5074 nonne
3703 5020 3881 5088 paulo
3930 5036 4079 5081 ante

2460 5118 2488 5157 a
2518 5102 2690 5155 servis
2732 5117 2853 5157 eum
2895 5106 3150 5173 separasti
3174 5105 3198 5158 τ
3223 5120 3318 5160 cur
3343 5121 3463 5162 cum
3505 5111 3676 5166 servis
3705 5113 3889 5170 modo
3921 5133 4078 5175 ωε.-

2453 5190 2749 5247 numeras?
2786 5192 2969 5248 Viden’
3015 5209 3171 5263 quam
3222 5195 3514 5265 imperfecti
3563 5200 3639 5256 illi
3680 5216 3890 5262 essent
3935 5223 4082 5268 ante

2451 5282 2712 5337 crucem?
2745 5281 2880 5337 Nam
2907 5284 2950 5338 si
2997 5283 3156 5341 Pater
3193 5285 3354 5342 Petro
3401 5290 3677 5357 revelavit,
3721 5301 3780 5348 at
3810 5312 3947 5355 non
3977 5303 4084 5358 diu

2454 5372 2828 5428 revela’tioncm
2861 5373 2999 5428 illam
3032 5375 3266 5439 retinuit.
3292 5380 3384 5435 sed
3417 5397 3616 5450 pavore
3641 5382 3917 5445 turbatus
3962 5406 4084 5459 est,

2452 5477 2557 5516 non
2605 5464 2776 5518 solum
2823 5478 2889 5520 eo
2926 5479 3084 5535 quem
3127 5466 3272 5534 dixi,
3302 5469 3396 5524 sed
3437 5473 3595 5526 etiam
3625 5472 3731 5528 alio
3760 5491 3964 5545 quem
4012 5500 4087 5540 ex

2455 5553 2655 5609 visione
2699 5553 2790 5608 illa
2831 5563 3156 5624 susceperat.
3192 5557 3296 5612 Alii
3326 5558 3502 5628 itaque
3542 5565 3919 5635 evangelistzc
3971 5573 4091 5634 hoc

2454 5644 2843 5716 significantes,
2889 5648 3082 5703 mentis
3126 5647 3530 5718 confusionem,
3577 5667 3679 5724 qua
3727 5656 4026 5721 afﬁciens
4058 5698 4085 5710 ο

2459 5744 2562 5803 tur,
2605 5751 2725 5792 cum
2763 5735 2878 5792 hrrc
2922 5736 3142 5807 diceret,
3171 5753 3238 5796 es
3265 5755 3460 5813 pavore
3485 5743 3580 5802 illo
3599 5758 3944 5820 sttseeptam
3989 5757 4086 5815 do-
