4174 6332
189 368 277 435 33

186 493 376 547 claram.
401 486 608 544 Marcus
632 485 845 556 quidem
881 482 1032 552 dicit,
1064 483 1186 540 Non
1214 485 1350 541 enim
1389 482 1576 539 sciebat
1610 484 1732 551 quid

184 586 432 654 loqueretur
476 595 496 635 :
535 578 791 650 perterriti
833 592 1051 648 namque
1092 578 1297 648 {uerunt
1323 575 1533 647 (Marc.
1557 574 1611 630 9.
1637 574 1733 645 6).

183 672 326 729 Lucas
346 685 463 725 vero
478 676 762 738 postquam
789 666 943 733 dixit,
970 664 1243 720 Faciamus
1270 667 1368 719 tria
1386 665 1732 732 tabernacula,

183 765 333 821 statim
358 758 647 828 subjunxit,
678 756 922 813 Nesciens
945 757 1069 828 quid
1097 757 1283 810 diceret
1319 756 1338 827 (
1363 756 1491 810 Luc.
1515 756 1567 812 9.
1602 755 1734 825 33).

180 856 353 913 Deinde
390 852 694 924 signiﬁcans
734 862 787 906 et
814 852 964 905 illum
994 858 1052 905 et
1075 850 1208 905 alios
1238 850 1430 905 timore
1458 858 1735 919 correptos

180 947 351 1014 luisse,
376 940 447 1000 ait
490 961 505 998 :
551 942 762 999 Graoati
801 927 978 998 somno
1022 951 1165 995 nant
1202 957 1222 997 :
1259 958 1375 996 cum
1416 941 1736 1011 evigilath

176 1047 347 1101 utens,
378 1035 604 1091 viderunt
633 1034 847 1107 gloriam
880 1034 994 1104 ejus
1021 1030 1200 1106 (Ibid.
1229 1049 1276 1087 υ.
1307 1032 1377 1087 52
1400 1031 1421 1106 )
1447 1049 1462 1096 ;
1486 1045 1731 1087 somnum

174 1143 283 1185 vero
301 1129 379 1183 hic
406 1135 558 1182 vocat
582 1140 832 1197 soporem
861 1126 1010 1180 illum
1036 1126 1127 1196 qui
1164 1141 1229 1181 ex
1279 1125 1371 1180 tali
1407 1125 1615 1181 visione
1644 1124 1734 1179 ac-

172 1222 297 1279 cidit.
324 1221 445 1278 Nam
463 1222 627 1276 veluti
651 1220 790 1276 oculi
820 1235 884 1275 ex
926 1219 1092 1274 nimio
1124 1217 1330 1289 fulgore
1364 1217 1730 1273 obtenebran-

172 1325 279 1379 tur,
322 1314 394 1370 sic
430 1322 484 1370 et
529 1312 633 1368 illis
680 1312 877 1368 evenit.
912 1311 1094 1382 Neque
1131 1307 1275 1367 enim
1323 1320 1426 1366 nox
1455 1320 1594 1376 erat,
1635 1309 1730 1365 sed

172 1404 310 1461 dies:
342 1413 391 1459 et
430 1402 703 1458 radiorum
746 1401 1003 1473 splendor
1041 1396 1318 1457 oculorum
1366 1400 1728 1456 inﬁrmitatem

170 1499 408 1568 gravabat.
454 1495 594 1564 Quid
634 1496 845 1566 igitur?
886 1495 1005 1565 Ipse
1046 1493 1265 1565 quidem
1312 1493 1443 1548 nihil
1472 1493 1726 1563 loquitur,

176 1603 316 1659 neque
338 1587 539 1659 Moyses
558 1629 574 1654 ,
607 1603 780 1656 neque
803 1586 953 1643 Elias
985 1605 998 1640 :
1027 1585 1123 1642 sed
1153 1587 1242 1657 qui
1268 1584 1519 1641 omnibus
1558 1584 1731 1656 major

172 1687 215 1734 ct
252 1678 343 1734 ﬁde
380 1678 589 1749 dignior
618 1688 734 1741 est,
787 1678 945 1733 Pa’ter
989 1692 1175 1733 vocem
1221 1677 1419 1732 emittit
1461 1694 1526 1732 ex
1567 1677 1726 1731 nube.

169 1768 259 1826 Cur
280 1786 339 1826 ex
366 1770 499 1826 nube
523 1771 546 1824 ’ἰ
569 1770 660 1827 Sic
685 1786 901 1841 semper
921 1779 1153 1839 ‘apparet
1180 1771 1322 1825 Deus
1353 1788 1366 1825 :
1401 1783 1523 1830 nam
1554 1768 1729 1825 Nubes

164 1875 207 1917 et
247 1862 393 1934 caligo
424 1864 476 1917 in
506 1863 726 1918 circuitu
753 1862 863 1933 ejus
909 1864 926 1932 (
957 1860 1104 1917 Psal.
1124 1861 1211 1918 96.
1244 1861 1317 1933 2)
1343 1883 1358 1926 ;
1396 1872 1449 1917 ct
1495 1874 1680 1917 rursus
1710 1879 1723 1915 :

168 1953 254 2019 Qui
276 1954 403 2025 ponit
429 1955 583 2009 nubes
606 1971 869 2009 ascensum
895 1971 1043 2009 suum
1068 1956 1085 2024 (
1109 1953 1255 2009 'Psal.
1271 1950 1394 2011 103.
1410 1949 1727 2026 ‘5);‘iter‘mn-

169 2064 268 2114 que,
311 2041 556 2102 Dominus
594 2047 729 2102 sedet
769 2048 821 2101 in
866 2046 996 2101 nube
1033 2048 1133 2102 levi
1159 2046 1178 2118 (
1204 2045 1332 2100 lsai.
1368 2046 1454 2101 i9.
1488 2047 1511 2101 i
1550 2048 1604 2116 );
1636 2055 1723 2112 et,

170 2137 314 2193 Nubes
340 2138 553 2209 suscepit
583 2154 698 2192 eum
729 2136 789 2191 ab
829 2137 991 2191 oculis
1016 2147 1192 2191 eorum
1215 2137 1232 2207 (
1258 2137 1371 2191 Act.
1409 2138 1456 2193 i.
1476 2136 1557 2206 '9)
1587 2155 1600 2199 ;
1633 2148 1682 2191 et
1707 2178 1721 2202 ,

170 2226 705 2295 QuasiFiliusItominis
728 2230 927 2284 veniens
953 2230 1008 2283 in
1044 2229 1257 2283 nubibus
1294 2229 1472 2300 ('Dan.
1499 2230 1550 2283 7.
1586 2224 1652 2286 i3
1680 2232 1720 2300 ).

164 2322 223 2379 {lt
249 2326 391 2396 igitur
412 2326 636 2382 credant
664 2327 733 2382 ab
760 2326 876 2395 ipso
924 2326 1038 2382 Deo
1070 2342 1253 2382 vocem
1284 2327 1449 2394 ferri,
1483 2329 1607 2382 inde
1634 2346 1724 2384 ve-

160 2419 244 2484 nit,
261 2430 308 2476 et
331 2420 495 2475 nubes
522 2419 695 2474 lucida
720 2428 836 2475 erat
864 2438 877 2473 :
914 2437 1034 2474 nam
1069 2421 1120 2475 5.
1158 2421 1338 2475 Adhuc
1371 2438 1428 2475 eo
1466 2422 1717 2489 loquente,

166 2526 254 2565 ecce
268 2512 410 2567 nubes
445 2511 621 2567 lucida
654 2510 965 2566 obumbravit
995 2529 1097 2567 eos.
1132 2512 1196 2566 Et
1240 2530 1352 2567 ecce
1377 2529 1473 2567 vox
1503 2514 1564 2567 de
1594 2514 1723 2567 nube

163 2602 302 2658 dicens
326 2619 344 2659 :
369 2602 467 2658 Hic
498 2613 573 2659 est
600 2602 767 2658 Filius
806 2620 944 2659 meus
973 2605 1206 2671 dilectus,
1234 2606 1287 2659 in
1321 2623 1419 2673 quo
1448 2606 1572 2659 mihi
1599 2606 1722 2660 bene

163 2696 406 2763 complacui
428 2713 445 2747 :
473 2694 643 2763 ipsum
678 2695 868 2749 audite.
898 2693 1128 2763 Quando
1166 2696 1308 2751 enim
1350 2697 1601 2760 minatur,
1637 2707 1717 2750 te-

161 2782 406 2839 nebrosam
438 2784 635 2841 nubem
664 2785 933 2850 ostendit,
962 2785 1417 2856 quemadmodum
1460 2789 1513 2842 in
1542 2787 1669 2843 Sina
1701 2806 1714 2842 :

163 2872 341 2928 intravit
369 2876 535 2941 enim,
580 2875 675 2935 ait,
704 2876 756 2931 in
784 2878 964 2931 nubem
1007 2886 1056 2930 et
1099 2877 1151 2932 in
1189 2878 1459 2948 caliginem
1490 2877 1715 2949 Moyses,

160 2976 196 3018 et
233 2966 351 3021 velut
395 2982 556 3039 vapor
600 2968 672 3022 ita
723 2966 980 3039 ferebatur
1018 2971 1190 3043 fumus
1221 2970 1413 3036 (Exod.
1439 2970 1530 3026 24.
1566 2972 1714 3040 18);

158 3068 199 3109 et
242 3058 486 3130 propheta
527 3059 597 3114 de
645 3059 803 3115 minis
829 3060 948 3131 ejus
972 3046 1263 3127 disserens,
1293 3060 1601 3129 Tenebrosa,
1631 3064 1715 3118 in-

152 3148 264 3218 quit,
292 3167 416 3219 aqua
444 3152 497 3204 in
529 3151 744 3207 nubibus
773 3151 945 3224 aeris(
975 3150 1115 3208 Ptol.
1143 3154 1229 3208 l7.
1264 3153 1330 3208 12
1355 3153 1412 3225 );
1447 3155 1534 3210 hic
1563 3169 1712 3223 vero,

155 3242 251 3308 quia
284 3258 384 3298 non
436 3253 663 3308 terrere,
699 3245 791 3299 sed
822 3245 1021 3301 docere
1062 3246 1307 3314 volebat,
1342 3249 1512 3304 nubes
1542 3248 1714 3303 lucida

154 3340 235 3388 est.
269 3333 329 3389 Et
355 3334 553 3391 Petrus
577 3335 795 3406 quidem
824 3336 1057 3403 dicebat,
1094 3336 1371 3393 Faciamus
1396 3341 1495 3395 tria
1532 3340 1716 3396 taber—

151 3424 305 3478 nacula
322 3442 344 3491 ;
383 3426 475 3482 ille
504 3440 638 3482 vero
669 3426 1075 3483 tabernaculum
1117 3430 1354 3486 ostendit
1383 3446 1489 3486 non
1523 3448 1711 3488 manu-

152 3514 334 3570 lactum.
360 3517 485 3575 Ideo
507 3518 580 3575 ibi
606 3519 820 3589 quidem
834 3519 1017 3577 fumus
1045 3532 1148 3587 est,
1171 3534 1227 3579 et
1253 3538 1421 3594 vapor
1447 3524 1710 3590 fornacis;

148 3604 218 3659 hic
238 3622 355 3664 vero
369 3608 467 3664 ‘lux
492 3608 873 3675 ineﬁ‘abilis,et
902 3627 1025 3667 vox.
1072 3613 1274 3670 Deinde
1306 3626 1360 3669 ut
1391 3617 1712 3673 ostendatur

149 3709 234 3751 non
274 3698 337 3755 de
378 3715 487 3755 uno
538 3702 693 3755 trium
735 3701 1050 3773 simpliciter
1090 3704 1225 3769 dici,
1278 3706 1374 3762 sed
1402 3707 1469 3763 de
1497 3707 1713 3765 Christo

146 3798 341 3857 tantum,
382 3808 507 3849 cum
538 3809 640 3847 vox
672 3794 833 3849 allata
876 3803 979 3862 est,
1009 3797 1082 3851 illi
1115 3808 1472 3855 recesserant.
1505 3799 1638 3856 Nam
1666 3802 1709 3858 si

146 3876 201 3933 tle
217 3896 309 3935 uno
343 3899 408 3939 ex
436 3885 549 3939 illis
572 3885 773 3940 dictum
804 3884 1011 3954 fuisset,
1045 3903 1153 3943 non
1190 3889 1281 3945 ille
1313 3893 1599 3970 mansisset
1622 3908 1711 3949 so-

149 3969 239 4035 lus,
283 3973 492 4030 duobus
536 3977 660 4031 aliis
690 3978 929 4033 remotis.
959 3978 1037 4051 (α)
1060 3977 1208 4052 [Cur
1234 3997 1364 4052 ergo
1404 3983 1574 4039 nubes
1604 4000 1709 4041 non

144 4060 376 4119 Christum
414 4067 593 4122 solum
632 4068 860 4137 operuit,
884 4071 977 4125 sed
1004 4086 1194 4127 omnes
1228 4074 1386 4128 simul
1415 4075 1438 4129 ἲ
1472 4074 1526 4131 Si
1558 4077 1712 4133 Chri-

145 4162 255 4207 utun
299 4156 474 4213 solum
534 4158 951 4227 obumbrasset,
994 4173 1235 4233 putatum
1289 4165 1478 4224 luisset
1534 4169 1707 4239 ipsum

142 4242 379 4302 Christum
431 4251 685 4307 emisisse
741 4268 948 4308 vocem.
971 4256 1311 4327 Quapropter
1357 4264 1703 4332 evangelista,

141 4344 188 4387 ut
205 4334 291 4393 hoc
315 4339 487 4409 ipsum
510 4341 880 4409 conﬁrmaret,
904 4345 979 4398 ait
1002 4361 1187 4401 vocem
1220 4365 1286 4403 ex
1308 4351 1448 4406 nube
1474 4358 1705 4420 venisse,

141 4424 184 4478 id
204 4440 305 4492 est,
333 4447 397 4487 ex
432 4431 615 4505 Deo.]
659 4433 724 4488 Et
752 4435 879 4505 quid
908 4438 984 4491 ait
1012 4454 1110 4491 vox
1146 4440 1280 4493 illa?
1309 4441 1409 4496 Hic
1438 4456 1511 4498 est
1542 4444 1708 4502 Filius

144 4532 254 4576 netis
286 4522 521 4580 dilectus.
551 4526 609 4581 Si
647 4525 893 4593 dilectus,
925 4544 991 4583 ne
1023 4530 1229 4597 timeas,
1271 4532 1447 4589 Petre.
1481 4536 1707 4606 Oporte-

138 4609 209 4664 bat
231 4615 361 4669 enim
387 4624 440 4672 te
468 4626 525 4672 et
555 4617 802 4673 virtutem
835 4622 1234 4692 potentiamque
1259 4625 1375 4694 ejus
1388 4627 1500 4694 jam
1524 4643 1703 4696 nosse,

140 4708 181 4754 et
214 4701 272 4759 de
306 4709 711 4765 resurrectione
746 4723 865 4766 esse
911 4714 1192 4767 certiorem
1224 4729 1239 4777 ;
1272 4716 1394 4785 quia
1423 4732 1549 4773 vero
1578 4720 1704 4775 illud

140 4789 358 4865 ignoras,
400 4798 601 4856 saltem
652 4815 719 4855 ex
764 4816 897 4857 voce
945 4801 1117 4859 Patris
1166 4803 1419 4862 fidentior
1466 4819 1603 4863 esto.
1647 4812 1704 4867 Si

143 4896 330 4958 namque
356 4899 556 4960 potens
582 4898 666 4946 est
691 4891 851 4957 Deus,
886 4905 944 4948 ut
972 4910 1099 4951 vere
1124 4907 1313 4966 potens
1340 4910 1457 4967 est,
1485 4904 1701 4972 procul-

138 4973 269 5031 dubio
304 4990 360 5036 et
401 4981 582 5038 Filius
629 4984 897 5041 similiter.
949 4986 1028 5042 Ne
1076 4988 1264 5045 timeas
1291 5007 1423 5061 ergo
1454 4996 1612 5050 mala.
1646 4995 1703 5053 Si

141 5076 281 5155 autem
311 5072 411 5127 hoc
443 5073 690 5129 nondum
726 5075 985 5141 admittis,
1013 5078 1141 5133 illud
1166 5081 1355 5136 saltem
1397 5086 1571 5155 cogita
1593 5129 1606 5147 ,
1636 5088 1701 5141 il-

142 5154 222 5211 lum
241 5172 289 5216 et
314 5162 511 5219 Filium
541 5179 684 5230 esse.
712 5176 765 5220 et
786 5167 950 5236 diligi.
982 5166 1083 5222 Hic
1112 5182 1186 5223 est
1214 5174 1381 5254 enim,
1410 5154 1505 5243 ait,
1532 5176 1702 5233 Filius

142 5263 247 5305 nam
287 5254 523 5310 dilectus.
573 5255 628 5311 Si
672 5273 798 5312 vero
840 5260 1097 5329 diligitur,
1166 5279 1237 5322 ne
1280 5267 1485 5333 timeas.
1536 5269 1701 5326 Nemo

140 5342 251 5396 enim
274 5360 428 5413 quem
473 5346 688 5417 diligit,
719 5349 921 5419 objicit.
952 5351 1031 5407 Ne
1063 5356 1291 5409 turlleris
1320 5373 1448 5427 ergo
1482 5377 1496 5416 :
1528 5377 1699 5431 quan-

144 5434 297 5523 tumvis
323 5438 467 5492 enim
510 5438 702 5509 diligas
722 5482 735 5503 ,
764 5457 869 5495 non
906 5442 1082 5514 diligis
1108 5463 1228 5498 cum
1263 5458 1319 5501 ut
1348 5452 1505 5507 Pater
1535 5454 1703 5523 ipsius

142 5516 289 5591 diligit.
319 5526 382 5582 In
411 5546 517 5600 quo
556 5531 683 5585 mihi
727 5533 1034 5602 complacui.
1067 5536 1177 5590 Non
1203 5540 1345 5592 enim
1373 5516 1700 5599 solum‘dili-

188 5695 351 5778 (gigni
377 5709 584 5778 uncinis
622 5707 858 5759 clauditur
897 5710 1030 5778 locus
1054 5713 1211 5778 deest
1252 5715 1301 5765 in
1323 5715 1494 5778 Editis,
1520 5726 1609 5771 sed
1636 5738 1697 5773 ex

144 5754 513 5875 fznﬁggmimis
532 5754 537 5755 “
548 5754 685 5819 iiss'
700 5754 966 5836 animi;
978 5754 1043 5823 "rit
1052 5754 1127 5834 ξῐξ
1138 5754 1702 5849 ἆῖηἰὶὲᾙῖιῖἐῗῖέἶιλῖέ

1136 360 1208 426 IN
1246 356 1657 425 ΜΑΤΤΙΙᾸΞΗΜ
1700 355 1931 422 ΙΙΟΜΙῘ..
1974 354 2107 419 LVI.
2152 362 2224 419 al.
2269 354 2427 420 [ΝΠ.

3336 364 3441 427 283

1842 482 1920 555 git
1962 497 2085 538 eum
2110 523 2126 551 ,
2163 482 2286 552 quia
2323 481 2546 553 genuit,
2595 482 2688 537 sed
2737 482 2858 553 quia
2909 491 2962 538 et
3002 482 3226 555 :eqnalls
3254 495 3338 542 est
3368 484 3445 542 illi

1843 575 2102 641 omnino,
2147 583 2201 630 et
2230 574 2471 645 ejusdem
2515 574 2826 629 voluntatis.
2861 575 3066 646 Duplex
3111 577 3294 649 igitur,
3337 576 3450 632 imo

1845 665 2035 736 triplex
2084 674 2165 720 est
2216 664 2519 720 dilectionis
2564 675 2941 738 argumentum
2995 685 3008 720 :
3056 669 3178 738 quia
3235 666 3446 733 Filius,

1842 757 1963 825 quia
1991 755 2239 823 dilectus,
2260 756 2380 827 quia
2411 756 2463 811 in
2483 757 2599 827 ipso
2620 757 2718 811 sibi
2737 758 3083 829 complacuit.
3112 758 3249 827 Quid
3282 774 3446 830 porro

1842 847 2109 917 signiﬁcat
2161 848 2290 903 illud
2321 890 2334 913 ,
2370 850 2437 902 In
2477 866 2576 920 quo
2603 850 2729 903 mihi
2758 850 2879 904 bene
2923 851 3263 922 complacui?
3296 854 3372 907 Ac
3402 852 3446 906 si

1841 938 2084 1006 diceret,
2135 939 2192 994 ln
2224 955 2331 1011 quo
2354 941 2578 1011 quiesco
2598 982 2613 1008 ,
2656 958 2763 1012 quo
2786 942 3060 1002 oblector.
3106 944 3195 1013 qui
3227 946 3448 1000 omnino

1841 1031 2061 1099 thnalis
2110 1031 2237 1086 mihi
2269 1042 2352 1086 est
2372 1071 2387 1097 ,
2415 1040 2469 1087 et
2499 1033 2642 1103 quod
2669 1042 2835 1089 uuam
2862 1045 2984 1090 cvm
3013 1033 3171 1092 Patre
3198 1037 3446 1099 volunta-

1843 1130 1949 1176 tem
1994 1121 2211 1187 habeat,
2260 1132 2314 1178 et
2361 1123 2503 1193 quod
2537 1122 2705 1179 Filius
2730 1138 2980 1190 manens,
3027 1139 3195 1180 unum
3221 1126 3448 1182 Omnino

1838 1211 1909 1265 sit
1963 1226 2085 1266 cum
2132 1212 2407 1268 Genitore.
2447 1212 2667 1283 Ipsum,
2700 1214 2906 1283 inquit,
2940 1215 3132 1270 audite.
3170 1214 3450 1285 ’Quare'si

1834 1302 2076 1373 ‘cruciligi
2126 1304 2395 1371 voluerit,
2446 1320 2513 1361 ne
2542 1306 2792 1360 obsistas.
2821 1305 2876 1361 6.
2919 1301 2989 1359 Et
3022 1306 3285 1362 audientes
3313 1308 3447 1363 ceci-

1838 1392 2019 1447 derunt
2039 1396 2089 1448 in
2120 1394 2277 1466 facies
2305 1412 2442 1461 suae,
2467 1405 2514 1451 et
2538 1398 2813 1451 timuerunt
2836 1394 3081 1452 oalde.7.
3116 1397 3181 1452 Et
3202 1399 3447 1455 accedens

1834 1483 2024 1551 Jesus,
2058 1486 2219 1557 tetigit
2262 1503 2367 1552 eos,
2414 1497 2459 1541 et
2497 1487 2628 1542 dixit
2667 1504 2685 1542 :
2716 1486 2945 1560 Surgite,
2990 1499 3036 1544 et
3066 1490 3222 1545 nolite
3246 1492 3446 1547 timere;

1836 1578 1890 1632 8.
1925 1576 2170 1632 Leuantes
2205 1589 2377 1633 autem
2402 1581 2577 1635 oculos
2606 1598 2746 1645 suos,
2791 1582 3042 1636 neminem
3071 1571 3304 1638 uiderunt
3343 1585 3445 1640 nisi

1835 1671 2000 1723 solum
2020 1669 2221 1727 Iesum.

1907 1764 1958 1818 4.
1994 1765 2277 1831 Quomodo
2316 1765 2433 1823 hzee
2472 1767 2755 1823 audientes
2797 1770 3029 1839 perculsi
3078 1781 3203 1827 sunt
3232 1771 3259 1823 τ
3310 1772 3439 1827 Nam

1834 1855 2062 1911 antehac
2087 1858 2289 1913 emissa
2318 1859 2414 1915 fuit
2443 1874 2547 1915 vox
2580 1859 2701 1917 talis
2744 1862 2797 1915 in
2825 1861 3062 1918 .lordane
3091 1880 3105 1928 ;
3138 1866 3307 1921 turba:
3347 1868 3443 1921 ad-

1833 1957 2007 2014 erant,
2035 1964 2194 2004 nemo
2215 1950 2487 2021 quidpiam
2518 1953 2622 2006 tale
2652 1968 2842 2023 passus
2871 1966 2949 2008 est
2985 1973 2997 2009 :
3029 1964 3083 2010 et
3107 1966 3293 2025 postea
3321 1974 3441 2013 rur-

1833 2057 1948 2096 sum
1968 2084 1983 2107 ,
2009 2044 2222 2113 quando
2244 2046 2445 2101 tonitru
2470 2046 2672 2101 factum
2703 2046 2866 2102 fuisse
2898 2048 3183 2116 dicebant;
3219 2050 3311 2105 sed
3340 2067 3439 2107 nec

1834 2141 1959 2189 tunc
1982 2135 2108 2205 quid
2138 2137 2313 2192 simile
2341 2146 2463 2192 sunt
2485 2139 2651 2208 passi.
2680 2137 2961 2206 Quomodo
2989 2140 3151 2210 igitur
3171 2140 3227 2195 in
3254 2151 3437 2200 monte

1827 2227 2183 2284 ceciderunt?
2226 2229 2359 2297 Quia
2391 2239 2444 2285 et
2480 2231 2715 2285 solitudo
2736 2273 2750 2298 ,
2782 2242 2838 2287 et
2881 2232 3108 2288 altitudo
3140 2236 3359 2304 montis,
3385 2245 3439 2291 et

1831 2319 1983 2388 quies
2014 2335 2202 2391 magna
2246 2332 2395 2389 erat,
2424 2331 2480 2379 et
2527 2324 2929 2394 transﬁguratio
2975 2326 3200 2382 horrore
3243 2328 3435 2398 plena,

1830 2423 1881 2467 ct
1923 2413 2008 2467 lux
2040 2416 2319 2481 immensa,
2355 2426 2407 2471 et
2455 2418 2625 2473 nubes
2660 2428 2878 2473 extensa
2913 2437 2926 2473 :
2959 2436 3078 2490 qum
3105 2422 3284 2476 omnia
3315 2423 3437 2479 illos

1831 2505 1882 2558 in
1928 2520 2180 2576 pavorem
2241 2524 2493 2579 magnum
2551 2511 2918 2579 conjecerunt.
2975 2510 3223 2583 Undique
3266 2525 3439 2570 terror

1828 2599 2099 2653 oriebatur
2122 2642 2134 2666 ,
2168 2609 2223 2656 et
2263 2602 2576 2658 ceciderunt
2610 2605 2779 2659 territi
2825 2605 2985 2660 simul
3021 2616 3075 2661 et
3118 2606 3430 2666 adorantes.

1828 2690 1904 2746 Ne
1949 2707 2109 2760 porro
2138 2693 2301 2747 timor
2332 2695 2419 2749 ille
2446 2695 2490 2748 si
2522 2695 2612 2750 ditt
2646 2698 2967 2764 inansisset,
3000 2713 3181 2753 rerum
3223 2716 3429 2756 mento-

1829 2781 1958 2836 riam
2006 2784 2243 2851 deleret,
2288 2788 2466 2841 statim
2511 2790 2631 2844 illos
2670 2804 2699 2843 a
2732 2800 2939 2845 terrore
2980 2791 3249 2857 liberavit,
3283 2793 3432 2850 solus

1828 2874 1940 2942 ipse
1971 2878 2301 2946 conspicitur
2325 2921 2341 2947 ,
2372 2881 2695 2951 mandatque
2723 2883 2853 2953 ipsis
2886 2893 2943 2937 ut
2988 2885 3190 2939 nemini
3220 2886 3431 2953 dicant,

1824 2966 1995 3022 donec
2037 2986 2065 3020 a
2115 2970 2342 3024 mortuis
2388 2982 2714 3042 resurgeret.
2772 2973 2849 3043 (α)
2895 2974 2947 3029 9.
3002 2973 3435 3034 Descendentibus

1824 3057 1967 3112 enim
2010 3059 2114 3113 illis
2140 3059 2205 3115 de
2248 3070 2449 3126 monte,
2490 3064 2730 3133 prtecepit
2756 3066 2828 3119 eis
2870 3076 2924 3118 ut
2960 3066 3149 3122 nemini
3186 3069 3431 3136 dicerent,

1823 3147 1981 3203 donec
2010 3152 2118 3218 ipse
2144 3167 2175 3204 a
2220 3154 2430 3208 mortuis
2460 3155 2760 3226 resurgeret.
2815 3156 2949 3213 Nam
2981 3168 3184 3229 quanto
3226 3162 3433 3231 majora

1822 3239 1890 3294 de
1935 3240 2027 3294 illo
2071 3243 2460 3309 narrabantur,
2510 3256 2659 3301 tanto
2705 3248 2914 3304 credito
2960 3249 3265 3307 difﬁciliora
3306 3263 3434 3310 tunc

1822 3332 2007 3386 multis
2050 3344 2205 3388 erant
2246 3352 2259 3388 :
2305 3336 2616 3393 scandalum
2662 3349 2842 3396 autem
2885 3344 3065 3398 crucis
3090 3347 3267 3416 magis
3307 3347 3433 3404 inde

1817 3422 2121 3477 crescebat.
2148 3423 2351 3481 Idcirco
2370 3439 2546 3483 tacere
2556 3428 2730 3498 jubet,
2759 3444 2941 3504 neque
2959 3434 3301 3504 simpliciter,
3331 3438 3429 3495 sed

1824 3528 2006 3568 rursus
2057 3518 2361 3585 passionem
2410 3534 2875 3589 commemorans,
2932 3541 2995 3581 ac
3044 3525 3158 3583 fere
3212 3544 3430 3585 causam

1784 3604 2006 3659 -dicens
2035 3622 2133 3663 cur
2173 3618 2352 3665 tacere
2373 3610 2609 3681 juberet.
2659 3612 2844 3685 Neque
2889 3616 3033 3672 enim
3072 3618 3227 3688 jubet
3273 3638 3431 3677 num-

1820 3712 1981 3764 quam
2015 3696 2130 3753 lucc
2158 3702 2387 3771 cuipiam
2423 3702 2606 3760 dicere
2627 3747 2640 3771 ,
2673 3708 2766 3761 sed
2799 3706 2974 3763 donec
3001 3710 3116 3781 ipse
3147 3728 3175 3765 a
3204 3717 3430 3771 mortuis

1821 3799 2147 3877 resurgeret.
2179 3792 2356 3862 Atque
2392 3793 2479 3849 hic
2508 3796 2651 3865 quod
2689 3798 2883 3853 durum
2912 3813 3025 3856 erat
3060 3812 3260 3867 tacens,
3285 3808 3427 3877 quod

1813 3876 2114 3945 jucundum
2138 3892 2262 3938 erat
2299 3893 2504 3941 tantum
2536 3888 2690 3942 dixit.
2724 3891 2861 3959 Quid
2903 3910 3032 3965 ergo
3062 3907 3243 3965 postea
3275 3876 3427 3954 ian-

1821 3986 1926 4026 non
1954 3974 2265 4030 scandalum
2298 3981 2507 4048 passuri
2548 3993 2701 4036 erant
2732 3986 2755 4037 ?
2783 3984 3151 4058 Nequaquam.
3192 3990 3429 4065 Tempus

1820 4080 2035 4121 crucem
2070 4069 2383 4136 pratcedens
2422 4080 2628 4128 tantum
2672 4081 3051 4146 quaerebatur:
3085 4098 3207 4138 nam
3243 4098 3426 4155 postea

1814 4156 2019 4225 Spiritu
2043 4172 2230 4214 sancto
2259 4160 2457 4232 dignati
2487 4176 2630 4227 sunt,
2661 4181 2715 4220 et
2745 4169 3020 4237 signorum
3045 4188 3229 4230 vocem
3262 4178 3426 4233 babe-

1821 4247 1949 4301 bant
1969 4249 2067 4303 sibi
2097 4254 2544 4323 patrocinantem,
2572 4267 2732 4329 atque
2761 4262 2939 4317 omnia
2970 4279 3090 4334 quae
3118 4276 3244 4323 tunc
3273 4270 3423 4327 dice-

1818 4339 1947 4394 bant
1973 4343 2322 4411 acceptabilia
2356 4357 2532 4414 erant,
2562 4364 2684 4403 cum
2714 4366 2800 4405 res
2848 4352 2978 4422 ipsa:
3010 4355 3230 4426 clarius,
3258 4377 3419 4432 quam

1819 4432 1942 4485 tuba
1965 4434 2238 4503 qurelibet,
2269 4436 2387 4506 ejus
2412 4442 2705 4509 potentiam
2734 4445 3112 4519 prmdicarent,
3152 4468 3253 4509 nec
3280 4473 3420 4526 quo-

1820 4523 1959 4592 piam
1992 4526 2387 4586 interveniente
2415 4532 2760 4591 offendicula.

1886 4614 2075 4671 Christi
2115 4619 2358 4675 adventus
2396 4626 2645 4681 secundus
2683 4645 2837 4698 quam
2875 4634 3147 4703 gloriosus.
3176 4669 3248 4681 ——
3276 4640 3417 4699 Nihil

1816 4723 1944 4778 ergo
1970 4712 2226 4779 apostolis
2260 4713 2463 4769 beatius
2489 4758 2504 4782 ,
2535 4720 2874 4794 maximeque
2910 4726 3078 4782 tribus
3107 4731 3208 4787 illis
3236 4735 3324 4804 qui
3368 4737 3419 4791 in

1812 4799 1955 4853 nube
1983 4800 2160 4872 obtegi
2196 4820 2297 4857 una
2326 4820 2446 4861 cum
2493 4809 2719 4865 Domino
2770 4814 2971 4885 dignati
3025 4831 3172 4879 sunt.
3224 4799 3329 4881 Sed
3377 4830 3422 4884 si

1816 4889 2059 4955 velimus,
2101 4908 2200 4946 nos
2241 4910 2453 4967 quoque
2501 4899 2772 4957 Christum
2822 4907 3125 4966 videbimus
3158 4930 3171 4967 :
3210 4932 3314 4971 non
3366 4931 3425 4973 nt

1814 4980 1887 5033 illi
1915 4992 2037 5036 tunc
2082 4984 2135 5038 in
2183 5000 2396 5051 monte,
2440 4992 2531 5047 sed
2562 4996 2730 5050 multo
2756 5000 3213 5069 splendidiorem:
3246 5027 3420 5082 neque

1813 5076 1955 5127 etum
1988 5076 2065 5128 sic
2094 5088 2367 5145 postremo
2392 5084 2592 5139 veniet.
2626 5087 2759 5144 Nam
2794 5100 2917 5148 tunc
2938 5096 3217 5169 discipulis
3255 5120 3315 5158 se
3335 5076 3424 5159 Iat-

1815 5172 2119 5267 temperans
2150 5179 2355 5226 tantum
2380 5176 2721 5244 splendorem
2751 5184 2957 5254 eﬁ'udit,
2982 5204 3241 5259 quantum
3272 5208 3422 5267 pote-

1812 5266 1933 5341 rant
1963 5259 2037 5312 illi
2064 5259 2245 5327 ferre;
2280 5265 2330 5318 in
2360 5278 2602 5324 extremo
2628 5284 2808 5330 autem
2840 5288 3081 5349 tempore
3118 5287 3167 5339 in
3202 5259 3417 5361 prdpria

1816 5347 1987 5405 Patris
2014 5354 2183 5421 gloria
2210 5359 2409 5425 veniet,
2446 5378 2550 5418 non
2581 5380 2701 5421 cum
2730 5368 2911 5440 Moyse
2938 5347 2991 5429 et
3023 5378 3133 5432 Elia
3169 5347 3370 5438 tzinttim
3404 5428 3418 5445 .

1811 5442 1905 5496 sed
1938 5458 2057 5497 cum
2090 5446 2355 5504 immenso
2375 5456 2687 5524 angelorum
2717 5464 2962 5519 exercitu
2987 5510 3000 5529 ,
3032 5484 3152 5524 cum
3186 5475 3408 5529 archan-

1811 5534 1944 5602 gelis
1970 5576 1981 5595 ,
2017 5552 2137 5590 cum
2169 5536 2487 5599 Cberubinis
2512 5589 2526 5611 ,
2572 5564 2691 5601 tum
2726 5550 3028 5621 hujusmodi
3077 5564 3419 5622 multitudine

1814 5624 2054 5690 inﬁnita;
2081 5643 2185 5681 non
2210 5646 2328 5684 cum
2355 5635 2494 5689 nube
2517 5648 2679 5708 caput
2702 5648 2999 5713 operiente,
3028 5651 3120 5705 Sed
3142 5655 3257 5721 ipso
3282 5664 3418 5714 czelo

1812 5727 2107 5771 contracto.
2148 5720 2277 5773 Nam
2307 5724 2581 5781 sicutcum
2604 5729 2817 5796 judices
2857 5739 3067 5807 pubiice
3093 5720 3418 5807 sententiam

1875 5852 1946 5913 (η)
1982 5861 2067 5917 εει⁵
2096 5868 2243 5905 tentia
2270 5873 2357 5918 pc"
2387 5862 2800 5921 houmeoteleuton
2828 5875 3035 5927 deerant
3062 5884 3110 5929 In
3134 5884 3296 5933 Merci.
