4174 6332
608 308 609 311 Ν
641 354 747 425 εδδ
1389 356 1446 415 s.
1486 344 1763 413 manans
1795 342 2233 408 cnnvsosrou

2339 340 2618 397 .RCJIIEP.
2660 338 3198 398 CONSTANTINOP.
3802 330 3913 397 556

639 482 895 555 prolaturi
941 462 1084 547 sunt,
1128 478 1217 549 qui
1266 476 1478 531 adstant
1522 473 1740 529 remotis
1789 469 1951 557 velis,
1987 483 2065 523 sic
2096 466 2216 521 illos

641 572 887 629 omnibus
921 558 1328 640 conspiciendos
1370 564 1606 635 prabent
1641 580 1656 617 :
1684 563 1756 617 ita
1782 570 1839 616 et
1880 572 2007 614 tunc
2032 568 2219 612 omnes

643 654 787 720 illum
815 659 1091 717 sedentem
1121 657 1394 720 videbunt,
1431 666 1486 710 et
1511 663 1619 709 tota
1641 652 1869 708 humana
1913 659 2099 704 natura
2140 646 2217 700 si-

639 766 830 818 stetur,
862 754 1081 825 ipseque
1119 766 1214 822 per
1256 762 1315 804 se
1360 745 1466 801 illis
1495 743 1873 815 respondebit;
1909 750 2070 808 atque
2101 736 2218 790 aliis

639 849 783 903 dicet
818 865 833 901 :
877 844 1066 913 Venite,
1096 840 1339 898 benedicti
1366 838 1536 894 Patris
1580 838 1679 891 mei
1718 851 1736 890 :
1773 833 1954 889 θεηήυί
1977 832 2110 885 enim
2130 870 2145 895 ,
2171 838 2217 883 et

641 938 851 994 dedistis
896 936 1022 991 mihi
1058 934 1367 988 manducare
1408 929 1616 1003 (Matth.
1645 927 1737 982 35.
1768 926 1861 995 34)
1894 941 1908 979 :
1938 922 2058 977 aliis
2090 934 2218 976 vero

640 1028 785 1085 dicet
825 1046 841 1084 :
878 1026 1024 1098 Euge
1045 1066 1063 1093 ,
1084 1041 1223 1081 serve
1247 1025 1374 1079 bone
1399 1033 1446 1077 et
1466 1021 1631 1092 ﬁdelis
1653 1060 1669 1083 ,
1707 1034 1856 1091 super
1888 1030 2051 1088 pauca
2075 1012 2219 1085 fuisti

642 1119 831 1189 ﬁdelis.
857 1134 1008 1189 super
1032 1116 1193 1171 ntulta
1225 1125 1271 1170 te
1293 1114 1593 1174 constituam
1614 1108 1772 1181 (Ibid.
1803 1124 1852 1162 υ.
1875 1105 1994 1176 Si).
2019 1104 2217 1159 Contra

643 1228 772 1269 vero
797 1212 916 1267 aliis
945 1228 959 1264 :
988 1208 1070 1265 Ite
1090 1209 1143 1263 in
1174 1210 1342 1280 ignem
1382 1218 1623 1260 uernum
1650 1211 1882 1273 paratum
1924 1196 2127 1253 diabolo
2170 1202 2219 1249 et

644 1303 837 1375 angelis
855 1303 967 1374 ejus
991 1299 1151 1373 (Ibid.
1182 1316 1231 1354 υ.
1267 1296 1390 1369 ll);
1420 1296 1539 1351 aliis
1564 1309 1692 1348 vero
1711 1335 1725 1358 ,
1755 1292 1912 1349 Serve
1938 1304 2151 1359 nequam
2172 1294 2219 1340 et

645 1396 784 1468 piger
809 1386 972 1467 (Ibid.
1007 1409 1055 1448 υ.
1080 1389 1196 1465 26).
1226 1389 1294 1445 Et
1318 1389 1452 1443 alios
1493 1385 1705 1458 quidem
1747 1380 2031 1437 dissecablt
2051 1419 2066 1443 ,
2112 1386 2221 1433 tra-

645 1476 839 1558 detque
870 1484 1187 1548 tortoribus;
1207 1482 1343 1537 alios
1362 1492 1490 1537 vero
1514 1479 1687 1550 ligatis
1716 1475 1959 1531 inanibus
1986 1481 2041 1527 et
2068 1470 2223 1542 pedis

652 1581 749 1638 bus
780 1575 989 1647 iubebit
1024 1574 1212 1646 projici
1256 1573 1309 1628 in
1339 1571 1584 1628 tenebras
1626 1566 1937 1624 exteriores.
1989 1563 2056 1619 Et
2102 1568 2221 1631 post

650 1670 879 1726 securim
907 1669 1088 1723 fornax
1121 1663 1375 1735 excipiet,
1406 1676 1467 1718 ac
1490 1676 1611 1729 qua
1648 1674 1679 1713 a
1707 1672 1901 1728 sagena
1931 1653 2220 1726 projiciun-s

647 1769 754 1828 tur,
785 1754 907 1839 illdc
933 1758 1146 1815 cadent.
1170 1755 1313 1811 Tunc
1323 1754 1450 1827 justi
1472 1748 1729 1824 fulgebunt
1750 1749 1877 1803 sicut
1903 1746 1981 1803 sol
2005 1743 2217 1839 (Matth:

648 1844 737 1909 13.
766 1831 888 1923 l3);
904 1850 1025 1907 rimo
1046 1849 1163 1918 plus
1182 1861 1340 1917 quam
1361 1845 1458 1900 sol.
1485 1842 1539 1898 id
1561 1855 1691 1898 vero
1712 1839 1924 1903 dicitur,
1949 1852 2053 1890 non
2074 1833 2217 1905 quod

648 1938 736 1999 lux
779 1957 963 1997 eorum
1006 1940 1164 1996 solari
1209 1953 1303 2007 par
1338 1946 1538 1991 tantum
1560 1936 1664 2001 sit;
1708 1931 1806 1988 sed
1847 1930 1970 2002 quia
2018 1938 2219 1982 astrum

649 2019 849 2090 nullum
880 2031 981 2087 hoc
1006 2028 1335 2100 splendidius
1360 2027 1637 2091 habemus,
1666 2026 1736 2081 ab
1775 2022 1878 2078 hoc
1926 2030 2108 2076 notum
2146 2018 2224 2073 fa-

647 2140 770 2182 cere
816 2123 981 2179 voluit
1019 2122 1249 2177 futurum
1287 2130 1593 2175 sanctorum
1619 2113 1978 2186 splendorem.
2005 2110 2137 2166 Nam
2170 2110 2221 2164 in

650 2198 831 2271 tuente
856 2227 1068 2286 quoque
1090 2256 1106 2279 ,
1127 2224 1247 2268 cum
1271 2212 1430 2279 dixit,
1461 2207 1790 2280 Rapienduit
1810 2215 1867 2261 ut
1898 2204 1975 2259 sol
1996 2246 2009 2264 .
2036 2202 2223 2257 eadem

650 2308 719 2362 tle
748 2320 906 2361 musa
932 2306 1009 2360 sic
1036 2304 1283 2374 loquutus
1308 2310 1409 2358 est.
1437 2298 1567 2355 Nam
1583 2297 1725 2370 quod
1748 2296 1917 2367 major
1943 2295 2035 2349 lux
2058 2301 2222 2354 esset,

650 2400 812 2467 tinam
840 2412 900 2453 ea
924 2412 1042 2467 qua:
1070 2396 1120 2450 in
1156 2394 1402 2464 exemplo
1425 2392 1626 2458 fertur,
1672 2388 1937 2446 testiﬁcati
1979 2397 2103 2443 sunt
2141 2384 2225 2441 di-

651 2490 843 2561 scipuli
869 2490 1141 2545 cadentes.
1180 2488 1235 2543 Si
1262 2502 1421 2558 porro
1452 2501 1557 2542 non
1598 2486 1854 2540 immensa
1883 2482 1974 2538 lux
2004 2480 2224 2543 fuisset,

650 2581 744 2637 sed
764 2581 893 2637 solis
918 2576 1022 2635 luci
1046 2596 1160 2650 par,
1184 2590 1290 2634 non
1310 2577 1644 2643 cecidissent,
1670 2574 1762 2631 sed
1782 2574 1938 2630 facile
1956 2572 2222 2629 tulissent.

651 2671 785 2729 iusti
816 2672 975 2744 igitur
1002 2681 1127 2727 tunc
1153 2670 1433 2745 fulgebunt
1477 2667 1752 2734 sicut'sol,
1803 2678 1860 2723 et
1902 2667 2021 2738 plus
2064 2678 2226 2735 quam

654 2765 735 2819 sol
768 2773 1116 2834 :peccatores
1143 2775 1273 2819 vero
1299 2770 1539 2816 extrema
1586 2760 1871 2831 patientur.
1916 2756 2069 2812 Tunc
2122 2768 2231 2809 non

655 2855 1051 2911 commentariis
1082 2867 1216 2921 epos
1256 2853 1396 2920 erit,
1423 2867 1529 2907 non
1552 2849 1900 2921 argumentis,
1928 2863 2033 2903 non
2076 2846 2230 2903 testia

655 2950 754 3003 bus
781 2963 797 3003 :
820 2961 940 3025 nam
973 2947 1085 3016 ipse
1110 2932 1269 3015 iudex
1296 2944 1475 2999 omnia
1499 2951 1601 3010 est,
1644 2944 1817 3005 testis,
1855 2949 2228 3012 argumentum

656 3046 711 3093 ct
732 3036 917 3108 iudex.
949 3034 1139 3093 Omnia
1168 3035 1362 3105 quippe
1388 3035 1531 3090 clare
1567 3034 1712 3089 novit
1737 3033 1827 3088 ille
1854 3052 1868 3089 :
1896 3047 2017 3087 nam
2046 3030 2233 3086 Omnia

658 3128 796 3189 nuda
839 3139 886 3182 et
928 3114 1103 3195 aperta
1148 3136 1265 3195 sunt
1310 3125 1467 3180 oculis
1514 3126 1622 3196 ejus
1664 3123 1846 3195 (Hebr.
1876 3124 2085 3194 4.13);
2126 3137 2232 3178 non

659 3221 842 3287 dives,
874 3234 979 3273 non
1004 3229 1207 3291 pauper
1229 3258 1246 3282 ,
1278 3232 1383 3273 non
1414 3226 1601 3287 potens
1620 3256 1637 3281 ,
1667 3229 1773 3271 non
1808 3214 2082 3281 inﬁrmus,
2126 3228 2232 3268 non

660 3313 873 3382 sapiens
892 3352 906 3376 ,
938 3325 1043 3365 non
1074 3308 1360 3378 insipiens,
1389 3323 1492 3362 non
1518 3316 1728 3373 serrus,
1757 3321 1863 3361 non
1890 3305 2045 3373 liber,
2078 3319 2236 3359 nemo

660 3402 770 3456 illic
805 3399 1099 3471 apparebit,
1146 3398 1240 3453 sed
1284 3397 1369 3453 his
1419 3396 1660 3468 personis
1697 3397 1971 3463 contritis,
2013 3411 2235 3465 operum

663 3502 864 3547 tantum
889 3506 1110 3547 examen
1150 3491 1271 3545 erit.
1299 3489 1429 3545 Nam
1460 3488 1505 3544 si
1531 3490 1582 3546 in
1607 3477 1855 3559 judiciis,
1886 3502 2005 3544 cum
2028 3487 2146 3557 quis
2171 3485 2239 3543 de

663 3566 957 3655 tyrannide.
990 3591 1082 3637 aut
1132 3581 1199 3637 de
1251 3582 1396 3636 caede
1435 3595 1651 3637 causam
1696 3580 1868 3645 dicit,
1918 3579 2239 3649 quicumque

664 3675 847 3742 fuerit,
874 3657 987 3731 sive
1016 3673 1317 3744 praefectus,
1348 3674 1460 3728 sive
1477 3673 1686 3738 consul,
1707 3672 1823 3726 sive
1848 3670 2055 3742 quidvis
2073 3669 2235 3735 aliud,

666 3769 845 3825 omnia
870 3767 1085 3823 avolant
1110 3766 1335 3837 insignia
1361 3764 1651 3837 dignitatis,
1681 3774 1736 3820 et
1762 3764 1849 3835 qui
1875 3764 2239 3832 deprehensus

667 3873 784 3929 est,
813 3871 1085 3919 extremas
1110 3860 1199 3917 dat
1224 3863 1409 3931 pientis
1434 3874 1449 3914 :
1475 3858 1643 3915 multo
1670 3859 1839 3928 magis
1874 3857 1945 3912 ibi
1972 3871 2059 3911 res
2086 3856 2156 3911 ita
2181 3869 2242 3911 se

666 3950 899 4010 habebit.

740 4047 792 4102 5.
839 4044 1007 4099 Virtus
1049 4041 1251 4115 facilis,
1276 4042 1494 4112 nequitia
1520 4056 1749 4094 onerosa.
1795 4036 1984 4093 Contra
2012 4053 2239 4092 usuram.

668 4164 740 4178 ι·-
769 4135 823 4191 Id
845 4150 912 4191 ne
938 4134 1050 4200 ﬂat,
1079 4146 1355 4204 ponamus,
1385 4131 1629 4192 obsecro,
1658 4128 1900 4183 sordidas
1948 4137 2159 4195 vestes,
2190 4136 2246 4183 et

670 4226 950 4281 induumnr
995 4237 1143 4277 arma
1196 4222 1348 4287 lucis,
1404 4229 1458 4275 et
1508 4220 1675 4289 gloria
1724 4218 1819 4273 Dei
1863 4219 2077 4273 amiciet
2123 4232 2241 4273 nos.

672 4318 808 4385 Quid
834 4318 975 4371 enim
1002 4330 1079 4371 ex,
1093 4314 1370 4384 prrcceptis
1398 4310 1599 4382 grave?
1618 4309 1743 4380 quid
1764 4325 1868 4364 non
1900 4309 2091 4365 facile?
2107 4309 2245 4364 Audi

676 4413 832 4481 igitur
855 4402 1139 4477 quiddicat
1158 4405 1445 4474 propheta,
1472 4411 1525 4458 et
1556 4414 1677 4457 tunc
1708 4401 2011 4457 facilitatem
2042 4401 2244 4456 intelli-

675 4520 806 4575 ges:
840 4501 1013 4572 Neque
1048 4500 1093 4554 si
1128 4496 1461 4551 incursaveris
1488 4537 1503 4561 ,
1532 4495 1677 4564 quasi
1725 4495 2005 4560 circulum,
2058 4494 2249 4547 collum

678 4610 837 4657 tuum,
864 4604 909 4646 et
928 4608 1127 4647 saccum
1150 4600 1197 4644 et
1225 4590 1438 4642 sinerent
1463 4586 1807 4651 substraveris,
1831 4601 1988 4655 neque
2007 4586 2079 4639 sic
2102 4599 2250 4639 voca-

678 4688 752 4743 bis
762 4685 1013 4757 jejunium
1041 4680 1371 4750 acceptabile‘
1395 4678 1517 4731 :sed
1540 4679 1675 4731 solve
1704 4694 1849 4731 ontne
1872 4678 2125 4731 vinculum
2154 4678 2251 4731 ini-

680 4778 919 4848 quitatis,
965 4774 1179 4828 dissolve
1220 4770 1545 4840 obligationes
1590 4768 1919 4823 violentan
1961 4770 2251 4847 pactionum

680 4869 831 4940 (lsui.
865 4866 951 4925 58.
983 4867 1035 4921 5.
1071 4865 1149 4935 6).
1180 4857 1311 4917 Vide
1354 4860 1623 4931 propheta:
1650 4860 1982 4929 sapientiam.
2013 4861 2253 4917 Onerosa

683 4964 831 5036 prius
874 4956 1048 5029 posuit
1091 4965 1145 5012 et
1194 4953 1443 5019 sustulit,
1477 4962 1530 5007 et
1577 4967 1608 5007 a
1660 4952 1981 5008 facilioribus
2025 4955 2251 5009 salutem

679 5051 933 5120 consequi
959 5056 1125 5117 rogat,
1158 5044 1466 5110 ostendens,
1514 5058 1619 5096 non
1664 5042 1875 5098 labores
1923 5043 2113 5111 Deum,
2159 5046 2253 5100 sed

680 5140 1034 5198 obedientiam
1061 5146 1372 5205 exposcere.
1405 5133 1606 5189 Deinde
1635 5142 1693 5188 ut
1720 5145 2107 5191 commonstret
2152 5138 2259 5191 vir-

686 5244 851 5287 tutem
891 5229 1121 5288 lacilem,
1176 5224 1464 5295 nequitiam
1513 5239 1638 5278 vero
1693 5240 1973 5281 onerosam
2030 5242 2170 5294 esse,
2225 5244 2255 5283 a

686 5323 839 5378 nudis
870 5320 1172 5373 nominibus
1212 5316 1262 5371 id
1303 5315 1547 5371 adstruit.
1576 5312 1821 5384 Nequitia
1843 5318 2023 5383 enim,
2056 5319 2253 5387 inquit,

683 5428 767 5471 est
787 5414 1051 5470 vinculum
1082 5420 1135 5465 et
1163 5409 1432 5479 obligatio,
1467 5408 1634 5462 virtus
1656 5416 1829 5462 autem
1861 5410 1927 5463 ab
1958 5410 2038 5464 bis
2061 5410 2256 5466 libera-

687 5512 761 5564 Iio
788 5517 837 5562 et
870 5504 1079 5559 solutio.
1114 5500 1324 5555 Omnem
1351 5498 1692 5571 syngrapham
1720 5498 1960 5565 iniustam
1991 5501 2213 5569 discerpe
2239 5543 2255 5565 ,

686 5605 947 5658 [tonorum
969 5607 1021 5651 et
1042 5609 1321 5651 usurarum
1339 5592 1592 5661 rescripta
1613 5591 1689 5647 sic
1714 5592 2003 5662 appellans.
2032 5591 2262 5648 Dissolve

753 5733 766 5766 ¹
806 5728 987 5791 »ιρι-ει..
1175 5728 1244 5799 sic
1266 5726 1453 5777 vocabis
1469 5722 1765 5797 sacriﬁcium
1783 5726 2090 5791 acceptabilc.
2114 5735 2259 5788 Unus,

753 5802 837 5843 ttae
862 5807 929 5843 sic
959 5806 1070 5843 voca
1168 5792 1293 5841 diem
1318 5787 1668 5843 acceutobtlem.

689 5802 837 5858 ’νέηαι
862 5807 929 5845 τις
959 5787 1143 5843 curabis
1168 5792 1293 5841 diem
1318 5787 1668 5852 acceptabilem.

2327 464 2615 533 confractos
2665 462 2718 515 in
2777 460 3103 526 remissione,
3155 458 3383 515 miseros
3435 459 3699 522 videlicet.
3762 460 3913 516 Talis

2324 540 2519 624 quippe
2559 552 2770 607 debitor
2812 563 2894 608 est
2928 566 3089 607 :cum
3138 551 3329 621 viderit
3368 552 3687 607 creditorem
3714 596 3729 617 ,
3789 553 3911 622 ejus

2325 645 2532 699 animus
2560 644 2839 713 frangitur,
2888 644 3169 714 ipsumque
3210 644 3380 709 magis
3404 657 3560 715 quant
3594 644 3761 700 feram
3792 646 3903 698 for-

2326 734 2509 789 midat.
2554 733 2621 789 Et
2665 750 2909 805 pauperes
2952 744 3081 789 tecto
3129 744 3352 789 carentes
3393 736 3544 790 induc
3592 737 3647 789 in
3699 738 3911 790 deorum

2326 836 2507 891 tuam;
2534 827 2578 881 si
2597 826 2779 880 videris
2808 826 3020 890 nudum,
3050 828 3189 896 operi
3209 843 3343 892 eam,
3365 838 3412 882 et
3448 830 3680 898 proprios
3700 830 3912 884 sensim:

2325 918 2399 970 tui
2431 934 2532 971 non
2558 916 2805 986 despicias
2827 916 2981 985 (Isai.
3015 916 3104 973 58.
3134 910 3211 989 Ἰ).
3240 918 3297 972 In
3322 919 3580 973 concinne
3616 933 3773 987 quam
3804 934 3909 971 nn-

2327 1016 2422 1077 per
2467 1005 2768 1071 habuimus,
2824 1018 2946 1061 cum
2991 1006 3060 1062 de
3088 1008 3324 1077 praemiis
3351 1023 3651 1075 ageremus.
3692 1007 3912 1062 divitias

2326 1096 2449 1153 inde
2476 1106 2655 1166 partas
2678 1090 3011 1153 ostendimus
3056 1114 3069 1151 :
3097 1087 3259 1154 nunc
3288 1110 3447 1167 porro
3475 1098 3749 1153 videamus
3776 1114 3908 1153 num

2323 1186 2449 1256 quid
2478 1201 2544 1241 ex
2576 1187 2858 1256 praeceptis
2885 1185 3103 1243 difficile
3127 1188 3232 1252 sit,
3277 1196 3332 1243 et
3382 1199 3626 1243 naturam
3667 1198 3909 1244 nostram

2324 1285 2558 1346 superet.
2588 1277 2695 1335 Sed
2721 1276 2852 1330 nihil
2882 1277 3059 1333 simile
3088 1278 3452 1344 inveniemus;
3486 1279 3594 1333 into
3638 1281 3911 1335 contraria

2325 1369 2524 1435 otnnia,
2573 1367 2645 1423 ita
2690 1379 2750 1424 ut
2795 1385 2915 1440 quae
2954 1370 3201 1426 virtutem
3245 1364 3508 1442 spectant,
3535 1387 3780 1442 magnam
3810 1372 3914 1427 ha-

2325 1463 2486 1517 beant
2533 1462 2862 1529 facilltatem,
2916 1472 3104 1518 contra
3149 1478 3298 1530 vero,
3352 1480 3473 1535 qum
3519 1464 3587 1519 ad
3616 1465 3910 1535 nequitiam

2328 1553 2633 1623 pertinent,
2681 1553 2917 1610 sudores"
2957 1556 3234 1622 maximos.
3270 1556 3407 1624 Quid
3438 1558 3578 1611 enim
3610 1566 3693 1613 est
3717 1557 3914 1614 difﬁci-

2326 1645 2445 1709 lius,
2476 1661 2634 1716 qnam
2668 1644 2943 1714 fmnerari,
2972 1662 3035 1702 ac
3059 1648 3124 1702 de
3148 1662 3305 1703 usura
3327 1658 3380 1704 et
3405 1650 3735 1717 pactionibus
3763 1650 3916 1705 solli-

2324 1735 2487 1790 citum
2531 1751 2673 1800 esse,
2716 1738 3039 1806 sponsiones
3083 1749 3358 1808 expetere,
3400 1755 3463 1795 ac
3503 1740 3569 1794 de
3598 1741 3914 1810 pignoribus

2327 1835 2567 1881 metuere
2608 1838 2673 1881 ac
2715 1836 2965 1892 tremere,
3005 1828 3075 1883 de
3124 1840 3289 1893 sorte,
3331 1831 3400 1886 de
3446 1831 3785 1903 syngraphis,
3840 1831 3915 1887 de

2328 1917 2643 1980 femoribus.
2671 1919 2739 1976 de
2766 1920 3143 1995 sponsionibus
3165 1922 3216 1976 ³2
3242 1921 3399 1978 Tales
3442 1932 3565 1979 sunt
3610 1939 3697 1979 res
3738 1938 3915 1979 sarcu-

2328 2009 2489 2064 lares.
2524 2009 2647 2065 "me
2690 2026 2809 2081 qua:
2844 1998 3050 2066 videtur
3093 2012 3387 2083 excogitata
3428 2014 3688 2069 securitas
3731 2014 3917 2084 suspi-

2333 2101 2572 2156 cionibus
2603 2100 2755 2171 plena
2778 2144 2794 2168 ,
2825 2112 2878 2157 et
2903 2105 3138 2158 omnium
3166 2103 3501 2175 fragilissima
3543 2115 3653 2172 est;
3698 2106 3915 2162 miseri—

2328 2191 2563 2247 cordiam
2630 2204 2806 2248 autem
2851 2208 3102 2249 exercere
3148 2194 3304 2251 facile
3353 2206 3436 2251 est
3453 2198 3496 2263 ³,
3545 2198 3614 2252 ab
3659 2198 3918 2268 omnique

2336 2281 2695 2336 sollicitudine
2740 2283 2949 2338 liberat.
2995 2283 3073 2340 Ne
3118 2286 3277 2357 igitur
3328 2286 3535 2342 alienas
3583 2287 3918 2345 calamitates

2334 2372 2688 2442 negotiemur,
2719 2388 2789 2430 ne
2811 2376 2864 2429 in
2889 2375 3094 2431 lucrum
3122 2384 3389 2433 vertamus
3418 2378 3505 2432 illa
3532 2395 3652 2449 quae
3691 2379 3757 2434 ad
3809 2380 3916 2433 mi-

2332 2462 2679 2517 sericordiam
2708 2474 2972 2532 spectant.
3003 2465 3130 2521 Scio
3155 2465 3406 2537 quidem,
3438 2469 3635 2523 multos
3666 2469 3781 2523 lnnc
3803 2485 3916 2523 non

2332 2551 2561 2608 libenter
2587 2554 2772 2609 audire
2796 2572 2810 2608 :
2837 2555 2929 2610 sed
2958 2556 3084 2626 quid
3113 2572 3178 2613 es
3208 2557 3420 2613 silentio
3447 2558 3577 2614 lucri
3603 2560 3920 2616 accederet?

2332 2643 2391 2701 Si
2420 2655 2647 2712 taceam,
2675 2657 2730 2702 et
2754 2649 2952 2703 nemini
2983 2649 3280 2705 molestiam
3303 2653 3483 2708 verbis
3511 2651 3731 2708 inferam
3756 2692 3772 2713 .
3807 2670 3919 2708 non

2334 2748 2523 2809 potero
2574 2755 2670 2809 per
2718 2741 2990 2796 silentium
3042 2758 3135 2798 vos
3178 2759 3209 2798 a
3257 2744 3516 2814 supplicio
3552 2760 3776 2808 eruere;
3806 2745 3921 2800 imo

2336 2828 2461 2885 hinc
2488 2832 2666 2885 omnia
2708 2835 2977 2887 contraria
3004 2834 3256 2889 eveniunt
3287 2854 3300 2889 :
3328 2836 3586 2905 supplicia
3615 2845 3880 2906 augentur
3900 2876 3919 2902 ,

2338 2932 2501 2993 atque
2528 2924 2835 2992 hujusmodi
2882 2924 3115 2990 silentii,
3148 2942 3252 2978 non
3284 2940 3379 2980 vos
3411 2936 3611 2980 tantum
3642 2968 3656 2991 ,
3690 2926 3784 2981 sed
3814 2942 3924 2999 ego

2337 3015 2496 3068 etiam
2527 3028 2711 3084 pinnas
2737 3015 2943 3069 darem.
2971 3014 3050 3068 Ad
3081 3016 3210 3085 quid
3236 3017 3396 3086 igitur
3418 3019 3701 3071 verborum
3723 3017 3927 3073 adula-

2338 3094 2434 3169 tio,
2465 3104 2679 3175 quando
2700 3106 2789 3159 illa
2814 3105 2880 3160 ad
2906 3107 3235 3175 operaudum
3265 3108 3396 3161 nihil
3411 3108 3563 3178 juvat
3584 3151 3599 3173 ,
3628 3110 3734 3165 imo
3754 3110 3927 3167 etiam

2340 3195 2547 3251 nocet?
2599 3197 2740 3266 quod
2789 3196 2995 3251 lucrum
3048 3197 3213 3252 verbo
3260 3197 3495 3253 lwtitiam
3531 3240 3547 3266 ,
3597 3214 3657 3256 re
3701 3199 3929 3256 dolores

2340 3280 2576 3343 aliene?
2613 3302 2771 3343 aures
2806 3288 3112 3344 demulcere
3136 3300 3195 3345 et
3227 3292 3460 3345 animam
3488 3291 3746 3362 supplicio
3769 3292 3932 3346 addi-

2340 3370 2498 3435 cere?
2540 3380 2664 3435 Ideo
2689 3396 2909 3437 necesse
2950 3391 3035 3437 est
3078 3381 3164 3439 hic
3208 3383 3411 3450 dolere,
3462 3394 3535 3441 ne
3583 3386 3693 3441 illic
3735 3401 3931 3456 poenas

2341 3470 2547 3526 demus.
2580 3470 2712 3525 Nam
2740 3474 2939 3542 gravis,
2969 3475 3143 3542 gravis
3169 3485 3316 3530 certe
3335 3486 3393 3530 et
3410 3478 3631 3541 omnino
3656 3468 3933 3535 curandus

2344 3562 2560 3617 morbus
2604 3562 2895 3619 Ecclesiam
2941 3564 3152 3619 inVasit.
3190 3565 3288 3633 Qui
3322 3566 3685 3643 prohibentur
3714 3570 3806 3623 'vel
3854 3585 3930 3626 ex

2339 3654 2499 3725 justis
2524 3653 2797 3711 laboribus
2828 3658 3079 3726 pecunias
3102 3661 3460 3728 accumulare,
3493 3663 3598 3717 imo
3620 3663 3708 3733 qui
3730 3663 3936 3733 jubene

2345 3752 2432 3799 tur
2459 3760 2592 3815 opes
2618 3761 2742 3802 suas
2762 3749 2947 3819 egenis
2977 3751 3191 3821 aperire
3210 3787 3227 3820 ,
3260 3767 3326 3806 ex
3358 3752 3583 3825 aliorum
3614 3767 3938 3826 paupertate

2344 3835 2615 3894 ditescant
2640 3880 2655 3905 ,
2689 3841 2988 3909 speciosam
3019 3845 3258 3911 rapinam
3286 3846 3653 3916 excogitantes
3696 3857 3752 3903 et
3789 3849 3939 3906 bene

2345 3928 2635 3984 coloratam
2659 3931 2956 3985 avaritiam.
2980 3931 3057 3988 Ne
3076 3935 3206 3988 mibi
3230 3949 3478 3992 extentas
3504 3937 3650 4008 leges
3674 3939 3935 4009 objicias:

2348 4020 2662 4092 publicanus
2707 4026 2849 4080 enim
2902 4025 3069 4096 legem
3100 4026 3243 4082 illam
3275 4032 3595 4085 exteriorem
3627 4042 3805 4087 servat
3827 4074 3846 4098 ,
3880 4045 3943 4089 et

2351 4123 2528 4169 tamen
2572 4115 2665 4169 dat
2708 4132 2912 4186 inertas.
2955 4118 3106 4185 Quod
3145 4120 3304 4174 etiam
3335 4136 3436 4176 nos
3481 4123 3773 4192 patiemur,
3831 4126 3943 4181 nisi

2350 4205 2655 4261 desinamus
2688 4224 2948 4278 pauperes
2971 4219 3235 4278 atterere,
3287 4222 3341 4267 et
3370 4214 3611 4283 penuria:
3656 4219 3945 4286 egestatis-

2351 4314 2455 4369 que
2494 4301 2775 4357 occasione
2814 4312 3044 4373 sumpta,
3084 4304 3394 4375 impudente
3421 4307 3564 4362 abuti
3594 4322 3773 4363 usura.
3806 4308 3947 4366 ideo

2350 4392 2493 4445 enim
2544 4393 2817 4461 pecunias.
2840 4392 3036 4463 habes,
3069 4404 3126 4450 ut
3157 4408 3521 4467 paupertatem
3566 4402 3782 4468 solvas,
3829 4420 3945 4459 non

2352 4492 2411 4537 ut
2434 4499 2553 4539 eam
2580 4486 2884 4553 opprimas;
2916 4495 2973 4540 tu
3004 4502 3168 4558 vero,
3198 4490 3349 4558 quasi
3379 4505 3533 4560 Opem
3566 4490 3744 4548 ferens
3768 4533 3783 4558 ,
3812 4510 3947 4548 ma-

2350 4578 2524 4649 jorem
2571 4575 3133 4642 inferscalamitatem
3161 4623 3175 4647 ,
3224 4592 3279 4638 et
3308 4582 3679 4640 liberalitatem
3710 4591 3944 4655 pecunia

2358 4671 2566 4725 vendis.
2604 4670 2785 4725 Vende
2806 4713 2820 4736 ,
2854 4687 2959 4727 non
2992 4684 3113 4727 veto
3137 4714 3153 4740 ,
3192 4675 3285 4729 sed
3315 4690 3410 4745 pro
3442 4691 3604 4748 regno
3630 4678 3892 4734 calorum
3927 4700 3944 4735 :

2359 4778 2427 4819 ne
2458 4778 2675 4843 parvum
2702 4764 2931 4833 accipias
2956 4767 3135 4833 Operis
3163 4765 3380 4836 hujusce
3410 4770 3641 4836 pretium
3663 4810 3679 4834 ,
3714 4786 3941 4827 usumm

2359 4854 2699 4909 centesimam
2732 4852 2839 4925 (a),
2872 4854 2966 4910 sed
2996 4856 3154 4910 vitam
3202 4858 3578 4915 immortalem.
3606 4862 3713 4916 Cur
3739 4878 3952 4932 pauper

2361 4958 2414 5005 et
2465 4964 2665 5003 eventis
2712 4950 2809 5004 es?
2861 4965 2956 5004 cur
3005 4950 3178 5023 pusilli
3206 4952 3388 5018 animi,
3439 4964 3495 5007 ut
3538 4971 3727 5025 magna
3774 4974 3950 5028 parvo

2362 5041 2535 5111 pretio
2583 5042 2788 5095 vendas
2816 5081 2831 5107 ,
2873 5050 2927 5095 et
2978 5056 3075 5110 pro
3122 5042 3337 5098 caducis
3384 5034 3624 5113 pecuniis
3651 5046 3787 5113 des,
3817 5064 3949 5106 cum
4031 5031 4042 5037 ’

2362 5140 2637 5203 oporteret
2668 5147 2762 5202 pro
2804 5146 2969 5202 regno
2994 5131 3227 5187 vendere
3266 5147 3481 5203 semper
3509 5140 3801 5193 manente?
3848 5156 3954 5197 cur

2366 5227 2473 5283 Deo
2526 5225 2738 5291 relicto,
2784 5222 3013 5280 humana
3056 5226 3318 5281 lucraris?
3360 5242 3458 5283 cur
3500 5228 3665 5286 divite
3708 5231 3897 5288 relicto
3931 5275 3948 5304 ,

2428 5415 2443 5447 ί
2482 5414 2661 5467 MoreL
2690 5411 2751 5461 de
2774 5412 3009 5475 [cenarum
3030 5404 3375 5475 sponlst'ortt'bus.

2428 5478 2447 5509 ¹
2484 5483 2625 5533 Unus,
2652 5467 2927 5535 impendere
2954 5467 3111 5535 mitem
3133 5467 3275 5529 facile
3298 5478 3385 5520 est.

2431 5538 2502 5599 (α)
2534 5531 2649 5588 Erat
2694 5531 2836 5598 porro
2860 5533 3113 5599 centesima
3137 5543 3297 5599 usura:
3316 5545 3510 5599 genus,
3535 5545 3632 5594 quo
3672 5533 3754 5593 qui
3780 5531 3826 5581 in
3854 5533 3949 5585 fan—

2367 5593 2458 5649 nus
2478 5593 2803 5662 accipiebant,
2823 5593 3025 5655 singulis
3046 5594 3297 5642 mensibus
3326 5593 3639 5662 centesimam
3663 5600 3813 5643 sortis
3834 5602 3951 5657 par-

2368 5670 2468 5713 tem
2489 5657 2754 5719 solv'erent,
2796 5661 2858 5707 ita
2887 5666 2937 5706 ut
2958 5663 3155 5706 centum
3188 5657 3436 5719 mensibus
3468 5664 3649 5706 sortem
3668 5664 3951 5719 mearent.

2368 5734 2446 5776 ue
2468 5726 2670 5786 reliquis
2692 5714 2983 5786 centesimge
2993 5720 3261 5786 generibus
3284 5718 3389 5766 vide
3407 5732 3549 5781 snpm
3581 5720 3627 5766 in
3662 5714 3957 5780 pncfatiosto

2370 5790 2424 5839 all
2446 5782 2665 5851 quntum
2688 5793 2901 5844 'I‘omum,
2927 5782 3025 5844 εγ.
