4174 6332
204 366 286 434 557
1178 355 1243 421 IN
1281 349 1690 421 animum
1724 352 1963 415 noun.
2005 356 2163 414 t.vn.
2203 360 2275 415 al.
2316 348 2500 420 mn.

200 486 390 567 pauperi
417 486 722 545 molestiam
744 479 927 552 infers;
947 494 1001 540 et
1020 478 1332 554 largientem
1353 490 1771 552 praetercurrens

138 596 147 603 "
200 601 305 641 curn
327 586 539 654 ingrato
570 591 722 649 pacta
754 578 892 634 inis?
920 578 1018 633 Ille
1047 576 1274 631 reddere
1301 573 1652 644 concupiscit,
1681 570 1769 625 hic

208 690 326 748 agre
354 674 551 729 reddit.
588 673 685 728 Hic
728 673 812 727 vix
838 670 1189 725 centesimum
1220 676 1501 731 numerat;
1528 665 1619 720 ille
1644 679 1772 719 cen-

205 769 378 838 tuplum
408 775 461 819 et
507 779 733 834 regnum
780 763 1054 817 caelorum.
1107 760 1205 815 llic
1248 774 1370 813 cum
1415 757 1672 813 conviciis
1715 763 1769 810 et

202 855 539 918 contumeliis,
590 856 680 911 ille
723 870 842 909 cum
884 853 1130 907 laudibus
1155 862 1207 907 et
1233 850 1515 907 encomiis.
1551 848 1646 902 llic
1672 846 1767 901 tibi

201 947 431 1003 invidiam
483 946 664 1014 parit,
719 945 805 999 ille
855 943 947 998 libi
988 956 1215 998 coronas
1263 942 1447 997 nectit.
1480 940 1575 994 llic
1600 939 1686 993 vix
1713 940 1765 993 in

203 1041 289 1097 hoc
323 1040 554 1106 saeculo,
588 1038 680 1093 ille
723 1048 776 1092 et
804 1037 855 1090 in
884 1035 988 1090 hoc
1015 1045 1070 1091 et
1097 1037 1149 1089 in
1182 1035 1380 1089 futuro.
1412 1034 1607 1088 Annon
1635 1045 1766 1100 ergo

197 1138 432 1185 extrema:
479 1128 765 1183 dementiae
810 1116 912 1194 est,
964 1141 1033 1181 ne
1080 1126 1221 1179 scire
1261 1123 1476 1195 quidem
1519 1122 1766 1177 lucrari?

199 1223 322 1289 Quot
359 1219 591 1276 fenoris
632 1234 792 1274 causa
840 1226 1039 1272 sortem
1076 1218 1237 1271 etiam
1278 1214 1612 1271 amiserunt?
1636 1222 1768 1285 quot

197 1323 395 1385 propter
421 1326 614 1367 usuras
640 1312 692 1366 in
722 1311 954 1381 pericula
982 1310 1315 1365 inciderunt?
1339 1320 1469 1379 quot
1512 1316 1568 1366 et
1608 1322 1667 1363 se
1712 1317 1769 1362 et

198 1406 312 1461 alios
334 1404 384 1458 in
415 1412 712 1458 extremam
746 1408 1109 1472 paupertatem
1140 1399 1454 1470 deiecerunt
1483 1397 1552 1455 ob
1579 1399 1763 1454 incre-

193 1495 387 1553 dibilem
416 1496 739 1549 avaritiam?

253 1590 302 1647 ϐ.
326 1588 400 1644 Ne
430 1588 562 1643 mihi
591 1588 794 1643 dixeris
817 1630 832 1653 ,
863 1586 1010 1641 illum
1040 1587 1198 1642 talem
1226 1586 1455 1641 libenter
1477 1586 1721 1655 accipere
1745 1627 1760 1651 ,

193 1692 240 1736 et
274 1682 337 1736 de
376 1679 587 1735 fanore
642 1679 867 1749 gratiam
912 1678 1129 1732 habere.
1172 1676 1299 1731 Illud
1344 1679 1486 1732 enim
1534 1692 1630 1744 per
1678 1677 1763 1731 in-

192 1773 558 1830 humanitatem
603 1781 748 1827 tuam
806 1771 1002 1826 evenit.
1048 1770 1178 1825 Nam
1226 1782 1279 1826 et
1327 1770 1594 1826 Abraham
1640 1784 1764 1825 cum

189 1882 388 1923 uxorem
439 1866 685 1921 barbaris
733 1864 971 1930 tradidit,
1025 1864 1244 1919 insidias
1293 1864 1409 1919 illas
1437 1864 1537 1917 sibi
1582 1871 1763 1933 gratas

189 1934 397 2016 reddidit
420 1957 595 2029 (Gen.
625 1956 710 2011 te.
743 1959 809 2010 is
826 1957 877 2027 );
908 1973 1012 2011 non
1041 1957 1306 2021 libenter,
1339 1956 1432 2013 sed
1464 1957 1532 2011 ub
1561 1966 1762 2011 metum

189 2052 487 2108 Pharaonis.
516 2050 605 2106 Sic
631 2050 791 2104 etiam
835 2066 1036 2119 pauper
1059 2090 1074 2114 ,
1106 2051 1226 2120 quia
1275 2066 1334 2104 re
1375 2051 1540 2120 gratis
1570 2045 1761 2105 ’oblata

187 2146 385 2214 dignum
431 2142 585 2197 illum
651 2156 757 2194 non
815 2154 1044 2203 censes,
1096 2140 1165 2196 de
1210 2142 1526 2196 crudelitate
1564 2144 1764 2213 gratias

183 2252 327 2308 agere
369 2235 603 2306 cogitur.
648 2233 730 2289 Tu
762 2244 939 2288 autem
970 2233 1101 2287 mihi
1146 2233 1364 2297 videris.
1395 2236 1438 2287 si
1464 2250 1491 2287 a
1520 2234 1761 2305 periculo

186 2328 473 2398 quempiam
505 2327 827 2388 vindicares,
858 2327 1163 2382 mercedem
1196 2336 1247 2381 te
1279 2326 1375 2380 hac
1402 2327 1469 2381 de
1499 2342 1660 2381 causa
1692 2328 1763 2383 ab

185 2418 267 2472 illo
303 2419 665 2488 llagitaturum
714 2430 857 2472 esse.
903 2417 1089 2481 Absit,
1121 2417 1347 2487 inquies.
1395 2418 1531 2485 Quid
1582 2418 1759 2475 dicis?

184 2510 298 2563 Cum
319 2525 345 2563 a
366 2509 559 2579 majori
581 2508 721 2561 malo
747 2508 964 2571 liberas,
984 2523 1089 2562 non
1114 2508 1193 2564 vis
1215 2510 1470 2579 pecunias
1493 2512 1709 2582 exigere
1737 2528 1752 2565 t

181 2606 293 2661 dum
321 2622 415 2676 pro
460 2620 525 2661 re
551 2605 763 2660 minore
794 2613 992 2658 tantam
1025 2603 1246 2659 exhibes
1272 2604 1711 2660 inbumanitatem
1735 2608 1758 2660 ?

182 2698 281 2751 Non
323 2696 470 2751 vides
520 2704 780 2765 quantum
826 2695 950 2749 huic
992 2696 1071 2749 rei
1117 2696 1361 2750 imminet
1386 2696 1756 2765 supplicium?

182 2803 273 2841 non
317 2786 468 2841 audis
519 2784 645 2839 illud
697 2786 747 2839 in
780 2785 959 2839 Veteri
1000 2785 1159 2839 etiam
1190 2785 1537 2841 Testamento
1569 2788 1753 2857 probi-

179 2880 279 2936 beri
305 2878 478 2951 (Deut.
512 2878 645 2950 l5)?
675 2877 781 2934 Sed
804 2878 929 2948 quid
964 2879 1117 2932 multi
1163 2878 1585 2934 causiﬁcantur?
1617 2881 1753 2936 Dum

178 2973 333 3026 lienus
366 2970 600 3039 accipio,
649 2968 720 3023 do
764 2968 1006 3039 pauperi.
1055 2969 1203 3025 Bona
1233 2969 1416 3036 verba,
1446 2972 1518 3025 mi
1550 2970 1751 3038 homo;

179 3061 462 3132 huiusmodi
519 3060 783 3116 sacriﬁcia
831 3077 937 3116 non
982 3061 1099 3116 vult
1146 3062 1307 3118 Deus.
1356 3063 1434 3117 Ne
1478 3065 1648 3135 legem
1683 3066 1751 3120 ita

176 3153 349 3209 callide
386 3151 601 3208 eludas.
654 3151 843 3206 Melius
889 3160 972 3207 est
1016 3155 1232 3223 pauperi
1264 3170 1368 3209 non
1394 3154 1525 3210 dare
1549 3198 1561 3219 ,
1591 3172 1750 3226 quam

175 3244 283 3302 inde
324 3254 600 3317 sumptum
628 3242 757 3299 dare
799 3261 812 3297 :
855 3245 975 3314 quia
1013 3247 1299 3314 pecuniam
1339 3247 1500 3312 justis
1544 3259 1747 3317 partam

176 3336 419 3391 laboribus
442 3351 593 3406 stepe
615 3334 797 3389 reddis
823 3334 1057 3405 iniquam
1085 3336 1153 3391 ob
1184 3337 1397 3407 iniquos
1424 3337 1586 3406 fctus,
1615 3355 1678 3396 ac
1699 3342 1745 3396 si

172 3432 274 3499 quis
294 3428 582 3486 fecundum
615 3437 827 3484 uterum
861 3438 1018 3499 cogat
1041 3429 1355 3500 scorpiones
1382 3446 1594 3502 parere.
1638 3433 1744 3489 Ec-

172 3521 278 3589 quid
302 3522 473 3591 legem
508 3522 606 3576 Dei
638 3522 912 3577 memoro?
938 3523 1127 3577 Annon
1158 3537 1255 3577 vos
1283 3523 1381 3594 ipsi
1405 3524 1593 3580 sordes
1618 3525 1744 3581 illud

171 3614 273 3669 esse
308 3613 527 3670 dicitis?
555 3613 615 3669 Si
643 3624 820 3669 autem
861 3629 959 3669 vos
1004 3614 1092 3684 qui
1132 3614 1338 3670 lucrum
1387 3616 1634 3680 refertis,
1673 3620 1744 3672 ita

171 3707 410 3771 statuitis;
453 3706 635 3777 cogita
677 3720 836 3775 quam
885 3706 1024 3761 Deus
1062 3705 1131 3762 de
1172 3707 1323 3762 vobis
1352 3708 1487 3763 feret
1527 3719 1745 3765 senten-

170 3797 295 3852 tiam.
322 3798 476 3863 Quod
508 3799 555 3853 si
585 3797 719 3853 velis
743 3806 996 3853 externos
1023 3799 1355 3869 legislatures
1383 3800 1739 3871 interrogare,

167 3887 326 3943 audies
376 3889 504 3944 illos
561 3888 613 3943 id
671 3898 927 3944 extrema:
980 3889 1325 3959 impudentiae
1372 3906 1493 3947 esse
1531 3902 1737 3961 putare.

166 3978 299 4035 Certe
328 3980 392 4037 iis
434 3981 529 4051 qui
582 3980 870 4051 dignitates
916 3992 1210 4051 occupant,
1247 3983 1443 4054 quique
1482 3984 1739 4040 Senatum

165 4085 387 4142 magnum
417 4073 781 4144 constituunt,
811 4088 915 4127 non
945 4073 1071 4129 licet
1099 4074 1401 4144 hujusmodi
1446 4077 1596 4132 lucro
1644 4077 1738 4132 de-

166 4160 447 4227 honestari;
478 4164 582 4219 sed
617 4165 700 4219 lex
728 4165 866 4235 apud
898 4165 1017 4221 illus
1045 4176 1161 4233 est,
1211 4184 1330 4237 qua:
1372 4168 1421 4223 id
1469 4170 1735 4239 prohibet.

162 4252 416 4320 Quomodo
447 4256 618 4327 igitur
639 4271 744 4311 nou
778 4256 1101 4312 horrendum
1131 4258 1288 4314 fuerit
1306 4303 1321 4327 ,
1346 4261 1389 4315 si
1420 4278 1524 4317 non
1552 4278 1736 4333 parem

3375 366 3481 424 558

1877 474 2078 531 calenti
2108 476 2307 532 civitati
2330 468 2593 555 honorem
2621 474 2827 538 tribuas
2850 522 2865 548 ,
2901 475 3118 552 qualem
3142 476 3481 556 legislature:

1872 564 2237 628 Romanorum
2276 572 2485 627 senatui
2514 572 2787 639 tribuunt,
2815 572 2910 629 sed
2934 564 3199 631 minorem
3228 574 3363 632 caelo
3388 593 3481 632 rc-

1873 664 2016 720 l'eras
2060 681 2220 737 quam
2254 676 2445 730 terrae,
2489 676 2665 736 neque
2690 676 2744 723 te
2774 663 2971 735 pudeat
2998 676 3160 723 tantae
3192 666 3479 739 turpitudi-

1873 757 2000 812 nis?
2042 757 2178 825 Quid
2210 757 2355 812 enim
2397 758 2638 815 insanius
2664 753 2860 835 fuerit,
2908 770 3067 829 quam
3109 762 3153 816 si
3197 763 3315 833 quis
3360 765 3479 820 sine

1874 854 2038 913 terra,
2072 850 2187 903 sine
2210 849 2409 920 pluvia,
2434 850 2551 905 sine
2574 856 2758 906 aratro
2777 842 3047 907 seminare
3073 847 3342 909 voluerit?
3364 854 3477 912 Hac

1870 939 1939 995 de
1967 955 2126 994 causa
2158 940 2359 995 zizania
2381 982 2395 1007 ,
2429 957 2549 1011 qua:
2592 941 2699 1012 igni
2729 934 2988 1018 tradenda
3014 940 3141 1000 sunt
3170 986 3185 1013 ,
3228 955 3473 1015 metunt,

1869 1032 1960 1102 qui
1989 1020 2185 1087 malam
2216 1031 2521 1102 bujusmodi
2548 1034 2929 1104 agriculturam
2961 1023 3359 1107 e'xcogitarunt.

1947 1122 2225 1178 Fennorum
2255 1120 2465 1179 damna.
2497 1156 2570 1165 —
2597 1126 2792 1181 Annon
2824 1120 3009 1182 multa:
3036 1140 3162 1184 sunt
3186 1116 3345 1199 iusta:
3374 1146 3471 1187 ne-

1866 1214 2234 1283 gotiatiOues?
2262 1230 2534 1286 agrorum,
2561 1232 2806 1288 gregum,
2829 1227 3221 1283 armentorum,
3252 1227 3477 1278 manua-

1869 1306 1996 1361 lium
2046 1306 2291 1362 laborqu
2312 1349 2327 1373 ,
2377 1308 2658 1379 solersqne
2704 1310 2781 1363 rei
2815 1310 3097 1385 familiari;
3132 1315 3305 1369 cura?
3330 1315 3471 1383 Quid

1868 1396 2071 1452 insanis
2100 1408 2156 1451 ut
2175 1399 2359 1467 spinas
2399 1400 2594 1453 frustra
2622 1398 2903 1455 demetas?
2939 1402 3006 1456 At
3038 1400 3245 1459 fructus
3272 1415 3432 1461 terrae
3452 1449 3469 1475 ,

1867 1487 2078 1558 inquies
2097 1529 2112 1553 ,
2137 1490 2321 1545 multis
2342 1499 2465 1550 sunt
2483 1492 2697 1547 casibus
2730 1492 2987 1560 obnoxii,
3010 1496 3254 1567 grandini
3274 1540 3289 1561 ,
3316 1502 3470 1555 rubi-

1865 1580 2006 1649 gini,
2035 1570 2293 1635 imbribus
2323 1574 2540 1637 nimiis?
2564 1582 2668 1638 Sed
2700 1599 2807 1639 non
2839 1594 2918 1640 tot
2944 1587 3186 1654 casibus,
3214 1602 3346 1660 quot
3370 1594 3471 1648 rm-

1867 1688 1988 1727 nus.
2017 1671 2149 1727 Nam
2179 1674 2435 1744 quidquid
2465 1675 2533 1730 ibi
2562 1664 2838 1745 acciderit,
2868 1678 3098 1734 reditum
3130 1682 3471 1740 solummodo

1865 1758 2044 1829 laedit,
2072 1774 2215 1820 sorte
2243 1766 2488 1832 interim,
2521 1765 2643 1823 sive
2681 1782 2811 1838 agro
2857 1751 3109 1827 matiente
3152 1772 3339 1830 illaeso.
3372 1774 3471 1831 Hic

1866 1872 1996 1913 vero
2026 1858 2177 1913 multi
2206 1874 2351 1929 saepe
2380 1861 2433 1914 in
2464 1860 2576 1930 ipsa
2598 1869 2745 1915 sorte
2767 1863 3098 1935 naufragium
3133 1868 3273 1935 passi
3306 1880 3465 1923 sunt:

1864 1957 1921 2003 et
1944 1957 2231 2018 antequam
2265 1950 2520 2005 damnum
2564 1952 2808 2017 accidat,
2839 1954 2893 2008 in
2921 1967 3178 2025 perpetua
3207 1946 3469 2015 soilicitu-

1864 2036 1991 2093 dine
2042 2052 2342 2094 versantur.
2384 2041 2517 2096 Nam
2565 2044 2861 2099 faenerator
2914 2039 3205 2117 numquam
3259 2064 3319 2105 re
3370 2066 3466 2107 sua

1865 2132 2074 2197 fruitur,
2104 2134 2197 2189 sed
2226 2135 2386 2216 etiam
2417 2136 2631 2206 quando
2659 2135 2834 2192 {mnus
2857 2138 3097 2206 affertur,
3118 2157 3224 2197 non
3245 2145 3465 2216 gaudet,

1864 2227 2005 2294 quod
2045 2212 2333 2295 proventus
2371 2228 2623 2297 accedat,
2666 2230 2760 2285 sed
2804 2231 2951 2288 dolet
2976 2274 2991 2298 ,
3038 2235 3181 2304 quod
3227 2212 3465 2295 n‘ondum

1864 2327 2062 2373 sortem
2093 2329 2345 2391 exaequet
2372 2336 2529 2376 usura
2549 2362 2565 2390 ,
2593 2336 2658 2377 ac
2694 2322 3005 2395 priusquam
3042 2325 3130 2383 hic
3159 2325 3299 2385 fetus
3323 2341 3466 2389 totus

1865 2409 2122 2479 prodeat,
2153 2410 2301 2471 illum
2328 2421 2497 2467 totum
2537 2428 2730 2483 parere
2769 2414 2954 2469 nititur
2974 2457 2988 2481 ,
3022 2417 3224 2473 {tenera
3256 2419 3309 2475 in
3340 2438 3462 2478 sor-

1862 2510 1971 2558 tem
1996 2515 2319 2561 convertens
2342 2541 2357 2570 ,
2387 2517 2441 2563 et
2470 2508 2577 2561 vim
2609 2496 2849 2564 inferens
2878 2518 2935 2563 ut
2964 2510 3238 2567 abortivos
3262 2515 3463 2586 vipera:

1860 2606 2045 2666 partus
2070 2597 2214 2651 edat.
2244 2597 2394 2652 Talia
2438 2606 2586 2653 certe
2631 2608 2756 2654 sunt
2801 2598 3044 2669 ftenora,
3088 2619 3209 2673 qua:
3254 2621 3462 2665 annuas

1859 2688 2108 2743 miserius
2133 2689 2327 2744 rodunt
2355 2698 2410 2745 et
2439 2689 2675 2745 lacerant
2699 2730 2713 2753 ,
2742 2705 2903 2761 quam
2931 2691 3151 2763 viperae.
3177 2693 3290 2750 Hoc
3320 2698 3460 2768 inju-

1857 2781 2017 2835 stitia:
2046 2781 2317 2859 vinculum
2348 2791 2434 2837 est
2464 2797 2477 2835 :
2510 2781 2626 2838 haec
2664 2782 2918 2855 obligatio
2963 2785 3320 2844 violentarum
3366 2807 3462 2861 pa-

1868 2864 2137 2921 ctionum.
2158 2867 2259 2931 Do,
2280 2868 2481 2939 inquit,
2506 2886 2612 2924 non
2633 2881 2693 2926 ut
2710 2875 2969 2943 accipias,
2991 2874 3085 2929 sed
3104 2880 3331 2946 utplura
3349 2877 3466 2933 red-

1867 2959 1987 3016 das.
2006 2959 2073 3015 At
2093 2959 2235 3017 Deus
2254 2973 2400 3017 vetat
2427 2964 2479 3017 id
2503 2967 2755 3036 accipere
2781 2969 2928 3037 quod
2960 2970 3157 3025 datur:
3180 2971 3338 3039 Date,
3374 2973 3460 3028 in-

1866 3055 2005 3123 quit,
2026 3054 2157 3117 illis,
2173 3070 2205 3107 a
2222 3054 2411 3124 quibus
2428 3045 2565 3110 nihil
2587 3064 2825 3128 accipere
2848 3063 3074 3129 speratis
3090 3062 3241 3130 (Luc.
3269 3063 3323 3119 6.
3338 3063 3457 3132 35);

1866 3153 1922 3198 tu
1942 3160 2073 3199 vero
2091 3145 2214 3214 plus
2234 3162 2400 3216 quam
2419 3147 2641 3203 dederis
2658 3150 2832 3219 exigis
2858 3171 2870 3205 :
2900 3163 2955 3205 et
2984 3154 3130 3223 quod
3165 3160 3273 3208 non
3304 3144 3459 3211 dedi-

1864 3236 1960 3301 sti,
1989 3245 2045 3291 ut
2066 3237 2311 3292 debitum
2334 3238 2430 3292 tibi
2455 3240 2605 3309 c0gis
2629 3256 2921 3297 numerare
2939 3259 3063 3297 eum
3084 3247 3177 3314 qui
3203 3250 3457 3305 mutuum

1850 3333 2078 3403 accepit.
2112 3332 2175 3387 Et
2207 3342 2363 3402 putas
2394 3320 2519 3386 hinc
2547 3330 2640 3386 tibi
2662 3340 2794 3402 'opes
2817 3332 3023 3402 augeri,
3053 3340 3117 3389 ac
3148 3344 3245 3404 pro
3265 3336 3461 3406 Opibus

1852 3428 2030 3497 ignem
2078 3425 2169 3479 tibi
2213 3412 2466 3480 accendis
2510 3423 3023 3495 inexstinguibilem.
3055 3420 3209 3493 Quod
3242 3443 3311 3484 ne
3342 3430 3457 3496 ﬁat,

1850 3519 1949 3575 bos
1975 3520 2241 3575 frenorum
2263 3527 2446 3589 partus
2469 3519 2639 3572 malos
2655 3527 2709 3574 et
2729 3519 2939 3591 iniquos
2960 3522 3360 3590 exscindamus,
3376 3534 3462 3581 ex-

1848 3612 2114 3667 siccemus
2144 3610 2288 3665 hunc
2327 3610 2686 3679 perniciosum
2711 3620 2926 3667 uterum
2946 3653 2962 3679 ,
2987 3627 3051 3669 ac
3077 3628 3203 3669 vera
3230 3630 3459 3687 magna-

1848 3722 1952 3777 que
1992 3709 2135 3760 lucra
2178 3714 2383 3759 tantum
2417 3716 2824 3775 persequamur.
2844 3703 3102 3773 Quaenam
3143 3708 3259 3768 haec
3288 3713 3461 3767 sunt?

1847 3798 2143 3853 Audiamus
2168 3796 2391 3852 Paulum
2410 3796 2698 3861 dicentem,
2722 3796 2944 3867 Magnus
2965 3808 3038 3854 est
3058 3813 3278 3870 quastus
3300 3804 3461 3871 pietas

1846 3908 1960 3945 cum
1985 3890 2279 3961 sufﬁcientia
2296 3889 2341 3959 (I
2360 3889 2514 3945 .Tint.
2531 3888 2582 3945 6.
2601 3891 2677 3959 6).
2699 3882 2791 3945 His
2812 3892 2971 3963 igitur
2997 3903 3205 3949 tantum
3222 3894 3460 3953 dilemur

1846 3983 2067 4049 divitiis,
2092 3992 2149 4036 ut
2175 3991 2228 4036 ct
2259 3982 2344 4036 hic
2373 3982 2762 4053 tranquillitate
2784 3982 3045 4049 fruamur,
3066 3994 3121 4040 et
3139 3986 3309 4041 futura
3326 4003 3458 4043 con-

1844 4092 2133 4147 sequamur
2147 4075 2305 4137 bona,
2326 4074 2493 4144 gratia
2505 4076 2897 4145 etbenignitate
2916 4076 3125 4132 Domini
3140 4080 3309 4134 nostri
3327 4080 3457 4137 Jesu

1845 4170 2065 4235 Christi,
2088 4169 2172 4223 cui
2203 4168 2368 4239 gloria
2392 4178 2443 4223 et
2474 4168 2756 4239 imperium
2800 4183 2921 4223 cum
2959 4168 3122 4225 Patre
3165 4181 3219 4225 et
3252 4170 3455 4243 Spiritu

1844 4270 2050 4328 sancto,
2070 4276 2209 4315 nunc
2222 4270 2275 4315 et
2288 4275 2398 4315 sem
2408 4275 2519 4330 per,
2541 4269 2595 4314 et
2616 4259 2667 4313 in
2686 4259 2881 4313 szccula
2899 4260 3242 4317 smeulorum.
3260 4264 3452 4320 Amen.

2304 4396 2567 4405 -———-———_

1291 4470 1637 4533 HOMILIA
1692 4473 1881 4534 LVII.
1926 4472 2012 4534 al.
2061 4472 2281 4533 LVIII.

155 4603 264 4659 ειν.
294 4608 377 4662 17.
403 4608 580 4663 v.10.
620 4607 689 4661 Et
730 4608 1161 4681 interrogaverunt
1211 4628 1324 4666 eum
1368 4613 1605 4682 discipuli
1631 4616 1739 4685 ejus

213 4696 417 4751 dicentes
460 4713 481 4751 :
533 4696 681 4763 Quid
721 4699 875 4768 igitur
913 4700 1087 4754 dicunt
1122 4701 1298 4758 scriba:
1322 4747 1335 4769 ,
1384 4705 1519 4771 quod
1564 4705 1735 4761 Etiam

213 4798 426 4855 oporteat
457 4791 691 4859 primum
716 4792 884 4846 venire
900 4792 926 4846 ?

216 4879 257 4930 1.
284 4878 395 4935 Non
441 4896 582 4951 ergo
621 4896 650 4934 a
673 4879 960 4952 Scripturis
986 4883 1037 4937 id
1058 4884 1315 4951 sciebant,
1345 4888 1439 4943 scd
1466 4890 1655 4945 scriba:
1683 4891 1733 4947 id

158 4966 242 5022 illis
276 4971 592 5033 narrabant,
624 4956 677 5024 ei
713 4970 826 5025 bzec
864 4972 1044 5042 opinio
1083 4974 1135 5028 in
1181 4976 1367 5046 vulgus
1393 4978 1737 5035 circumfere-

156 5056 315 5125 batur,
351 5062 491 5116 sicut
520 5073 581 5116 et
613 5061 684 5117 de
711 5062 943 5117 Christo.
977 5064 1100 5121 Ideo
1127 5066 1459 5123 Samaritana
1484 5070 1729 5127 dicebat:

157 5145 339 5205 Messias
378 5155 533 5215 venit,
576 5161 629 5205 et
668 5169 782 5206 cum
833 5157 1054 5221 venerit,
1100 5159 1186 5211 ille
1231 5162 1548 5215 annuntiabit
1595 5164 1733 5218 nobis

156 5240 331 5317 omnia(
356 5241 517 5297 Joan.
545 5243 605 5297 4.
634 5242 706 5312 5)
738 5262 749 5293 :
796 5256 849 5298 ct
880 5245 951 5298 illi
984 5247 1381 5317 interrogabant
1429 5252 1688 5308 Joannem
1716 5297 1729 5317 ,

156 5320 271 5382 Ltus
300 5350 345 5385 es
387 5343 459 5387 tu.
485 5342 581 5385 mat
622 5333 867 5401 prop/aeta
895 5335 1071 5404 (Joan.
1098 5338 1149 5393 1.
1175 5339 1307 5406 2|)?
1334 5341 1485 5404 Nam,
1517 5355 1569 5396 ut
1600 5346 1729 5408 divi,

156 5417 247 5473 hac
270 5428 443 5491 opinio
473 5426 783 5479 mvaluerat
811 5428 951 5481 etde
972 5428 1185 5483 Christo
1212 5442 1260 5485 et
1291 5432 1356 5486 de
1382 5434 1529 5501 Elia;
1561 5452 1733 5504 neque

158 5509 213 5565 illi
260 5526 398 5572 recte
450 5519 574 5572 haec
632 5517 1137 5587 interpretabantur.
1196 5523 1485 5593 Scriptura:
1532 5529 1730 5597 quippe

156 5600 265 5660 inus
286 5620 497 5665 narrant
524 5608 736 5662 Christi
775 5610 1070 5675 adventus;
1102 5611 1243 5667 hunc
1272 5616 1358 5681 qui
1388 5616 1494 5683 jam
1534 5618 1648 5679 fuit,
1680 5630 1733 5674 et

158 5690 389 5754 iuuit-um:
427 5714 568 5769 quos
616 5699 927 5768 significans
970 5700 1164 5757 Paulus
1200 5705 1447 5759 dicebat:
1482 5708 1731 5779 Apparuit

160 5788 293 5849 gratia
316 5787 405 5841 Du‘
449 5793 709 5846 striaturis
750 5791 977 5847 omnibus
1016 5793 1321 5866 hominibus,
1355 5801 1584 5855 erudiens
1618 5820 1724 5867 nos,

1850 4630 1907 4672 ut
1934 4619 2237 4691 abnegantes
2264 4620 2569 4687 impietatem
2598 4632 2644 4673 et
2670 4622 2936 4675 sazcularia
2970 4622 3223 4677 desideria
3246 4665 3259 4687 ,
3290 4625 3455 4679 sobrie

1844 4720 1891 4764 et
1920 4717 2058 4779 juste
2098 4721 2143 4764 et
2184 4713 2265 4779 pie
2293 4712 2514 4764 vivamus
2559 4711 2697 4780 (Tit.
2735 4712 2789 4767 2.
2825 4714 2912 4768 11.
2946 4713 3066 4784 12).
3096 4714 3237 4769 Ecce
3286 4732 3451 4771 unum

1844 4802 2153 4857 adventum.
2182 4804 2316 4857 Audi
2338 4804 2609 4873 quomodo
2634 4813 2689 4858 et
2709 4804 2934 4859 alterum
2959 4815 3142 4875 p05tea
3171 4806 3410 4863 declaret
3436 4825 3449 4861 :

1846 4894 2211 4964 Exspectantes
2238 4897 2433 4950 beatam
2462 4913 2637 4966 spem,
2662 4906 2707 4951 et
2741 4898 3011 4952 adventum
3034 4901 3207 4969 magni
3238 4900 3330 4953 Dei
3361 4904 3374 4931 '
3406 4912 3452 4955 et

1847 4986 2134 5042 Saluatoris
2163 4989 2326 5042 nostri
2358 4987 2483 5042 Jesu
2512 4986 2700 5041 Christi
2732 4986 2905 5055 (Ibid.
2937 5006 2985 5042 υ.
3018 4990 3131 5063 15).
3168 4991 3449 5061 Propheta:

1844 5094 2055 5149 quoque
2092 5091 2376 5149 utrumque
2402 5078 2687 5133 adventum
2712 5090 3046 5136 memorant:
3081 5092 3241 5152 atque
3270 5084 3449 5149 unius,

1844 5172 1933 5238 qui
1965 5172 2233 5225 secundus
2275 5181 2379 5237 est,
2415 5187 2803 5241 praecursorem
2833 5173 3015 5228 dicunt
3064 5174 3297 5228 futurum
3329 5191 3449 5229 esse

1798 5300 1799 5303 η
1844 5261 2033 5314 Eliam.
2058 5262 2258 5315 Prioris
2284 5277 2415 5317 vero
2438 5261 2803 5329 fuitJoanncs,
2828 5264 3245 5333 quemeristus
3278 5265 3447 5321 Eliam

1844 5355 2065 5408 vocabat
2099 5372 2110 5406 :
2156 5371 2260 5408 non
2306 5356 2445 5423 quod
2479 5352 2627 5411 Elias
2659 5366 2823 5417 esset,
2856 5358 2945 5412 scd
2975 5358 3117 5428 quod
3147 5359 3265 5427 ejus
3296 5361 3449 5413 mini-

1842 5450 2062 5501 szerium
2114 5450 2380 5517 impleret.
2409 5450 2556 5503 Sicut
2588 5454 2729 5503 enim
2764 5452 2852 5504 ille
2895 5467 3194 5519 prmcursor
3233 5454 3335 5506 erit
3366 5469 3449 5507 se-

1841 5540 1997 5593 cundi
2029 5539 2308 5599 adventus.
2336 5542 2402 5593 ita
2433 5553 2485 5593 et
2514 5542 2597 5595 hic
2626 5543 2818 5611 prioris
2849 5542 2967 5595 fuit.
2992 5543 3095 5597 Sed
3130 5544 3315 5598 scriba:
3353 5544 3389 5595 ῖς
3420 5558 3448 5595 a

1840 5631 2245 5689 confundentes.
2270 5633 2627 5701 pupulnmque
2656 5645 3043 5703 pervertentcs,
3066 5637 3152 5689 iliw
3182 5654 3203 5689 ς
3224 5646 3449 5705 tantann,

1907 5814 1922 5845 ¹
1960 5810 2069 5861 Duo
2096 5819 2223 5868 δεῖς..
2250 5818 2294 5862 ct
2319 5812 2578 5863 adventum
2603 5815 2771 5877 gtturitr
2791 5829 2883 5877 υισέ
2904 5815 2953 5863 vi
2986 5816 3082 5865 nti.
