4174 6332
622 336 724 395 559

620 467 753 527 sive,
779 459 997 531 secundi
1035 456 1422 523 meminerunt,
1448 466 1512 507 ac
1534 450 1784 526 dicebant
1809 447 1950 521 plebi
1976 465 1992 502 :
2023 445 2080 523 Si
2110 446 2198 502 hic

620 566 762 622 esset
783 550 1046 615 Christus,
1077 547 1311 622 oportuit
1333 542 1501 602 Eliam
1545 539 1866 614 plaudere.
1891 536 2015 622 ideo
2033 536 2194 591 disci-

623 620 728 712 puli
753 631 830 708 sic
853 619 1138 710 loquuntur
1166 656 1191 706 τη
1213 634 1348 701 Quid
1374 643 1447 688 est
1473 632 1609 702 quod
1651 630 1824 684 scriba:
1850 619 2041 712 dicunt,
2065 629 2198 694 quod

625 709 799 791 'Eliam
829 709 1052 799 oporteat
1083 728 1302 797 primum
1340 725 1542 785 uenire!
1571 723 1678 777 liae
1707 723 1774 775 de
1809 709 1966 774 causa
2011 718 2194 773 Phari-

620 823 713 878 saei
743 820 813 885 ad,
830 802 1087 878 Joannem
1110 818 1404 881 miserunt,
1435 822 1488 867 et
1515 810 1907 879 interrogabant
1931 825 1944 862 :
1979 805 2122 861 Elius
2144 825 2196 861 es

620 923 674 964 tu
709 909 905 980 (Joan.
940 910 993 964 i.
1020 907 1083 962 21
1117 905 1172 975 )’2
1198 905 1390 965 nullam
1428 900 1621 976 prioris
1662 899 1922 954 adventus
1965 898 2194 954 mentio-

618 1017 742 1057 nem
785 999 1057 1061 facientes.
1101 997 1267 1064 Quam
1301 1009 1429 1070 ergo
1467 992 1788 1067 soluti‘Ouem
1827 989 2003 1048 attulit
2041 986 2197 1042 Chri-

617 1089 944 1157 stusiQuod
965 1088 1164 1143 scilicet
1194 1086 1337 1142 Elias
1363 1091 1617 1149 venturus
1654 1082 1724 1136 sit
1759 1092 1883 1135 ante
1905 1079 2192 1139 secundum

618 1195 772 1235 suum
812 1176 1114 1242 adventum,
1140 1185 1194 1231 et
1235 1188 1373 1229 nunc
1400 1173 1506 1241 iam
1539 1171 1680 1226 Elias
1709 1170 1866 1226 venit
1880 1187 1899 1250 ς·
1922 1168 1999 1222 sic
2035 1167 2196 1222 Jo:tn-

618 1285 740 1335 nem
770 1281 965 1325 vocans
987 1263 1116 1322 .Hic
1141 1267 1288 1324 venit
1307 1262 1561 1326 Elias..Si
1585 1276 1711 1315 vero
1722 1254 2014 1316 Thesbiten
2044 1272 2192 1326 qua:-

619 1375 727 1426 rns,
776 1359 971 1413 veniet.
1029 1357 1149 1414 Ideo
1194 1354 1404 1410 dicebat
1435 1369 1453 1406 :
1485 1350 1630 1407 Elius
1673 1350 1850 1415 ueniat,
1879 1361 1924 1402 et
1972 1348 2194 1402 restituet

619 1435 807 1502 omnia.
841 1447 1090 1516 Quaenam
1117 1443 1337 1500 umnia?
1361 1442 1490 1509 Quae
1512 1439 1800 1495 Malacliias
1827 1437 2083 1508 proiiheta
2113 1436 2195 1492 di-

615 1538 768 1593 cebat
793 1556 808 1591 :
841 1530 1042 1591 Mittam
1061 1536 1190 1588 enim
1212 1531 1346 1588 vobis
1362 1530 1533 1585 Etiam
1558 1527 1838 1596 Thesbiten,
1866 1527 1952 1597 qui
1971 1526 2194 1580 restituet

615 1646 714 1691 cor,
731 1627 890 1698 patris
914 1629 985 1680 ad
1009 1627 1193 1694 ﬁlium,
1227 1640 1289 1677 ne
1327 1624 1524 1677 ueniens
1544 1620 1819 1690 percutiam
1843 1623 2028 1672 terram
2053 1610 2194 1670 radio

616 1718 744 1769 citus
787 1713 959 1785 (Mal.
1004 1715 1058 1769 4.
1085 1713 1181 1784 5).
1217 1711 1401 1767 Videu’
1433 1708 1824 1766 accurationem
1872 1708 2193 1777 prophetica:

619 1790 1011 1874 prmdidtlonis?
1041 1799 1171 1875 Quia
1213 1785 1650 1856 euim'Joauuem
1700 1797 1870 1875 Ellam
1914 1803 2194 1851 vociverat

615 1873 854 1953 Christus
882 1897 951 1951 ob
979 1873 1254 1949 ministerii
1281 1891 1721 1955 similitudinem,
1756 1905 1822 1944 ne
1841 1873 2061 1959 putares
2092 1887 2193 1943 hoc

616 1991 785 2057 ipsum
811 2001 952 2040 nunc
977 2001 1005 2038 a
1038 1987 1290 2054 propheta
1316 1982 1417 2038 dici
1437 2019 1453 2046 ,
1482 1981 1596 2050 ejus
1628 1981 1847 2048 patriam
1877 1974 2077 2034 addidii
2105 1975 2190 2031 di-

616 2093 739 2132 ceus
764 2119 780 2144 ,
814 2075 1107 2131 Thesbiten.
1160 2073 1391 2129 Joannes
1434 2085 1564 2127 vero
1610 2070 1858 2125 'fliesbita
1909 2082 2012 2122 non
2053 2074 2189 2122 erat.

618 2166 771 2222 Aliud
795 2167 951 2222 etiam
979 2161 1182 2235 insigne
1210 2164 1375 2228 addit,
1405 2178 1527 2218 cum
1556 2162 1703 2225 dicit,
1734 2158 1816 2214 Ne
1836 2160 2032 2214 veniens
2070 2174 2188 2229 per-

619 2259 796 2312 cutiant
835 2268 1015 2311 terram
1043 2257 1304 2322 radicitus,
1337 2254 1626 2310 secundum
1666 2252 1781 2319 ejus
1807 2250 2088 2305 adventum
2129 2249 2192 2302 il-

621 2357 722 2404 lum
763 2349 1050 2404 terribilem
1081 2345 1373 2402 declarans.
1410 2344 1468 2398 In
1517 2344 1704 2411 primo‘
1727 2343 1871 2396 enim
1913 2355 2019 2397 non
2049 2340 2193 2396 venit

618 2450 892 2510 percutere
943 2451 1158 2495 terram.
1192 2437 1312 2491 Non
1338 2435 1467 2489 enim
1497 2434 1608 2487 veni
1631 2432 1864 2502 ,inquit,
1894 2442 1946 2484 ut
1967 2432 2193 2503 judicent

615 2531 886 2595 mundum,
915 2529 1003 2583 sed
1029 2537 1080 2581 ut
1114 2528 1308 2581 saluum
1335 2527 1519 2596 faciam
1550 2522 1744 2593 (lauri.
1785 2521 1871 2576 12.
1913 2523 1979 2576 47
2007 2523 2045 2593 ).
2083 2521 2193 2576 Hoc

605 2638 740 2695 ergo
770 2623 895 2676 dicit
923 2620 1221 2689 significans
1240 2661 1256 2684 ,
1277 2615 1568 2674 Thesbiten
1597 2623 1877 2672 venturum
1906 2629 2028 2670 esse
2069 2626 2193 2669 ante

615 2715 897 2775 adventum
927 2714 1078 2777 illum
1105 2713 1156 2764 in
1183 2725 1294 2781 quo
1317 2709 1573 2781 judicium
1603 2709 1710 2761 lict.
1734 2707 1957 2761 Causam
1983 2720 2192 2775 quoque

600 2817 708 2871 cur
734 2817 982 2859 venturus
1010 2805 1080 2858 sit
1116 2804 1288 2857 docet.
1322 2803 1573 2869 Quzrnam
1601 2801 1687 2854 illa
1716 2798 1839 2854 est?
1874 2797 1941 2854 Ut
1979 2797 2191 2852 Judans

607 2896 824 2952 inducat
849 2898 914 2961 ad
938 2894 1258 2952 credendum
1278 2896 1340 2948 in
1363 2893 1654 2954 Christum,
1675 2908 1740 2945 ne
1768 2890 1856 2944 illo
1879 2890 2192 2945 adveniente

604 3002 800 3054 omnes
826 2985 1062 3041 funditus
1084 2994 1317 3055 pereant.
1340 2983 1673 3053 Quapmpter
1703 2981 1755 3036 id
1785 2981 1888 3035 illis
1909 2981 1959 3034 in
1992 2975 2193 3034 memo-

614 3068 746 3158 riam
777 3095 1031 3135 revocans
1056 3079 1226 3133 dicit:
1263 3076 1325 3132 Et
1373 3077 1595 3130 restituet
1634 3075 1828 3138 omnia;
1860 3073 1911 3128 id
1950 3083 2052 3138 est,
2095 3072 2190 3127 Ju-

606 3157 850 3228 daéorum
871 3172 966 3242 qui
991 3181 1115 3225 tunc
1143 3166 1920 3239 su'pereruut,_incredulitatem
1938 3165 2186 3235 corriget:

615 3250 838 3336 ideoque
885 3262 1281 3322 accuratissime
1312 3260 1558 3336 inqiiutus
1599 3267 1699 3312 est.
1731 3257 1846 3310 Nan
1872 3256 2009 3311 enim
2036 3255 2189 3317 dixit,

611 3332 878 3410 Restitiiet
919 3367 1013 3414 cur
1050 3351 1142 3404 ﬁlii
1188 3365 1310 3420 erga
1343 3332 1546 3419 patrem
1571 3388 1586 3414 ,
1617 3350 1708 3402 sed
1736 3389 1750 3414 ,
1786 3345 1956 3399 Putris
1985 3361 2104 3416 erga
2129 3345 2194 3414 ﬁ-

609 3445 753 3500 lium.
777 3444 908 3512 Quia
931 3444 1070 3498 enim
1097 3425 1270 3508 Judzei
1301 3450 1479 3511 patres
1502 3433 1653 3494 erant
1681 3438 2063 3506 apostolorum,
2090 3435 2195 3490 hoc

613 3535 713 3590 sibi
743 3520 873 3598 vult,
900 3532 1160 3587 Resti‘tuet
1186 3531 1251 3586 ad
1286 3526 1533 3600 dogmata
1565 3525 1790 3583 ﬁliorum
1820 3543 2061 3592 suorum,
2093 3526 2194 3582 hoc

611 3635 716 3691 est,
745 3626 1126 3694 apostolorum,
1155 3637 1248 3690 cor
1289 3632 1490 3691 patrum
1530 3621 1785 3690 ipsorum,
1814 3618 1916 3674 hoc
1955 3627 2040 3674 est
2073 3617 2194 3673 ani-

614 3733 757 3772 mum
778 3716 978 3773 Judaici
1004 3717 1235 3792 generis.

680 3797 905 3874 Joannes
924 3805 1154 3877 Baptista
1172 3800 1312 3860 Elicit
1334 3803 1678 3858 dictus.—-l2.
1703 3796 1828 3856 Dico
1849 3811 2014 3856 autem
2032 3800 2190 3867 vobis,

622 3897 761 3954 Elius
789 3901 892 3961 iam
931 3900 1077 3964 venit,
1111 3908 1156 3950 et
1183 3915 1283 3951 non
1325 3904 1659 3966 cognoverunt
1689 3911 1822 3959 eum,
1854 3895 1943 3947 sed
1969 3897 2193 3964 fecerunt

614 3995 664 4046 in
686 4011 741 4046 ec
765 3996 1084 4061 quaecumque
1114 3991 1391 4044 voluerunt.
1415 3989 1501 4044 Sic
1526 3998 1572 4043 et
1599 3987 1764 4044 Filius
1790 3988 2002 4041 hominis
2025 4003 2194 4057 passu-

615 4067 876 4148 rusiestab
899 4083 1044 4150 ipsis.
1078 4081 1163 4136 i3.
1189 4079 1330 4134 Tum:
1350 4079 1729 4144 intellexerunt,
1752 4079 1886 4140 quod
1907 4079 1968 4131 de
1996 4077 2196 4132 Joanne

616 4172 710 4225 hoc
725 4162 928 4226 dixisset
949 4172 1035 4224 eis.
1062 4171 1277 4224 Etiamsi
1297 4184 1395 4224 nec
1415 4170 1623 4234 scribae,
1641 4184 1738 4223 nec
1757 4167 2041 4237 Scriptura
2083 4166 2198 4222 inec

615 4263 852 4317 dieercnt
885 4280 896 4314 :
931 4265 1026 4316 sed
1072 4263 1194 4331 quia
1225 4271 1279 4315 et
1315 4261 1598 4324 acutiores,
1622 4268 1675 4314 et
1702 4257 1766 4311 ad
1812 4274 1872 4312 ea
1901 4274 2018 4328 qua:
2047 4257 2196 4313 dice-

615 4355 1145 4409 liuntur'attentiorcs
1171 4363 1341 4416 erant,
1370 4352 1476 4405 cito
1505 4350 1896 4404 intellexerunt.
1918 4350 2193 4406 Undenam

617 4443 667 4498 id
709 4444 1082 4498 intellexerunt
1111 4441 1396 4513 discipuli?
1424 4441 1539 4496 Jam
1569 4439 1774 4496 dixerat
1801 4441 1878 4494 eis
1904 4482 1916 4505 ,
1965 4439 2086 4511 Ipse
2124 4450 2196 4493 est

619 4532 762 4591 Elius
798 4535 881 4600 qui
910 4547 1154 4594 venturus.
1191 4542 1300 4595 est;
1347 4530 1431 4586 hic
1459 4544 1585 4585 vero
1612 4530 1758 4595 dicit,
1786 4528 1903 4582 lam
1929 4531 2061 4583 venit
2089 4546 2106 4593 ;
2144 4540 2196 4584 et

611 4635 848 4689 rursum,
883 4623 1021 4685 Elias
1040 4623 1198 4694 ueniet
1228 4632 1273 4676 et
1302 4623 1522 4676 restituet
1547 4621 1714 4673 omnia
1740 4620 1952 4690 (Matth.
1977 4621 2059 4675 Η.
2084 4619 2192 4690 14).

616 4715 723 4773 Sed
750 4733 818 4773 ne
857 4717 1103 4782 turberis,
1144 4730 1315 4790 neque
1355 4703 1592 4770 errorem
1623 4714 1674 4768 in
1705 4713 1863 4768 dictis
1887 4714 2193 4782 suspiceris,

613 4813 664 4864 si
711 4809 868 4878 modo
895 4821 1174 4864 venturum
1218 4823 1374 4873 esse,
1415 4806 1576 4861 modo
1616 4808 1823 4860 γθιιίεδθ
1865 4806 2025 4861 dicat.
2075 4805 2198 4860 llaec

617 4905 794 4960 omnia
835 4919 958 4959 vera
991 4912 1111 4968 sunt
1135 4918 1148 4966 ;
1176 4916 1297 4961 nam
1325 4916 1443 4960 cum
1471 4900 1594 4961 dicit
1627 4899 1794 4961 Ellam
1827 4909 2105 4954 venturum
2144 4906 2199 4952 et

616 4996 988 5049 restituturum
1021 5006 1141 5046 esse
1172 4991 1348 5045 omnia
1373 5033 1388 5054 ,
1416 4989 1483 5044 de
1513 4991 1626 5057 ipso
1665 4988 1779 5043 Elia
1811 4989 2060 5059 loquitur,
2106 4988 2198 5044 de-

616 5101 722 5155 que
751 5083 921 5139 futura
949 5082 1252 5141 inda-orum
1283 5081 1629 5136 conversione
1653 5097 1667 5145 ;
1697 5095 1817 5134 cum
1845 5092 2019 5133 autem
2048 5079 2196 5146 dicit,

619 5173 829 5245 lpsust
853 5178 938 5245 qui
975 5185 1210 5229 uenturus
1239 5181 1378 5238 erat,
1409 5184 1622 5241 propter
1651 5173 1929 5226 ministerii
1956 5171 2202 5228 similitu-

620 5268 799 5323 dinem
844 5267 1100 5330 Joannem
1133 5267 1301 5320 Eliam
1334 5274 1508 5320 vocat.
1543 5264 1670 5318 Nam
1698 5264 1967 5335 propheta:
2017 5281 2202 5334 quem-

622 5379 723 5430 que
754 5379 928 5436 regem
963 5365 1152 5417 virtute
1180 5363 1380 5418 clarum
1416 5361 1668 5418 Davidem
1701 5363 1976 5425 vocabant,
2010 5369 2064 5417 et
2104 5360 2197 5417 Ju-

620 5453 773 5507 tlmos
804 5452 1064 5523 principes
1089 5453 1466 5516 Sodomorum,
1495 5466 1556 5510 ac
1588 5453 1722 5507 ﬁlios
1741 5450 2070 5521 IEthiopum,
2115 5453 2198 5507 id-

618 5561 725 5616 que
766 5561 828 5598 ex
871 5560 1079 5598 morum
1107 5545 1475 5598 similitudine.
1507 5543 1656 5598 Sicut
1677 5542 1821 5597 enim
1865 5539 1958 5597 ille
1980 5543 2197 5600 secundi

623 5637 882 5690 adventus
915 5650 1209 5702 prarcursor
1252 5634 1456 5690 futurus
1477 5646 1577 5699 est,
1605 5633 1671 5688 ita
1696 5633 1780 5689 hic
1807 5633 1962 5703 primi
1994 5632 2111 5689 fuit.

694 5730 746 5784 9..
774 5729 950 5798 Neque
979 5729 1096 5784 ideo
1118 5736 1316 5782 tantum
1347 5727 1515 5783 Ellum
1554 5743 1692 5799 saepe
1726 5738 1875 5784 vocat
1903 5729 2070 5794 illum,
2103 5728 2194 5784 sed

1287 324 1345 381 s.
1384 316 1662 395 JOANNJS
1685 312 2152 383 cnnvsosrout
2192 307 2506 370 ABGHIEP.
2543 295 3076 369 consumimur.

3779 311 3892 372 ἤδη

2301 400 2703 479 ιιιόειοιιάιιικω
2729 406 2850 478 cum
2873 423 3040 476 veteri
3078 421 3194 488 lege
3218 413 3504 476 admodum
3533 422 3889 492 concordare,

2298 526 2347 570 et
2381 515 2520 571 hunc
2559 513 2848 571 adventum
2879 515 3170 569 secundum
3204 513 3540 584 'pmphetiam
3578 501 3717 571 esse.
3747 515 3891 571 ideo

2298 606 2605 676 subjunglt:
2645 603 2830 672 Venit,
2855 619 2903 660 et
2927 622 3028 660 non
3055 614 3389 674 cognouerunt
3407 620 3528 658 eum
3547 645 3563 671 ,
3592 613 3639 658 et
3663 609 3892 677 facerm

2298 699 2343 752 ei
2366 713 2688 772 θυωεκπηιιε
2710 696 2992 752 adsuerunt.
3023 694 3161 763 Quid
3189 695 3291 752 sibi
3319 697 3430 750 vult
3450 694 3600 763 illud,
3620 695 3891 760 (ἐκείνην

2296 805 2391 846 mw
2431 789 2760 842 uolueram“!
2787 789 2840 842 in
2875 801 3145 842 carcerem
3190 794 3508 851 trnseruut,
3549 787 3889 841 contumeliis

2302 879 2608 942 alfecerunt,
2635 876 2966 942 occiderunt,
2990 882 3152 945 caput
3179 874 3232 929 in
3262 873 3412 930 disco
3438 875 3695 928 tulerunt.
3725 874 3815 930 Sis
3836 881 3889 928 et

2298 968 2465 1024 Filius
2502 967 2718 1023 hominis
2745 982 2990 1039 passurus
3022 978 3094 1021 est
3121 965 3184 1020 ab
3229 967 3372 1037 ipsis.
3408 965 3591 1019 Viden’
3613 965 3886 1034 quomodo

2296 1051 2481 1114 rursus
2505 1068 2805 1130 opportune
2832 1057 2938 1112 illis
2968 1057 3270 1127 passionem
3291 1071 3441 1112 suam
3469 1062 3884 1125 mmemor-at,

2294 1165 2360 1204 ex
2384 1149 2605 1205 Joannis
2629 1149 2872 1221 passione
2899 1163 3144 1220 magnam
3179 1147 3286 1203 illis
3307 1148 3539 1203 atterens
3554 1146 3883 1202 consolatio-

2295 1239 2451 1295 nem?
2472 1239 2656 1309 Neque
2677 1239 2802 1295 hinc
2828 1248 3049 1302 tantum.
3075 1239 3170 1294 sed
3198 1237 3340 1309 quod
3362 1237 3524 1295 etiam
3556 1248 3747 1307 magna
3774 1246 3887 1292 sta-

2295 1332 2387 1384 tim
2435 1331 2689 1385 miracula
2727 1329 2872 1385 edat.
2903 1327 3038 1384 Nam
3077 1342 3201 1385 eam
3231 1328 3299 1383 tle
3328 1328 3575 1398 passione
3608 1326 3883 1398 loquitur,

2292 1419 2573 1476 confestim
2616 1421 2880 1475 mirabilia
2909 1428 3101 1490 patrat,
3129 1429 3186 1474 et
3209 1428 3491 1489 antequam
3520 1417 3572 1473 id
3608 1418 3882 1487 Ιαςιιθιιιτ,

2296 1521 2350 1566 et
2378 1520 2654 1581 postquam
2688 1511 2941 1579 loquutus
2987 1517 3104 1576 est,
3133 1508 3185 1564 id
3210 1508 3352 1576 quod
3380 1523 3523 1579 sarpe
3543 1510 3882 1563 observatur.

2298 1600 2437 1655 Tunc
2475 1601 2649 1672 igitur,
2678 1600 2868 1670 inquit,
2895 1601 3044 1668 capit
3080 1599 3358 1665 ostendere,
3384 1599 3520 1669 quod
3541 1607 3791 1666 oporteret
3836 1607 3886 1651 et

2294 1709 2406 1747 eum
2433 1695 2571 1746 abire
2594 1691 2986 1763 Jerosolyntarn,
3006 1701 3050 1744 et
3076 1690 3259 1752 occidi,
3277 1688 3504 1744 etmlta
3533 1690 3639 1760 pati
3661 1688 3880 1756 (lauti.

2294 1784 2380 1840 lli.
2410 1784 2524 1853 2i).
2554 1783 2696 1838 Tunc
2717 1825 2733 1848 ,
2764 1779 3099 1854 quandonam
3117 1782 3142 1834 ?
3170 1781 3394 1849 Quando
3421 1782 3476 1838 in
3513 1781 3887 1838 confirmatis

2293 1875 2462 1944 ipsum
2491 1889 2610 1930 esse
2635 1873 2905 1929 Christum
2935 1884 2989 1928 et
3017 1871 3212 1927 Filium
3231 1873 3341 1927 Dei.
3362 1873 3569 1928 rlursus
3591 1873 3644 1925 in
3671 1883 3881 1935 amota,

2290 1965 2506 2036 quando
2536 1964 2724 2020 mitam
2754 1963 2859 2019 illis
2885 1963 3142 2025 visionem
3175 1962 3436 2027 exhibuit,
3467 1977 3590 2018 cum
3617 1961 3682 2016 de
3705 1963 3883 2032 gloria

2292 2057 2458 2125 ipsius
2485 2056 2831 2126 loquerentur
2864 2055 3155 2125 propheta,
3185 2052 3492 2125 passionem
3515 2053 3647 2123 ipsis
3671 2067 3883 2107 metuo-

2291 2147 2447 2201 ravit.
2481 2145 2766 2216 Postquam
2793 2146 2932 2200 enim
2963 2144 3183 2199 Joannis
3225 2143 3502 2198 historiam
3533 2153 3879 2208 narraverat,

2291 2237 2561 2308 subiunxit
2590 2255 2605 2292 :
2639 2237 2728 2293 Sic
2766 2246 2813 2291 et
2839 2236 3004 2290 Filius
3035 2237 3249 2290 hominis
3283 2251 3527 2305 passurus
3553 2244 3627 2290 est
3650 2234 3879 2304 abipsist

2291 2329 2399 2384 Nec
2425 2329 2648 2384 multum
2678 2338 2859 2398 postea
2877 2368 2891 2390 ,
2917 2342 3041 2382 cum
3076 2329 3373 2381 tia-nionem
3400 2325 3578 2396 eiecit,
3609 2339 3766 2394 quem
3793 2324 3883 2379 di-

2292 2419 2482 2488 scipuli
2513 2419 2782 2486 emicuere
2807 2418 2911 2472 non
2941 2425 3221 2486 potuerant
3247 2434 3261 2470 :
3292 2426 3418 2470 tunc
3453 2416 3619 2481 enim,
3659 2415 3786 2469 Cum
3828 2417 3882 2470 ia

2294 2509 2561 2566 Gallinam
2601 2517 2976 2572 reuertantur,
3023 2508 3212 2577 inquit,
3241 2506 3372 2561 dixit
3409 2508 3479 2561 eis
3519 2505 3671 2560 Jesus
3697 2521 3714 2559 :
3743 2503 3883 2558 Tra-

2292 2603 2486 2656 ds-ndus
2525 2611 2596 2655 est
2623 2598 2789 2654 Filius
2817 2598 3033 2661 hominis
3060 2599 3115 2652 in
3138 2614 3322 2652 manus
3357 2599 3617 2654 hominum
3647 2607 3882 2666 peccato.

2290 2707 2422 2751 rum,
2435 2701 2483 2744 et
2498 2689 2723 2745 occident
2736 2705 2870 2753 eum,
2892 2697 2938 2742 at
2955 2689 3101 2742 tertia
3117 2687 3200 2742 die
3217 2698 3438 2758 resurget
3460 2684 3702 2760 (HatthJ
3716 2687 3766 2743 7.
3787 2687 3850 2742 2|
3862 2723 3880 2740 .

2288 2780 2417 2849 22).
2450 2780 2562 2836 Hoc
2591 2773 2768 2836 Iidem
2809 2778 3058 2846 faciebat,
3098 2788 3156 2833 ut
3188 2778 3551 2850 magnitudine
3591 2779 3884 2833 miraculo-

2292 2890 2408 2928 rum
2449 2873 2654 2928 doloris
2679 2878 2958 2929 “meum
3000 2874 3296 2937 minueret,
3325 2881 3380 2926 et
3411 2871 3722 2927 omnimodo
3758 2871 3884 2925 illus

2293 2964 2558 3018 solaretur
2581 3005 2597 3031 ,
2642 2963 3090 3036 quemadmodum
3147 2963 3248 3019 hoc
3277 2963 3394 3017 loco
3440 2972 3633 3018 morte
3655 2962 3886 3020 Joannis

2291 3065 2706 3111 commemorata
2749 3061 2995 3125 magnam
3041 3055 3169 3124 ipsis
3209 3053 3630 3109 consolationem
3678 3053 3879 3108 attulit.

2288 3143 2345 3201 Si
2371 3147 2489 3215 quis
2516 3161 2644 3202 vero
2676 3145 2870 3200 dixerit
2900 3164 2914 3198 :
2943 3144 3052 3200 Cur
3077 3161 3182 3200 non
3204 3145 3366 3199 etiam
3396 3157 3538 3199 nunc
3565 3143 3742 3202 Ellam
3761 3158 3886 3200 auso

2292 3237 2472 3290 citavit
2507 3246 2562 3292 et
2596 3237 2765 3302 misit,
2795 3251 2915 3291 cum
2959 3244 3036 3290 tot
3067 3245 3314 3306 tantaque
3345 3236 3481 3290 bona
3522 3235 3640 3306 ejus
3677 3234 3885 3289 adven-

2296 3337 2404 3382 tum
2451 3327 2834 3391 testiticentur?
2860 3327 3302 3398 respondebimus
3320 3367 3336 3393 ,
3367 3325 3499 3396 quia.
3517 3341 3662 3381 nunc
3689 3325 3878 3388 etiam,

2293 3435 2414 3475 cum
2467 3419 2750 3475 crederent
2788 3420 2960 3490 ipsum
3001 3417 3274 3472 Clu-istum
3331 3432 3459 3474 esse
3501 3416 3673 3475 Elian!
3698 3456 3712 3480 .
3765 3431 3879 3471 non

2295 3520 2471 3566 tamen
2495 3510 2839 3576 crediderunt
2881 3510 2952 3566 ei.
2983 3507 3116 3564 Nam
3147 3508 3249 3564 Alii
3277 3548 3292 3573 ,
3346 3508 3562 3577 inquit,
3610 3505 3782 3566 Etiam
3835 3517 3885 3560 ts

2293 3601 2466 3657 dicunt
2491 3641 2507 3665 ,
2559 3601 2648 3654 alii
2689 3598 2966 3655 leramiam
3012 3596 3227 3670 (Matth.
3272 3597 3360 3652 l6.
3391 3597 3506 3667 14).
3550 3596 3710 3666 Atqui
3740 3595 3884 3652 inter

2290 3693 2633 3750 Joannemet
2661 3693 2829 3748 Etiam
2843 3693 3055 3748 nullum
3086 3700 3206 3747 erat
3241 3690 3530 3746 discrimen
3555 3731 3571 3753 ,
3609 3691 3708 3745 nisi
3736 3700 3882 3745 tem-

2295 3791 2440 3860 poris
2477 3799 2703 3843 tantum.
2730 3786 3009 3856 Quomodo
3037 3801 3186 3856 ergo,
3213 3785 3441 3854 inquies,
3475 3793 3602 3842 tunc
3621 3783 3885 3840 credituri

2293 3882 2442 3936 sunt?
2471 3882 2628 3936 Certe
2654 3881 2744 3935 ille
2771 3891 2894 3935 tunc
2917 3879 3161 3935 restituet
3188 3878 3387 3944 omnia,
3420 3893 3530 3932 non
3549 3875 3710 3932 modo
3736 3874 3881 3945 quod

2294 3984 2454 4030 notus
2484 3976 2550 4030 sit
2576 4017 2591 4041 ,
2625 3974 2718 4032 sed
2750 3974 2891 4044 quod
2941 3974 3110 4043 gloria
3154 3971 3352 4027 Christi
3402 3970 3470 4024 ad
3510 3971 3659 4025 illum
3710 3985 3884 4039 usque

2294 4070 2434 4126 diem
2448 4068 2752 4125 admodum
2783 4065 3120 4131 ostendenda
3148 4075 3202 4119 et
3225 4063 3468 4133 augenda
3499 4065 3568 4118 sit
3593 4104 3608 4127 ,
3653 4070 3715 4118 es
3737 4063 3882 4132 amid

2296 4178 2483 4217 omnes
2517 4162 2629 4218 sole
2671 4159 2998 4229 Splendidior
3027 4158 3094 4212 sit
3120 4156 3314 4210 futura.
3342 4154 3473 4208 Cum
3500 4154 3678 4223 itaque
3701 4154 3886 4209 veniet

2297 4252 2405 4316 ille,
2432 4261 2704 4320 postquam
2749 4260 2889 4305 tanta
2939 4247 3272 4318 prmecsserit
3325 4245 3698 4310 existimatio,
3728 4253 3881 4300 tanta

2295 4342 2620 4409 exsiiectatio
2645 4383 2661 4407 ,
2687 4341 2870 4394 eadem
2901 4341 3014 4410 ipsa
3039 4326 3336 4408 prmdicans
3366 4377 3383 4400 ,
3417 4345 3472 4389 ct
3502 4334 3688 4390 Iesum
3729 4336 3749 4364 '
3779 4350 3884 4389 an-

2295 4431 2580 4498 nuntians,
2612 4430 2818 4486 facilius
2856 4429 2997 4484 dicta
3026 4429 3167 4482 illius
3193 4427 3507 4495 suscipient.
3539 4427 3671 4481 Cum
3698 4437 3881 4482 autem

2295 4522 2443 4588 dicit,
2470 4520 2591 4576 Non
2611 4530 2943 4591 cognoverunt
2972 4536 3103 4584 eum,
3133 4527 3186 4572 et
3215 4519 3334 4573 illos
3351 4532 3608 4573 excusare
3638 4517 3876 4584 videtur,

2290 4624 2349 4670 et
2378 4629 2483 4670 non
2512 4614 2588 4670 sic
2618 4613 2780 4668 modo
2803 4627 2896 4667 eos
2945 4613 3278 4676 consolatur,
3320 4609 3582 4679 sedquod
3627 4609 3874 4665 ostendat

2296 4723 2354 4763 se
2385 4708 2578 4777 injuste
2607 4721 2886 4777 passurum
2914 4719 3032 4760 esse
3061 4746 3074 4769 ,
3104 4713 3158 4759 et
3183 4703 3326 4774 quod
3359 4703 3526 4757 tristia
3557 4703 3644 4757 illa
3670 4701 3885 4758 duobus

2296 4797 2564 4853 miraculis
2593 4797 2925 4868 obtegantur,
2977 4796 3069 4850 illo
3117 4796 3168 4849 in
3198 4803 3380 4850 monte
3419 4794 3565 4850 edito
3609 4835 3624 4860 ,
3671 4803 3728 4850 et
3774 4796 3885 4851 alio

2298 4897 2424 4944 tunc
2438 4887 2662 4943 edendo.
2687 4873 2779 4942 ills
2795 4901 2955 4957 porro
2973 4886 3191 4952 auditis,
3219 4899 3327 4940 non
3356 4886 3687 4955 interrogant
3707 4885 3883 4952 illum,

2297 4979 2632 5051 quandouam
2666 4979 2810 5033 Elias
2841 4990 3094 5035 venturus
3122 4980 3211 5041 sit.
3244 4979 3358 5034 sive
3395 4979 3466 5033 ob
3490 4994 3778 5035 maerorem
3804 4979 3894 5036 fu-

2297 5083 2430 5127 tura:
2458 5071 2737 5142 passionis,
2779 5072 2891 5126 sive
2921 5071 3063 5141 quod
3096 5071 3194 5141 ipsi
3219 5070 3487 5126 timerent.
3530 5069 3686 5140 Saepe
3724 5086 3882 5126 nam-

2297 5178 2401 5233 que
2416 5177 2537 5217 cum
2560 5161 2739 5216 vident
2761 5159 2906 5214 illum
2925 5161 3068 5215 clare
3095 5159 3237 5231 loqui
3259 5165 3420 5224 uol-te,
3445 5166 3624 5216 tacent
3639 5159 3887 5218 demum.

2296 5256 2428 5310 Cum
2457 5254 2619 5324 igitur
2657 5254 2708 5308 in
2736 5253 2948 5310 Galilaea
2984 5253 3317 5307 versantibus
3357 5252 3561 5308 diceret
3587 5293 3604 5318 ,
3630 5251 3889 5309 Futurum

2299 5353 2450 5398 estut
2481 5342 2528 5397 Γ
2531 5345 2646 5398 ilius
2673 5344 2889 5398 hominis
2915 5343 3164 5407 tradatur,
3199 5352 3248 5397 et
3289 5343 3515 5398 occident
3558 5359 3675 5397 estin
3699 5384 3717 5408 ,
3760 5345 3889 5399 ευδ-

2296 5434 2503 5506 iunxit,
2538 5433 2604 5489 Et
2645 5434 2927 5490 contristati
2952 5444 3069 5489 sunt
3115 5434 3263 5489 ualde
3304 5449 3323 5490 :
3360 5434 3502 5506 quod
3544 5433 3894 5492 subindicant

2363 5617 2380 5644 ι
2415 5619 2540 5683 τις),
2830 5607 2928 5658 vult
2965 5606 3107 5671 illud,
3152 5626 3175 5656 α
3200 5621 3523 5675 quacumque-
3561 5610 3842 5673 ιιοιιιεινιοιιε⁸
3871 5621 3894 5654 ι

2297 5674 2478 5725 desunt
2501 5672 2549 5720 in
2576 5672 2736 5721 Morel.

2365 5737 2385 5767 ³
2420 5742 2561 5792 Unus,
2580 5732 2758 5798 ﬁlium,
2777 5747 2883 5796 pro,
2911 5741 3092 5784 testati.
