4174 6332
258 366 348 425 5M

261 481 363 534 duo
400 479 781 548 evangelista;
831 474 1040 530 Marcus
1079 473 1296 545 quidem
1323 472 1494 527 dicit:
1533 465 1850 542 Ignorabant

259 571 480 635 verbum,
514 585 607 623 nec
635 568 748 622 ausi
771 575 886 621 sunt
912 564 1060 620 illum
1083 566 1393 633 interrogare
1422 562 1616 634 (Marc.
1645 561 1698 617 9.
1732 560 1848 626 32):

263 663 430 718 Lucas
471 677 603 718 vero
650 679 662 714 :
697 658 824 713 Erat
860 657 1208 713 absconditum
1249 659 1313 710 ab
1343 657 1414 711 eis
1441 696 1456 718 .
1507 672 1570 709 ne
1613 655 1850 709 sentirent

262 756 406 809 illud.
437 770 527 807 nec
555 753 669 804 ausi
689 763 807 806 sunt
827 767 938 804 eum
968 750 1283 820 interrogare
1307 751 1441 802 circa
1470 749 1668 802 verbum
1697 745 1845 810 (an.

261 845 310 900 9.
337 843 460 911 45).
504 843 592 897 Η.
643 842 768 896 Cum
796 842 1041 894 venissent
1079 850 1245 894 autem
1275 840 1344 893 ad
1382 839 1578 892 turbam
1598 878 1613 904 ,
1644 838 1850 891 accessit

260 933 324 984 ad
360 949 477 986 eum
504 933 653 986 homo
677 949 809 1002 genu
838 933 1044 999 flectens
1089 941 1205 984 ante
1230 947 1342 984 eum
1364 971 1380 996 ,
1421 940 1465 983 et
1487 930 1658 982 dicens
1690 944 1708 981 :
1746 926 1850 980 Do-

249 1026 409 1088 mine,
435 1024 667 1080 miserere
689 1023 798 1090 ﬁlio
821 1038 952 1087 meo,
983 1023 1222 1088 quoniam
1258 1022 1507 1074 lunaticus
1528 1029 1620 1086 est,
1647 1028 1695 1072 et
1719 1020 1850 1072 male

255 1124 471 1182 patitur.
503 1112 656 1182 Step3
681 1113 813 1165 enim
839 1113 977 1166 cadit
1009 1113 1062 1165 in
1090 1113 1279 1182 ignem,
1312 1122 1359 1166 et
1383 1128 1518 1180 saepe
1543 1113 1596 1165 in
1621 1127 1805 1181 aquam
1829 1126 1849 1164 :

261 1205 352 1259 15.
387 1213 436 1256 et
464 1203 624 1256 obtuli
651 1220 763 1256 eum
791 1204 1054 1275 discipulis
1080 1206 1211 1271 tuis,
1240 1214 1287 1258 et
1321 1220 1419 1257 non
1443 1212 1712 1274 potuerunt
1733 1220 1846 1256 eum

252 1279 454 1348 εἶα-οη.
481 1294 634 1349 Hunc
663 1296 933 1351 hominem
964 1295 1120 1350 valde
1151 1298 1202 1350 in
1231 1294 1334 1352 ﬁde
1363 1295 1632 1349 inﬁrmum
1661 1303 1844 1349 osten-

253 1388 327 1442 dit
357 1387 635 1458 Scriptura
671 1407 685 1440 :
729 1387 778 1441 id
819 1387 958 1457 quod
1002 1403 1065 1443 ex
1112 1388 1292 1448 multis
1321 1389 1494 1458 palam
1539 1397 1622 1443 est
1670 1408 1682 1442 :
1734 1397 1844 1440 tum

251 1477 393 1547 quod
434 1477 684 1536 Christus
722 1478 904 1542 dicat,
951 1475 1138 1533 Omnia
1183 1479 1442 1546 possibilia
1469 1489 1586 1533 sunt
1625 1479 1845 1535 credenti

254 1566 451 1636 (ﬂare.
485 1567 538 1622 9.
563 1566 660 1622 εξ.
683 1568 775 1636 εδ)
809 1585 823 1631 ;
849 1578 957 1622 tum
985 1568 1128 1639 quod
1161 1571 1204 1624 is
1235 1572 1321 1639 qui
1349 1570 1610 1634 accessit,
1661 1570 1802 1623 dicat
1829 1610 1843 1630 ,

257 1659 466 1728 Adjuva
497 1660 896 1714 incredulitatem
929 1677 1088 1713 meam
1115 1676 1135 1724 ,'
1178 1661 1284 1715 imo
1312 1661 1470 1716 etiam
1501 1676 1564 1716 ex
1607 1677 1673 1716 eo
1702 1661 1844 1730 quod

251 1751 502 1808 Christus
527 1753 758 1807 dzemoui
804 1754 1081 1823 praecipiat
1104 1796 1117 1816 ,
1160 1769 1229 1809 ne
1258 1754 1392 1808 ultra
1417 1756 1581 1809 intret
1609 1756 1661 1808 in
1683 1770 1805 1809 eum
1828 1770 1842 1817 ;

251 1860 313 1898 ac
343 1860 562 1900 rursum
588 1886 604 1910 ,
651 1846 794 1915 quod
821 1849 984 1900 homo
1015 1847 1100 1901 ille
1125 1845 1340 1900 Christo
1369 1848 1548 1910 dicat,
1592 1846 1653 1900 Si
1682 1856 1840 1916 potes.

252 1937 330 1989 Ac
355 1936 568 2003 inquies
593 1977 607 1998 ,
634 1937 679 1992 si
709 1936 853 1991 illius
883 1936 1227 1991 incredulitas
1254 1939 1305 1991 in
1332 1953 1491 1993 causa
1529 1938 1654 2002 fuit,
1702 1938 1843 2009 quod

251 2025 465 2079 daamon
493 2041 600 2080 non
625 2026 839 2092 exierit,
863 2041 959 2080 cur
978 2037 1195 2084 accusat
1220 2027 1509 2098 discipulos
1528 2030 1553 2092 ἲ
1575 2028 1640 2084 Ut
1665 2038 1846 2089 osten-

251 2115 340 2170 dat
369 2130 465 2174 eos
492 2130 649 2184 posse
681 2158 697 2182 ,
749 2117 959 2172 etiamsi
1005 2132 1164 2173 nemo
1251 2134 1378 2176 cum
1418 2120 1525 2175 ﬁde
1562 2121 1834 2190 adducat,

252 2221 426 2274 a-gros
453 2221 664 2261 curare.
702 2204 769 2266 Ut
813 2207 956 2260 enim
999 2221 1144 2275 sape
1183 2207 1490 2262 aceedentis
1533 2208 1666 2264 ﬁdes
1713 2210 1844 2264 satis

266 2297 357 2350 fuit
390 2298 459 2357 ad
508 2299 771 2368 postulata
796 2299 880 2355 vel
910 2315 938 2352 a
968 2300 1263 2354 minoribus
1293 2300 1621 2369 impetranda
1647 2341 1662 2367 ,
1693 2302 1770 2356 sic
1794 2311 1847 2355 et

253 2389 530 2455 operantis
553 2404 698 2457 saepe
719 2391 887 2446 virtus
916 2389 1011 2442 fuit
1032 2389 1182 2454 satis,
1206 2391 1700 2445 sineaccedentium
1719 2391 1841 2455 ﬁde,

252 2481 319 2532 ad
347 2481 604 2535 miracula
650 2481 928 2549 patranda.
964 2481 1087 2534 Ilaec
1114 2483 1272 2536 ambo
1326 2482 1374 2534 in
1419 2481 1708 2550 Scripturis
1752 2493 1845 2536 de-

254 2580 627 2625 monstrantur
655 2589 667 2626 :
697 2571 975 2626 Cornelius
1005 2574 1146 2626 enim
1187 2572 1300 2633 sola
1333 2572 1435 2630 ﬁde
1466 2574 1688 2643 gratiam
1721 2573 1843 2644 Spi-

255 2659 391 2719 ritus
409 2662 637 2715 attraxit
659 2662 796 2728 tAct.
823 2663 912 2731 10)
947 2681 960 2718 :
993 2665 1060 2718 ab
1080 2662 1298 2729 Elisaeo,
1324 2665 1540 2718 nemine
1571 2665 1844 2726 credente.

254 2760 515 2805 mortuus
549 2755 849 2809 suscitatus
870 2769 952 2810 est
971 2757 1044 2822 (4.
1068 2755 1191 2827 Reg.
1211 2758 1291 2809 15.
1314 2755 1426 2817 21).
1448 2755 1579 2809 Nam
1605 2760 1694 2824 qui
1711 2774 1845 2824 pro-

245 2838 485 2906 jeci-rant
515 2881 530 2903 ,
583 2857 686 2894 non
715 2857 776 2894 ex
810 2843 940 2908 ﬁde,
969 2845 1062 2899 sed
1094 2845 1163 2897 oh
1191 2857 1389 2901 metum
1423 2857 1624 2903 temere
1666 2851 1843 2919 proje-

256 2940 447 2984 cerunt
472 2973 486 2995 ,
517 2941 572 2986 et
599 2932 890 3001 periculum
936 2944 1237 2991 metuentes
1283 2937 1525 3008 fugerunt
1560 2957 1572 2992 :
1616 2941 1661 2994 is
1692 2943 1802 3011 ipse
1826 2985 1840 3007 ,

247 3022 340 3091 qui
374 3023 644 3092 proiectus
673 3025 769 3078 l'uit
798 3068 811 3090 ,
843 3035 1083 3084 mortuus
1107 3039 1222 3085 erat
1246 3073 1260 3095 ,
1300 3048 1471 3102 exque
1502 3035 1613 3088 sola
1650 3037 1843 3093 virtute

251 3116 390 3166 sacri
419 3117 686 3182 corporis,
721 3128 958 3173 tuortuus
990 3124 1304 3176 resurrexit.
1336 3123 1486 3178 Unde
1512 3127 1686 3192 palam
1719 3138 1839 3195 est,

247 3203 542 3274 discipulos
571 3207 864 3262 imbecillos
887 3209 1088 3274 fuisse;
1122 3221 1173 3266 at
1211 3227 1315 3271 non
1343 3230 1565 3269 omnes:
1598 3233 1718 3272 nam
1751 3235 1836 3273 co-

248 3294 446 3352 lamna:
477 3297 582 3351 illa:
611 3314 717 3352 non
749 3299 985 3354 aderant.
1297 3285 1300 3289 l

334 3465 385 3520 5.
427 3468 532 3521 Sed
568 3469 782 3525 aliunde
813 3474 931 3527 vide
971 3470 1200 3531 hominis
1258 3480 1638 3553 impudentiam
1668 3526 1682 3550 ,
1712 3501 1847 3553 quo-

259 3559 427 3614 modo
471 3561 522 3614 in
564 3576 853 3632 conspectu
897 3568 1064 3620 turbae
1109 3569 1290 3623 Jesum
1345 3584 1615 3640 precetur,
1665 3589 1846 3630 couIi-a

257 3652 557 3722 discipulos
596 3655 816 3724 loquens
849 3677 861 3712 :
900 3674 1020 3713 nam
1069 3662 1184 3715 ait:
1229 3663 1390 3718 Attuli
1430 3683 1543 3718 eum
1588 3669 1850 3734 discipulis

258 3745 376 3802 tuis.
409 3755 458 3797 et
489 3762 589 3799 non
622 3757 887 3814 potuerunt
911 3766 1023 3802 eum
1053 3769 1248 3806 curare.
1283 3754 1385 3808 Sed
1411 3755 1654 3811 Christus
1684 3759 1848 3814 disci-

256 3834 414 3902 pulos
443 3851 568 3890 suos
602 3837 774 3906 palam
804 3853 1064 3895 excusans
1087 3884 1099 3906 ,
1127 3844 1384 3911 majorem
1411 3847 1485 3900 illi
1511 3851 1719 3918 culpam
1753 3855 1843 3906 tri-

255 3925 365 3978 buit
387 3965 402 3989 ,
437 3925 621 3981 dicens
650 3945 662 3980 :
695 3928 782 3983 lli.
817 3927 861 3982 0
903 3933 1156 4000 generatio
1196 3935 1458 3990 incredula
1498 3950 1542 3993 et
1574 3958 1802 4009 perversa
1829 3989 1843 4010 ,

253 4032 513 4083 usquequo
543 4017 794 4072 uobiscum
815 4021 1057 4077 ero?non
1089 4023 1230 4078 hunc
1256 4027 1427 4088 solum
1451 4029 1752 4099 alloquitur,
1782 4050 1846 4089 ne

255 4107 497 4161 turbaret
523 4123 666 4170 eum,
691 4111 783 4162 sed
815 4121 866 4163 et
896 4125 1082 4167 omnes
1111 4113 1344 4170 Judaeos.
1374 4118 1563 4172 Multos
1595 4123 1736 4175 enim
1769 4126 1843 4176 of-

252 4196 434 4249 fensos
461 4197 622 4252 fuisse
646 4200 932 4256 verisimile
953 4212 1067 4267 est,
1101 4205 1341 4276 maleque
1365 4207 1432 4261 de
1452 4209 1726 4277 discipulis
1757 4231 1845 4265 su-

251 4287 487 4352 Spicatos
528 4302 668 4342 esse.
709 4289 842 4344 Cum
872 4303 1049 4346 autem
1080 4294 1245 4361 dicit,
1282 4297 1550 4368 Usquequo
1593 4303 1842 4357 vobiscum

250 4394 332 4430 ero
356 4380 383 4431 ἒ
414 4380 654 4433 ostendit
680 4391 933 4448 quantum
965 4397 1192 4441 mortem
1229 4398 1458 4457 optaret,
1489 4402 1541 4446 et
1569 4393 1842 4449 desidera—

251 4479 329 4521 ret
356 4471 481 4522 hinc
504 4471 731 4542 migrare
756 4491 769 4532 :
795 4476 998 4545 sibique
1029 4495 1132 4532 non
1161 4482 1413 4552 cruciﬁgi,
1443 4485 1536 4538 sed
1560 4502 1679 4541 cum
1715 4489 1840 4558 ipsis
1868 4501 1869 4504 ‘

249 4563 450 4614 versari
484 4564 766 4618 molestum
796 4582 935 4622 esse.
969 4568 1075 4624 Nec
1099 4581 1379 4627 contentus
1411 4576 1701 4642 incusasse,
1727 4583 1797 4634 ait
1824 4601 1834 4632 :

250 4651 440 4717 A/Ierte
465 4655 569 4706 huc
593 4655 756 4720 ipsum
779 4659 844 4708 ad
870 4675 982 4723 me;
1014 4661 1406 4733 interrogatque
1438 4666 1607 4730 illum.
1638 4683 1838 4738 quanto

247 4749 492 4811 tempore
521 4744 770 4798 detentus
798 4761 962 4814 esset,
991 4758 1041 4803 et
1070 4750 1357 4822 discipulos
1381 4772 1660 4824 excusans,
1693 4774 1743 4814 et
1777 4763 1840 4815 il-

243 4833 353 4886 lum
386 4835 440 4888 in
467 4849 616 4903 spem
647 4836 836 4893 bonam
867 4854 1048 4909 agens,
1084 4851 1142 4895 ut
1168 4843 1428 4906 crederet.
1459 4862 1516 4900 se
1545 4864 1574 4902 a
1605 4853 1743 4905 malo
1773 4853 1835 4906 li-

243 4921 567 4978 berandum.
596 4927 770 4995 Ipsum
800 4945 926 4985 vero
957 4931 1182 5002 discerpi
1217 4936 1342 4989 sinit
1367 4979 1380 4999 ,
1415 4954 1522 4993 non
1552 4943 1616 4994 ad
1651 4955 1832 4999 osten-

241 5014 497 5068 tationem
521 5016 664 5085 (quia
683 5020 820 5072 enim
841 5023 988 5075 turba
1008 5024 1325 5092 conﬂuebat,
1348 5028 1642 5098 increpavit
1662 5037 1831 5108 etnn),

237 5102 337 5157 sed
369 5118 584 5174 propter
615 5107 785 5176 ipsum
815 5121 1050 5179 patrem,
1080 5125 1131 5167 ιιι
1163 5131 1282 5170 cum
1311 5118 1514 5176 videret
1537 5102 1830 5182 dtemoncin

239 5196 443 5250 turbati
472 5212 536 5250 eo
557 5199 698 5266 quod
728 5200 874 5254 illum
905 5217 1146 5261 vocasset
1174 5248 1185 5269 ,
1214 5209 1289 5261 sic
1316 5210 1501 5265 saltem
1536 5213 1694 5271 futuri
1730 5219 1829 5271 mi-

237 5288 408 5341 raculi
449 5286 606 5343 ﬁdem
643 5292 961 5361 susciperet.
1000 5295 1264 5362 Quoniam
1305 5316 1430 5356 vero
1464 5303 1598 5358 dixit
1638 5306 1725 5360 ille
1751 5347 1764 5371 ,
1799 5324 1828 5360 a

232 5393 409 5445 puero
432 5391 673 5434 vexatum
697 5395 835 5448 esse,
868 5395 938 5447 et.
965 5385 1026 5440 Si
1049 5397 1208 5457 potes,
1232 5390 1417 5459 adjuua
1438 5411 1532 5455 me.
1557 5397 1688 5450 dixit
1715 5399 1824 5465 ille,

234 5467 430 5520 Omnia
454 5470 716 5536 possibilia
742 5483 856 5526 sunt
883 5476 1103 5530 credenti
1130 5478 1320 5545 (Marc.
1352 5481 1403 5535 9.
1431 5483 1641 5555 20-22)
1663 5528 1675 5548 .
1709 5505 1829 5542 rur-

231 5573 354 5610 sum
401 5558 544 5613 illum
587 5562 895 5632 objurgans.
942 5567 1006 5620 Et
1038 5569 1250 5638 quando
1293 5571 1535 5639 leprosus
1564 5577 1729 5644 dixit,
1765 5579 1825 5634 Si

231 5651 328 5712 vis,
361 5659 499 5716 potes
528 5667 607 5704 me
636 5654 883 5708 mundare
911 5655 1059 5725 (Luc.
1092 5658 1144 5714 5.
1181 5659 1264 5713 l2.
1298 5660 1417 5732 15),
1446 5664 1559 5733 ejus
1593 5674 1823 5734 potesta-

231 5755 338 5797 tem
379 5746 689 5800 testiﬁcatus
712 5790 727 5813 ,
763 5748 907 5803 illum
950 5751 1169 5806 laudans
1205 5763 1258 5808 et
1287 5756 1483 5810 dictum
1531 5759 1656 5811 illud
1688 5776 1820 5822 con-

233 5831 456 5891 ﬁrmans
478 5835 631 5903 dixit,
664 5837 811 5906 Volo,
835 5843 1098 5900 mundare.
1124 5845 1345 5912 Quando
1372 5856 1547 5903 autem
1578 5851 1659 5904 hic
1689 5851 1817 5906 nihil

1264 358 1326 414 IN
1367 352 1777 412 MATTHEUM
1815 352 2046 407 llOMIL.
2089 353 2243 406 LVII.
2286 353 2356 406 al.
2403 349 2579 405 LVIII.

3453 353 3560 409 ΒΜ

3045 413 3094 450 ,ε

1961 466 2124 536 ipsius
2156 474 2416 536 potestate
2436 465 2654 535 dignum
2682 463 2909 534 loquens
2930 451 3082 531 dixii',
3100 463 3162 520 Si
3189 474 3348 534 potes.
3373 467 3563 536 adjuva

1958 575 2056 624 me,
2083 559 2201 614 vide
2230 557 2497 626 quomodo
2527 556 2674 610 illum
2703 556 2955 626 corrigat,
2990 565 3048 611 ut
3069 558 3159 628 qui
3189 569 3374 612 contra
3400 575 3560 629 quam

1960 665 2055 719 par
2084 658 2200 704 erat
2227 649 2553 718 loqueretur.
2589 647 2728 715 Quid
2757 648 2899 702 enim
2927 649 3044 702 ait?
3075 646 3137 703 Si
3168 659 3308 718 potes
3333 650 3557 719 credere,

1959 744 2127 797 omnia
2154 743 2414 813 possibilia
2445 750 2562 795 sunt
2590 742 2853 806 credenti;
2885 740 2935 795 id
2965 750 3080 803 est,
3106 741 3272 796 Tanta
3307 759 3424 798 utea
3454 749 3561 798 vlr-

1958 845 2042 887 tus
2073 844 2153 888 est
2178 876 2192 896 ,
2224 845 2277 887 ut
2306 843 2359 888 et
2389 834 2478 888 alii
2510 849 2630 888 meo
2672 834 2888 887 nomine
2916 834 3123 903 possint
3171 835 3425 890 miracula
3460 850 3558 905 pa-

1957 936 2121 980 trare.
2168 926 2350 995 Itaque
2398 926 2440 978 si
2491 934 2544 978 tu
2587 923 2776 978 credas
2807 934 2864 978 ut
2908 934 3121 994 oportet
3150 926 3372 982 credere
3397 969 3413 991 ,
3443 929 3558 998 ipso

1955 1034 2168 1089 quoque
2197 1034 2386 1074 curare
2415 1028 2569 1087 potes
2596 1029 2648 1072 et
2678 1017 2819 1072 hunc
2843 1028 2898 1072 et
2922 1017 3057 1072 alios
3088 1018 3304 1075 multos.
3340 1018 3405 1074 Et
3437 1034 3556 1075 cum

1955 1110 2069 1164 lucc
2095 1109 2336 1175 dixisset,
2367 1108 2755 1164 daamoniacum
2781 1109 3046 1164 liberavit.
3067 1109 3145 1163 Tu
3177 1125 3304 1164 vero
3338 1126 3405 1165 ne
3433 1111 3557 1168 inde

1957 1209 2157 1253 tantum
2176 1200 2292 1268 ejus
2313 1199 2703 1270 providentiam
2721 1209 2774 1254 et
2795 1197 3200 1253 beneﬁcentiam
3219 1198 3554 1267 consideres,

1952 1289 2044 1343 sed
2076 1292 2234 1344 etiam
2264 1305 2327 1344 ex
2352 1289 2445 1343 illo
2477 1299 2720 1360 tempore
2745 1304 2853 1359 quo
2876 1291 3144 1344 concessit
3169 1291 3311 1345 intus
3335 1307 3556 1350 manere

1951 1380 2272 1435 daemonem.
2304 1379 2412 1434 Nisi
2436 1381 2578 1434 enim
2608 1395 2797 1449 magna
2820 1389 2947 1434 tunc
2971 1380 3303 1449 providentia
3329 1381 3420 1437 ille
3440 1397 3557 1437 ser-

1952 1481 2105 1525 vatus
2129 1470 2335 1537 fuisset,
2361 1470 2567 1539 jamdiu
2592 1471 2859 1539 periisset.
2892 1470 3025 1525 Nam
3050 1473 3178 1526 etin
3207 1473 3380 1540 ignem
3405 1473 3556 1529 illum

1951 1563 2289 1631 conjiciebat,
2323 1563 2513 1633 inquit,
2545 1573 2598 1617 et
2625 1563 2675 1616 in
2706 1578 2916 1630 aquam.
2946 1563 3044 1632 Qui
3070 1579 3193 1619 vero
3223 1566 3271 1619 id
3298 1565 3558 1634 audebat,

1951 1654 2234 1710 occidisset
2263 1655 2446 1723 utique
2478 1654 2578 1708 nisi
2609 1655 2663 1707 in
2692 1663 2838 1708 tanto
2867 1657 3045 1708 lurore
3073 1654 3282 1710 frenum
3313 1658 3386 1710 illi
3410 1656 3557 1712 Deus

1952 1746 2248 1814 injecisset:
2272 1745 2412 1815 quod
2441 1755 2494 1800 et
2521 1745 2595 1799 illi
2627 1745 2767 1815 passi
2798 1745 3039 1809 fuissent,
3062 1747 3159 1816 ,qui
3189 1747 3312 1800 nudi
3347 1763 3440 1814 per
3460 1748 3557 1803 de-

1950 1846 2090 1889 serta
2115 1833 2424 1900 currebant,
2451 1845 2503 1889 et
2531 1835 2795 1904 lapidibus
2816 1850 2936 1890 sese
2958 1837 3307 1906 impetebant.
3334 1839 3486 1903 Quod
3507 1841 3551 1894 si

1950 1927 2238 1982 lunaticum
2262 1937 2432 1992 vocet,
2458 1943 2526 1984 ne
2553 1927 2784 1982 turberis
2803 1945 2814 1981 :
2836 1943 2958 1982 nam
2984 1930 3062 1982 sic
3085 1938 3239 1983 vocat
3261 1930 3426 1986 liliutn
3445 1932 3558 1987 da:-

1950 2021 2180 2074 moniaci
2209 2029 2380 2090 pater.

2021 2109 2258 2164 Lunatici
2283 2127 2374 2162 cur
2400 2109 2471 2162 sic
2499 2109 2642 2166 dicti.
2679 2109 2898 2177 Quidam
2921 2112 3085 2165 sancti
3114 2121 3307 2166 montes
3325 2122 3552 2168 transtu-

1950 2201 2136 2258 lerunt.
2159 2230 2230 2241 —-
2254 2199 2361 2256 Cur
2389 2216 2520 2270 ergo
2545 2200 2676 2255 dicit
2697 2203 3046 2271 evangelista,
3078 2202 3255 2270 ipsum
3287 2204 3550 2265 lunaticos

1951 2293 2147 2346 multos
2191 2293 2511 2347 curavisse?
2557 2293 2634 2346 Ex
2682 2293 2825 2362 vulgi
2870 2288 3125 2362 opinione
3163 2295 3241 2350 sic
3289 2294 3549 2364 loquitur.

1952 2385 2168 2438 Dremon
2196 2385 2390 2454 quippe
2413 2394 2469 2438 ut
2494 2385 2593 2439 hoc
2616 2387 2940 2440 elementum
2958 2387 3336 2453 calumnietur,
3358 2403 3552 2442 secum.
3613 2392 3622 2400 '

1949 2473 2074 2528 dum
2110 2476 2248 2529 lunae
2274 2489 2490 2530 cursum
2524 2475 2723 2528 invadit
2757 2475 3022 2540 homines,
3055 2485 3110 2531 et
3136 2475 3358 2531 dimittit
3389 2493 3404 2531 :
3438 2494 3548 2535 non

1949 2564 2090 2633 (μιοά
2121 2565 2203 2619 illa
2246 2565 2297 2618 id
2333 2575 2605 2634 operetur,
2634 2565 2772 2620 absit
2801 2583 2815 2628 ;
2850 2566 2942 2621 sed
2976 2566 3025 2620 id
3058 2567 3225 2622 eﬂicit
3255 2584 3350 2636 per
3377 2567 3544 2622 vafri-

1951 2655 2075 2709 tiem
2113 2655 2322 2710 dannon
2348 2699 2361 2721 ,
2392 2665 2449 2710 ut
2489 2657 2538 2712 id
2576 2658 2846 2712 elemento
2892 2659 3134 2728 imputet.
3171 2660 3402 2730 ideoque
3434 2663 3550 2718 haec

1951 2748 2077 2802 falsa
2108 2750 2290 2818 opinio
2319 2750 2458 2817 apud
2505 2751 2819 2820 insipientes
2850 2751 3106 2816 invaluit,
3141 2757 3325 2821 sicque
3352 2753 3545 2819 delusi,

1952 2837 2051 2892 hoc
2081 2840 2296 2894 nomine
2322 2839 2597 2895 daemonas
2641 2840 2944 2908 illljtlSlilOdi
2975 2843 3249 2912 appellant
3280 2862 3293 2898 :
3323 2844 3374 2899 id
3405 2845 3546 2914 quod

1949 2928 2167 2982 minime
2209 2945 2393 2983 verum
2432 2939 2535 2983 est.
2576 2929 2660 2984 18.
2703 2928 2848 2983 Tunc
2874 2941 3188 2985 accesserunt
3214 2934 3449 3005 discipuli
3478 2936 3548 2994 ad

1946 3035 2057 3069 eum
2083 3029 2292 3084 secreto,
2317 3031 2362 3073 et
2382 3022 2818 3090 interrogaverunt
2845 3037 2980 3087 eum,
3011 3039 3103 3075 cur
3132 3039 3232 3078 non
3265 3027 3547 3094 potuissent

1947 3109 2044 3176 ipsi
2070 3110 2346 3163 dannonem
2369 3112 2568 3173 ejicere.
2595 3110 2862 3167 Timttisse
2888 3111 3015 3166 mihi
3039 3113 3307 3182 videntur,
3332 3131 3398 3170 nc
3419 3132 3547 3172 con-

1946 3216 2152 3256 cessam
2180 3203 2275 3256 sibi
2299 3204 2523 3272 gratiam
2547 3204 2843 3258 amiserint.
2874 3204 3197 3260 Potestatem
3221 3208 3363 3261 enim
3387 3223 3543 3265 acce-

1949 3305 2134 3362 perant
2174 3307 2357 3348 contra
2402 3296 2640 3364 impuros
2667 3295 2966 3356 dmmonas.
3017 3297 3141 3354 Ideo
3171 3298 3542 3370 interrogant,

1955 3402 2202 3439 seorsum
2240 3389 2561 3440 accedentes
2585 3429 2599 3453 ,
2634 3403 2741 3440 non
2784 3389 2929 3456 quod
2960 3389 3354 3444 erubescerent
3383 3390 3554 3459 (cum

1953 3477 2119 3542 enim,
2151 3478 2268 3547 ipso
2298 3489 2444 3545 actu,
2473 3478 2858 3551 [impotentiw]
2881 3482 3114 3535 convicti
3148 3481 3404 3548 fuissent,
3438 3499 3553 3544 non

1951 3580 2069 3621 erat
2092 3570 2204 3637 jam
2231 3586 2329 3624 cur
2360 3572 2410 3623 id
2439 3571 2753 3626 conﬁtendo
2786 3573 3223 3642 erubescerent),
3273 3575 3368 3628 sed
3400 3576 3546 3643 quod

1950 3657 2016 3715 de
2051 3674 2250 3714 arcana
2285 3670 2338 3714 et
2371 3677 2564 3729 magna
2603 3679 2660 3716 re
2696 3663 2848 3715 illum
2896 3672 3083 3716 essent
3130 3663 3542 3733 interrogaturi.

1951 3748 2092 3814 Quid
2136 3750 2302 3820 igitur
2349 3753 2651 3808 Christus?
2703 3753 2797 3809 20.
2850 3753 3080 3823 Propter
3113 3755 3544 3810 incredulitatem

1949 3854 2215 3909 vestram,
2269 3848 2365 3899 ait.
2425 3846 2488 3899 Si
2533 3848 2674 3901 enim
2718 3847 3014 3902 habueritis
3053 3849 3213 3918 ﬁdem
3247 3850 3385 3902 sicut
3421 3866 3548 3919 gra-

1950 3949 2074 3985 num
2129 3936 2329 4004 sinapis
2356 3977 2370 4000 ,
2415 3937 2607 3990 dicetis
2661 3940 2830 3991 monti
2869 3941 3021 4003 huic,
3065 3938 3258 3992 Transi
3289 3941 3443 4005 hinc,
3492 3949 3551 3993 et-

1951 4027 2218 4088 transibit,
2253 4039 2300 4080 et
2335 4029 2468 4081 nihil
2502 4030 2831 4097 impossibile
2869 4031 3010 4084 vobis
3037 4033 3159 4085 erit.
3194 4031 3349 4098 Quod
3386 4035 3429 4086 si
3459 4031 3544 4085 di-

1951 4117 2128 4180 xeris,
2173 4115 2402 4172 Ubinam
2449 4127 2684 4174 montem
2733 4121 3170 4176 transtulerunt?
3210 4122 3382 4178 dicam
3427 4127 3555 4184 illos.

1950 4208 2117 4261 multo
2147 4209 2344 4277 majora
2377 4209 2587 4271 iecisse,
2619 4225 2739 4264 cum
2768 4211 2917 4266 mille
2949 4222 3190 4267 mortuos
3211 4215 3543 4271 suscitarint.

1946 4298 2128 4367 Neque
2169 4302 2308 4366 paris
2355 4301 2630 4369 potestatis
2673 4311 2790 4362 est.
2828 4314 3063 4358 montem
3108 4307 3434 4372 transferre,
3482 4325 3546 4361 ac

1948 4402 2173 4445 mortem
2206 4407 2233 4443 a
2267 4406 2491 4460 corpore
2520 4392 2738 4461 pellere.
2771 4392 3000 4448 Narrant
3029 4405 3148 4464 post
3178 4397 3298 4451 illos
3326 4412 3543 4453 sanetos

1946 4480 2201 4548 quosdam
2236 4481 2337 4537 illis
2367 4483 2620 4547 minores,
2655 4493 2863 4536 montes
2895 4487 3212 4540 necessitate
3235 4488 3542 4556 postulante

1947 4573 2302 4631 transtulisse.
2349 4573 2500 4628 Unde
2543 4574 2738 4643 liqueat
2774 4575 2891 4628 illos
2930 4592 3140 4645 quoque
3190 4581 3540 4634 translaturos

1945 4660 2127 4721 fuisse.
2147 4663 2186 4715 si
2214 4663 2260 4714 id
2287 4663 2574 4717 necessitas
2597 4665 2934 4731 postulasset.
2961 4665 3014 4719 Si
3043 4677 3219 4720 autem
3249 4685 3540 4738 numquam

1945 4767 2165 4806 necesse
2209 4753 2385 4818 fuerit,
2428 4769 2494 4808 ne
2537 4769 2729 4824 arguas
2762 4757 2902 4810 illos.
2945 4757 3194 4828 Alioquin
3223 4768 3400 4815 autem
3432 4779 3539 4817 non

1941 4842 2076 4896 dixit
2107 4843 2239 4912 ipse,
2272 4844 2500 4897 Omnino
2529 4847 2891 4909 transferatis,
2929 4847 3020 4901 sed
3051 4892 3061 4905 .
3098 4849 3148 4901 Id
3186 4852 3448 4917 poteritis.
3483 4854 3539 4918 Si,

1923 4927 2102 5003 'porro
2147 4952 2250 4990 non
2293 4938 2676 4990 transtulerunt
2706 4980 2718 4999 ,
2767 4955 2874 4992 non
2918 4941 3058 5010 quod
3110 4957 3223 4995 non
3265 4955 3484 5011 possent
3521 4989 3533 5008 ,

1940 5028 2253 5096 (quomodo
2280 5029 2421 5081 enim
2453 5029 2540 5098 qui
2573 5030 2771 5098 majora
2802 5032 3106 5102 possent?)
3139 5033 3232 5087 sed
3259 5035 3400 5104 quod
3436 5052 3537 5089 no-

1939 5121 2132 5173 luerint
2162 5121 2360 5190 absque
2393 5124 2726 5178 "CCt‘SSiiﬂie-
2764 5124 2942 5179 Potuit
2965 5128 3127 5181 etiam
3156 5128 3206 5182 id
3231 5130 3488 5185 accidisse
3521 5173 3534 5194 ,

1937 5212 2034 5264 etsi
2077 5214 2333 5282 scriptum
2377 5230 2478 5267 non
2509 5215 2665 5269 fuerit
2690 5232 2704 5281 ;
2738 5203 2910 5286 neque
2935 5221 3077 5274 enim
3103 5223 3281 5277 omnia
3307 5240 3426 5294 quae
3455 5226 3532 5281 illi

1936 5304 2155 5359 edidere
2181 5308 2432 5360 miracula
2465 5310 2658 5377 scripta
2688 5320 2830 5362 sunt.
2863 5311 3010 5367 Tunc
3043 5329 3200 5382 porro
3230 5316 3395 5371 multo
3434 5318 3531 5373 im-

1936 5394 2282 5463 perfectiores
2317 5407 2490 5452 erant.
2533 5399 2668 5466 Quid
2719 5400 2917 5470 igitur?
2947 5419 3014 5458 an
3057 5406 3291 5462 nondum
3326 5417 3528 5463 tantam

1935 5487 2092 5549 ﬁdem
2134 5488 2436 5543 habebant?
2471 5490 2584 5544 Non
2615 5492 2797 5560 utique
2827 5492 3131 5557 habebant,
3163 5513 3336 5567 neque
3366 5499 3526 5555 iidem

1933 5580 2031 5649 ipsi
2076 5595 2287 5645 semper
2328 5583 2473 5636 fuere
2503 5601 2514 5635 :
2549 5584 2977 5653 quandoquidem
3012 5587 3200 5641 Petrus
3231 5605 3372 5645 nunc
3403 5592 3526 5645 bea-

1933 5680 2016 5725 tus
2046 5674 2384 5741 priedicatnr,
2426 5691 2564 5729 nunc
2606 5677 2944 5745 increpatnr;
2978 5680 3174 5750 reliqui
3215 5697 3344 5735 vero
3373 5685 3524 5750 quasi

1931 5764 2241 5832 insipientes
2279 5777 2574 5825 arguuntur
2619 5769 2687 5823 ab
2733 5769 2847 5837 ipso
2874 5812 2886 5834 ,
2933 5772 3072 5840 quod
3120 5773 3426 5842 parabolam
3455 5774 3525 5828 de

1932 5852 2195 5911 fermento
2222 5873 2329 5915 non
2363 5859 2772 5916 intellexissent.
2820 5860 3054 5934 Contigit
3094 5876 3272 5921 autem
3310 5875 3366 5925 ut
3396 5876 3522 5935 tunr-~
