4174 6332
655 377 760 431 885

657 486 900 559 discipuli
929 481 1288 540 imbecillitate
1313 477 1617 548 laborarent
1648 492 1660 528 ι
1689 473 1766 526 sic
1790 469 1931 525 enim
1961 477 2085 523 ante
2109 481 2230 522 eruo

657 597 774 637 cem
795 558 849 635 et
871 577 1169 647 passionem
1194 571 1420 626 fuerant.
1450 567 1545 623 Hic
1568 580 1729 636 porro
1748 564 1814 620 de
1835 563 2106 632 signorum
2128 558 2236 614 ilde

661 672 907 743 loquitur,
938 677 993 722 et
1020 665 1227 734 sinapin
1251 660 1512 722 adhibet.
1544 668 1603 713 ut
1629 659 1743 726 ejus
1768 654 2084 710 ineffabilem
2117 651 2226 706 vir-

660 742 822 818 tutem
871 756 1151 828 significet.
1197 754 1345 809 Licet
1383 751 1524 806 enim
1577 747 1718 804 mole
1771 746 1988 800 minima
2035 742 2235 812 sinapis

661 853 900 910 rideatur
920 865 1038 904 esse
1065 891 1080 911 ,
1116 849 1221 900 vim
1245 854 1424 900 tamen
1467 842 1896 915 habetotmmtm
1927 836 2232 890 maximam.

661 945 870 999 Ducena
912 941 1090 1010 igitur,
1132 941 1392 993 sinceram
1434 932 1591 988 ﬁdem
1625 930 1706 985 vel
1740 929 2012 983 minimam
2040 939 2233 994 magna

659 1050 852 1107 misse,
883 1030 1088 1102 sinapln
1122 1031 1510 1083 commemorat
1539 1041 1553 1076 :
1587 1034 1760 1092 neque
1786 1019 1873 1074 hic
1896 1016 2116 1088 gradum
2158 1015 2233 1068 si-

659 1106 829 1193 stens,
853 1134 1060 1180 montes
1083 1121 1304 1187 addidit,
1324 1127 1379 1173 et
1405 1118 1538 1172 ultra
1563 1123 1876 1185 progressus
1900 1109 2065 1163 dixit:
2087 1106 2236 1162 Nihil

659 1219 797 1272 nobis
822 1212 1128 1285 impossibile
1152 1213 1263 1266 erit.

731 1309 785 1363 ι.
815 1305 1036 1377 Spiritus
1055 1305 1228 1358 virtus.
1255 1299 1462 1376 Jejuuio
1483 1306 1526 1351 et
1551 1296 1776 1350 oratione
1793 1296 1920 1361 opus
1943 1291 2102 1344 estad
2126 1288 2234 1341 da:-

662 1413 839 1454 utonas
858 1378 1132 1468 pellendos.
1154 1422 1222 1434 —
1241 1389 1320 1447 Tu
1344 1398 1468 1445 vero
1495 1389 1582 1444 hic
1605 1387 1817 1442 illorum
1847 1378 2234 1451 philosophiam

662 1492 895 1554 mirare,
923 1498 976 1542 et
1013 1485 1242 1554 Spiritus
1282 1480 1528 1536 virtutem
1567 1497 1581 1532 :
1619 1475 2008 1548 philosophiam
2034 1513 2051 1539 ,
2092 1470 2234 1542 quod

662 1594 813 1636 suam
839 1579 1199 1646 impeteutiam
1229 1588 1333 1628 non
1355 1570 1741 1632 occultaverunt
1765 1582 1780 1631 ;
1809 1563 2036 1636 Spiritus
2061 1563 2233 1616 virtu-

662 1681 768 1725 tem
792 1710 808 1734 ,
839 1667 980 1739 quod
1019 1679 1113 1721 eos
1133 1705 1148 1731 ,
1179 1664 1265 1734 qui
1298 1677 1396 1718 nec
1431 1661 1588 1739 fidem
1625 1658 1760 1713 sicut
1787 1669 2008 1725 granum
2040 1651 2237 1722 sinapis

663 1737 967 1825 habebant,
1002 1759 1080 1814 sic
1115 1756 1363 1827 paulatim
1393 1737 1676 1815 extulerit,
1710 1758 1765 1802 ut
1817 1746 1937 1801 fidei
1979 1745 2148 1799 fontes
2184 1753 2239 1796 et

663 1853 875 1907 flumina
891 1850 941 1904 iu
956 1849 1058 1904 illis
1072 1845 1409 1903 scaturirent.
1427 1843 1490 1898 2|
1504 1882 1517 1895 .
1539 1840 1706 1897 Genus
1725 1849 1891 1892 autem
1914 1837 2006 1890 hoc
2022 1851 2122 1889 non
2140 1834 2234 1901 ιρἱ

662 1949 810 2010 ritur,
840 1942 937 1997 nisi
972 1933 1026 1995 in
1066 1936 1294 1993 oratibue
1328 1945 1375 1990 et
1416 1934 1621 2004 jejunio
1643 1972 1658 1995 ,
1691 1930 1886 1999 adjecit
1914 1928 2004 1981 ille
2024 1943 2042 1980 ι
2069 1935 2237 1994 genus

661 2035 960 2088 dannonum
982 2045 1141 2085 omne
1154 2028 1302 2092 dicit,
1326 2041 1431 2082 non
1455 2033 1655 2079 tantum
1671 2036 1838 2093 genus
1861 2016 2232 2074 luna‘ticorutn.

661 2123 850 2180 Vlden‘
881 2119 1151 2193 quomodo
1176 2119 1363 2190 jejunii
1391 2115 1590 2172 semina
1621 2105 1793 2181 iacit?
1820 2111 1927 2166 Nec
1959 2109 2086 2164 mibi
2115 2123 2237 2162 raro

664 2213 908 2282 exemplo
940 2211 1086 2266 dicas
1106 2251 1121 2274 ,
1148 2209 1404 2281 quosdam
1442 2205 1560 2261 sine
1591 2205 1794 2275 jejunio
1825 2201 2097 2256 daemonas
2124 2199 2236 2269 eje-

664 2307 823 2361 cisse.
851 2302 980 2358 Nam
1007 2303 1052 2358 sl
1082 2313 1216 2356 unus
1241 2307 1332 2354 aut
1358 2299 1492 2352 alter
1522 2291 1848 2363 increpando
1870 2290 1950 2345 sic
1971 2288 2239 2359 expulisse

666 2403 931 2459 narretur,
965 2391 1076 2448 fieri
1108 2390 1292 2459 nequit
1317 2396 1373 2442 ut
1403 2387 1447 2443 si
1477 2386 1524 2441 is
1549 2385 1638 2455 qui
1664 2383 1715 2439 id
1740 2382 1936 2452 patitur
1959 2381 2010 2434 in
2037 2377 2242 2432 deliciis

662 2488 827 2550 vivat,
854 2487 923 2541 ab
946 2484 1049 2540 hoe
1079 2497 1332 2552 umquam
1358 2477 1537 2533 furore
1567 2475 1839 2532 liberetur.
1865 2470 2075 2539 Jejunio
2099 2468 2241 2522 enim

665 2589 721 2637 et
747 2580 986 2635 oratione
1015 2574 1248 2633 maxime
1272 2586 1405 2642 opus
1427 2577 1509 2625 est
1536 2568 1607 2631 ei,
1631 2565 1719 2637 qui
1749 2565 1849 2618 hoc
1873 2561 2062 2619 morbo
2089 2559 2240 2618 labo-

665 2681 768 2726 rat.
798 2669 900 2726 Sed
927 2669 970 2722 si
1001 2665 1105 2723 fide
1128 2679 1259 2735 opus
1291 2671 1404 2725 est,
1438 2659 1667 2729 inquies,
1699 2671 1794 2710 cur
1818 2669 1953 2723 opus
1977 2661 2059 2706 est
2082 2660 2137 2706 et
2156 2649 2242 2718 je-

664 2759 852 2832 junio?
876 2758 1007 2825 Quia
1031 2769 1149 2810 cum
1181 2752 1284 2807 fide
1305 2750 1564 2821 jejunium
1593 2762 1695 2802 non
1718 2757 1931 2816 parvam
1963 2741 2108 2797 addit
2138 2739 2238 2792 for-

669 2834 946 2909 titudinem
981 2867 995 2902 :
1035 2845 1421 2918 philosophiam
1460 2841 1656 2912 quippe
1698 2850 1942 2906 magnam
1989 2833 2242 2892 indit.'ct

670 2942 918 3014 angelum
947 2938 1259 2994 ex'homiue
1288 2932 1470 2999 efﬁcit,
1500 2942 1552 2986 ct
1573 2945 1692 2986 cum
1722 2927 2050 2995 incorporeis
2073 2923 2242 2976 virtu-

669 3013 808 3091 tibus
833 3039 1065 3104 pugnat;
1094 3042 1276 3084 verum
1299 3041 1406 3080 non
1432 3023 1626 3079 suflicit
1647 3019 1796 3084 illud,
1825 3013 1918 3072 sed
1945 3015 2064 3071 addi
2087 3014 2244 3070 debet

673 3125 877 3189 oratio,
903 3137 1022 3193 qua:
1052 3121 1215 3175 etiam
1244 3127 1444 3189 prateat
1471 3121 1699 3185 oportet.
1733 3110 1861 3165 Vide
1888 3124 2014 3177 ergo
2045 3113 2240 3176 quanta

671 3220 808 3274 bona
850 3231 914 3272 ex
950 3223 1174 3281 utroque
1211 3209 1509 3279 gignantur.
1543 3205 1675 3274 Quia
1707 3202 1852 3256 enim
1881 3199 1969 3268 qui
2000 3205 2246 3268 precatur

577 3375 581 3378 η
671 3319 732 3365 ut
757 3308 933 3367 decet.
959 3314 1017 3360 et
1049 3302 1287 3371 jcjunat,
1319 3309 1426 3352 non
1461 3293 1645 3350 multis
1685 3291 1919 3360 indiget;
1952 3288 2040 3356 qui
2068 3295 2244 3339 autem

671 3410 778 3456 neu
812 3397 990 3454 multis
1025 3394 1259 3463 indiget,
1304 3405 1407 3445 non
1450 3387 1685 3458 pecunia:
1715 3395 1899 3436 amans
1933 3379 2126 3444 fuerit;
2156 3379 2247 3448 qui

673 3492 912 3564 pecunia
934 3502 1120 3543 amans
1141 3500 1245 3540 non
1267 3493 1368 3546 est,
1395 3479 1460 3536 ad
1485 3479 1875 3547 eleemosyuam
1906 3487 2103 3543 pronus
2124 3472 2244 3526 crit.

673 3584 773 3650 Qui
808 3581 1013 3653 jejuuat
1037 3619 1052 3643 ,
1080 3577 1246 3632 levior
1274 3583 1356 3629 est
1379 3581 1428 3627 et
1455 3570 1606 3640 quasi
1631 3567 1834 3629 alatus,
1863 3565 2251 3635 vigilanterquo

678 3652 817 3737 orat,
835 3671 1004 3727 malas
1020 3665 1494 3737 concupiscientias
1513 3659 1819 3729 exstinguit.
1847 3657 2118 3724 Deumque
2136 3652 2247 3721 pla»

675 3773 782 3827 cat,
805 3764 996 3819 elatam
1021 3760 1252 3815 animam
1281 3755 1543 3809 humiliat.
1577 3752 1702 3808 Ideo
1719 3748 1940 3819 apusloli
1970 3745 2081 3800 fere
2103 3756 2248 3799 scm-

677 3871 775 3927 per
793 3853 1126 3925 jejunabant.
1152 3850 1253 3916 Qui
1276 3830 1440 3902 oratis
1462 3844 1669 3914 jejuuat
1685 3885 1700 3906 ,
1733 3842 1884 3895 binas
1910 3838 2068 3894 habet
2096 3835 2208 3890 alas
2230 3877 2245 3901 ,

679 3954 814 4022 ipsis
825 3951 999 4004 ventis
1017 3950 1268 4002 leviores.
1283 3943 1401 3999 Non
1419 3943 1563 3998 enim
1577 3941 1792 4004 oscitat,
1807 3952 1914 3997 non
1931 3931 2244 4007 pandiculao

681 4049 768 4092 tur
787 4052 885 4093 nec
909 4043 1087 4104 torpet
1105 4033 1337 4093 orando,
1365 4033 1424 4084 ut
1449 4028 1607 4084 multi
1640 4028 1819 4084 solent
1843 4041 1858 4083 :
1884 4023 1979 4080 sed
2009 4031 2094 4078 est
2117 4022 2244 4092 igua

679 4125 974 4189 ardentior,
996 4133 1050 4179 et
1080 4131 1220 4178 terra
1246 4119 1522 4190 superior:
1546 4115 1772 4186 ideoque
1798 4114 2029 4169 maxime
2053 4113 2253 4166 damm-

679 4231 806 4275 num
833 4213 1002 4269 hostis
1028 4221 1083 4268 et
1109 4209 1371 4265 inimicus.
1399 4207 1538 4262 Nihil
1571 4207 1710 4262 enim
1744 4205 2010 4275 potentius
2041 4203 2254 4258 homine

680 4306 845 4377 probe
884 4312 1088 4359 orante.
1129 4301 1261 4356 Nam
1301 4299 1346 4355 si
1385 4299 1577 4353 mulier
1616 4297 1699 4351 illa
1721 4294 1872 4366 (Lac.
1903 4295 1987 4350 18.
2016 4295 2106 4366 5),
2133 4309 2256 4349 cru-

679 4399 851 4454 delcm
882 4396 1170 4468 principem
1192 4434 1207 4460 ,
1234 4394 1321 4463 qui
1350 4406 1448 4447 nec
1471 4389 1637 4444 Deum
1665 4389 1900 4452 timebat,
1932 4389 2034 4442 nec
2082 4385 2254 4440 homi-

683 4504 802 4549 nem
832 4486 1197 4551 reverebatur,
1228 4485 1442 4541 ﬂectere
1469 4481 1636 4552 potuit
1661 4499 1674 4535 :
1695 4481 1862 4534 multo
1891 4479 2060 4548 magis
2089 4477 2253 4532 Deum

681 4583 880 4647 ﬂectet,
907 4581 996 4652 qui
1021 4574 1327 4650 frequenter
1353 4577 1552 4641 instat,
1581 4574 1671 4645 qui
1703 4570 1874 4626 ventri
1901 4571 2166 4640 imperat,
2192 4585 2262 4625 ac-

681 4670 896 4728 delicias
925 4671 1088 4742 ejicit.

754 4760 873 4817 Non
916 4761 1276 4832 indulgentiam
1319 4758 1531 4814 deliciis.
1573 4757 1718 4813 Gula:
1737 4766 1784 4812 et
1808 4756 2065 4811 edacitatis
2093 4753 2254 4809 male.

679 4884 752 4901 --
778 4854 927 4922 Quod
953 4853 997 4907 si
1015 4852 1280 4908 infirmum
1303 4853 1394 4906 tibi
1417 4862 1722 4922 eorpusest,
1756 4860 1812 4904 ut
1846 4865 1950 4905 non
1974 4847 2146 4918 possis
2169 4860 2255 4901 as-

678 4947 834 5003 sidue
878 4946 1121 5015 jejunare
1141 4986 1155 5008 ,
1182 4951 1237 4999 a‘t
1262 4945 1524 4999 infirmum
1557 4957 1659 4997 non
1687 4949 1770 4997 est
1795 4941 1860 4995 ad
1887 4939 2168 4999 orandum,
2193 4947 2248 4992 et

679 5040 746 5095 ad
774 5037 969 5093 ventris
994 5036 1210 5092 delicias
1235 5032 1583 5104 spernendae.
1632 5032 1775 5088 Nam.
1806 5033 1851 5086 si
1876 5031 2121 5102 jejunare
2148 5043 2252 5083 non

682 5138 850 5202 potes.
882 5137 936 5182 at
975 5137 1123 5198 potes
1153 5141 1258 5183 non
1309 5124 1510 5179 deliciis
1557 5123 1899 5179 incumbere:
1930 5121 2054 5176 illud
2080 5129 2256 5174 autem

685 5228 788 5278 που
821 5221 1037 5290 [urvum
1056 5227 1160 5284 est,
1187 5231 1287 5273 nec
1301 5232 1330 5271 a
1349 5217 1551 5286 jejunio
1571 5216 1790 5270 multum
1815 5214 1973 5268 distat
1997 5230 2012 5277 ς
2040 5213 2130 5268 sed
2151 5210 2261 5266 sui.

687 5312 791 5365 ficit
832 5308 906 5365 ad‘
928 5310 1123 5365 diaboli
1151 5306 1380 5363 furorem
1407 5304 1781 5377 dejiciendum.
1815 5303 1954 5359 Nihil
2004 5304 2145 5359 enim
2189 5303 2257 5357 ita

687 5413 830 5457 amat
878 5402 964 5456 ille
988 5444 1003 5466 ,
1029 5412 1086 5456 ut
1121 5401 1257 5472 gulte
1286 5391 1503 5456 delicias
1533 5406 1589 5453 et
1641 5396 1972 5462 ebrietatem,
2014 5410 2134 5465 qua:
2179 5403 2261 5448 est

685 5494 922 5550 omnium
954 5499 1122 5549 mater
1159 5489 1435 5548 malorum.
1481 5491 1585 5546 Per
1605 5491 1744 5544 hanc
1767 5489 1890 5543 olim
1918 5486 2181 5542 lsraeiitas
2206 5485 2261 5540 in

685 5583 1037 5641 idololatriam
1066 5582 1281 5653 dejeclt,
1302 5599 1394 5649 per
1430 5581 1567 5636 hanc
1589 5579 1892 5637 Sodomitas
1941 5577 1997 5632 in
2047 5577 2261 5631 amores

687 5676 895 5745 iniquos
926 5674 1290 5730 inﬂammavit.
1346 5673 1470 5728 Haec
1513 5673 1674 5737 enim,
1705 5671 1800 5737 ait,
1824 5671 2065 5738 iniquitas
2094 5667 2263 5723 Sodo-

688 5778 914 5830 morum;
944 5767 996 5820 in
1026 5766 1278 5838 mperbia.
1305 5766 1358 5819 in
1387 5766 1645 5819 saturitate
1673 5763 1841 5836 panis,
1866 5773 1914 5816 et
1932 5763 1985 5816 in
2007 5759 2262 5831 prosperi-

1355 367 1410 421 S.
1450 360 1724 419 JOANNIS
1758 352 2240 415 CiiRYSOSTflMi
2271 348 2586 407 ARCHIEP.
2626 348 3159 407 CONSTAN‘I‘INOP.
3201 373 3210 384 -

3815 351 3942 409 ειῑι.

2340 473 2442 518 tate
2477 461 3094 531 lmriabantarthech.
3134 461 3217 516 16.
3251 458 3342 530 49)
3377 478 3390 512 :
3424 457 3524 514 hac
3548 458 3743 514 multos
3793 463 3925 512 itum

2339 557 2472 613 alios
2518 555 2749 626 perdidit
2790 556 3154 627 gehennzeq'ue
3184 550 3418 607 tradidit.
3455 549 3593 619 Quid
3621 550 3764 603 enim
3796 552 3923 608 muli

2338 665 2444 705 non
2491 657 2780 719 operantur
2828 647 3032 702 deliciae
3084 646 3315 701 mensae?
3362 644 3616 698 Homines
3644 643 3696 696 in
3728 655 3893 711 porco

2339 750 2684 804 commutant,
2715 751 2768 794 et
2795 740 2970 809 porcis
2999 737 3297 793 deteriores
3317 734 3575 791 efficiunt.
3631 733 3763 788 Nam
3794 747 3914 802 por-

2334 845 2432 889 cus
2460 835 2513 886 iu
2541 847 2694 894 aeno
2720 831 3007 894 volutatur,
3045 839 3098 883 et
3123 836 3361 884 stercore
3387 825 3650 888 nutritur;
3678 823 3766 878 hic
3794 837 3924 877 vero

2340 928 2506 998 magis
2530 924 2936 982 abominandam
2965 922 3063 977 sibi
3093 931 3243 991 parat
3274 920 3535 982 mensam,
3565 919 3740 973 coitus
3765 916 3926 970 illici-

2340 1026 2422 1073 tos
2447 1017 2772 1095 excogitans,
2797 1023 2848 1071 et
2877 1016 3089 1086 iniquos
3115 997 3345 1067 amores.
3385 1009 3481 1065 Hic
3507 1007 3636 1064 nihil
3665 1023 3696 1062 a
3720 1008 3929 1062 dtemo-

2340 1112 2492 1165 niaco
2540 1109 2716 1163 differt
2745 1127 2756 1160 :
2788 1123 2908 1161 nam
2959 1104 3242 1175 impudens
3269 1102 3431 1158 simul
3464 1108 3519 1156 et
3548 1099 3784 1155 furiosus
3811 1107 3921 1153 est.

2343 1205 2730 1258 Da-tnouiacum
2779 1211 2924 1255 certe
2950 1198 3138 1253 saltem
3181 1182 3498 1250 miseremur
3530 1212 3543 1246 :
3577 1192 3716 1247 hunc
3747 1201 3926 1256 autem

2339 1310 2648 1350 .‘tVCI’S-Ilmll‘
2673 1303 2724 1348 et
2766 1292 2889 1346 odio
2930 1290 3206 1344 habemus.
3265 1285 3479 1355 Quare?
3532 1284 3664 1351 Quia
3707 1293 3932 1352 sponta-

2341 1403 2499 1445 neum
2539 1385 2639 1442 sibi
2686 1385 2918 1440 furore‘m
2968 1381 3206 1446 attrahit,
3244 1387 3300 1436 et
3353 1393 3435 1443 os,
3485 1378 3692 1437 oculos.
3740 1391 3925 1437 nares,

2351 1485 2533 1539 omnia
2575 1480 2810 1547 denique
2839 1476 3057 1529 cloacas
3097 1469 3281 1524 efficit.
3321 1465 3377 1521 Si
3410 1477 3538 1519 vero
3576 1463 3628 1516 in
3659 1458 3924 1514 interiora

2351 1573 2648 1643 respicias,
2688 1567 2897 1623 videbis
2943 1563 3182 1619 animam
3237 1573 3335 1613 ceu
3388 1556 3566 1611 hieme
3615 1561 3670 1606 et
3719 1550 3928 1619 frigore

2353 1664 2691 1736 congelatum
2733 1669 2787 1713 et
2827 1663 3128 1726 torpentem
3156 1691 3171 1715 ,
3216 1667 3338 1721 qua:
3373 1649 3444 1702 ob
3478 1646 3743 1701 furentem
3777 1649 3926 1694 tem-

2343 1766 2626 1829 pestatem,
2663 1753 2860 1809 nullam
2906 1751 3024 1804 navi
3077 1747 3246 1818 possit
3285 1758 3442 1813 opem
3501 1740 3710 1797 afferre.
3755 1735 3935 1792 Pudet

2342 1857 2487 1905 certe
2507 1862 2594 1903 me
2609 1845 2787 1902 dicere
2816 1856 2935 1911 qua:
2958 1839 3094 1896 mala
3126 1848 3235 1892 tum
3262 1835 3389 1890 viris
3418 1843 3527 1888 tum
3559 1829 3871 1884 mulieribus
3899 1843 3932 1882 ιι

2341 1938 2558 2009 crapula
2586 1936 2858 2007 pariantur
2884 1948 2896 1985 :
2929 1929 3059 1986 illud
3079 1933 3262 1984 eorum
3303 1922 3643 1980 conscientia:
3661 1920 3932 1988 relinquo.

2341 2048 2462 2104 qua:
2507 2030 2686 2087 omnia
2730 2025 3128 2092 accuratissime
3168 2020 3333 2075 novit.
3367 2015 3505 2084 Quid
3552 2028 3680 2069 vero
3718 2010 3937 2081 turpius

2343 2101 2487 2178 ebria
2511 2120 2758 2180 muliere,
2785 2116 2866 2172 vel
2903 2129 3025 2186 qnte
3045 2110 3458 2179 circumquaqtte
3483 2105 3647 2160 fertur
3666 2104 3693 2156 ἳ
3719 2101 3937 2169 Quanto

2344 2213 2486 2269 enim
2509 2209 2767 2267 infirmius
2794 2220 2887 2261 Vas
2912 2213 3014 2270 est,
3044 2211 3191 2257 tanta
3215 2199 3385 2267 majus
3413 2193 3780 2262 naufragium;
3809 2191 3934 2246 sive

2345 2304 2514 2360 libera
2535 2304 2646 2365 illa,
2669 2300 2782 2355 sive
2805 2295 2994 2352 ancilla
3021 2295 3110 2350 sit.
3153 2291 3284 2365 Nam
3318 2290 3481 2344 libera
3514 2287 3565 2340 in
3596 2283 3774 2339 medio
3817 2297 3939 2336 ser-

2346 2411 2532 2450 vorum
2561 2363 2773 2446 theatro
2799 2387 3023 2458 turpiter
3049 2399 3108 2439 se
3132 2363 3309 2454 gerit:
3342 2378 3642 2447 ancillttque
3685 2374 3938 2456 similiter

2347 2490 2487 2545 int'er
2535 2500 2719 2541 servos
2741 2503 2753 2536 :
2777 2450 2935 2551 atque
2967 2479 3038 2533 ita
3063 2450 3280 2535 faciunt.
3311 2481 3369 2526 ut
3394 2471 3533 2526 dona
3566 2469 3658 2524 Dei
3684 2450 3942 2538 blaspbev

2348 2591 2559 2637 meatur
2586 2577 2652 2632 ab
2673 2561 3065 2644 insipientibits.
3086 2568 3277 2624 Multos
3303 2565 3445 2621 enim
3463 2561 3641 2626 audio,
3661 2574 3782 2614 cum
3811 2557 3933 2613 haec

2347 2672 2481 2725 mala
2507 2665 2860 2737 conSpiciunt,
2889 2663 3149 2724 dicentes,
3178 2659 3392 2714 Utinam
3418 2668 3525 2708 non
3552 2663 3695 2708 esset
3721 2650 3931 2709 vinum.

2344 2759 2389 2816 Ο
2417 2759 2703 2814 amentiam
2728 2756 2743 2809 l
2772 2772 2805 2808 ο
2833 2751 3177 2808 stoliditatem
3211 2749 3226 2802 l
3255 2747 3387 2802 Aliis
3419 2742 3767 2815 peccantibus
3788 2781 3806 2807 ,
3841 2739 3938 2796 Dei

2347 2852 2485 2907 dona
2515 2847 2851 2905 criminaris?
2875 2856 2928 2900 et
2952 2851 3146 2915 quanta
3176 2841 3291 2895 hate
3319 2838 3522 2893 insania
3550 2837 3564 2891 ι
3598 2838 3677 2891 An
3723 2836 3934 2898 vinum,

2348 2945 2418 2998 uti
2442 2942 2626 3006 homo,
2656 2940 2758 2994 hoc
2779 2938 2974 2991 malum
2997 2931 3197 2991 efficit?
3226 2931 3340 2987 Non
3369 2931 3550 2984 vinum
3568 2971 3584 2994 ,
3608 2927 3701 2984 sed
3734 2929 3939 2982 intem-

2348 3032 2589 3105 perantia
2611 3045 2795 3087 eorum
2817 3027 2906 3099 qui
2935 3026 3062 3082 vino
3090 3025 3398 3082 abutuntur.
3427 3021 3521 3076 Dic
3543 3036 3688 3091 ergo.
3717 3019 3939 3077 Utinam

2350 3143 2454 3182 non
2499 3133 2643 3180 esset
2670 3122 2902 3178 ebrietas
2921 3163 2936 3187 ,
2965 3135 3063 3174 nec
3091 3125 3271 3175 essent
3301 3115 3407 3171 illa!
3432 3116 3673 3171 ciborum
3703 3113 3936 3168 deliciae.

2350 3220 2405 3275 Si
2450 3233 2576 3274 vero
2598 3217 2744 3273 dicas
2764 3257 2780 3280 ,
2812 3214 3021 3270 Utinam
3054 3225 3158 3266 non
3184 3218 3329 3267 esset
3367 3208 3585 3269 riuum,
3633 3205 3770 3258 ultra
3802 3220 3934 3272 pru-

2350 3327 2563 3384 gressus
2589 3311 2755 3372 dices,
2788 3309 2996 3365 Utinam
3027 3322 3133 3360 non
3165 3311 3307 3360 esset
3335 3303 3529 3357 ferrum
3550 3342 3566 3361 .
3599 3306 3815 3368 propter
3839 3298 3945 3352 ho.

2353 3404 2605 3466 micidas;
2635 3417 2730 3458 nec
2756 3409 2897 3456 esset
2924 3414 3050 3465 nox,
3072 3398 3142 3453 ob
3162 3396 3303 3453 fures
3327 3411 3342 3460 ς
3367 3410 3540 3464 neque
3561 3394 3651 3448 lux
3669 3399 3834 3455 esset,
3866 3389 3946 3446 ob

2354 3496 2744 3576 schphantis;
2777 3505 2950 3561 neque
2978 3487 3188 3555 mulier,
3213 3487 3282 3541 ob
3312 3484 3715 3541 fornicationes.
3743 3479 3945 3536 Omnia

2353 3591 2566 3645 demum
2596 3586 2892 3642 sustuleris.

2424 3682 2476 3738 5.
2521 3679 2642 3734 Non
2682 3679 2853 3732 sinum
2883 3670 3253 3728 criminandum
3273 3678 3366 3735 est,
3397 3667 3487 3723 sed
3528 3666 3759 3720 ebrietas.
3783 3692 3858 3704 —
3882 3659 3947 3718 Id

2353 3792 2427 3831 no
2447 3773 2610 3829 facias
2651 3789 2665 3825 :
2697 3770 2823 3825 illud
2849 3766 2990 3822 enim
3015 3764 3235 3818 satanici
3270 3771 3348 3816 cst
3381 3759 3541 3814 animi
3580 3777 3594 3812 :
3627 3771 3724 3812 nec
3747 3757 3943 3811 vinum

2355 3864 2690 3925 criminaris,
2721 3859 2813 3915 sed
2843 3861 3152 3914 ebrietatem
3189 3874 3202 3910 :
3251 3854 3391 3908 httt-c
3434 3851 3706 3906 ebriosum
3742 3847 3810 3902 ad
3856 3861 3951 3902 ea.

2354 3971 2476 4011 nam
2499 3962 2729 4008 mentem
2756 3963 3026 4005 reversum
3055 3945 3159 4006 adi,
3195 3943 3437 3999 describe
3463 3942 3538 3996 illi
3567 3949 3728 3994 totam
3770 3933 3951 4008 turpi-

2355 4047 2594 4102 tudinem
2628 4043 2749 4110 :dic
2778 4041 2869 4102 illi.
2899 4035 3086 4092 Vinum
3114 4035 3296 4092 datum
3324 4043 3407 4088 est
3437 4032 3504 4086 ad
3529 4030 3765 4086 laetitiam
3789 4070 3802 4092 ,
3830 4043 3946 4086 non

2357 4139 2420 4195 ad
2457 4135 2832 4205 turpitudinem
2858 4151 2870 4187 :
2899 4131 3079 4185 datum
3106 4141 3189 4184 est
3219 4137 3274 4181 ιιι
3300 4126 3592 4186 ridemus,
3623 4138 3727 4177 non
3757 4131 3817 4176 ut
3847 4121 3955 4176 de-

2358 4233 2627 4287 rideantur
2653 4246 2666 4290 ;
2709 4237 2765 4283 ut
2794 4236 2938 4282 recte
2968 4224 3260 4284 valeamus.
3294 4234 3399 4273 non
3429 4229 3479 4270 ut
3499 4227 3860 4287 :rguotetuus;
3890 4226 3957 4270 ιιι

2360 4326 2778 4390 imbecillitatem
2819 4317 3059 4386 corporis
3104 4316 3480 4374 instauremus,
3521 4325 3626 4381 non
3672 4316 3730 4360 ut
3780 4306 3958 4362 robur

2358 4421 2517 4475 animi
2545 4413 2872 4486 dejiciamus.
2912 4413 3048 4462 Deus
3068 4416 3120 4461 te
3145 4405 3248 4460 hoc
3274 4415 3494 4458 munere
3525 4397 3828 4461 honorarit,
3852 4412 3960 4452 cur

2359 4528 2422 4566 ex
2473 4506 2822 4564 immoderato
2851 4518 2950 4557 usu
2990 4500 3215 4568 teipsunt
3245 4494 3612 4551 debonestas?
3650 4488 3786 4546 Audi
3817 4489 3955 4560 quid

2363 4602 2553 4656 Paulus
2597 4599 2772 4653 dicat:
2811 4594 2939 4650 Vino
2986 4593 3181 4646 modico
3219 4598 3355 4643 tuere
3393 4594 3597 4656 propter
3631 4582 3964 4637 stomachum

2271 4711 2294 4718 “
2361 4706 2502 4747 tuum
2528 4735 2541 4758 ,
2572 4701 2619 4746 et
2650 4699 2854 4760 prapter
2880 4687 3162 4757 frequentes
3191 4693 3304 4736 tuas
3341 4679 3668 4748 inﬁrmituta
3698 4675 3779 4744 (i.
3810 4675 3957 4729 Tim.

2363 4788 2417 4846 5.
2442 4786 2560 4857 25).
2608 4782 2761 4852 Quod
2792 4782 2833 4836 si
2861 4788 3075 4835 sanctus
3101 4776 3208 4840 ille,
3238 4774 3428 4835 morbo
3448 4772 3715 4834 detentus,
3748 4778 3802 4825 et
3829 4768 3946 4824 fre.

2361 4878 2646 4951 quentibus
2673 4874 2921 4938 laborans
2943 4865 3359 4947 inﬁrmitatibus,
3390 4863 3517 4920 vino
3536 4879 3642 4918 non
3675 4861 3972 4926 utebatur,

2363 4971 2533 5026 donec
2556 4968 2605 5022 id
2629 4966 2882 5034 magister
2909 4961 3086 5033 jussit.
3109 4974 3211 5030 qua
3231 4958 3388 5012 venia
3418 4957 3565 5026 digni
3599 4968 3697 5008 nos
3719 4953 3966 5018 erimus,

2363 5064 2451 5135 qtti
2474 5075 2607 5115 sano
2633 5072 2859 5128 corpore
2877 5055 3009 5110 ebrii
3033 5052 3253 5108 sumus?
3281 5049 3356 5105 Illi
3386 5047 3618 5111 dicebat,
3649 5044 3859 5100 Modico
3882 5048 3966 5098 ei—

2365 5173 2431 5211 no
2454 5165 2594 5210 utere
2619 5159 2822 5223 prapter
2845 5145 3160 5203 stomachum
3203 5153 3342 5196 tuam
3370 5149 3417 5196 et
3448 5137 3771 5207 inﬁrmitates
3802 5143 3959 5197 fuas:

2367 5260 2604 5306 nostrum
2634 5261 2763 5302 vero
2787 5242 3005 5314 singulis
3032 5240 3209 5295 dicet:
3241 5235 3375 5291 Vino
3406 5232 3618 5288 modico
3647 5239 3798 5285 utere
3823 5243 3969 5296 pro-

2369 5355 2484 5416 pter
2507 5342 2899 5403 fornicationes,
2920 5335 2994 5407 (α)
3019 5334 3258 5408 [propter
3287 5327 3578 5398 frequentia
3604 5321 3969 5394 turpiloqula,

2369 5415 2586 5510 propter
2605 5445 2827 5489 caeteras
2851 5429 3167 5500 cupiditates
3194 5419 3406 5494 malas,]
3434 5434 3569 5490 quas
3593 5430 3784 5487 parere
3815 5415 3972 5472 solet

2369 5509 2617 5586 ebrietas.
2645 5525 2702 5583 Si
2732 5539 2836 5581 non
2861 5522 2980 5580 ideo
3010 5519 3281 5597 abstinere
3305 5513 3483 5578 vultis,
3506 5510 3696 5568 saltem
3723 5509 3794 5564 ob
3820 5522 3970 5562 con-

2431 5642 2506 5715 (ςι)
2533 5642 2655 5715 ρειαί
2672 5617 3532 5715 99cm.l3.¢.9931"3t:..“13°£9.§2‘
3550 5620 3982 5715 °.9'.’“.‘23§2f.§‘

2369 5685 2512 5755 Savii.
2535 5685 2907 5753 ἓέὲίάῄὦῖί-ιιι
2928 5685 3231 5748 Γιοηιιῐιειίιι.
3261 5685 3324 5743 Et
3355 5687 3536 5750 month,
3573 5699 3664 5751 per
3686 5685 3981 5740 nominato-

2373 5775 2558 5817 teuton.
