4174 6332
243 364 343 423 665

1215 365 1720 443 LVllATTIl/EUM
1762 367 1989 426 ΙΙΟΜΙΙ..
2033 370 2212 430 Mill.
2253 377 2323 434 ai.
2367 377 2499 438 ΗΧ.

3448 385 3551 443 568

243 483 604 553 eupisreatias
631 492 689 539 et
733 496 958 538 nauseas
997 481 1282 538 abstinete.
1341 481 1533 537 Vinmn
1576 482 1722 538 enim
1769 483 1837 537 ιι]
1945 499 2142 555 corpus
2165 470 2310 557 jacet
2346 471 2670 560 resolutum,
2702 500 2759 548 ιιι
2804 465 2926 563 post
2973 493 3315 564 pumimgium
3344 499 3497 553 navis
3532 515 3548 552 :

243 573 482 628 lsctitiam
511 567 712 627 datum
731 583 844 640 est;
887 573 1066 628 Vinum
1087 574 1230 628 enim
1260 573 1485 643 lecti/ient
1506 564 1595 628 rer
1620 573 1839 627 hovninis

240 666 414 732 (Paul.
441 665 566 722 105.
602 667 719 735 15),
747 680 908 736 quam
931 665 1050 736 ejus
1087 666 1335 720 virtutem
1363 679 1459 720 vos
1485 665 1834 721 labefactans.

235 762 368 824 Quae
396 757 540 810 enim
585 755 770 811 laetitia
792 756 928 826 eius,
954 756 1045 826 qui
1077 771 1185 810 non
1213 765 1296 810 est
1322 756 1373 810 in
1409 759 1608 826 seipse.
1637 765 1686 811 et
1710 770 1836 810 sex-

232 848 411 901 centis
449 846 721 903 cruciatur
738 846 1042 913 doloribus,
1067 846 1248 903 omnia
1274 845 1476 902 circum
1505 846 1635 902 ferri
1662 846 1831 913 videt,

229 937 574 1007 caligineque
611 944 925 1007 occupatur,
955 937 1048 1008 qui
1076 947 1250 1008 egeat,
1283 936 1508 1007 perinde
1543 946 1708 1007 atque
1748 934 1832 992 fe-

1945 589 2176 640 corporo
2201 579 2450 636 miserior
2468 583 2668 647 anima,
2693 584 2880 649 etiam,
2907 585 3147 639 "soluto
3189 586 3302 654 illo,
3333 595 3544 660 tempe-

1945 679 2140 726 statem
2169 673 2389 739 excitat,
2418 681 2476 730 et
2497 675 2844 746 cupiditatem
2869 676 3136 744 incendit;
3163 694 3228 734 ac
3247 693 3370 736 cum
3391 682 3542 736 vide-

1946 769 2036 816 tur
2059 775 2272 830 sapere,
2298 773 2426 819 tunc
2451 766 2684 822 maxime
2705 767 2923 834 insanit,
2957 769 3164 837 vinum,
3193 772 3360 839 dolia,
3390 774 3544 844 phia-

1937 848 2039 917 las,
2065 855 2385 912 eraterasjn
2410 854 2790 926 imaginatione
2834 875 3058 915 versans
3099 879 3116 917 :
3146 871 3202 918 et
3234 865 3376 920 sicut
3427 877 3545 934 pint

1935 949 2310 1013 tempestatem
2355 958 2536 1002 manet
2566 948 2741 1018 ipsum
2774 951 3112 1020 tempestatis
3132 951 3392 1010 damnum
3424 975 3438 1010 :
3472 959 3544 1012 ita

231 1029 570 1095 lu-ieitantes,
609 1038 669 1084 ut
713 1038 874 1100 caput
901 1027 1070 1098 ipsius
1111 1028 1235 1084 oleo
1272 1026 1658 1098 perfundatur?
1706 1025 1835 1083 Haec
1935 1043 1990 1088 et
2033 1044 2158 1104 post
2205 1036 2524 1094 ebrietatem
2556 1055 2571 1093 :
2599 1053 2665 1096 ac
2703 1041 3161 1111 quemadmodum
3195 1045 3304 1102 illic
3333 1063 3544 1105 merces

229 1133 339 1194 non
382 1119 640 1174 omnibus
680 1119 822 1175 dicta
861 1133 984 1175 asc
1029 1118 1223 1185 velim,
1247 1120 1357 1175 imo
1398 1118 1648 1174 omnibus
1678 1134 1694 1174 :
1723 1133 1831 1174 non

226 1209 373 1277 quod
419 1224 614 1267 omnes
662 1211 998 1267 inebrientur
1023 1228 1039 1266 :
1068 1212 1244 1276 absit;
1273 1212 1369 1267 sed
1401 1211 1524 1282 quia
1552 1211 1828 1266 ebriorum

310 1301 408 1376 qui
434 1301 572 1357 ebrii
599 1316 707 1357 non
726 1311 876 1365 sunt.
896 1316 1082 1358 curam
1113 1318 1218 1358 non
1245 1301 1466 1358 habent.
1496 1300 1704 1356 Idcirco
1726 1315 1826 1357 vos

226 1392 410 1460 potius
453 1392 720 1464 alloquor,
768 1395 860 1464 qui
887 1394 1054 1450 sobrii
1081 1394 1256 1449 estis:
1290 1408 1412 1447 nam
1455 1403 1512 1449 et
1555 1393 1822 1460 medicus,

223 1484 448 1553 ngratis
474 1464 715 1550 omissis,
742 1485 863 1543 illos
887 1486 979 1558 qui
1005 1487 1223 1555 aegrotis
1244 1485 1484 1543 assident
1511 1485 1822 1556 alloquitur.

226 1575 338 1631 \‘os
381 1576 562 1646 itaque
583 1591 775 1646 precor
795 1587 853 1634 et
873 1592 993 1644 oro,
1021 1594 1088 1633 ne
1108 1593 1359 1649 umquam
1390 1575 1493 1633 boc
1513 1577 1705 1632 merbo
1727 1592 1822 1632 ca-

220 1670 475 1738 piamini,
497 1683 702 1740 eosque
721 1672 815 1741 qui
845 1669 935 1725 illo
950 1669 1182 1742 correpti
1208 1677 1355 1735 sunt,
1382 1668 1610 1724 sollicite
1629 1683 1823 1725 eruere

215 1761 445 1828 curetis,
461 1775 531 1816 ne
540 1761 710 1817 brutis
720 1761 936 1832 pejores
949 1760 1252 1817 videantur.
1276 1759 1365 1815 Illa
1379 1760 1524 1814 enim
1549 1759 1677 1813 nihil
1703 1761 1822 1828 plus

211 1866 387 1921 quam
406 1833 551 1923 opus
575 1862 661 1910 est
675 1862 962 1924 quaerunt;
987 1853 1043 1908 ιιι
1069 1867 1200 1908 vero
1216 1854 1319 1907 illis
1339 1852 1821 1907 irrationabiliores

211 1945 492 2015 sunt,'qui
530 1944 914 2020 moderatiois
964 1945 1224 2001 terminos
1274 1943 1561 2000 excedunt.
1605 1943 1819 2014 Quanto

208 2034 362 2090 enim
391 2035 582 2093 melior
605 2037 792 2093 asinus
814 2038 1029 2092 ebrioso
1076 2037 1201 2092 est?
1243 2045 1444 2108 quanto
1471 2038 1680 2091 -tnelior
1718 2050 1814 2092 ca-

209 2127 336 2180 nis?
363 2126 496 2182 Nam
524 2126 639 2182 haec
659 2128 932 2192 animalia,
956 2138 1259 2199 ceteraque
1283 2125 1461 2182 omnia
1482 2168 1498 2194 ,
1526 2142 1620 2183 seu
1675 2143 1817 2182 mm-

206 2218 402 2281 edant,
425 2233 522 2274 seu
546 2218 749 2286 bibant,
773 2219 1057 2276 terminum
1075 2229 1292 2287 norunt,
1311 2235 1484 2290 neque
1500 2219 1637 2274 ultra
1653 2229 1814 2286 quam

205 2310 346 2362 satis
371 2318 457 2364 est
501 2310 795 2380 procedunt
827 2310 1078 2366 :ctiamsi
1107 2311 1252 2365 enim
1298 2310 1537 2365 sexcenti
1571 2309 1815 2368 homines

199 2410 641 2469 cugereut..non
671 2401 940 2457 excedent
985 2416 1260 2473 umquam.
1313 2401 1426 2456 liae
1467 2416 1598 2470 ergo
1653 2402 1705 2456 in
1753 2416 1814 2457 re

207 2491 392 2547 brutis
441 2491 742 2550 deteriores
794 2494 960 2560 estis;
986 2511 1093 2550 non
1141 2495 1281 2565 apud
1308 2495 1506 2550 mentis
1531 2504 1813 2566 compotes

199 2581 421 2647 solum;
451 2582 547 2640 sed
598 2584 760 2640 etiam
804 2584 946 2656 apud
1000 2598 1100 2640 vos
1148 2585 1312 2655 ipsos.
1359 2583 1512 2654 Quod
1543 2585 1688 2640 enim
1716 2599 1812 2641 vos

199 2661 436 2729 canibus
459 2683 514 2730 et
538 2674 707 2732 asinis
731 2675 1031 2733 deteriores
1054 2677 1311 2747 iudicetis
1335 2677 1462 2732 hine
1491 2676 1667 2748 palam
1699 2688 1805 2746 est,

194 2763 355 2834 quod
401 2765 651 2822 animalia
689 2766 836 2823 istac
879 2783 1168 2838 numquam
1207 2781 1371 2838 cogas
1406 2768 1540 2824 ultra
1590 2767 1806 2823 modum

193 2856 389 2911 cibum
419 2869 633 2913 sumere
657 2874 673 2924 ;
695 2866 751 2914 et
778 2857 825 2914 si
845 2858 968 2931 quis
1003 2858 1097 2914 tibi
1135 2857 1359 2927 dixerit,
1380 2858 1494 2915 Cur
1532 2859 1682 2916 hoc?
1728 2859 1808 2916 Ne

195 2944 399 3000 laedat
429 2945 518 3002 illa
542 2987 561 3011 ,
591 2947 800 3018 inquies
831 2965 849 3004 :
877 2949 971 3005 tibi
996 2963 1128 3005 vero
1156 2963 1264 3005 non
1293 2949 1409 3020 pari
1438 2948 1647 3004 ratione
1682 2964 1807 3019 pro-

195 3035 383 3093 vides.
431 3036 523 3094 Sic
571 3045 627 3094 te
672 3038 780 3096 illis
823 3038 1065 3096 viliorem
1091 3053 1218 3094 esse
1257 3048 1436 3111 putas,
1468 3049 1626 3111 teque
1653 3040 1804 3098 hisce

192 3127 458 3184 fluctibus
483 3129 739 3201 agitatum
768 3131 1010 3203 negligis.
1062 3130 1197 3188 Nam
1242 3145 1349 3186 non
1390 3131 1552 3187 modo
1581 3146 1683 3202 qua
1715 3132 1802 3188 die

189 3219 386 3274 ebrius
411 3233 492 3287 es,
523 3220 724 3277 damno
770 3223 1021 3288 afficeris,
1049 3221 1145 3278 sed
1198 3223 1500 3293 insequenti
1548 3239 1798 3294 quoque;

188 3323 261 3363 ac
281 3309 420 3365 sicut
439 3319 685 3368 cessante
709 3310 876 3379 febre,
905 3322 1086 3369 manet
1109 3323 1286 3371 tamen
1316 3313 1562 3383 quadam
1580 3328 1644 3370 ex
1665 3314 1800 3371 febri

190 3400 466 3470 agritudo
507 3419 522 3457 :
571 3402 652 3458 sic
687 3418 912 3461 excussa
956 3402 1239 3468 ebrietate.
1284 3404 1559 3464 ﬂuctuatio
1618 3415 1797 3461 tamen

191 3491 448 3559 quibus
489 3500 658 3549 restat
684 3503 742 3550 et
765 3497 820 3550 in
848 3495 1030 3552 animo
1067 3504 1124 3553 et
1153 3496 1207 3553 in
1255 3510 1519 3567 corpore;
1542 3497 1797 3553 miserunt

1928 1124 2322 1194 jact:tntur,sie
2371 1128 2424 1185 in
2482 1130 2747 1188 ebrietate
2773 1132 2988 1204 jactura
3032 1136 3093 1192 lit
3116 1138 3358 1196 omnium
3405 1151 3545 1212 pene

1932 1216 2216 1274 bonorum.
2245 1219 2302 1276 Si
2325 1221 2708 1281 continentiam
2734 1226 3020 1295 invenerit,
3036 1229 3083 1284 si
3103 1229 3387 1301 pudorem,
3408 1239 3540 1302 pru-

1928 1306 2188 1376 dentiam,
2218 1312 2551 1383 aequitatem,
2577 1313 2931 1372 humilitatem
2952 1357 2970 1385 ,
2994 1317 3178 1376 omnia
3209 1319 3264 1377 in
3317 1322 3541 1396 pelagus

1929 1404 2224 1476 iniquitatis
2242 1409 2451 1481 proiicit
2466 1410 2723 1469 ebrietas.
2750 1414 2949 1472 Verum
2971 1433 3060 1484 ea,
3077 1435 3201 1489 qua:
3215 1434 3539 1493 sequuntur,

1926 1509 2034 1551 non
2062 1507 2188 1554 sunt
2217 1499 2433 1555 similia.
2469 1500 2542 1556 lbi
2570 1502 2717 1560 enim
2745 1515 2869 1574 post
2882 1506 3056 1577 ejecta
3076 1523 3244 1566 onera
3272 1512 3424 1569 navis
3456 1516 3537 1570 le~

1925 1587 2043 1640 vior
2063 1596 2118 1643 et
2141 1590 2388 1659 expedita
2410 1592 2686 1660 redditur;
2722 1594 2811 1651 bic
2834 1611 2964 1653 vero
2996 1600 3168 1672 magis
3191 1612 3533 1675 aggravetur.

1924 1676 2056 1734 Nam
2087 1680 2207 1736 loco
2233 1681 2541 1739 divitiarum
2569 1700 2788 1741 arenam
2805 1688 3067 1759 recipitet
3093 1693 3289 1763 aquam
3310 1694 3532 1760 salsam,

1923 1777 2198 1843 totamque
2217 1773 2499 1830 ebrietatis
2520 1776 2834 1848 colluviem,
2863 1795 2984 1850 qum
3003 1782 3184 1839 navim
3203 1798 3329 1842 cum
3344 1796 3532 1845 vecto-

1919 1864 2074 1931 ribus
2100 1874 2155 1921 et
2178 1867 2542 1939 gubernatore
2569 1872 2681 1927 cito
2707 1871 3048 1946 demergunt.
3107 1875 3187 1934 Ne
3233 1879 3397 1951 igitur
3449 1883 3536 1938 Itis

1921 1957 2075 2012 malis
2120 1957 2477 2027 involvamur,
2527 1962 2628 2019 bac
2678 1978 2779 2020 nos
2835 1973 3154 2038 tempestate
3201 1969 3518 2029 liberemur.

1923 2045 2181 2106 Ebriosus
2215 2066 2506 2123 numquam
2540 2063 2719 2126 potest
2751 2072 2978 2129 regntun
3021 2061 3283 2119 caelorum
3312 2065 3522 2122 videre.

1920 2137 2100 2215 Nolite
2125 2157 2316 2207 errare,
2340 2135 2514 2215 inquit
2529 2145 2816 2217 Apostolus
2841 2166 2856 2215 ;
2885 2165 2978 2204 nec
3005 2151 3208 2218 ebriosi,
3229 2169 3321 2209 nec
3347 2157 3520 2228 eonvi-

1915 2233 2132 2289 cintores
2169 2251 2380 2307 regnum
2426 2235 2669 2292 striarum
2717 2240 3096 2298 hereditatium
3121 2247 3203 2316 (Ι.
3232 2247 3351 2303 Cor.
3385 2249 3440 2304 6.
3469 2251 3526 2304 il.

1920 2322 2032 2395 10).
2058 2322 2127 2379 Et
2151 2325 2279 2394 quid
2305 2327 2449 2394 dico,
2489 2343 2713 2400 regnum
2729 2333 2991 2388 caelorum
3009 2335 3033 2388 τ
3051 2335 3179 2392 Post
3202 2337 3523 2396 ebrietatem

1915 2416 2061 2470 enim
2093 2432 2161 2472 ne
2183 2420 2471 2487 [tt-mentis
2493 2421 2715 2492 quidem
2736 2423 2929 2480 videre
2953 2441 3271 2496 possumus:
3289 2430 3529 2487 ebrietas

1913 2508 2112 2578 quippe
2139 2507 2297 2564 nobis
2323 2509 2442 2566 dies
2487 2513 2540 2567 in
2588 2523 2775 2570 noctes
2801 2518 2983 2582 vertit,
3007 2528 3063 2575 et
3090 2519 3265 2579 lucem
3295 2522 3349 2578 in
3368 2531 3495 2579 tene

1914 2596 2082 2666 bras;
2108 2601 2309 2670 apertis
2354 2602 2528 2658 oculis
2557 2603 2694 2660 ebrii
2744 2621 2813 2662 ne
2839 2608 2926 2663 illa
2949 2625 3070 2681 quae
3104 2610 3172 2667 ad
3202 2611 3371 2684 pedes
3399 2627 3527 2672 sunt

1913 2704 2137 2749 eernere
2161 2703 2409 2763 possunt.
2439 2695 2628 2768 Neque
2649 2698 2702 2754 id
2730 2699 2904 2756 solum
2931 2701 3059 2758 mali
3080 2699 3223 2776 parit
3246 2706 3518 2774 ebrietas;

1912 2781 2011 2838 sed
2041 2793 2224 2854 postea
2273 2783 2350 2840 illi
2392 2787 2667 2857 graviores
2698 2777 2851 2846 luunt
2879 2805 3091 2862 prensa,
3119 2810 3388 2855 mter-ores
3431 2815 3523 2855 ra-

1913 2875 2059 2932 tione
2079 2890 2299 2942 vacuos,
2331 2876 2594 2946 furorem,
2622 2884 3020 2955 :egritudinem,
3049 2885 3374 2961 ridiculique
3396 2906 3526 2946 eva-

1910 2965 2047 3024 dunt
2072 2969 2380 3040 opprobriis
2417 2985 2638 3044 semper
2687 2977 2942 3046 expositi.
3000 2977 3133 3047 Qua:
3177 2981 3332 3038 venia
3360 2983 3522 3054 igitur

1911 3058 2001 3125 iis,
2030 3060 2126 3132 qui
2150 3061 2311 3117 tantis
2327 3076 2452 3119 sese
2476 3065 2631 3120 malis
2653 3066 2934 3124 obruunt?
2963 3067 3118 3125 Nulla
3149 3071 3331 3143 plane.
3359 3074 3517 3130 liunc

1906 3166 2037 3224 ergo
2063 3152 2310 3209 morbum
2332 3154 2620 3226 fugiamus,
2639 3167 2773 3214 utet
2794 3163 3080 3231 prasentia
3100 3172 3158 3220 et
3170 3163 3348 3222 futura
3377 3168 3517 3226 bona

1906 3259 2328 3318 consequamur,
2373 3249 2547 3320 gratia
2587 3260 2644 3307 et
2695 3252 3024 3324 benignitate
3080 3256 3294 3314 Domini
3344 3263 3518 3317 nostri

1905 3337 2033 3395 Jesu
2077 3339 2300 3403 Christi.
2326 3341 2414 3396 cui
2452 3342 2624 3413 gloria
2652 3352 2708 3401 et
2751 3345 3036 3417 imperium
3093 3355 3218 3406 cum
3263 3351 3423 3411 Patre
3463 3366 3519 3413 et

1904 3429 2107 3500 Spiritu
2133 3439 2320 3488 saneto
2349 3431 2403 3489 in
2429 3433 2640 3491 satcula
2655 3437 3000 3494 steculorum.
3030 3438 3226 3497 Amen.

883 3699 886 3701 ’
1358 3705 1709 3769 HOMILIA
1752 3705 1963 3768 LVlli.
1996 3707 2084 3770 al.
2144 3709 2310 3771 LIX.

185 3846 327 3904 Car.
357 3849 444 3904 i7.
477 3863 534 3905 v.
568 3847 660 3904 2i.
700 3847 1024 3905 Versuntibus
1058 3849 1161 3905 illis
1186 3850 1240 3905 in
1273 3848 1513 3916 Galiltza,
1548 3850 1681 3905 dixit
1722 3851 1795 3904 eis

261 3939 414 4012 Iesus
446 3957 465 3994 :
500 3938 803 3997 Tradendus
841 3950 914 3996 est
960 3941 1126 3996 Filius
1155 3942 1374 3997 hominis
1409 3944 1464 3996 in
1490 3958 1675 3996 manus
1699 3943 1794 3997 lto-

263 4031 485 4098 tnitnnu,
508 4030 602 4086 22.
628 4042 677 4086 et
713 4033 941 4088 occident
978 4048 1116 4102 eum,
1147 4043 1196 4088 et
1225 4034 1374 4092 tertia
1418 4033 1501 4088 die
1543 4043 1787 4106 resurget.

261 4121 337 4178 Et
356 4125 645 4178 contristati
669 4135 787 4178 sunt
813 4125 983 4180 ualde.

263 4217 319 4269 l.
361 4215 440 4271 Nc
462 4214 700 4271 dicerent
728 4258 744 4284 ,
771 4216 879 4271 Cur
907 4228 1056 4273 tanto
1085 4227 1330 4289 tempore
1361 4219 1447 4277 hic
1475 4222 1791 4276 versantur?

183 4321 381 4360 rursus
419 4306 489 4361 de
515 4308 762 4378 passione
792 4309 922 4378 ipsis
968 4310 1202 4379 loquitur
1230 4326 1244 4362 :
1279 4312 1474 4381 quibus
1501 4313 1697 4367 auditis
1724 4328 1792 4369 ne

180 4397 372 4454 videre
395 4398 614 4469 quidem
640 4398 971 4473 Jerosolyma
1017 4402 1284 4458 volebant.
1321 4403 1453 4460 Vide
1499 4420 1629 4475 ergo
1652 4418 1789 4475 quo-

181 4493 372 4554 nitido.
404 4500 687 4562 postquam
718 4493 907 4549 Petrus
935 4495 1242 4564 increpatus
1283 4498 1476 4560 fuerat,
1504 4509 1789 4568 pomqnam

179 4587 398 4657 Moyses
442 4595 498 4640 et
525 4586 701 4651 Elias,
745 4585 812 4642 de
835 4588 923 4643 illa
954 4605 1010 4642 rc
1036 4592 1346 4659 colloquuti,
1378 4591 1601 4660 gloriam
1644 4591 1787 4644 illam

177 4678 610 4748 appellaverant,
635 4687 908 4749 pbstquatr
943 4680 1097 4735 l'ater
1123 4697 1353 4750 superne
1381 4698 1567 4737 vocem
1595 4682 1790 4736 emise-

177 4785 235 4823 ra
270 4810 288 4835 ,
320 4775 510 4837 tetque
533 4769 683 4839 signa
715 4769 850 4825 facta
892 4768 1122 4833 fueram,
1154 4788 1275 4826 eum
1317 4771 1424 4841 jam
1464 4775 1788 4827 resurrectio

177 4876 208 4915 e
262 4861 448 4916 vicino
494 4869 644 4917 esset
685 4863 814 4931 (non
856 4865 998 4919 enim
1051 4875 1294 4919 mortuus
1337 4867 1496 4935 longo
1546 4877 1787 4935 tempore

176 4967 498 5018 mansurus,
525 4954 618 5010 sed
653 4963 770 5024 post
799 4955 1031 5009 triduum
1060 4967 1462 5010 resurrecturus
1484 4958 1622 5025 erat)
1641 4997 1655 5020 ,
1687 4974 1785 5011 ne-

173 5061 283 5114 que
316 5045 398 5100 sic
439 5044 570 5100 illud
610 5045 750 5101 {erro
796 5058 1114 5115 potuerunt,
1147 5047 1241 5103 sed
1297 5048 1592 5103 Contristuti
1631 5061 1785 5114 sunt;

175 5155 288 5196 non
323 5140 542 5210 quidem
583 5141 947 5205 mediocriter,
988 5143 1094 5197 imo
1132 5143 1293 5196 Valde
1319 5145 1616 5198 contristati
1645 5163 1657 5197 :
1690 5145 1786 5198 id—

171 5248 281 5300 que
304 5234 432 5300 quia
462 5232 731 5287 dictorum
766 5232 872 5286 vim
903 5233 1236 5302 ignorabant.
1273 5234 1327 5288 id
1349 5249 1475 5288 vero
1498 5235 1704 5290 Marcus
1731 5245 1784 5290 ct

175 5323 359 5377 Lucas
414 5323 787 5388 subiudicant;
832 5323 921 5378 ille
969 5339 1091 5378 eum
1133 5325 1228 5387 ait,
1258 5325 1403 5392 ipsos
1435 5326 1534 5379 hoc
1564 5326 1780 5380 verbum

175 5415 480 5483 ignorasse,
507 5427 679 5480 neque
699 5428 791 5463 aus
805 5428 858 5466 τε
877 5412 1041 5469 fuisse
1059 5413 1205 5467 illum
1229 5415 1559 5483 interrogare
1590 5414 1780 5484 (Μαι-ιτ.

173 5514 227 5569 9.
261 5515 399 5582 3|);
431 5514 514 5567 hic
543 5527 671 5566 vero
700 5511 904 5575 dicens,
938 5513 988 5567 id
1015 5513 1384 5566 absconditum
1408 5513 1475 5567 ab
1499 5512 1577 5566 eis
1596 5510 1779 5578 fuisse,

173 5623 240 5661 ne
267 5606 539 5661 sentirent
562 5603 709 5670 (Luc.
738 5604 788 5659 9.
820 5603 948 5674 45);
984 5620 1083 5658 nec
1113 5619 1273 5658 ausos
1293 5619 1412 5658 esse
1435 5605 1584 5658 illum
1612 5605 1781 5659 inter-

172 5712 374 5768 rogare
417 5699 561 5752 circa
617 5697 719 5751 hoc
772 5697 1015 5751 rer-lium.
1064 5697 1222 5767 Atqui
1251 5698 1294 5752 si
1325 5697 1780 5768 ignombanl,cnr

173 5775 673 5846 tentrisutm'nmr?
698 5789 832 5854 Osis
850 5805 954 5844 tum
971 5790 1147 5842 omnia
1170 5790 1509 5859 ignorabant,
1533 5790 1773 5845 sciebant

512 5898 788 5958 Parcet...
853 5901 887 5961 LL
906 5919 960 5959 tt.
1019 5904 1111 5963 if."
1129 5905 1232 5970 lli.

1901 3853 2045 3909 enim
2076 3852 2252 3925 ipsum
2281 3856 2601 3913 moriturum
2623 3874 2765 3923 esse.
2798 3871 2854 3918 ιιι
2877 3876 3024 3934 turpe
3047 3865 3351 3923 audierant.
3376 3870 3512 3940 Quae

1901 3955 2081 4002 autem
2108 3946 2249 4003 foret
2273 3964 2420 4005 mors
2465 3951 2801 4019 huiusmodi;
2831 3957 2974 4027 quod
3003 3959 3112 4014 cito
3138 3961 3395 4017 solvenda
3424 3980 3514 4020 es—

1900 4047 2003 4104 set,
2027 4047 2082 4094 et
2115 4037 2257 4110 quod
2287 4038 2412 4095 hinc
2455 4041 2660 4097 iniiuila
2706 4044 2844 4101 bona
2881 4050 3188 4118 orirentur;
3216 4050 3334 4108 iure
3366 4069 3510 4111 non-

1900 4130 2028 4186 dum
2054 4131 2198 4187 clare
2227 4132 2469 4190 sciebant
2509 4154 2521 4190 :
2553 4151 2728 4208 neque
2758 4153 3019 4196 noverant
3059 4159 3182 4213 qua:
3209 4143 3385 4201 futura
3417 4162 3505 4202 es-

1899 4233 1984 4279 set
2013 4223 2101 4278 illa
2131 4226 2478 4281 resurrectio.
2500 4227 2624 4284 ideo
2650 4227 2944 4288 dolebant:
2967 4237 3170 4292 etenim
3192 4239 3506 4311 magistrum

1900 4315 2189 4369 admodum
2220 4315 2534 4386 diligebant.

1994 4405 2309 4461 Didracltmn
2325 4409 2450 4479 quid
2467 4421 2616 4464 esset.
2635 4441 2704 4452 —
2722 4413 2815 4469 25.
2841 4415 2965 4469 Cum
2988 4429 3156 4473 autem
3180 4423 3427 4478 coniuent
3454 4425 3508 4478 in

1900 4497 2245 4568 Caprrnaunt,
2272 4513 2593 4556 accesserunt
2625 4504 2692 4556 ad
2721 4503 2933 4561 Petrum
2977 4511 3065 4580 qui
3089 4511 3394 4568 didraclmm
3418 4533 3506 4569 ac-

1900 4590 2172 4657 cipiebant.
2203 4600 2248 4644 et
2279 4590 2516 4645 dixerunt
2558 4610 2577 4646 :
2637 4595 2885 4666 Magister
2909 4610 3070 4654 vester
3094 4619 3198 4657 non
3237 4606 3385 4658 solvit
3421 4607 3507 4661 di-

1900 4681 2143 4734 draclnna
2163 4683 2188 4735 .’
2209 4681 2341 4750 Quze
2376 4693 2501 4737 sunt
2525 4684 2643 4739 lucc
2674 4685 2990 4743 Didraclmm
3005 4692 3030 4744 ?
3056 4691 3282 4761 Quando
3301 4697 3507 4765 primo-

1896 4773 2072 4842 genita
2100 4772 2474 4844 ngyptiorum
2509 4777 2777 4832 interiecit
2799 4781 2960 4842 Dens.
2993 4791 3122 4839 tunc
3153 4787 3350 4844 tribum
3377 4788 3511 4846 Levi

1898 4880 1998 4934 pro
2031 4865 2158 4933 ipsis
2189 4866 2436 4936 accepitl
2467 4866 2629 4921 Num.
2677 4871 2728 4924 5.
2762 4871 2852 4927 59.
2887 4874 2955 4928 47
2994 4877 3030 4943 ).
3067 4876 3270 4933 Deinde
3302 4884 3422 4950 quia
3463 4885 3512 4936 in

1899 4960 2001 5012 huc
2031 4959 2171 5014 tribu
2199 4961 2376 5013 minOr
2404 4961 2637 5026 capitum
2663 4979 2921 5020 numerus
2946 4979 3084 5036 erat,
3116 4986 3274 5040 quam
3307 4973 3442 5041 prim
3457 4995 3502 5025 o.

1896 5052 2198 5121 genitorum
2230 5053 2369 5121 apud
2417 5052 2634 5109 indutos
2680 5066 2825 5111 esset
2854 5101 2868 5123 ,
2897 5074 2994 5127 pro
3022 5060 3398 5120 deficientibus
3448 5074 3514 5121 au

1899 5143 2254 5213 supplendum
2294 5161 2591 5201 numerum
2625 5148 2817 5203 siclum
2845 5149 3006 5219 jussit
3044 5154 3239 5208 deferri
3276 5172 3387 5213 :ex
3424 5160 3517 5214 illo

1896 5248 2074 5291 autem
2103 5247 2343 5306 tempore
2375 5254 2494 5292 mos
2535 5240 2780 5309 invaluit,
2804 5255 2859 5297 ut
2888 5246 3246 5322 primanita
3281 5250 3384 5307 hoc
3425 5268 3508 5305 ve-
3561 5258 3566 5262 '

1889 5329 2359 5399 etigulsolverent.
2413 5331 2544 5396 Quia
2599 5332 2762 5402 igitur
2817 5331 3064 5391 Christus
3111 5339 3513 5410 primogenitns

1890 5430 2085 5484 erat,et
2108 5421 2246 5474 inter
2271 5420 2565 5490 discipulos
2583 5425 2788 5492 primus
2816 5427 3095 5483 videbatur
3119 5445 3245 5486 esse
3277 5432 3406 5489 Petr
3420 5452 3506 5496 us.

1889 5513 1952 5562 mi
1997 5513 2168 5577 ipsum
2197 5513 2481 5567 accedunt.
2522 5513 2658 5569 Puto
2678 5507 2864 5571 autem
2898 5561 2910 5579 .
2955 5519 3006 5572 id
3038 5519 3161 5575 illos
3191 5521 3244 5576 in
3274 5524 3504 5594 singuli.L

1890 5605 2104 5657 urbibus
2128 5606 2370 5674 exegisse
2398 5625 2410 5660 :
2443 5617 2772 5679 quapropter
2800 5611 2849 5664 in
2877 5613 3046 5679 patria
3082 5614 3502 5680 adierunteum,

1888 5713 2004 5764 qttzt‘
2049 5697 2218 5765 patria
2247 5697 2588 5767 Capernaum
2618 5702 2907 5771 putabatur
2934 5719 3075 5758 esse.
3121 5705 3299 5774 ipsum
3333 5722 3504 5778 porro

1888 5791 2036 5842 :ulire
2066 5806 2168 5846 non
2202 5792 2315 5846 ausi
2343 5834 2356 5856 ,
2397 5792 2614 5853 Petrum
2644 5800 3009 5859 conveniunt.
3045 5816 3144 5858 nec
3165 5816 3289 5857 cunt
3348 5808 3505 5862 velie~

3131 5906 3166 5962 7
