4174 6332
690 403 786 456 ΰϋἿ

693 516 904 577 mcutia,
935 509 1024 564 sed
1049 505 1365 562 moderatius
1400 518 1410 551 :
1445 513 1614 568 neque
1639 495 1778 550 enim
1808 502 1862 547 ιιι
1889 492 2249 550 criminantis,

694 606 780 661 sed
832 614 888 657 ιιι
936 602 1321 664 interrogantes
1363 592 1611 645 dixerunt
1652 583 1937 653 :Magister
1973 591 2128 634 vester
2158 594 2253 630 non

694 695 841 751 solvit
869 687 1204 745 didraclmta.’
1229 685 1342 739 Non
1366 683 1508 738 enim
1536 679 1706 732 adhuc
1732 677 1799 730 tle
1841 675 1928 726 illo
1958 690 2012 726 ut
2034 688 2126 741 par
2144 679 2257 723 erat

695 785 1030 843 sentiebant,
1063 778 1156 831 sed
1189 775 1456 829 hominem
1484 786 1602 826 esse
1631 767 1924 837 putabant,
1953 763 2072 817 licet
2107 762 2255 815 illum

699 882 748 931 in
777 880 975 931 honore
996 871 1258 925 haberent
1283 867 1352 919 ob
1391 872 1593 934 patrata
1618 860 1789 927 signa.
1816 855 1949 920 Quid
1986 854 2140 922 igitur
2162 853 2258 906 Pe-

697 968 844 1024 trus?
872 965 961 1018 24.
987 961 1187 1030 Utique,
1218 958 1292 1011 ait
1323 973 1335 1008 ε
1371 956 1473 1008 illis
1497 950 1708 1022 quidem
1737 948 1887 1011 dixit,
1921 947 2089 1014 ipsum
2109 943 2256 999 solu-

697 1069 867 1112 turum
891 1065 1032 1117 esse,
1054 1049 1150 1118 ipsi
1179 1062 1304 1102 vero
1335 1059 1436 1098 non
1463 1041 1614 1104 dixit,
1637 1037 1775 1106 quod
1804 1035 2038 1089 fortassis
2065 1036 2258 1087 erube-

696 1154 865 1198 sceret
895 1141 964 1195 de
988 1139 1182 1193 talibus
1215 1136 1382 1206 ipsum
1412 1130 1626 1198 alloqui.
1661 1126 1783 1180 Ideo
1813 1133 2119 1178 mansuetus
2148 1120 2256 1184 ille,

696 1237 780 1301 qui
807 1235 981 1287 omnia
1006 1231 1149 1288 clare
1180 1233 1417 1286 noverat,
1442 1220 1773 1292 prtevcuicus
1805 1219 1947 1270 llllllll
1979 1215 2089 1268 ait:
2125 1212 2262 1276 Quid

697 1324 784 1375 tibi
807 1325 1006 1378 videtur
1029 1362 1046 1385 ,
1092 1319 1267 1371 Simon
1296 1317 1319 1368 ?
1362 1314 1521 1384 Reges
1563 1323 1707 1364 tm'a:
1735 1327 1766 1363 α
1810 1308 1986 1378 quibus
2012 1306 2263 1374 accipiant

702 1413 937 1465 tributum
977 1412 1052 1463 vel
1081 1423 1276 1461 censum
1301 1406 1325 1458 ?
1351 1421 1381 1456 a
1408 1405 1527 1470 ﬁliis
1568 1403 1671 1456 suis
1689 1441 1703 1466 ,
1727 1416 1792 1452 an
1825 1397 1886 1455 ab
1912 1396 2088 1448 alienis
2109 1395 2133 1447 ?
2156 1394 2250 1448 25.

702 1503 837 1555 Dixit
869 1502 975 1564 ille,
1005 1499 1077 1551 Ab
1107 1497 1302 1551 alienis.
1328 1493 1459 1547 Dicit
1492 1491 1567 1545 illi
1585 1489 1733 1543 Iesus
1757 1502 1778 1541 :
1802 1485 1941 1556 Ergo
1971 1484 2112 1538 liberi
2141 1491 2256 1538 sunt

700 1595 812 1660 ﬁlii.
842 1593 917 1644 Ne
945 1597 1152 1660 putaret
1175 1587 1314 1642 enim
1345 1585 1551 1646 Petrus,
1579 1581 1841 1636 Christum
1873 1578 1922 1630 id
1947 1576 2013 1629 ab
2039 1575 2139 1628 illis
2166 1588 2263 1626 au-

704 1684 898 1737 divisse
921 1723 936 1744 ,
969 1679 1218 1749 praevenit
1244 1689 1363 1731 eum
1388 1714 1403 1740 ,
1435 1683 1491 1726 ut
1518 1674 1619 1726 hoc
1659 1671 1828 1738 ipsum
1855 1667 2196 1735 signiﬁcaret,
2214 1672 2268 1718 et

699 1789 798 1824 uua
825 1771 1066 1824 tiduciam
1099 1768 1300 1821 inderet
1332 1780 1438 1818 non
1468 1760 1680 1815 audenti
1702 1767 1855 1815 antea
1875 1757 1942 1812 de
1972 1756 2075 1811 illis
2103 1753 2265 1822 loqui.

705 1864 812 1917 Iloc
839 1870 1012 1915 autem
1060 1859 1171 1913 vult
1216 1855 1517 1926 signiﬁcare
1548 1871 1560 1905 :
1607 1849 1858 1906 Immanis
1881 1862 1909 1899 a
1939 1861 2100 1902 censu
2130 1859 2264 1898 sum.

701 1956 831 2010 Nam
862 1954 905 2013 si
928 1967 1078 2020 reges
1106 1961 1258 2005 terra:
1296 1965 1323 1999 ιι
1355 1946 1474 1998 tiliis
1499 1943 1608 1996 suis
1630 1940 1756 1994 nihil
1783 1939 2064 2006 accipiunt,
2084 1935 2176 1988 sed
2202 1934 2270 1987 ab

701 2043 886 2096 alienis
917 2060 928 2094 :
960 2040 1126 2100 multo
1155 2034 1319 2104 magis
1346 2048 1431 2092 me
1460 2033 1742 2085 immunem
1769 2043 1886 2080 esse
1909 2023 2157 2092 oportuit,
2180 2023 2268 2091 qni

701 2148 807 2188 non
836 2129 1028 2184 terreni
1053 2168 1069 2194 ,
1098 2125 1191 2182 sed
1219 2124 1448 2183 etelestis
1481 2120 1643 2189 lii-gis
1688 2118 1850 2171 Filius
1875 2131 2011 2180 smn,
2052 2121 2105 2168 et
2135 2113 2263 2167 Rex.

709 2223 887 2277 Videu'
913 2218 1180 2290 quomodo
1197 2218 1332 2270 ﬁlios
1353 2213 1638 2281 distinguat
1662 2224 1692 2262 a
1724 2224 1828 2261 non
1860 2207 1980 2260 ﬁliis
2003 2205 2027 2258 ?
2065 2204 2121 2259 Si
2144 2217 2271 2257 vero

712 2314 875 2367 Filius
904 2326 1008 2362 non
1048 2317 1230 2372 esset,
1255 2303 1452 2359 frustra
1488 2301 1787 2368 exemplum
1816 2312 1997 2366 regunt
2035 2294 2267 2348 aderret.

711 2405 902 2468 Etiam,
937 2401 1140 2469 inquies
1163 2438 1178 2462 ,
1216 2396 1353 2449 tilius
1396 2402 1510 2456 est,
1542 2390 1634 2446 sed
1663 2404 1766 2443 nou
1808 2387 2088 2456 genuinus.
2133 2383 2272 2452 Ergo

712 2513 814 2548 non
841 2495 976 2546 Illius
994 2509 1008 2544 :
1029 2492 1072 2544 si
1093 2498 1267 2542 autem
1287 2500 1384 2545 nec
1406 2484 1542 2537 Illius
1563 2496 1659 2535 nec
1678 2481 1957 2550 genuinus,
1985 2490 2088 2528 non
2112 2474 2275 2543 ipsius

707 2600 832 2654 ergo
871 2591 986 2646 est,
1015 2580 1106 2634 sed
1150 2577 1374 2630 alienus.
1421 2573 1475 2627 Si
1525 2572 1760 2633 alienus,
1795 2565 2097 2634 exetnplum
2147 2561 2274 2614 illud

711 2653 815 2729 vim
842 2688 991 2729 suam
1022 2669 1124 2725 neu
1167 2668 1344 2721 habet.
1375 2663 1467 2718 ille
1497 2675 1722 2730 namque
1759 2672 1861 2710 non
1907 2655 1971 2707 de
2006 2653 2127 2706 [iliis
2160 2661 2274 2704 tan-

711 2779 842 2835 tum,
862 2768 954 2823 sed
977 2766 1044 2821 de
1063 2762 1305 2834 genuinis
1320 2757 1572 2828 loquitur,
1595 2753 1660 2809 de
1685 2748 2021 2822 propriis.qui
2039 2762 2157 2800 cum
2182 2759 2274 2812 pa-

715 2861 881 2914 tribus
909 2856 1054 2927 regni
1077 2862 1201 2909 sunt
1224 2857 1521 2906 consortes.
1549 2843 1776 2910 Ideoque
1802 2839 1866 2892 ad
1889 2835 2274 2891 disunctionem

711 2952 914 3004 alienos
938 2926 1216 3017 apposuit,
1256 2941 1336 2997 sic
1359 2951 1554 2992 vocans
1595 2934 1714 2989 illos
1739 2931 1881 3001 quia
1923 2928 2130 2998 regibus
2171 2926 2274 2978 nati

714 3055 817 3094 non
843 3047 984 3100 sunt,
1016 3036 1150 3090 tilios
1178 3045 1305 3087 vero
1329 3028 1455 3084 dicit
1485 3040 1578 3080 eos
1598 3065 1613 3090 ,
1644 3036 1777 3093 quos
1800 3036 1865 3074 ex
1884 3035 1941 3072 se
1965 3024 2273 3088 genuerunt.

710 3131 789 3186 Tu
817 3138 991 3184 autem
1021 3124 1153 3179 mihi
1198 3118 1466 3191 perpende
1493 3112 1759 3186 quomodo
1801 3108 2087 3164 revelatam
2125 3107 2279 3159 Petro

715 3210 1067 3289 cognitionem
1099 3215 1222 3268 hinc
1250 3211 1544 3267 continuet.
1580 3205 1756 3272 Neque
1778 3202 1864 3255 hic
1882 3200 2047 3259 stetit.
2067 3197 2160 3252 sed
2188 3211 2280 3266 per

716 3287 1007 3366 consensus
1037 3303 1249 3360 modum
1280 3302 1381 3355 hoc
1406 3299 1577 3367 ipsum
1607 3291 1886 3362 signiﬁcat,
1915 3288 1966 3343 id
1998 3287 2137 3360 quod
2166 3302 2277 3340 ma-

717 3417 833 3469 gum
865 3396 1136 3467 sapientia:
1158 3401 1288 3448 erat.
1321 3389 1450 3446 Nam
1477 3402 1598 3442 cum
1623 3385 1736 3438 lucc
1765 3381 2016 3446 dixisset,
2044 3380 2118 3432 ait
2147 3397 2160 3432 :
2189 3377 2279 3432 26.

723 3493 789 3545 Ut
814 3500 980 3543 autem
1000 3503 1099 3541 non
1121 3483 1514 3539 scandalizemus
1535 3495 1636 3544 eos,
1664 3476 1787 3530 vade
1814 3473 1881 3527 ad
1907 3487 2061 3538 mare,
2084 3479 2129 3524 et
2147 3469 2284 3524 mitte

718 3585 920 3634 hamum
941 3596 959 3633 :
989 3588 1034 3632 et
1058 3593 1168 3631 eum
1197 3575 1397 3645 piscem,
1420 3571 1503 3641 qui
1533 3569 1722 3637 primus
1746 3563 2043 3626 ascenderit,
2068 3559 2208 3624 tolle,
2236 3568 2282 3612 et

715 3676 764 3726 in
792 3672 880 3724 illo
900 3669 1117 3723 invenies
1138 3676 1367 3721 stateram
1384 3663 1424 3715 ‘:
1442 3661 1586 3715 illum
1610 3670 1890 3719 assumens,
1907 3653 1973 3708 da
2001 3651 2069 3706 eis
2087 3665 2179 3720 pro
2205 3665 2285 3704 me

718 3776 761 3817 et
792 3776 855 3818 te.
885 3760 1072 3815 Viden'
1101 3754 1368 3827 quomodo
1397 3764 1566 3821 neque
1600 3755 1841 3811 recuset,
1866 3759 2039 3814 neque
2068 3742 2284 3798 omnino

716 3857 896 3924 jubeat
925 3852 1175 3906 tributum
1208 3842 1477 3915 pendens?
1501 3839 1605 3896 Sed
1636 3837 1726 3892 ubi
1751 3835 1900 3907 prius
1926 3831 2197 3899 ostendit,
2225 3845 2285 3886 se

720 3963 821 4000 non
853 3957 971 3999 esse
1018 3940 1142 3995 huic
1169 3934 1492 3993 obnoxium,
1541 3941 1666 3983 tunc
1712 3926 1804 3980 dat
1851 3924 2019 3987 illud;
2070 3932 2181 3977 tum
2220 3936 2286 3976 ne

719 4038 791 4092 illi
819 4032 1262 4092 scandalizentur,
1291 4035 1399 4080 tum
1428 4037 1494 4078 ne
1524 4019 1576 4074 hi
1606 4018 1746 4073 idem
1772 4017 2058 4086 patiantur.
2101 4013 2283 4081 Neque

717 4131 859 4182 enim
895 4126 965 4180 ita
986 4124 1074 4179 dat
1117 4120 1265 4190 quasi
1290 4116 1500 4177 debeat,
1534 4110 1627 4166 sed
1657 4120 1713 4163 ut
1754 4109 1965 4163 illorum
1991 4103 2285 4158 infirmitati

721 4218 982 4273 consulat.

791 4311 844 4362 2.
876 4306 1016 4360 Alibi
1043 4317 1167 4356 vero
1197 4297 1500 4354 scandalum
1535 4290 1858 4353 contemnit;
1893 4298 1949 4342 ut
1980 4303 2100 4341 cum
2127 4286 2194 4342 de
2215 4287 2286 4340 ci-

723 4402 803 4455 bis
825 4399 1149 4459 dissereret;
1196 4399 1255 4446 ut
1296 4402 1393 4443 nos
1432 4387 1622 4440 doceat
1653 4380 1905 4450 temporis
1930 4377 2293 4447 Opportunita-

729 4501 832 4543 tem
861 4486 1144 4555 explorare
1173 4490 1420 4549 oportere
1443 4519 1458 4539 ,
1488 4475 1682 4544 quibus
1709 4487 1803 4540 par
1824 4478 1907 4523 est
1928 4466 2172 4522 scamtala
2194 4465 2291 4519 de-

727 4584 953 4652 spicere,
975 4578 1057 4632 vel
1087 4589 1191 4630 non
1213 4571 1508 4640 despicere.
1541 4567 1613 4620 Ex
1645 4563 1806 4618 modo
1833 4561 1956 4614 item
1988 4559 2179 4620 dandi,
2212 4571 2294 4610 se-

727 4680 915 4743 ipsum,
936 4668 1023 4737 qui
1047 4679 1234 4730 nempe
1250 4661 1336 4718 sit.
1355 4657 1606 4714 ostendit.
1627 4655 1735 4708 Cur
1759 4652 1898 4704 enim
1923 4664 2025 4702 non
2050 4664 2110 4700 es
2137 4660 2296 4714 repo-

725 4737 841 4821 sitis
869 4761 1020 4829 jubet
1044 4753 1198 4809 dari?
1225 4751 1333 4818 Ut,
1364 4747 1504 4819 quod
1527 4745 1635 4816 jam
1663 4742 1806 4806 dixi,
1832 4740 1883 4793 in
1913 4740 2013 4791 hoc
2049 4752 2104 4790 se
2137 4737 2297 4789 lteum

730 4826 1099 4908 universorum
1128 4857 1248 4899 esse
1279 4850 1334 4896 et
1379 4839 1508 4893 mari
1551 4838 1818 4906 imperare
1866 4830 2191 4885 estenderet.
2244 4826 2298 4879 Id

723 4952 833 5018 jam
865 4943 1317 4999 demonstraverat
1342 4929 1552 5001 quando
1583 4942 1728 4980 mare
1757 4922 2068 4991 increpavit,
2096 4929 2150 4973 et
2178 4933 2298 4972 cum

731 5011 944 5094 l’etrum
979 5031 1138 5100 jussit
1167 5038 1322 5094 supra
1352 5021 1544 5075 ﬂuctus
1585 5015 1877 5070 ambulare.
1916 5011 1970 5066 Id
1999 5026 2137 5064 nunc
2163 5023 2298 5077 quo-

729 5143 835 5200 que
861 5098 1113 5180 ostendit.
1149 5117 1245 5172 etsi
1275 5113 1379 5168 alio
1421 5109 1581 5165 modo
1602 5148 1616 5172 ,
1646 5105 1738 5160 sed
1766 5104 1851 5172 qui
1885 5101 2104 5155 multum
2137 5098 2301 5166 pariat

723 5188 1024 5286 stuporem.
1059 5210 1240 5279 Neque
1282 5204 1422 5260 enim
1454 5214 1634 5271 parum
1669 5194 1792 5250 illud
1825 5202 1939 5248 erat
1971 5188 2300 5259 prardixiSs-e,

733 5271 932 5375 piscem
975 5299 1121 5355 illum
1145 5271 1169 5360 ξ
1212 5291 1300 5362 qui
1330 5288 1529 5359 primus
1571 5281 1856 5351 capiendus
1886 5287 2048 5340 esset,
2081 5271 2304 5340 reetigal

735 5363 1028 5449 Loluturum
1056 5401 1196 5447 esse,
1217 5391 1271 5439 et
1302 5389 1417 5435 rete
1450 5378 1501 5431 in
1527 5375 1782 5444 abyssum
1827 5368 2077 5436 injectum
2103 5363 2300 5430 piscem

736 5486 909 5543 illum;
942 5478 1029 5548 qui
1060 5485 1306 5532 stateram
1335 5467 1594 5539 gestabat.
1619 5477 1682 5517 ex
1713 5461 1825 5529 ejus
1852 5465 2117 5526 prmcepto
2138 5451 2302 5505 addu-

739 5544 1114 5628 cturum-esse,
1149 5562 1240 5618 sed
1277 5574 1394 5615 esse
1437 5555 1561 5610 illud
1606 5554 1794 5607 divinze
1823 5559 1875 5603 et
1903 5544 2181 5601 iuellhbilis
2211 5557 2305 5610 po~

743 5663 946 5716 testans
972 5698 987 5712 .
1029 5653 1169 5712 quod
1202 5665 1344 5702 utare
1369 5646 1507 5699 dona
1540 5645 1612 5697 sic
1642 5640 1888 5700 allerret;
1918 5646 1970 5690 ct
1997 5636 2298 5701 obsequen-

801 5773 817 5799 ‘
853 5778 993 5818 Ltus.
1020 5765 1148 5821 tolle,
1172 5767 1214 5810 ’τι
1238 5756 1454 5821 aperiens
1477 5768 1527 5803 ος
1550 5753 1670 5813 cjus,
1697 5749 1903 5800 invenies
1927 5755 2163 5797 stateram.

1364 388 1414 441 S.
1456 381 1729 440 .IOANNIS
1766 375 2230 433 CllliYSOSTOMl
2272 372 2579 427 AllCﬂlEI’.
2622 369 3150 426 CONSTANTINOP.
3819 364 3922 413 illiti

2367 497 2490 540 tiam
2537 500 2684 540 suam
2729 485 3057 547 ostenderet,
3088 494 3196 536 ιιιιιι
3228 481 3439 549 quando
3469 478 3647 532 furens
3677 479 3925 532 sedatum

2359 583 2459 639 cst,
2491 585 2599 628 tum
2638 577 2849 644 quando
2879 583 3108 628 metuaris
3155 587 3467 625 conservum
3516 571 3780 638 sust-epit;
3815 577 3928 619 tum

2362 666 2518 720 etiam
2559 683 2731 730 nunc,
2761 683 2880 720 cum
2909 682 3006 735 pro
3036 666 3148 733 ipso
3186 662 3526 716 exactoribus
3545 659 3726 712 soliit.
3765 655 3828 708 Et
3859 657 3930 707 du

2363 760 2463 811 illis
2486 776 2575 828 pro
2599 775 2676 812 me
2698 769 2745 811 et
2775 774 2866 827 pro
2895 769 2959 821 te,
2989 756 3174 825 inquit.
3201 753 3386 806 Vidisti
3417 752 3633 805 honoris
3656 749 3929 804 excellen-

2365 849 2528 903 tiam?
2568 848 2699 903 Vide
2723 857 2779 901 et
2811 847 2951 902 Petri
2983 845 3388 914 philosophiam.
3415 841 3548 896 Nam
3578 840 3807 901 Marcus,
3839 838 3931 906 qui

2368 939 2524 1008 hujus
2549 939 2842 1008 discipulus
2870 946 3004 1002 erat,
3038 937 3141 991 hoc
3167 946 3374 1006 gestum
3407 949 3512 986 non
3543 931 3774 1000 scripsit,
3805 929 3933 998 quia

2368 1032 2490 1086 hinc
2533 1032 2607 1085 illi
2653 1030 2823 1085 honor
2860 1029 3046 1097 ingens
3087 1025 3415 1081 accedebat:
3457 1021 3550 1077 sed
3595 1019 3935 1090 negationem

2367 1124 2484 1192 ejus
2510 1122 2742 1191 scripsit,
2773 1135 2893 1187 qum
2927 1131 3056 1172 vero
3081 1116 3427 1184 conspicuum
3455 1112 3602 1167 illum
3638 1109 3938 1164 reddebant

2370 1218 2550 1278 tacuit,
2583 1225 2636 1270 et
2663 1214 2890 1268 fortasse
2910 1220 3124 1265 vetante
3153 1209 3404 1277 magistro
3429 1222 3495 1262 ne
3531 1217 3718 1273 magna
3744 1201 3812 1256 de
3844 1200 3940 1253 illo

2366 1306 2584 1359 diceret.
2619 1302 2724 1356 Pro
2748 1319 2826 1357 me
2849 1311 2895 1356 et
2921 1311 2987 1366 te,
3013 1299 3177 1368 inquit
3209 1316 3223 1352 :
3251 1298 3372 1368 quia
3399 1307 3453 1351 et
3478 1297 3590 1364 ipse
3615 1293 3941 1364 primogeni-

2369 1405 2450 1449 tus
2476 1404 2610 1450 erat.
2658 1393 2728 1448 Ut
2766 1402 2944 1446 autem
2989 1390 3186 1445 Christi
3233 1388 3522 1458 potentiam
3552 1401 3672 1441 cum
3717 1395 3944 1452 stupore

2369 1486 2590 1540 miratus
2613 1498 2694 1548 es,
2721 1483 2914 1536 mirare
2938 1491 2992 1536 et
3032 1480 3276 1549 discipuli
3312 1479 3472 1532 Iidem
3493 1517 3508 1541 ,
3534 1477 3626 1545 qui
3655 1477 3704 1529 in
3732 1491 3790 1529 re
3829 1484 3940 1528 tam

2372 1578 2727 1646 inexspectata
2747 1575 2936 1643 paruit.
2972 1573 3079 1628 Res
3098 1571 3240 1626 enim
3258 1577 3374 1624 erat
3400 1580 3583 1622 natura
3617 1567 3823 1621 insolita
3852 1574 3943 1616 at-

2370 1685 2472 1738 que
2510 1668 2790 1736 stupenda.
2838 1665 2960 1719 Ideo
2990 1664 3042 1719 in
3072 1662 3369 1718 mercedem
3415 1660 3556 1725 ﬁdei,
3587 1660 3639 1712 in
3683 1656 3948 1712 solvendo

2373 1759 2566 1813 tributo
2583 1758 2724 1811 illum
2741 1757 2838 1811 sibi
2856 1756 3096 1810 Christus
3112 1752 3402 1822 conjunxit.
3427 1749 3576 1822 (Cap.
3598 1748 3782 1819 XVIII)
3804 1750 3855 1802 t.
3877 1747 3948 1801 In

2372 1850 2461 1902 illa
2511 1852 2636 1901 hora
2687 1857 2998 1900 accesserunt
3048 1845 3116 1898 ad
3158 1843 3335 1898 Iesum
3386 1842 3621 1912 discipuli
3672 1842 3892 1895 dictum
3927 1854 3948 1892 :

2377 1939 2500 2006 Quis
2521 1939 2684 2007 major
2708 1949 2780 1991 est
2808 1938 2858 1990 in
2879 1952 3031 2007 regno
3045 1936 3283 1990 delerunt
3299 1934 3325 1987 2
3353 1933 3648 1990 Humanum
3673 1931 3949 2002 quidpiam

2377 2029 2514 2097 passi
2538 2026 2780 2095 discipuli
2807 2036 2929 2080 sunt
2953 2043 2964 2078 :
2994 2024 3135 2094 quod
3154 2033 3210 2079 et
3227 2024 3551 2093 evangelista
3581 2023 3843 2091 signiﬁcat
3861 2022 3950 2076 di-

2373 2135 2518 2181 cens,
2548 2118 2613 2172 In
2642 2118 2733 2171 illa
2754 2119 2879 2171 liora
2901 2135 2921 2172 :
2948 2116 3159 2188 quando
3183 2117 3300 2186 plus
3325 2130 3484 2184 quam
3504 2127 3728 2170 cteteros
3755 2129 3952 2168 omnes

2375 2210 2520 2268 illum
2549 2210 2846 2263 honoravit.
2888 2208 3019 2262 Nam
3040 2222 3161 2263 cum
3187 2222 3250 2262 es
3282 2206 3480 2261 Jacobo
3499 2214 3554 2260 et
3579 2205 3783 2265 Joanne
3807 2205 3955 2259 alter

2376 2301 2757 2371 primogenitus
2787 2299 2984 2364 esset‘,
3020 2297 3154 2353 nihil
3184 2297 3358 2351 simile
3387 2311 3482 2366 pro
3513 2297 3615 2349 illis
3643 2295 3781 2349 fecit.
3812 2293 3955 2348 Hinc

2378 2393 2580 2460 pudore
2601 2389 2772 2443 allecti
2802 2388 2966 2442 animi
2986 2388 3066 2442 sui
3095 2386 3508 2442 commotionem
3537 2384 3762 2439 confessi
3786 2395 3951 2449 sunt,

2379 2496 2553 2551 neque
2581 2489 2763 2551 aperte
2790 2479 3010 2543 dicunt,
3037 2475 3145 2533 Cur
3184 2476 3399 2532 Petrum
3443 2476 3597 2531 nobis
3637 2473 3956 2544 praetulisti?

2381 2588 2503 2625 num
2538 2571 2624 2625 ille
2662 2569 2832 2638 major
2875 2569 3029 2623 nobis
3067 2568 3189 2622 est?
3217 2582 3321 2620 non
3354 2563 3620 2622 audebant
3643 2564 3823 2630 enim;
3852 2562 3955 2618 sed

2383 2664 2650 2716 indelinite
2676 2663 3005 2730 interrogant
3028 2678 3041 2713 :
3078 2659 3203 2727 Quis
3233 2660 3397 2729 major
3414 2666 3486 2713 est
3506 2660 3532 2711 Ρ
3547 2657 3678 2712 Nam
3704 2670 3825 2714 cum
3843 2664 3959 2710 tres

2380 2754 2619 2807 viderunt
2643 2751 2880 2820 pneferri
2898 2751 3127 2809 caeteris.
3147 2749 3282 2805 nihil
3301 2749 3472 2804 simile
3488 2747 3625 2819 passi
3652 2755 3805 2811 sunt;
3828 2760 3958 2799 cum

2380 2856 2553 2897 autem
2585 2859 2718 2896 unus
2749 2853 2949 2896 tantum
2982 2841 3240 2896 honorem
3272 2840 3423 2905 tulit,
3465 2848 3591 2894 tunc
3612 2838 3802 2905 dolore
3830 2846 3962 2890 sunt

2379 2934 2572 2988 atl‘ccti.
2596 2933 2777 3002 Neque
2808 2932 2907 2986 hoc
2934 2931 3127 2997 solum,
3149 2930 3244 2986 sed
3274 2939 3325 2985 et
3345 2931 3448 2984 alia
3477 2928 3634 2982 multa
3660 2941 3960 2996 congeren-

2384 3035 2481 3088 tes,
2508 3023 2714 3076 accensi
2740 3031 2882 3077 sunt.
2905 3021 3034 3076 Nam
3055 3021 3187 3075 dixit
3214 3020 3288 3074 illi
3318 3037 3330 3074 :
3357 3019 3467 3072 Tibi
3492 3017 3620 3072 dabo
3646 3020 3847 3080 claves;
3874 3026 3960 3077 et,

2385 3117 2568 3170 Beatus
2595 3132 2647 3170 es
2671 3157 2686 3180 ,
2711 3114 2889 3170 Simon
2921 3112 3190 3168 Bar-Jona
3232 3110 3456 3181 (Matth.
3491 3112 3575 3164 I6.
3608 3109 3692 3164 I9.
3721 3108 3827 3177 I7)
3856 3124 3871 3171 ;
3905 3117 3962 3161 ct

2386 3208 2489 3272 hic,
2517 3207 2596 3260 Da
2624 3207 2748 3276 ipsis
2787 3223 2878 3277 pro
2904 3221 2983 3260 me
3004 3213 3052 3259 et
3081 3215 3162 3268 te;
3199 3205 3429 3273 itemque
3477 3202 3721 3256 fiduciam
3749 3200 3870 3270 ejus
3901 3208 3960 3253 ct

2385 3295 2630 3364 loquendi
2677 3296 2976 3350 libertatem
3022 3294 3265 3348 videntes
3312 3293 3702 3363 pungebantur.
3730 3290 3886 3356 Quod
3915 3289 3965 3343 si

2386 3386 2591 3441 Marcus
2617 3401 2722 3440 non
2744 3385 3032 3451 dicat,illos
3062 3385 3438 3454 interrogasse,
3459 3382 3554 3435 sed
3583 3395 3766 3435 secum
3786 3379 3842 3433 id
3862 3394 3966 3433 co-

2383 3476 2624 3547 gitasse(
2661 3475 2824 3528 Marc.
2857 3475 2910 3531 9.
2940 3475 3008 3535 54
3033 3472 3090 3546 ),
3123 3473 3175 3527 id
3214 3487 3318 3529 non
3354 3485 3472 3528 esse
3507 3469 3808 3540 oppositum
3839 3469 3969 3522 huic

2388 3567 2676 3622 narrationi
2706 3583 2720 3619 :
2752 3580 2872 3619 nam
2916 3563 3204 3618 verisimile
3230 3572 3312 3618 est
3339 3563 3457 3616 illos
3489 3571 3769 3628 utrumque
3797 3559 3968 3612 foris-

2385 3674 2446 3714 se
2474 3676 2488 3715 :
2517 3667 2570 3713 et
2599 3658 2826 3728 primum
2853 3656 3068 3727 quidem
3103 3655 3205 3708 alio
3229 3665 3469 3724 tempore
3492 3651 3663 3706 semel
3697 3661 3747 3703 et
3778 3649 3861 3703 bis
3886 3652 3972 3704 sic

2387 3749 2669 3819 cogitasse,
2703 3757 2829 3802 tunc
2849 3762 2975 3802 vero
3001 3755 3055 3800 et
3079 3745 3276 3800 dixisse
3300 3785 3315 3808 ,
3339 3753 3393 3798 et
3415 3757 3596 3799 secum
3622 3741 3969 3811 cogitavisse.

2388 3841 2466 3896 Tu
2496 3855 2624 3895 vero
2652 3855 2755 3894 non
2786 3838 2835 3892 id
2864 3838 2972 3892 vitii
3006 3837 3178 3892 solum
3201 3834 3454 3904 respicias
3477 3875 3492 3899 ,
3521 3833 3614 3886 sed
3639 3841 3691 3885 et
3717 3830 3848 3885 illud
3878 3845 3976 3883 ce-

2389 3933 2495 4003 gita
2528 3950 2542 3987 :
2571 3931 2762 4003 primo,
2793 3931 2911 3984 illos
2959 3929 3086 3982 nihil
3123 3927 3209 3982 hic
3257 3926 3414 3996 hujus
3452 3924 3635 3979 smculi
3679 3937 3973 3993 quaerere;

2389 4025 2616 4090 deinde,
2649 4025 2768 4079 illos
2815 4023 2955 4077 hunc
3001 4029 3182 4091 postea
3231 4019 3476 4072 morbum
3527 4016 3882 4086 deposuisse.
3917 4024 3975 4068 et

2394 4119 2590 4189 primas
2618 4117 2717 4170 sibi
2749 4127 2932 4170 mutuo
2952 4113 3227 4168 detulisse.
3251 4110 3358 4166 Nos
3394 4117 3569 4162 autem
3591 4121 3764 4175 neque
3790 4105 3857 4158 ad
3875 4105 3973 4157 de-

2395 4210 2563 4264 fectus
2605 4222 2787 4262 eorum
2839 4216 3118 4273 possumus
3148 4202 3487 4270 pertingere,
3533 4211 3633 4251 nec
3677 4195 3977 4264 qua-rimus

2393 4305 2511 4374 quis
2542 4301 2709 4369 major
2734 4298 2804 4351 sit
2847 4296 2898 4350 in
2930 4309 3092 4363 regno
3118 4293 3368 4346 caelorum
3390 4330 3404 4351 ,
3439 4287 3534 4344 sed
3572 4288 3691 4358 quis
3718 4287 3892 4353 major
3921 4287 3980 4340 in

2396 4410 2558 4464 regno
2587 4403 2741 4445 terra:
2767 4433 2780 4453 ,
2812 4390 2931 4460 quis
2982 4384 3287 4456 epulentior
3309 4422 3326 4448 ,
3357 4383 3478 4451 quis
3509 4379 3794 4450 potentior.
3829 4379 3981 4444 Quid

2395 4499 2527 4553 ergo
2548 4482 2824 4536 Christus?
2869 4478 3079 4532 Illorum
3112 4473 3493 4528 conscientiam
3525 4469 3739 4539 detegit,
3763 4478 3815 4521 et
3837 4469 3984 4522 ειπε-

2397 4574 2501 4626 ctui
2524 4587 2731 4635 eorum,
2762 4585 2866 4623 non
2899 4569 3072 4620 verbis
3105 4574 3331 4629 tantum,
3363 4561 3670 4630 respondet.
3702 4561 3737 4613 Ξ).
3789 4559 3852 4612 Et
3890 4561 3986 4611 ad-

2399 4679 2580 4718 uocans
2601 4661 2750 4714 Iesus
2778 4659 3062 4730 parvulum,
3092 4657 3146 4711 '5.
3173 4655 3304 4708 dixit
3326 4694 3341 4716 ,
3370 4650 3485 4706 Nisi
3507 4651 3728 4704 conversi
3749 4651 3959 4720 {uetitis

2400 4766 2446 4810 et
2489 4752 2768 4824 eﬂiciantiui
2810 4753 2940 4802 sicut
2980 4749 3216 4816 parvulus
3243 4747 3333 4799 iste
3352 4785 3368 4809 ,
3397 4760 3496 4796 non
3527 4738 3776 4794 intrabitis
3808 4741 3863 4793 in
3897 4758 3988 4795 re.

2401 4865 2553 4922 gnum
2575 4847 2832 4901 caelorum.
2868 4843 2973 4896 Vos
3004 4838 3313 4912 perquiritis
3343 4837 3464 4906 quis
3499 4835 3567 4889 sit
3597 4847 3788 4901 major,
3819 4845 3875 4886 et
3913 4834 3991 4887 de

2405 4920 2632 5008 primatu
2659 4933 2980 4989 contenditis
3013 4948 3026 4983 :
3062 4944 3160 4995 ego
3191 4943 3320 4982 vero
3346 4941 3492 4990 eum,
3519 4925 3603 4993 qui
3649 4938 3752 4977 non
3784 4920 3994 4976 Immit-

2405 5030 2561 5085 limus
2593 5028 2759 5082 factus
2795 5025 2979 5089 fuerit,
3013 5039 3116 5076 non
3148 5037 3266 5076 esse
3291 5021 3506 5088 dignum
3535 5016 3654 5070 dico
3684 5016 3773 5084 qui
3817 5015 3995 5070 intr-at

2407 5125 2455 5179 in
2487 5137 2703 5193 regnum
2726 5120 2998 5172 cmlorum.
3031 5115 3194 5169 Recte
3218 5111 3518 5180 exemplum
3547 5108 3732 5171 atii-rt;
3772 5123 3874 5162 nec.
3904 5111 3996 5161 af-

2408 5217 2508 5273 I'ert
2537 5215 2714 5276 modo,
2753 5211 2847 5266 sed
2882 5221 2935 5264 et
2964 5211 3132 5277 ipsum
3161 5204 3435 5275 parvulum
3468 5203 3520 5256 in
3550 5201 3728 5255 medio
3750 5203 3947 5255 statuit
3979 5243 3995 5266 ,

2409 5309 2525 5377 ipso
2552 5312 2770 5374 aspectu
2815 5301 3036 5354 hortans
3083 5310 3137 5351 et
3176 5295 3407 5350 suadens
3436 5301 3494 5347 ut
3533 5293 3640 5346 sint
3672 5291 3910 5345 humiles
3933 5307 4002 5348 ac

2408 5398 2692 5467 SllllpllCcS.
2717 5394 2846 5448 Nam
2878 5390 3129 5460 puerulus
3157 5389 3289 5442 liber
3315 5395 3397 5440 est
3422 5386 3488 5437 ab
3542 5383 3758 5445 invidia,
3797 5397 3826 5434 a
3850 5397 4000 5436 vana

2409 5492 2576 5560 gloria
2611 5528 2624 5550 ,
2656 5486 2723 5539 ab
2752 5499 2935 5537 amore
2965 5482 3241 5550 primatus.
3271 5478 3662 5543 maximamque
3707 5473 3845 5526 hanc
3881 5475 4003 5528 vir-

2412 5591 2573 5635 tutem
2603 5574 2858 5648 possidet,
2890 5587 3079 5639 nempe
3096 5568 3486 5638 simplicitatem
3525 5576 3576 5619 et
3608 5562 4000 5618 humilitatem.

2476 5743 2492 5770 ι
2532 5746 2673 5794 unus,
2692 5746 2797 5784 cum
2822 5729 2983 5780 Jacobi
3006 5734 3050 5778 et
3073 5734 3269 5776 Jtumms
3298 5731 3460 5774 Petrus
3485 5725 3826 5782 printogeitttus
3848 5726 3983 5767 tat-rt
