4174 6332
170 400 264 458 509
1108 397 1170 454 IN
1211 393 1614 452 MATTIIJSUSI
1656 393 1738 451 ιιι]

1845 392 1868 447 Ῐ.
1931 393 2103 450 LVIII.
2148 397 2198 452 al
2265 397 2398 455 ωλι.

171 518 279 573 Non
308 530 441 586 ergo
468 528 613 586 opus
641 522 846 569 tantum
877 521 961 567 est
999 509 1310 567 fortitudine
1333 520 1494 582 atque
1527 509 1761 580 pruden-

172 609 243 664 tia
271 628 288 674 ;
317 608 416 664 sed
442 608 610 663 etiam
639 606 942 662 humilitate
965 614 1022 660 ct
1044 604 1404 674 simplicitate.
1438 604 1649 659 Etenim
1681 603 1762 658 vel

175 703 226 755 in
255 697 539 771 praecipuis
563 701 728 754 rebus
750 740 764 766 ,
795 699 840 752 si
877 699 959 752 ha:
985 697 1210 752 virtutes
1235 710 1341 751 non
1371 694 1593 761 adsint,
1619 694 1766 750 clau-

173 795 353 850 dicaut
379 807 444 849 ea
469 808 594 863 quae
614 791 681 847 ad
710 793 935 846 salutem
962 800 1201 845 nostram
1234 790 1522 858 pertinent.
1556 788 1762 842 Pueru—

173 890 251 941 lus
271 886 392 941 sive
414 883 743 940 contumelia
769 882 1048 944 afficiatur,
1067 881 1180 935 sive
1210 879 1478 941 laudetur,
1511 877 1625 933 sive
1651 893 1763 932 ver-

171 981 410 1039 beretur,
439 975 554 1031 sive
582 975 897 1038 bonoretur,
930 987 1031 1028 nec
1057 971 1274 1042 indigne
1297 970 1402 1026 fert
1420 968 1508 1025 vel
1535 968 1760 1050 invidet,

169 1082 350 1138 neque
377 1067 546 1122 altum
567 1066 730 1137 sapit.
1339 1135 1383 1144 μ

242 1163 296 1217 3.
331 1160 522 1216 \'idcn‘
543 1158 815 1230 quomodo
843 1172 941 1213 nos
977 1172 1189 1213 rursum
1224 1155 1291 1212 ad
1317 1154 1577 1210 naturalia
1596 1167 1758 1223 opera

163 1263 376 1318 evocet,
397 1250 687 1307 ostendens
715 1249 831 1306 haec
863 1265 927 1303 ex
969 1249 1244 1319 proposito
1266 1247 1555 1303 voluntatis
1576 1246 1761 1314 perﬁci

161 1357 344 1410 pmse,
360 1341 824 1412 perniciosamque
834 1339 1244 1394 Manichaeorum
1257 1337 1458 1393 rabiem
1472 1336 1760 1406 deprimit?

163 1433 295 1490 Nam
316 1435 365 1490 si
382 1434 521 1489 mala
537 1442 724 1490 natura
740 1432 932 1502 est(a),
951 1446 1049 1487 cur
1065 1431 1188 1487 inde
1209 1429 1556 1500 philosophiae
1575 1444 1759 1484 exem-

162 1532 246 1599 pla
277 1529 480 1584 trahit?
524 1528 806 1598 Parvulum
835 1537 1012 1584 autem
1054 1538 1178 1598 puto
1213 1528 1468 1583 infantem
1498 1526 1551 1581 in
1578 1525 1758 1581 medio

159 1623 446 1684 statuisse.
485 1621 733 1677 omnibus
757 1621 902 1677 hisce
929 1621 1090 1675 animi
1116 1621 1318 1676 morbis
1336 1634 1582 1675 vacuum.
1623 1617 1755 1674 Nam

158 1713 213 1766 in
247 1712 553 1782 bujusmodi
579 1712 887 1792 infantibus,
907 1728 1006 1767 nec
1024 1712 1346 1783 arrogantia,
1368 1726 1468 1766 nec
1483 1725 1615 1766 vana
1641 1710 1756 1777 glo-

158 1804 262 1868 ria,
293 1816 396 1858 nec
422 1802 642 1870 invidia,
672 1818 773 1859 nec
798 1804 1096 1868 contentio,
1127 1818 1228 1858 nec
1249 1803 1351 1857 alia
1382 1801 1755 1871 hujuscemodi

158 1895 336 1947 locum
365 1891 592 1960 habent;
643 1893 826 1950 insunt
848 1904 1032 1950 autem
1067 1894 1290 1949 virtutes
1315 1894 1517 1957 multae,
1545 1891 1753 1961 simpli-

153 1987 309 2050 citas,
354 1985 655 2054 humilitas;
685 1988 839 2044 abest
878 1987 949 2043 ab
983 2002 1050 2043 eo
1075 1986 1409 2058 negotiorum
1437 1984 1589 2040 turba
1610 2025 1627 2051 ,
1653 1983 1751 2040 de-

153 2093 264 2142 que
292 2076 438 2132 nulla
469 2093 528 2133 re
552 2078 823 2148 superbit;
853 2078 941 2133 ubi
971 2077 1167 2148 duplex
1195 2087 1277 2134 est
1307 2075 1667 2147 philosophia,
1696 2084 1753 2131 ct.

151 2169 299 2234 quod
327 2168 445 2224 bzec
487 2169 792 2239 possideat,
819 2170 1040 2242 etquod
1066 2185 1175 2226 non
1209 2171 1329 2225 ideo
1358 2170 1594 2225 inﬂetur.
1627 2170 1752 2224 Ideo

152 2259 413 2316 infantem
450 2262 722 2332 produxit,
749 2271 804 2318 et
831 2263 884 2317 in
917 2263 1096 2318 medio
1131 2264 1350 2327 statuit;
1375 2280 1551 2332 neque
1577 2262 1648 2318 ibi
1682 2259 1747 2318 li-

150 2365 280 2404 nem
314 2350 530 2408 dicendi
557 2351 700 2415 fecit,
725 2354 818 2409 sed
847 2354 1073 2410 ulterius
1105 2355 1528 2411 admonitionem
1554 2356 1750 2426 produ-

144 2443 242 2506 cit,
275 2440 464 2498 dicens
495 2463 508 2499 :
542 2445 596 2500 5.
627 2443 695 2498 Et
741 2445 1042 2516 quicumque
1069 2447 1341 2518 susceperit
1368 2463 1528 2502 unum
1555 2458 1746 2518 parvu-

149 2535 259 2586 lum
310 2535 466 2589 talem
509 2535 563 2589 in
606 2536 808 2590 nomine
861 2553 993 2604 meo,
1022 2553 1100 2592 me
1126 2539 1356 2606 suscipit.
1406 2537 1523 2593 Non
1570 2539 1744 2594 solum

143 2627 319 2690 enim,
359 2626 554 2696 inquit,
597 2628 642 2682 si
699 2629 831 2686 tales
877 2617 1110 2694 fueritis,
1139 2633 1442 2688 mercedem
1496 2647 1743 2703 magnam

145 2715 458 2784 recipietis,
484 2716 581 2773 sed
618 2719 780 2774 etiam
805 2720 850 2774 si
891 2720 1030 2775 alios
1059 2721 1264 2776 similes
1294 2732 1514 2798 propter
1536 2741 1622 2779 me
1647 2724 1746 2779 ho-

145 2805 496 2872 norareritis,
525 2823 750 2878 regnum
781 2810 931 2866 vobis
953 2809 1005 2864 itt
1028 2812 1331 2867 mercedem
1353 2813 1545 2869 tribuo.
1563 2814 1744 2883 Quod-

142 2913 250 2963 que
286 2896 442 2967 Iunge
469 2897 643 2968 majus
687 2908 771 2954 est
796 2899 1012 2969 adjicit,
1042 2914 1164 2956 cum
1206 2902 1355 2971 dicit,
1388 2902 1473 2959 lle
1507 2906 1739 2974 sincipit.

145 2986 215 3039 Ita
241 2985 593 3043 vehementer
619 2988 825 3044 alliciar
851 3006 918 3046 ex
961 2989 1257 3049 humilitate
1286 3002 1340 3049 et
1376 2994 1736 3064 simplicitate.

145 3077 408 3132 Parvulos
438 3078 526 3134 hic
549 3089 704 3134 vocat
730 3079 975 3137 homines
994 3124 1009 3148 ,
1045 3082 1113 3137 ita
1145 3084 1446 3154 simplices,
1476 3087 1736 3167 humiles,

141 3167 230 3227 qui
283 3167 426 3237 apud
487 3169 685 3225 multos
731 3171 928 3240 abjecti
983 3164 1038 3229 et
1079 3174 1408 3245 despiciendi
1451 3164 1733 3238 habentur.

143 3257 350 3315 Deinde
386 3261 746 3330 probatiorem
773 3263 1004 3320 reddens
1031 3280 1336 3325 sermonem
1353 3310 1369 3336 ,
1395 3286 1500 3326 non
1529 3288 1560 3327 a
1594 3288 1735 3344 prae-

141 3350 267 3401 miis
313 3357 538 3414 tantum,
561 3352 656 3406 sed
697 3354 860 3409 etiam
888 3370 916 3408 a
946 3357 1121 3426 pennis
1152 3358 1297 3413 illum
1329 3362 1634 3428 conﬁrmat,
1658 3365 1737 3422 sic

140 3441 410 3506 loquens:
443 3441 479 3495 6
529 3442 632 3509 Qui
677 3454 846 3498 autem
892 3448 1311 3503 scandalisrtverit
1362 3467 1521 3506 unum
1563 3471 1627 3509 ea:
1654 3455 1734 3510 Itis

139 3529 348 3591 pusillis
375 3531 463 3600 qui
499 3533 554 3586 in
578 3550 656 3586 me
691 3535 904 3589 credunt
929 3537 973 3601 ¹,
994 3539 1199 3608 expedit
1222 3541 1288 3607 ei,
1320 3551 1376 3615 ut
1397 3545 1736 3614 suspendatur

137 3622 277 3673 uiola
298 3622 525 3675 asinaria
546 3623 598 3677 in
619 3624 752 3679 collo
779 3626 910 3695 ejus,
939 3638 986 3683 et
1001 3629 1322 3701 demergatur
1347 3633 1400 3687 in
1422 3636 1737 3706 profundum

136 3714 319 3768 amris.
365 3714 497 3769 Nam
526 3717 791 3787 sicut‘qni
816 3719 914 3775 hos
940 3724 1192 3790 parvulos
1218 3736 1437 3796 propter
1459 3744 1544 3783 me
1561 3727 1732 3785 hono-

137 3815 280 3872 tant,
298 3806 488 3862 cadum
505 3809 874 3879 possidebunt,
894 3812 1003 3868 imo
1019 3815 1193 3885 majus
1217 3832 1384 3888 regno
1411 3821 1687 3887 pnemium
1713 3839 1726 3876 :

135 3896 200 3946 ita
233 3895 333 3965 qui
364 3895 688 3955 inbouorant
714 3899 790 3973 (id
814 3904 956 3958 enim
997 3915 1081 3960 est
1107 3908 1516 3982 scandalizarc),
1546 3923 1728 3971 extre-

133 4000 250 4040 tuas
273 3985 479 4042 dabunt
503 4004 710 4058 pmnas.
743 3992 800 4048 Si
852 4009 979 4051 vero
1003 3997 1312 4054 scandalum
1351 4006 1729 4063 contumeliam

133 4085 313 4141 vocet,
342 4093 408 4134 ne
433 4080 675 4150 mireris;
701 4097 821 4139 cum
843 4086 994 4140 multi
1011 4089 1081 4143 ob
1099 4091 1590 4158 pusillanimitatem
1621 4113 1728 4155 non

132 4182 325 4236 parum
352 4171 696 4228 scandalizati
719 4174 918 4232 fuerint
961 4194 1027 4234 eo
1057 4182 1198 4250 quod
1225 4184 1651 4256 despicerentur,
1673 4199 1732 4248 et

129 4259 458 4316 ronuimelia
476 4262 836 4321 afficerentur.
865 4268 1079 4324 Crimen
1105 4287 1235 4343 ergo
1258 4289 1606 4347 exaggerans,
1627 4281 1726 4338 de-

129 4351 452 4407 trirnentum
475 4354 599 4409 inde
639 4367 814 4412 ortum
862 4363 1102 4430 exponit.
1160 4364 1347 4436 Neque
1377 4370 1514 4424 ultra
1540 4388 1604 4427 ex
1628 4373 1725 4429 iis-

129 4440 250 4494 dem
300 4443 626 4513 supplicium
655 4449 910 4516 ostendit,
943 4453 1037 4507 sed
1066 4470 1224 4524 quam
1276 4458 1613 4519 intolerabile
1655 4465 1726 4521 sit

125 4547 188 4585 rx
212 4534 382 4589 rebus
398 4535 554 4590 nobis
575 4539 864 4595 notissimis
886 4543 1143 4600 declarat.
1171 4548 1302 4603 Nam
1329 4566 1450 4607 cum
1480 4556 1724 4613 rndiores

125 4624 238 4678 vult
269 4626 657 4697 perstringere,
680 4629 781 4684 sub
792 4648 1006 4687 sensum
1025 4637 1267 4694 cadentia
1282 4646 1530 4713 exempla
1544 4647 1716 4702 affert.

123 4715 466 4784 Quapropter
507 4732 631 4774 cum
681 4720 766 4775 hic
816 4726 1103 4783 ostendere
1155 4731 1316 4798 velit,
1346 4732 1492 4803 ipsos
1522 4737 1720 4808 ingenti

121 4805 391 4873 supplicio
413 4806 666 4864 aﬂectum
709 4812 792 4880 iri,
830 4824 885 4871 et
913 4832 1099 4874 eormn
1130 4823 1220 4892 qui
1245 4823 1389 4893 ipsos
1418 4805 1720 4899 despiciunt

122 4899 484 4968 arrogantiam
501 4905 1054 4971 exagitare,sensibile
1075 4915 1392 4982 supplicium
1409 4920 1459 4973 in
1481 4921 1716 4980 medium

121 4986 296 5052 aﬂ’ert,
331 4990 490 5044 mola:
515 5006 581 5045 ac
608 4993 992 5065 demersionis;
1023 5006 1265 5071 quamvis
1291 5011 1586 5068 secundum
1626 5029 1716 5071 se-

124 5079 251 5133 ricm
275 5077 486 5136 dixisse
516 5097 610 5152 par
637 5083 796 5142 fuerit
822 5103 836 5142 :
870 5090 969 5159 Qui
993 5109 1097 5148 non
1119 5099 1344 5167 suscipit
1362 5117 1524 5158 unum
1541 5121 1604 5161 ex
1634 5108 1718 5165 Itis

122 5168 378 5232 parvulis,
410 5185 500 5226 me
528 5188 634 5227 non
663 5177 916 5247 suscipit;
935 5183 1075 5252 quod
1105 5187 1250 5242 omni
1278 5193 1542 5261 supplicio
1560 5212 1716 5254 acere

121 5258 231 5312 hius
255 5269 382 5314 erat
411 5275 426 5313 :
446 5264 544 5318 sed
564 5266 956 5336 quia-rndiores
980 5283 1037 5329 ct
1062 5258 1354 5336 crassiores
1377 5258 1475 5339 hac
1493 5289 1712 5345 terribili

119 5359 268 5409 ptem
293 5363 407 5404 non
428 5351 818 5422 alliciebantur,
843 5363 1037 5418 molam
1064 5369 1211 5434 ponit
1230 5379 1284 5425 et
1297 5372 1712 5436 demersiouetn.

118 5435 298 5509 Νιηιιο
351 5442 511 5511 dixit,
543 5446 682 5503 Mela
725 5456 1083 5521 suSpendctnr
1125 5477 1154 5516 a
1207 5465 1346 5519 collo
1393 5470 1544 5538 ejus;
1592 5475 1710 5546 sed,

389 5599 894 5683 fremuit,
917 5611 1096 5665 desunt
1132 5618 1184 5683 in
1197 5623 1489 5683 quihusdam
1517 5635 1620 5678 Mss.
1663 5645 1713 5683 et

120 5655 1712 5750 3a_a_..__..pa..aapjfgagatenitg'iaii‘é'Ililfa"3

121 5720 325 5781 fit‘ﬂt'gio
343 5729 365 5770 'l
379 5720 667 5785 rapi-suntin
690 5728 816 5781 lecta
841 5720 1056 5786 tur-runt.

171 5804 248 5863 (α)
284 5800 538 5859 quichtei
561 5809 798 5865 dicebant
822 5819 991 5870 malum
1019 5838 1130 5874 esse
1156 5837 1388 5882 naturam.

3377 409 3513 465 ωα-

1875 509 2103 570 Expedit
2125 511 2193 581 ei,
2225 522 2283 568 ut
2336 514 2436 571 hac
2465 529 2618 586 pana
2643 517 2957 586 tttnIcIclur,
2984 521 3492 592 ostctnlensipsnos

1871 604 2076 670 majore
2093 604 2253 659 etiam
2280 605 2546 676 supplicio
2570 607 2915 664 afficiendum
2961 627 2974 662 :
3006 613 3149 682 quod
3187 614 3232 668 si
3263 614 3369 668 hoc
3400 631 3480 670 m-

1875 694 2210 776 tolerandum
2261 697 2493 764 videtur,
2536 699 2706 754 multo
2736 701 2908 771 magis
2937 701 3093 759 illud.
3122 705 3312 761 V'.den'
3336 722 3505 776 quom

1869 786 2032 842 modo
2057 770 2526 853 comminationem
2561 793 2812 863 utrinque
2833 770 3170 850 tremendam
3197 797 3476 865 exhibeat,

1869 882 1982 932 tum
2010 879 2222 935 notiore
2265 882 2515 950 exemplo
2557 883 2846 939 clariorem
2884 885 3151 954 reddens,
3173 896 3288 944 tum
3314 890 3475 962 longe

1867 969 2041 1041 majus
2065 971 2160 1026 illo
2182 973 2505 1042 supplicium
2529 975 2767 1045 cogitare
2806 976 3081 1035 suadens?
3120 979 3307 1036 Viden’
3331 999 3444 1054 quo

1769 1066 1774 1070 ‘
1867 1059 2028 1115 modo
2051 1063 2370 1132 arrogantiae
2396 1071 2661 1121 tumorem
2687 1065 2941 1124 radicitus
2956 1069 3184 1126 evulsit?
3201 1077 3473 1143 quomodo

1866 1165 2017 1206 vame
2045 1153 2230 1221 gloria:
2255 1154 2410 1211 ulcus
2437 1156 2682 1213 curavit?
2708 1159 3193 1228 quomodo'docuit
3219 1169 3466 1236 nuspiam

1865 1243 2066 1312 primas
2106 1246 2400 1316 expetere?
2422 1248 2696 1318 quomodo
2719 1250 2963 1307 docuerit
3000 1268 3096 1310 eos
3149 1257 3240 1326 qui
3272 1247 3470 1325 primas

1863 1344 2198 1406 expeterent,
2230 1347 2287 1393 ut
2304 1347 2635 1408 postremum
2661 1341 2856 1414 ubique
2871 1344 3117 1402 ordinem
3137 1362 3469 1419 persequan-

1865 1427 1984 1482 tur?
2021 1427 2160 1483 Nihil
2189 1429 2335 1486 enim
2376 1434 2680 1502 arrogantia
2713 1433 2883 1504 pejus.
2935 1435 3063 1492 Ilznc
3115 1438 3187 1493 ab
3235 1438 3497 1496 humana.

1864 1529 2042 1575 mente
2066 1520 2249 1592 dejicit
2272 1565 2287 1588 ,
2318 1531 2373 1578 et
2399 1523 2765 1594 insipientium
2794 1525 2986 1581 famam
3017 1529 3268 1606 conciliat.
3294 1546 3311 1596 ;
3362 1531 3471 1586 imo

1859 1612 2146 1667 admodum
2188 1615 2504 1685 insipientes
2526 1616 2724 1672 reddit.
2769 1617 2905 1672 Nam
2937 1619 3394 1690 quemadmodum
3424 1625 3497 1679 si.»

1861 1704 2020 1773 quis,
2068 1705 2429 1762 tricubitalem
2483 1717 2747 1764 staturam
2799 1710 3003 1768 habens
3055 1713 3157 1786 (α),
3205 1709 3493 1773 montium.

1859 1796 2192 1852 altitudinem
2223 1813 2482 1868 superare
2507 1800 2772 1868 studeret,
2803 1802 2962 1873 idque
2992 1804 3062 1860 ita
3090 1821 3212 1863 esse
3234 1819 3465 1878 putaret,

1857 1901 2083 1959 seseque
2128 1891 2360 1967 erigeret
2385 1894 2539 1964 quasi
2584 1910 2773 1951 eorum
2820 1899 3102 1954 cacumina
3147 1903 3464 1970 excederet,

1857 1994 1965 2036 non
2013 1981 2157 2038 aliud
2203 1999 2571 2054 qumrcremus
2598 1988 2841 2045 stultitim
2866 1989 2986 2061 ejus
3031 2006 3411 2064 argumentum
3443 2015 3455 2050 :

1856 2073 1936 2128 sic
1960 2087 2080 2127 cum
2108 2084 2453 2145 arrogantem
2480 2076 2755 2134 hominem
2779 2079 2998 2147 videris,
3025 2083 3202 2154 quise
3220 2086 3463 2142 omnium

1856 2164 2356 2232 pnestantissimum
2402 2177 2574 2236 putet,
2616 2179 2670 2224 et
2708 2172 3052 2228 contumelia:
3088 2174 3212 2230 loco
3246 2177 3464 2244 habeat,

1853 2252 1998 2323 quod
2022 2269 2142 2309 cum
2163 2256 2375 2311 caeteris
2396 2258 2556 2326 vivat,
2593 2275 2662 2315 ne
2687 2275 2900 2330 quaeras
2919 2263 3210 2335 aliudejns
3238 2267 3476 2324 insanire

1855 2352 2254 2413 argumentum.
2303 2345 2436 2402 Nam
2465 2363 2533 2404 eo
2556 2355 2728 2420 magis
2756 2350 3120 2416 ridiculus-est
3147 2357 3212 2412 iis
3240 2358 3331 2428 qni
3361 2375 3463 2414 uae

1855 2444 1969 2489 tnra
1994 2450 2095 2492 sua
2121 2437 2271 2493 stulti
2293 2448 2441 2506 sunt,
2471 2455 2581 2511 quo
2608 2440 2751 2498 hunc
2780 2443 2898 2514 ipse
2925 2445 3028 2500 sibi
3055 2458 3248 2516 sponte
3274 2455 3462 2505 conci-

1852 2524 2003 2581 liavit
2053 2528 2322 2585 morbum.
2354 2529 2539 2602 Neque
2592 2533 2717 2590 ideo
2766 2542 2976 2592 tantum
3025 2538 3195 2594 miser
3233 2551 3336 2607 cst,
3366 2544 3474 2598 sed.

1850 2619 2016 2673 etiam
2057 2621 2199 2691 quod
2239 2621 2358 2679 sine
2397 2623 2510 2680 ullo
2536 2638 2698 2681 sensu
2735 2627 2788 2682 in
2834 2629 3087 2698 nequitia:
3136 2632 3462 2701 profundum

1848 2710 2081 2766 decidat.
2113 2712 2465 2782 Quandonam
2493 2716 2585 2773 ille
2622 2727 2840 2788 peccata
2893 2736 2989 2776 sua
3021 2731 3082 2777 ut
3119 2734 3336 2794 Oportet
3363 2742 3459 2783 co-

1845 2803 2110 2871 gnoscet?
2133 2803 2349 2875 quando
2375 2807 2574 2865 sentiet
2599 2824 2660 2864 se
2679 2809 3009 2882 deliquisse?
3037 2813 3249 2868 Etenim
3269 2815 3458 2873 diabo—

1848 2892 1932 2947 Ius
1960 2894 2109 2950 illum
2154 2910 2256 2952 ceu
2285 2912 2502 2956 servum
2531 2901 2876 2971 etcaptivum
2906 2903 3183 2960 abdueens
3225 2906 3358 2982 abit,
3393 2902 3458 2964 ita

1846 2983 2064 3056 Iumque
2110 2988 2426 3047 circumfert
2448 3032 2465 3057 ,
2491 2993 2780 3063 verberat,
2808 3005 2864 3052 et
2908 2998 3061 3053 mille
3111 3003 3472 3060 contumeliis-

1844 3078 2028 3132 aflicit.
2072 3078 2128 3133 In
2161 3089 2362 3136 tantam
2384 3084 2585 3155 quippe
2613 3085 2736 3141 illos
2753 3089 2862 3157 agit
2893 3090 3208 3158 stultitiam,
3241 3103 3300 3148 ut
3322 3109 3453 3150 sua-

1842 3168 1967 3223 deat
1992 3170 2121 3239 ipsis
2147 3173 2229 3226 vel
2251 3172 2511 3231 adversus
2538 3175 2739 3234 liberos
2763 3188 2819 3234 et
2851 3193 3101 3249 uxorem,
3122 3185 3234 3240 imo
3259 3198 3452 3244 contra

1842 3260 2080 3327 majores
2109 3277 2238 3317 suos
2265 3277 2389 3320 sese
2415 3264 2629 3322 etferre.
2660 3266 2863 3341 Contra
2893 3285 3022 3327 vero
3051 3273 3188 3330 alios
3212 3291 3241 3330 a
3285 3279 3454 3347 majo-

1842 3365 1960 3404 rum
2012 3351 2309 3420 splendore
2352 3353 2587 3411 tumidos
2630 3357 2850 3414 reddit:
2901 3376 3010 3430 quo
3061 3363 3190 3434 quid
3234 3367 3468 3424 stultius.

1844 3455 2099 3510 umquam
2133 3441 2313 3508 fuerit,
2337 3459 2458 3499 cum
2488 3459 2537 3503 α
2562 3446 2729 3503 rebus
2771 3453 3059 3508 contrariis
3086 3453 3337 3512 similiter
3365 3459 3449 3514 in-

1841 3537 2173 3595 tumescant,
2199 3533 2325 3598 alii,
2354 3534 2497 3604 quod
2520 3536 2657 3592 viles
2686 3548 2887 3608 patres,
2912 3555 3066 3608 avos,
3099 3558 3326 3614 proavos
3357 3549 3450 3604 ha-

1839 3618 2016 3685 beant,
2047 3622 2158 3688 alii,
2181 3623 2321 3693 quod
2363 3627 2685 3697 conspicuos
2727 3638 2786 3685 et
2827 3631 3110 3690 illustres?
3166 3636 3452 3704 Quomodo

1838 3714 1960 3781 quis
1990 3715 2160 3782 possit
2202 3716 2485 3773 amborum
2514 3727 2781 3777 tumorem
2821 3722 3171 3794 deprimere?
3196 3730 3304 3784 Illis
3329 3734 3448 3801 qni-

1837 3804 1960 3858 dem
1987 3803 2136 3861 dicas
2166 3822 2182 3858 :
2213 3807 2458 3864 Ascemle
2481 3809 2619 3865 ultra
2649 3825 3122 3884 avosetproavos,
3138 3829 3193 3875 et
3214 3820 3446 3880 fortasse

1837 3898 2037 3954 multos
2065 3897 2305 3956 invenies
2330 3917 2553 3973 coquos,
2577 3907 2839 3965 asinarios
2870 3912 2884 3942 ί
2912 3952 2925 3974 ,
2953 3920 3008 3967 et
3031 3928 3305 3984 caupones
3329 3934 3344 3984 ;
3375 3918 3465 3974 ad.

1836 4005 1932 4046 eos
1955 4001 2164 4060 contra,
2195 3997 2286 4066 qui
2313 3996 2383 4066 de
2428 4000 2694 4070 majorum
2722 4017 2944 4061 suorum
2977 4006 3181 4066 vilitate
3209 4011 3445 4069 intume-

1835 4083 2092 4151 scunt,Si
2121 4100 2282 4156 supra
2322 4103 2452 4144 avos
2483 4099 2603 4146 tuos
2653 4095 3038 4165 progrediaris,
3062 4100 3442 4160 multosinrc—

1837 4173 1953 4229 nies
1977 4185 2028 4229 te
2053 4175 2213 4247 longe
2232 4179 2517 4236 clariores.

1905 4267 1959 4320 4.
1984 4265 2108 4321 Νοη
2143 4269 2466 4340 gloriandum
2495 4290 2560 4328 ex
2598 4277 2796 4346 generis
2829 4279 3110 4336 nobilitate.
3143 4281 3349 4340 Diuitiw
3377 4289 3441 4342 li-

1833 4357 2074 4412 bertatem
2115 4359 2326 4415 tollunt.
2348 4392 2417 4403 —
2439 4365 2591 4432 Quod
2623 4367 2769 4423 enim
2796 4370 2919 4426 talis
2955 4373 3026 4427 sit
3054 4373 3306 4433 humana:
3345 4395 3440 4452 na-

1833 4457 1968 4505 tunc
1992 4467 2205 4520 cursus,
2237 4469 2304 4510 ex
2331 4454 2628 4526 Scripturis
2659 4462 2810 4517 vobis
2841 4465 3146 4520 ostendam.
3181 4468 3437 4526 Salomon

1833 4539 1971 4595 filius
2000 4543 2142 4613 regis
2166 4555 2305 4612 erat,
2337 4549 2584 4618 regisque
2621 4551 2941 4622 clarissimi,
2973 4557 3067 4611 scd
3097 4557 3256 4628 hujus
3289 4572 3440 4631 pater

1831 4632 1970 4687 inter
2008 4636 2147 4704 vulgi
2190 4635 2439 4693 homines
2468 4649 2523 4694 et
2551 4640 2814 4711 ignobiles
2859 4649 3249 4704 numerabatur
3271 4694 3285 4716 ,
3318 4669 3432 4707 tua-

1831 4730 2013 4779 ternus
2037 4742 2250 4796 quoque
2282 4743 2414 4783 avus
2438 4731 2719 4799 similiter;
2753 4736 2990 4807 alioquin
3011 4740 3155 4796 enim
3181 4757 3288 4796 non
3310 4752 3440 4799 cuin

1828 4819 2072 4886 gregario
2122 4819 2294 4874 milite
2340 4819 2501 4875 tiliam
2534 4823 2785 4881 locasset.
2829 4828 2884 4881 Si
2921 4829 3082 4886 altius
3121 4843 3302 4889 autem
3344 4853 3430 4890 ne-

1829 4918 2000 4977 petas,
2034 4910 2212 4966 abhis
2253 4913 2530 4971 vilioribus
2558 4917 2624 4971 ad
2671 4918 2990 4977 illustriores
3033 4925 3435 4998 nobilioresqne

1826 5015 1855 5053 a
1889 5002 2106 5055 cendes.
2138 5003 2372 5075 Idip-utm
2402 5008 2453 5061 in
2483 5007 2650 5064 Saﬁlc
2672 5021 2725 5064 et
2756 5011 2807 5064 in
2836 5013 3081 5082 plurimis
3105 5017 3232 5072 aliis
3246 5019 3434 5074 obser-

1827 5109 1954 5150 vare
1979 5095 2118 5150 licet.
2146 5097 2224 5152 Nc
2249 5099 2412 5169 igitur
2447 5100 2569 5155 hinc
2597 5103 2762 5157 altum
2791 5107 3085 5174 sapiamus.
3117 5110 3255 5176 Quid
3287 5115 3440 5168 cnim-

1825 5202 2031 5254 qua-so,
2058 5203 2226 5258 genus
2254 5194 2378 5247 est?
2409 5194 2550 5249 Nihil
2590 5196 2690 5250 nisi
2739 5215 2956 5264 nomen,
2991 5218 3048 5257 re
3076 5220 3306 5260 vacuum
3333 5226 3346 5260 :
3380 5223 3441 5262 es
3491 5250 3496 5254 .

1827 5279 1927 5334 hoc
1960 5281 2010 5334 in
2035 5293 2278 5341 extremo
2302 5285 2396 5340 illo
2426 5287 2511 5342 die
2535 5290 2734 5344 scietis.
2765 5293 3029 5359 Quoniam
3055 5313 3182 5351 vero
3203 5299 3322 5355 dies
3345 5301 3436 5356 ille

1825 5373 2065 5427 nomium
2093 5375 2279 5444 adest,
2307 5394 2404 5448 age
2437 5396 2501 5433 cx
2533 5384 2892 5449 praesentibus
2925 5387 3075 5442 vobis
3110 5392 3437 5449 suadeamus

1826 5466 2029 5520 nullam
2060 5467 2183 5523 inde
2206 5472 2615 5540 prmrogativam
2645 5476 2845 5530 assumi
2878 5493 3055 5546 posse.
3085 5480 3218 5536 Nam
3246 5485 3289 5538 si
3316 5485 3430 5540 bel-

1821 5557 1933 5613 Ium
1966 5559 2197 5629 ingruat,
2232 5564 2275 5615 si
2301 5563 2467 5619 fames
2488 5605 2502 5630 ,
2537 5565 2580 5620 si
2611 5567 2822 5636 quidvis
2847 5571 2990 5625 aliud
3013 5617 3027 5638 ,
3061 5574 3110 5627 hi
3142 5575 3434 5634 nobilitatis

1943 5725 2087 5771 Unus.
2113 5736 2327 5783 crmucs,
2358 5739 2464 5786 pro.
2489 5727 2744 5779 uulturios.

1883 5781 1957 5837 (It)
1996 5792 2262 5832 \It-nsut‘am
2301 5781 2630 5840 tt’i'culvilalmn
2675 5792 2794 5842 solet
2835 5794 3206 5859 (Ihrysoslnntus
3251 5800 3430 5855 IlllltIIIU

1825 5857 2091 5904 asangnarc.
