4174 6332
779 386 875 444 δη

776 513 1009 557 tntum-es
1053 504 1370 551 eiauescuut
1402 514 1422 547 ε·
1447 497 1488 548 si
1522 497 1736 548 morbus
1771 496 2017 559 invadat,
2045 494 2087 548 si
2134 495 2295 562 pestis
2317 535 2331 557 ,

779 609 880 643 non
907 589 1176 655 distinguit
1203 587 1419 640 divitem
1450 601 1478 637 a
1508 601 1764 653 paupere.
1797 602 1899 638 non
1943 585 2230 654 gloriosum
2273 586 2340 638 ab

781 683 1015 752 inglorio,
1045 696 1150 733 non
1180 678 1410 734 nobilem
1443 679 1509 731 ab
1537 680 1748 743 ignobili
1777 698 1790 732 :
1821 680 1896 732 sie
1924 689 1975 732 et
2008 679 2057 730 in
2093 690 2262 731 morte
2287 688 2338 730 et

779 774 825 824 in
854 772 969 823 aliis
996 785 1172 823 rerum
1206 767 1581 823 mutationibus
1600 810 1613 831 ,
1644 766 1736 822 sed
1771 767 1925 822 simul
1951 768 2126 820 omnia
2154 783 2337 821 omnes

773 861 1064 914 invadunt:
1097 870 1148 914 et
1173 862 1217 914 si
1243 859 1370 928 quid
1403 861 1592 914 mirum
1625 860 1802 914 dicere
1841 861 2025 924 liceat,
2056 858 2168 914 haec
2197 859 2304 913 divt

773 951 908 1003 libus
937 951 1101 1017 magis
1140 949 1383 1003 accidunt
1415 968 1428 1004 :
1456 960 1654 1018 quanto
1692 951 1832 1004 enim
1879 958 1993 1004 haec
2032 950 2207 1004 minus
2246 962 2307 1002 en

772 1054 907 1096 tant.
940 1051 1085 1096 tanto
1109 1041 1314 1096 facilius
1336 1050 1573 1111 pereunt.
1598 1040 1766 1096 Metus
1787 1051 1962 1096 autem
1984 1041 2119 1110 apud
2144 1041 2331 1094 divites

770 1131 938 1197 major
961 1141 1057 1186 est.
1093 1133 1222 1186 Nam
1261 1131 1311 1185 hi
1353 1133 1582 1186 maxime
1614 1133 1878 1202 principes
1906 1132 2203 1197 formidant,
2235 1147 2332 1186 nec

768 1225 946 1274 minus
981 1222 1058 1276 his
1087 1223 1413 1292 principibus
1457 1223 1734 1291 subdues,
1766 1226 1874 1279 imo
1921 1227 2087 1280 multo
2134 1226 2328 1294 magis;

769 1315 1021 1381 plurimas
1057 1315 1195 1368 enim
1242 1314 1539 1383 hujusmodi
1584 1316 1770 1370 domos
1796 1326 1846 1371 et
1887 1316 2064 1387 populi
2109 1317 2254 1371 furor
2277 1327 2332 1371 et

769 1404 1059 1473 principum
1109 1406 1265 1459 minze
1318 1405 1708 1460 subvertertmt.
1756 1405 1962 1474 Pauper
2017 1421 2144 1462 vero
2195 1408 2331 1461 inter

767 1504 1019 1572 nlrosgtte
1046 1494 1234 1551 ﬂuctus
1280 1505 1423 1550 tutus
1467 1499 1592 1568 agit.
1619 1497 1970 1564 Quamobrem
2021 1498 2123 1552 hoc
2166 1498 2329 1551 misso

767 1584 1054 1642 nobilitatis
1097 1601 1319 1656 genere.
1353 1589 1395 1642 si
1441 1589 1519 1642 vis
1563 1585 1688 1642 mihi
1723 1588 1967 1657 probare,
2011 1598 2061 1642 te
2101 1588 2326 1644 liberum

765 1694 901 1739 esse,
932 1679 1152 1733 ostende
1178 1680 1368 1734 anima:
1398 1679 1714 1745 libertatem,
1741 1680 1954 1749 qualem
1985 1679 2163 1736 habuit
2197 1679 2325 1733 bea-

769 1780 850 1822 tus
881 1769 986 1830 ille.
1020 1785 1216 1838 panper
1239 1786 1356 1824 cum
1387 1780 1549 1835 esset,
1579 1772 1667 1841 qui
1697 1771 1906 1825 dicebat
1937 1769 2131 1824 Herodi
2157 1789 2170 1822 :
2208 1769 2325 1823 Non

762 1862 870 1914 licet
889 1862 974 1914 tibi
991 1861 1166 1915 habere
1183 1879 1384 1917 uxorem
1405 1861 1630 1932 Philippi
1647 1863 1819 1932 fratris
1832 1863 1902 1916 tui
1924 1862 2110 1932 (Marc.
2128 1862 2180 1918 6.
2203 1864 2288 1931 I8)
2306 1879 2320 1929 ;

760 1952 965 2015 qualem
997 1952 1177 2005 habuit
1205 1954 1290 2022 qui
1316 1962 1438 2008 ante
1469 1954 1615 2008 illum
1645 1954 1761 2007 talis
1787 1964 1922 2014 erat,
1951 1963 2003 2007 et
2034 1963 2150 2022 post
2175 1954 2320 2007 illum

761 2042 874 2094 t-dis
906 2041 1110 2095 futurus
1147 2052 1248 2105 est,
1280 2044 1367 2112 qui
1404 2043 1614 2099 dicebat
1650 2044 1901 2098 Achabo:
1937 2044 2053 2097 Non
2092 2060 2180 2111 ego
2209 2060 2320 2109 pcr-

756 2141 888 2182 vrrto
916 2130 1173 2194 Israclem,
1201 2133 1288 2185 sed
1317 2142 1370 2185 tu
1406 2142 1450 2185 et
1477 2132 1652 2186 domus
1680 2134 1835 2202 patris
1859 2133 1933 2189 tui
1963 2133 2038 2203 (3.
2071 2134 2196 2200 Reg.
2236 2133 2316 2187 l8.

759 2225 841 2284 18)
865 2240 876 2286 ;
910 2225 1116 2291 qualem
1141 2224 1369 2278 habuere
1398 2225 1691 2293 prophetae,
1719 2225 1928 2294 qualem
1954 2225 2176 2294 apostoli
2204 2240 2316 2278 om-

754 2331 864 2365 ses.
898 2313 1000 2367 Sed
1032 2330 1134 2367 non
1179 2315 1310 2367 tales
1337 2323 1457 2368 sunt
1491 2314 1710 2368 divitum
1751 2315 1976 2377 animm;
2020 2316 2124 2368 imo
2151 2315 2316 2368 instar

751 2420 929 2455 eorum
957 2414 1080 2459 sunt
1114 2406 1202 2474 qui
1235 2405 1464 2458 millenis
1489 2404 1761 2472 subjacent
1796 2405 2092 2473 pa‘tlagogis
2112 2414 2163 2457 et
2193 2419 2312 2458 ear-

752 2493 1010 2550 nilicibus.
1042 2494 1118 2547 sic
1149 2509 1318 2562 neque
1346 2494 1527 2548 oculos
1557 2494 1812 2548 extollere
1840 2495 2054 2557 audent,
2090 2510 2187 2547 nec
2218 2509 2313 2563 pro

748 2584 940 2636 virtute
963 2583 1125 2636 libere
1151 2599 1325 2652 agere.
1354 2584 1483 2638 Nam
1511 2584 1847 2652 pecuniarum
1875 2584 2153 2652 cupiditas,
2185 2602 2313 2639 uec-

749 2688 850 2727 non
878 2675 1060 2741 glorize
1085 2675 1411 2745 aliarumque
1451 2691 1650 2741 rerum,
1697 2685 1952 2730 terrorem
2000 2678 2128 2747 ipsis
2170 2677 2305 2731 infe-

746 2772 886 2824 runt,
910 2779 970 2816 ac
999 2779 1180 2819 servos
1204 2765 1612 2834 adulatoresqtte
1633 2766 1877 2820 reddunt.
1910 2767 2048 2822 Nihil
2071 2769 2209 2822 enim
2238 2769 2307 2821 ita

745 2852 1040 2908 libertatem
1066 2853 1220 2918 tollit,
1249 2864 1304 2908 ut
1327 2857 1672 2910 smenlaribns
1700 2858 1956 2925 implicari
1989 2859 2227 2927 negotiis.
2251 2867 2307 2912 et

743 2942 806 2996 lis
843 2959 961 3011 qure
1009 2944 1257 3011 pra-clara
1302 2960 1421 2999 esse
1450 2946 1695 3000 videntur
1737 2948 2074 3002 circumdari.
2122 2949 2304 3019 Neque

735 3037 876 3090 enim
906 3039 991 3089 ιιιιί
1023 3036 1239 3091 domino
1259 3037 1310 3091 hi
1339 3037 1531 3093 subditi
1559 3048 1702 3104 sunt,
1730 3040 1809 3092 vel
1839 3040 2063 3106 duobus,
2095 3042 2178 3095 vel
2208 3041 2302 3095 tri-

738 3129 855 3192 bus,
888 3128 978 3181 sed
1013 3129 1261 3182 millenis.
1292 3129 1435 3195 Quos
1461 3131 1503 3184 si
1539 3130 1740 3199 placeat
1766 3148 2099 3199 enumerare,
2131 3133 2268 3189 addu

735 3233 915 3271 eamus
944 3221 991 3271 in
1025 3219 1252 3273 medium
1274 3221 1572 3290 quempiam
1599 3237 1783 3276 eorum
1807 3224 1891 3291 qtti
1922 3223 1973 3276 in
2005 3225 2143 3294 regia
2169 3242 2302 3292 ιιι-ειπ-

736 3309 862 3363 elari
913 3311 1251 3380 insignesque
1304 3321 1457 3377 sunt;
1511 3313 1615 3366 sint
1666 3315 1738 3368 illi
1795 3317 2029 3382 pecunia:
2084 3318 2298 3378 nmltat,

738 3400 969 3466 potentia
1000 3414 1210 3468 magna,
1243 3403 1424 3470 patria:
1450 3402 1728 3470 splendor,
1756 3405 1836 3457 avi
1871 3405 2137 3468 illustres,
2169 3421 2292 3460 ocu-

732 3491 915 3559 losque
935 3491 1170 3544 omnium
1193 3491 1256 3544 ad
1287 3506 1346 3546 se
1364 3492 1647 3561 pertrahat.
1677 3493 1955 3548 Videamus
1976 3511 2102 3564 ergo
2121 3511 2297 3550 annon

732 3582 818 3635 ille
849 3581 1082 3636 omnium
1114 3593 1384 3636 servorum
1415 3583 1802 3652 abjertissimus
1823 3587 1888 3637 sit
1923 3603 1935 3638 :
1964 3601 2296 3655 opponamns

729 3673 829 3739 ipsi
860 3687 962 3726 non
987 3674 1146 3729 modo
1165 3689 1397 3739 servum,
1425 3675 1516 3729 sed
1542 3677 1680 3731 servi
1703 3691 1948 3738 servum;
1978 3678 2125 3732 mttlti
2149 3696 2296 3732 nam-

730 3779 834 3832 que
878 3763 1284 3819 domesticorum
1334 3781 1516 3822 sort-os
1548 3767 1760 3822 habent.
1805 3769 1897 3822 llic
1923 3779 2070 3824 certe
2109 3785 2292 3824 servus

731 3854 891 3919 servi,
919 3870 1082 3908 unum
1113 3855 1271 3908 habet
1300 3856 1510 3911 herum.
1537 3858 1670 3923 Quid
1697 3874 1839 3913 enim
1878 3859 2068 3924 refert,
2099 3860 2144 3914 si
2187 3876 2291 3914 non

725 3943 864 3999 liber
891 3945 962 3998 sit
996 3944 1188 3999 herus?
1217 3944 1387 4000 Unum
1413 3954 1588 4002 tamen
1621 3947 1808 4014 habet,
1839 3958 1892 4005 et
1919 3950 2042 4020 quid
2080 3951 2152 4005 illi
2182 3952 2292 4020 pla-

723 4043 842 4092 eeat
877 4035 1125 4090 observat
1153 4045 1374 4092 tantum.
1407 4038 1554 4094 Licet
1590 4041 1733 4096 enim
1769 4041 2014 4097 dominus
2045 4042 2157 4099 heri
2208 4045 2290 4100 sui

731 4125 964 4181 videatur
985 4126 1086 4181 sibi
1127 4128 1410 4196 imperare,
1442 4129 1529 4183 ille
1564 4139 1739 4185 tamen
1768 4134 1855 4186 uni
1899 4141 2100 4187 tantum
2131 4135 2290 4191 obse-

723 4216 904 4284 quitur
934 4224 1023 4270 :et
1053 4216 1097 4268 si
1133 4232 1219 4270 res
1245 4217 1359 4285 ejus
1383 4217 1521 4272 bene
1548 4217 1794 4282 habeant,
1824 4224 2106 4292 tranquille
2129 4233 2290 4279 totam

724 4317 844 4376 aget
870 4307 1053 4360 vitam.
1084 4307 1154 4360 At
1179 4307 1328 4361 dives
1356 4309 1440 4363 hic
1465 4324 1569 4363 non
1597 4304 1757 4364 unum
1787 4322 1987 4367 tantum
2020 4315 2100 4368 vel
2133 4314 2285 4380 duos,

723 4396 816 4452 sed
853 4396 1113 4466 plurimos
1151 4408 1203 4452 et
1247 4400 1480 4454 acriores
1511 4400 1670 4456 habet
1696 4402 1939 4459 dominos
1980 4424 1991 4459 :
2030 4423 2090 4461 ac
2120 4410 2290 4477 primo

723 4487 892 4556 ipsum
921 4501 1100 4557 regem
1129 4489 1351 4545 sollicite
1375 4501 1546 4546 curat.
1574 4493 1800 4564 Non'par
1818 4506 1899 4551 est
1926 4509 2103 4552 autem
2131 4501 2286 4554 vilem

727 4577 920 4632 habere
944 4578 1235 4646 dominum,
1262 4591 1348 4636 aut
1373 4598 1550 4652 regem
1583 4585 1776 4655 ipsum,
1803 4590 1892 4657 qtti
1925 4591 2104 4646 multis
2146 4592 2290 4644 insu-

725 4668 1055 4722 surrantibus
1080 4685 1235 4724 aures
1254 4673 1472 4740 praebet,
1504 4684 1558 4729 et
1598 4692 1736 4732 nunc
1765 4677 1876 4741 his,
1912 4696 2050 4734 nunc
2077 4681 2180 4735 illis
2211 4684 2286 4734 l'a-

725 4766 833 4811 vet.
868 4757 965 4811 llie
994 4759 1198 4814 etiamsi
1229 4764 1421 4818 nullius
1441 4767 1562 4820 mali
1587 4768 1686 4822 sibi
1713 4772 1958 4824 conscius
1987 4773 2074 4839 sit,
2103 4788 2290 4829 omnes

721 4856 998 4917 suspectos
1041 4849 1219 4914 habet,
1252 4860 1358 4906 tam
1395 4856 1573 4910 socios
1617 4857 1668 4912 in
1715 4861 1898 4915 militia
1938 4873 1992 4916 et
2017 4866 2285 4933 :eqnales,

720 4951 876 5004 quam
916 4937 1176 5004 subditos,
1208 4944 1407 4997 amicos
1436 4956 1489 4999 et
1518 4948 1776 5005 inimicos.
1805 4955 1906 5020 At,
1948 4954 2174 5024 inquies,
2204 4957 2288 5012 hic

721 5043 934 5097 quoque
982 5029 1167 5084 herum
1214 5047 1366 5088 suum
1397 5037 1563 5090 timet.
1613 5039 1716 5096 Sed
1762 5058 1884 5096 ntuu
1928 5061 2022 5114 par
2058 5063 2144 5102 res
2182 5059 2282 5111 est,

718 5131 881 5172 unum
916 5128 1008 5172 aut
1049 5121 1242 5175 mullos
1271 5122 1468 5181 habere
1505 5143 1640 5196 quos
1657 5121 1902 5198 ,(imeas?
1933 5134 2042 5188 lmo
2078 5153 2204 5192 vero
2240 5140 2285 5193 si

718 5209 835 5277 quis
865 5225 977 5263 rem
1003 5222 1248 5267 accurate
1277 5219 1564 5284 examinet,
1599 5221 1702 5284 hic,
1730 5238 1833 5291 quo
1857 5225 1925 5280 de
1949 5227 2185 5297 agimus,
2219 5248 2288 5286 ne

720 5314 877 5352 unum
904 5300 1116 5369 quidem
1143 5303 1301 5358 habet
1326 5306 1620 5364 dominum.
1645 5312 1939 5383 Quomodo,
1963 5321 2044 5374 vel
2072 5337 2172 5391 qua
2200 5339 2257 5378 ra

718 5390 900 5444 tione?
941 5391 1088 5446 Hunc
1115 5410 1272 5450 nemo
1307 5399 1453 5468 cupit
1483 5415 1547 5455 ex
1574 5405 1826 5460 servitute
1854 5409 2068 5476 ejicere,
2092 5390 2162 5466 ac
2199 5430 2280 5470 se-

719 5489 888 5548 tpsum
926 5481 978 5535 in
1003 5482 1116 5551 ejus
1143 5486 1312 5542 locum
1336 5490 1796 5565 intrudere,qnare
1827 5502 2089 5557 neminem
2121 5506 2172 5560 in
2201 5507 2283 5564 his

719 5573 815 5624 sibi
845 5573 1182 5629 insidiantem
1213 5579 1406 5636 habet:
1443 5584 1545 5638 illis
1572 5602 1698 5640 vero
1719 5590 1859 5643 nulla
1887 5593 1986 5645 alia
2015 5611 2140 5651 cura
2167 5608 2248 5652 est
2267 5641 2280 5661 ,

718 5679 874 5727 quam
904 5674 959 5717 ut
984 5681 1104 5718 eum
1130 5669 1216 5735 qtti
1246 5673 1472 5730 maxime
1496 5681 1815 5748 conspicuus
1840 5683 1928 5749 sit,
1953 5694 2005 5740 et
2033 5690 2197 5758 magis
2219 5693 2284 5746 ab

721 5753 1014 5824 unperantc
1039 5756 1310 5830 diligatur,
1340 5765 1648 5835 deturbem;
1679 5786 1998 5843 quapropter
2037 5753 2282 5838 omnibus

1539 387 1594 438 3.
1636 385 1911 438 JOANNIS
1948 379 2414 437 ριιιιγδιιδτοιιι
2455 380 2772 436 ARCIIIEP.
2812 381 3348 438 CONSTANTINOP.

3917 385 4021 439 ετξ

2451 491 2653 546 adulari
2693 508 2911 549 necesse
2938 503 3038 558 est,
3071 495 3381 563 majoribus,
3413 496 3647 565 paribus,
3686 498 3888 552 amicis.
3919 496 4018 555 Ubi

2440 585 2578 637 enim
2599 583 2791 637 invidia
2813 597 2864 639 et
2887 586 3068 655 gloria:
3097 601 3250 640 amor
3269 597 3370 649 est,
3397 603 3500 641 non
3522 587 3729 642 sincera
3755 591 4018 658 reperitur

2441 673 2692 728 amicitia.
2721 673 2850 728 Nam
2882 675 3015 729 sicut
3043 675 3279 744 ejusdem
3317 676 3447 730 artis
3486 677 3702 748 opiﬁces
3727 694 4014 746 numquam

2442 779 2501 818 se
2532 775 2713 819 mutuo
2737 766 2944 821 sincere
2970 768 3213 836 diligunt,
3244 768 3321 821 sic
3344 784 3442 824 nec
3464 770 3495 822 ii
3525 771 3613 839 qui
3640 771 3750 839 pari
3778 781 3900 825 sunt
3923 771 4016 826 ho-

2441 869 2597 917 nore,
2630 870 2726 908 nec
2755 856 2788 909 ii
2819 857 2906 924 qui
2941 856 2991 909 in
3020 857 3366 912 sareularibus
3405 859 3563 916 rebus
3594 859 3779 913 eadem
3812 871 4015 918 amant.

2437 943 2795 1009 Quamobrem
2827 945 3021 1001 bellum
3059 949 3200 1002 intus
3242 948 3464 1003 multum
3497 961 3599 1004 est.
3646 951 3887 1006 Vidistin’
3916 955 3998 1006 do-

2438 1036 2700 1088 minorum
2721 1077 2735 1099 ,
2769 1052 3057 1104 eorumque
3098 1039 3531 1109 gravissimorum
3576 1042 3760 1111 ingens
3785 1045 4016 1111 agmen?

2441 1125 2528 1179 Vis
2548 1128 2688 1181 aliud
2710 1131 2919 1198 gravius
2938 1131 3256 1186 aderamus?
3277 1131 3545 1201 Quotquot
3562 1143 3681 1202 post
3703 1135 3846 1188 illum
3865 1152 4013 1200 sum,

2434 1230 2558 1273 ante
2587 1220 2736 1274 illum
2768 1237 2887 1276 esse
2917 1223 3158 1279 student:
3187 1225 3223 1277 ii
3264 1224 3353 1291 qui
3383 1237 3506 1278 ante
3541 1226 3718 1289 illum,
3751 1237 4014 1283 conantur

2436 1310 2688 1380 impedire
2703 1315 2981 1379 quominus
2994 1315 3228 1384 veljuxti
3244 1331 3302 1369 se
3319 1319 3395 1369 vel
3412 1318 3546 1371 ultra
3559 1319 3714 1373 etiam
3736 1320 4011 1388 procedat.

2503 1388 2556 1456 5.
2602 1401 2728 1466 Sed,
2755 1418 2790 1457 ο
2819 1420 2930 1458 rem
2980 1406 3210 1460 miram!
3253 1422 3351 1476 ego
3398 1409 3743 1477 promiseram
3790 1425 3876 1464 me
3917 1411 4012 1463 do-

2433 1493 2606 1546 minos
2634 1501 2970 1548 ostensurum
3002 1510 3152 1561 esse,
3178 1496 3271 1551 sed
3295 1497 3429 1550 ultra
3459 1498 3752 1566 procedens
3781 1508 4009 1553 centen-

2431 1582 2668 1654 densque
2707 1598 2884 1638 sermo
2930 1586 3048 1656 plus
3087 1601 3242 1655 quam
3281 1590 3623 1655 promiseram
3668 1590 3862 1652 ell'ecit,
3904 1589 4008 1644 ini-

2430 1673 2596 1727 micos
2621 1690 2719 1743 pro
2735 1675 2964 1730 dominis
2985 1676 3292 1737 ostendens,
3322 1678 3426 1730 into
3444 1678 3660 1732 eosdem
3680 1690 3732 1733 et
3761 1680 4012 1733 inimicos

2427 1772 2478 1816 et
2527 1763 2807 1819 dominos:
2865 1782 2985 1820 nam
3035 1777 3091 1820 ut
3137 1767 3336 1821 domini
3390 1769 3682 1832 coluntur;
3738 1769 4008 1824 terribiles

2427 1850 2600 1908 anlem
2645 1863 2769 1910 sunt
2799 1896 2814 1920 ,
2865 1865 2924 1910 ut
2975 1858 3169 1912 inimici
3200 1874 3223 1923 ς’
3268 1868 3322 1913 et
3373 1859 3591 1914 insidias
3644 1870 3851 1914 Strttltttl
3881 1903 3897 1925 ,
3955 1872 4012 1914 ut

2427 1944 2623 1999 hostes.
2683 1948 2812 2000 Cum
2867 1964 2994 2003 vero
3030 1951 3148 2019 quis
3197 1951 3316 2002 illos
3365 1952 3520 2005 habet
3560 1962 3614 2006 et
3652 1953 3899 2006 dominos
3953 1966 4010 2007 et

2426 2038 2696 2100 inimicos,
2726 2039 2850 2110 quid
2894 2039 2992 2095 hac
3035 2042 3337 2095 calamitate
3379 2043 3528 2111 pejus
3579 2042 3775 2096 l'nerit?
3803 2044 4009 2097 Servus

2422 2128 2519 2180 etsi
2549 2128 2670 2196 quid
2697 2131 2744 2183 ei
2777 2130 3133 2198 pra-cipiatur,
3162 2140 3394 2185 attamen
3429 2133 3798 2201 imperantitun
3826 2146 3876 2186 et
3913 2150 4012 2202 pa-

2423 2220 2645 2272 trocinio
2689 2230 2742 2274 et
2790 2222 3158 2276 benevolentia
3199 2223 3393 2292 gaudet
3442 2243 3454 2277 :
3508 2223 3556 2276 lti
3601 2237 3777 2278 autem
3818 2234 3874 2279 et
3913 2226 4008 2294 ju-

2421 2311 2607 2362 bentur
2635 2323 2686 2363 et
2715 2311 3114 2382 impugnantur,
3142 2325 3389 2382 stantque
3419 2314 3505 2367 alii
3537 2325 3721 2367 contra
3749 2315 3921 2380 alios;
3953 2326 4008 2370 et

2419 2413 2484 2456 eo
2530 2401 2702 2453 acrius
2729 2418 2885 2469 quam
2933 2403 2964 2455 ii
2998 2403 3085 2473 qtti
3129 2416 3316 2472 aperto
3363 2414 3532 2459 marte
3582 2415 3850 2472 pugnant:
3893 2423 4010 2475 quo

2418 2489 2464 2540 t-l
2487 2507 2553 2541 un
2581 2491 2916 2555 confodiunt,
2949 2476 3002 2546 et
3029 2493 3130 2546 sub
3158 2495 3449 2549 amicorum
3493 2496 3634 2549 larva
3654 2537 3668 2558 ,
3706 2497 3856 2563 quasi
3901 2499 4008 2548 lm-

2416 2587 2525 2631 stes
2553 2581 2946 2647 aggrediuntur,
2984 2597 3045 2636 ac
3074 2582 3140 2637 de
3165 2584 3388 2636 aliorum
3417 2599 3559 2652 Saepe
3599 2586 4010 2640 eaLnniL-utibtts

2414 2670 2515 2723 sibi
2559 2673 2907 2739 gratulantur.
2953 2672 3147 2727 Verum
3185 2685 3366 2728 nostra
3401 2691 3505 2729 non
3549 2678 3616 2730 ita
3660 2695 3717 2730 se
3746 2678 3947 2733 habent
3993 2699 4005 2731 :

2413 2780 2531 2816 nam
2560 2765 2602 2817 si
2635 2766 2750 2833 quis
2784 2766 2920 2820 male
2948 2778 3104 2836 agat,
3138 2769 3286 2823 multi
3316 2782 3436 2822 sunt
3476 2772 3564 2838 qui
3596 2771 3876 2823 cond-dent
3903 2790 3916 2833 ;
3957 2778 4008 2824 si

2411 2869 2519 2906 rem
2549 2855 2681 2909 bene
2708 2858 2951 2922 gesserit,
2985 2858 3131 2910 multi
3160 2859 3518 2926 congaudent,
3544 2861 3834 2913 secundum
3935 2877 4009 2913 οε

2407 2946 2599 2998 Stoltun
2633 2965 2642 2997 :
2673 2946 2793 3000 Sive
2827 2963 2980 2999 unum
3021 2948 3296 3002 membrum
3333 2952 3583 3018 patiatur,
3617 2955 4013 3022 compatiuntur

2406 3035 2508 3087 alia
2532 3035 2752 3086 membra
2773 3050 2791 3098 ,'
2813 3037 2914 3089 sive
2934 3055 3089 3090 unum
3112 3039 3383 3091 membrum
3406 3041 3738 3108 gloriﬁcatur,
3766 3059 4012 3111 congau—

2405 3123 2521 3176 dent
2548 3126 2716 3177 omnia
2739 3127 2960 3180 membra
2985 3127 3058 3193 (-l.
3092 3127 3210 3181 Cor.
3244 3128 3329 3183 l2.
3361 3130 3475 3199 26).
3510 3130 3573 3183 Et
3603 3147 3741 3184 nunc
3771 3135 4009 3201 quidem

2405 3214 2634 3279 dicebat,
2667 3217 2754 3284 qtti
2780 3217 2890 3269 hare
2917 3217 3172 3272 admonet
3206 3237 3218 3270 :
3250 3219 3377 3283 Qua:
3404 3221 3526 3273 mihi
3560 3238 3671 3290 spes
3698 3224 3773 3275 vel
3814 3225 4015 3279 [milia

2404 3306 2510 3357 cst?
2533 3322 2700 3359 annon
2721 3323 2804 3359 vos
2824 3310 2895 3377 (l.
2921 3307 3098 3361 Thess.
3125 3309 3178 3362 2.
3211 3309 3338 3372 19)?
3365 3327 3502 3362 nunc
3528 3327 3673 3375 vero,
3699 3312 3834 3379 Quin
3856 3331 4016 3368 nunc

2402 3396 2630 3461 vivimus,
2657 3397 2699 3449 si
2724 3411 2807 3450 vos
2830 3401 2972 3452 statis
2997 3402 3048 3452 in
3079 3400 3290 3455 Domino
3315 3403 3387 3470 (ι.
3414 3400 3590 3456 Thess.
3619 3404 3671 3458 5.
3702 3403 3758 3471 8)
3785 3422 3800 3468 ;
3827 3406 4013 3460 modo

2402 3495 2598 3549 autem,
2629 3484 2710 3539 Ex
2730 3489 2886 3540 multa
2910 3491 3227 3545 tribulatione
3252 3505 3296 3546 et
3315 3495 3628 3547 contentione
3651 3497 3821 3548 cordis
3849 3501 4016 3553 vobis

2399 3575 2576 3642 scripsi
2602 3574 2679 3644 (2.
2721 3575 2839 3630 Cor.
2871 3578 2924 3630 2.
2948 3579 3039 3648 4);
3072 3590 3144 3643 et,
3186 3580 3309 3646 Qui:
3339 3583 3624 3651 inﬁrmatur
3643 3626 3656 3651 ,
3686 3595 3731 3637 et
3759 3601 3856 3654 ego
3886 3605 4014 3641 non

2398 3663 2630 3728 inﬁrmor
2653 3665 2678 3717 3’
2702 3667 2812 3731 quis
2841 3669 3216 3724 scandalizatur
3237 3715 3251 3736 ,
3276 3683 3322 3725 et
3349 3689 3438 3743 ego
3468 3692 3568 3726 non
3599 3693 3719 3728 uror
3747 3677 3828 3743 (2.
3860 3677 4015 3732 Cor.

2399 3754 2484 3806 ll.
2515 3752 2645 3826 18)?
2684 3755 2792 3810 Cur
2817 3772 2944 3826 ergo
2969 3759 3143 3815 adhuc
3177 3773 3541 3832 tempestatem
3571 3767 3910 3822 sustinemus
3949 3783 4017 3824 et

2397 3847 2692 3902 exteriores
2731 3846 2949 3928 ~ﬂuctus,
2994 3862 3049 3905 et
3079 3868 3182 3906 non
3221 3856 3485 3909 currimus
3523 3856 3589 3910 ad
3635 3861 4016 3928 tranquillum

2399 3935 2538 3990 hunc
2579 3925 2825 4005 portum,
2857 3954 2919 3993 ac
2951 3940 3210 3996 bonorum
3254 3945 3557 4000 nominibus
3601 3949 3840 4019 omissis,
3877 3967 4018 4006 non

2395 4029 2459 4082 ad
2501 4045 2586 4083 res
2625 4029 2786 4084 hasce
2831 4034 3216 4102 pr0peramns?
3252 4034 3432 4090 Gloria
3459 4038 3601 4090 enim
3637 4048 3686 4091 et
3717 4043 4020 4107 potentia,

2394 4121 2592 4177 divitia:
2623 4132 2677 4178 et
2703 4124 2974 4192 nobilitas,
3007 4137 3060 4180 et
3089 4127 3170 4181 his
3197 4128 3416 4194 similia,
3447 4131 3659 4184 nomina
3686 4141 3812 4184 sunt
3839 4137 4024 4202 apud

2398 4212 2574 4279 ipsos,
2621 4227 2708 4266 res
2733 4221 2910 4267 autem
2950 4216 3088 4284 apud
3135 4233 3260 4284 nos;
3288 4220 3738 4288 quemadmodum
3785 4233 3841 4276 et
3892 4228 4025 4279 tri-

2395 4302 2535 4356 stitia
2557 4341 2572 4367 ,
2603 4317 2748 4357 mors
2779 4313 2833 4358 et
2877 4304 3164 4374 ignominia
3186 4349 3200 4373 ,
3230 4319 3283 4362 et
3318 4321 3620 4378 paupertas,
3663 4321 3717 4366 et
3744 4311 3977 4369 similia
4005 4358 4025 4383 ,

2395 4395 2605 4449 nomina
2635 4407 2758 4450 sunt
2791 4397 2929 4465 apud
2957 4413 3084 4462 nos,
3115 4416 3201 4453 res
3227 4402 3364 4472 apud
3404 4403 3540 4458 illos.
3577 4406 3650 4458 Ac
3680 4405 3724 4457 si
3767 4407 3983 4475 placet
4012 4455 4029 4473 ,

2392 4484 2612 4553 gloriam
2643 4489 2816 4555 primo
2843 4491 2894 4543 ιιι
2923 4492 3154 4546 medium
3177 4494 3522 4561 adducamus,
3548 4513 3666 4565 qua!
3690 4499 3830 4567 apud
3869 4502 4033 4559 illus

2393 4577 2636 4642 optabilis
2660 4577 2905 4633 habetur.
2935 4582 3061 4635 Eam
3091 4599 3196 4637 non
3219 4585 3340 4638 dico
3361 4601 3465 4640 non
3492 4588 3800 4643 diuturnam
3828 4608 4032 4663 esse,

2395 4682 2492 4720 nec
2519 4668 2624 4722 cito
2665 4673 2927 4741 exstingui
2951 4689 2964 4736 ;
2998 4675 3088 4727 sed
3131 4691 3252 4730 cum
3281 4681 3509 4735 maxime
3538 4681 3718 4748 lloret,
3746 4692 4040 4748 ostende

2394 4757 2521 4812 mihi
2555 4761 2694 4814 illaut
2725 4779 2738 4814 :
2772 4779 2837 4817 ne
2858 4764 3068 4820 auferas
3099 4767 3173 4822 illi
3206 4768 3383 4825 fucum
3415 4775 3875 4844 meretricinsque
3921 4785 4040 4851 pi-

2391 4861 2600 4917 cturas;
2629 4853 2720 4907 sed
2748 4866 2987 4910 ornatam
3019 4872 3117 4927 age
3162 4861 3213 4912 in
3242 4863 3473 4917 medium
3506 4874 3560 4920 et
3598 4877 3852 4922 monstra
3899 4889 4040 4927 nn-

2392 4939 2472 4992 bis
2492 4983 2506 5005 ,
2532 4952 2589 4995 ut
2618 4942 2916 5001 deformem
2949 4947 3091 5002 illam
3121 4966 3240 5006 esse
3269 4954 3510 5022 probem.
3543 4955 3793 5014 Habitum
3833 4977 4048 5024 certe

2389 5031 2564 5097 dices,
2604 5043 2656 5088 et
2686 5035 2927 5090 lictorum
2965 5040 3357 5098 multitudinem
3381 5084 3395 5105 ,
3427 5049 3692 5115 praeconis
3735 5065 3982 5111 vocem
4025 5103 4045 5124 ,

2391 5122 2654 5177 audientis
2675 5126 2852 5194 populi
2883 5129 3104 5192 turbam,
3127 5133 3394 5189 silentium
3419 5137 3557 5206 apud
3577 5140 3776 5194 multos
3794 5182 3814 5208 ,
3863 5122 4050 5215 pri}.—

2392 5212 2508 5281 pitts
2554 5215 2922 5272 accedentium
2981 5223 3388 5289 percussiones,
3439 5231 3800 5295 spectaculum
3869 5212 4049 5295 vom.

2391 5307 2546 5362 nibus
2565 5323 2702 5364 esse.
2731 5311 2921 5366 Annon
2946 5311 3058 5366 hare
3086 5317 3360 5384 splendida
3389 5320 3683 5392 habentur?
3704 5324 3830 5393 Age
3863 5346 4052 5392 tua.

2392 5395 2656 5452 minemus
2677 5438 2691 5462 ,
2722 5416 2847 5454 num
2882 5400 2994 5457 haec
3022 5419 3415 5472 supervacanea
3443 5411 3571 5476 sint,
3599 5393 3724 5467 num
3757 5414 3825 5470 in
3864 5436 4052 5486 vnn

2389 5487 2560 5542 solum
2584 5490 2834 5558 opinione
2873 5495 3063 5562 posita.
3096 5494 3226 5550 Nam
3256 5499 3307 5552 in
3348 5514 3454 5569 quo
3481 5502 3567 5556 ille
3603 5503 3670 5557 ab
3713 5505 3804 5560 his
3866 5530 4054 5582 prm.

2389 5579 2615 5633 stantior
2641 5582 2880 5638 redditur
2901 5599 2990 5638 aut
3012 5602 3238 5655 corpore
3259 5602 3347 5644 aut
3372 5593 3545 5646 anima
3566 5591 3589 5650 τ
3615 5595 3695 5650 Ex
3721 5597 3818 5653 his
3856 5579 4058 5673 enim

2389 5671 2549 5725 homo
2577 5682 2802 5729 constat.
2838 5675 2971 5731 Num
3005 5679 3127 5735 hinc
3155 5683 3326 5752 major
3352 5695 3552 5741 statura
3584 5687 3678 5741 lit?
3705 5705 3868 5750 num
3920 5671 4068 5758 for;

2388 5764 2529 5819 tior?
2553 5783 2676 5821 num
2723 5769 2996 5825 velocior?
3035 5789 3159 5828 num
3194 5775 3311 5831 ideo
3339 5792 3528 5835 sensus
3572 5781 3733 5838 habet
3766 5799 4066 5855 acutio.
