4174 6332
211 340 304 396 ὗτῦ

215 456 335 508 tes?
360 452 466 507 Sed
500 466 667 506 nemo
698 454 810 504 hazc
835 448 1049 504 dixerit.
1083 447 1353 502 Adeamus
1375 446 1609 500 animant
1629 488 1646 509 ,
1678 459 1805 498 nmn

215 543 437 598 fortasse
463 541 595 612 quid
629 540 702 595 ibi
741 540 871 594 lucri
902 537 1391 609 deprehendamus.
1417 535 1556 604 Quid
1596 535 1808 603 igitur?

216 651 282 688 an
319 632 724 695 continentior,
752 645 817 683 an
846 629 1160 695 modestior,
1199 643 1267 681 an
1313 625 1630 695 prudentior
1657 640 1686 678 a
1717 626 1806 679 tali

211 723 356 777 cultu
384 720 579 776 evadet
604 722 733 776 ille?
763 721 1126 789 Nequaquam,
1161 719 1269 771 imo
1299 715 1628 772 contrarium
1657 730 1810 784 pror-

214 829 304 867 sus
333 812 561 868 accidet.
586 810 704 867 Non
735 810 876 866 enim
898 811 1041 880 quod
1072 811 1124 864 in
1146 823 1408 878 corpore,
1434 807 1484 861 id
1518 807 1690 876 ipsum
1723 805 1809 860 hic

215 904 420 959 evenit.
466 902 544 957 Ihi
574 904 718 958 enim
750 903 890 957 nulla
929 903 1143 971 corpori
1189 899 1534 969 perfectionis
1571 897 1810 952 accessio

218 996 305 1058 tit;
339 993 430 1049 hic
455 1008 586 1049 vero
614 1008 722 1048 non
753 994 804 1048 id
834 993 1008 1048 solum
1035 993 1162 1047 ntali
1192 991 1529 1055 observatur,
1552 988 1698 1059 quod
1723 983 1808 1042 ni-

219 1085 294 1138 hil
327 1083 454 1138 boni
484 1083 755 1150 lucretur,
795 1082 889 1138 sed
918 1081 1062 1152 quod
1093 1081 1383 1150 nequitiam
1423 1078 1548 1134 inde
1586 1079 1808 1133 multam

212 1174 461 1241 τη-ειιιὶηι
489 1174 702 1239 anima;
732 1188 853 1228 nam
885 1173 937 1227 in
965 1171 1353 1242 arrogantiam,
1385 1170 1439 1225 in
1468 1183 1659 1225 vanam
1687 1170 1806 1240 glo-

213 1264 372 1328 riam,
399 1263 455 1318 in
483 1262 763 1327 insaniam,
797 1263 849 1316 in
880 1263 1033 1325 iram,
1067 1262 1194 1317 etin
1219 1261 1365 1316 mille
1388 1260 1513 1315 vitia
1544 1259 1807 1316 defertur.

211 1355 304 1418 At,
337 1353 571 1423 inquies,
596 1335 1072 1424 gaudetflzetatur,
1097 1353 1149 1404 in
1175 1351 1365 1421 hisque
1393 1350 1673 1420 gloriatur.
1702 1348 1812 1404 Ma-

215 1447 393 1498 lorum
425 1444 780 1514 colophonem
818 1443 949 1498 mihi
979 1443 1135 1508 dicis,
1167 1443 1476 1512 malumque
1519 1442 1811 1498 incurabile

212 1551 364 1593 esse.
392 1535 527 1596 Nam
567 1537 737 1606 quiin
779 1535 861 1591 his
900 1536 1146 1601 laetatur,
1173 1550 1204 1590 a
1231 1534 1492 1588 malorum
1533 1548 1693 1588 causa
1722 1533 1810 1587 vix

211 1628 474 1683 recedere
505 1628 667 1692 velit,
696 1626 792 1682 sed
835 1642 929 1697 per
957 1627 1281 1694 voluptatem
1313 1627 1450 1681 viam
1488 1625 1590 1681 sibi
1611 1625 1678 1679 ad
1717 1640 1811 1679 cu-

212 1719 482 1774 rationem
508 1718 795 1773 obstruxit.
833 1716 1014 1786 Itaque
1047 1716 1175 1772 illud
1207 1717 1440 1771 maxime
1465 1715 1663 1769 malum
1694 1724 1809 1779 est,

209 1807 360 1876 quod
390 1807 460 1863 de
492 1808 826 1863 incremento
863 1808 1126 1862 malorum
1165 1821 1272 1861 non
1298 1806 1498 1871 doleat,
1529 1805 1638 1858 imo
1675 1819 1810 1874 gau-

210 1900 361 1952 deat.
383 1897 631 1955 Gaudere
650 1898 794 1954 enim
817 1913 922 1952 non
942 1912 1156 1969 semper
1176 1897 1374 1951 bonum
1400 1905 1514 1960 est;
1540 1911 1660 1950 nam
1687 1910 1814 1965 gau-

211 1989 348 2042 dent
388 1988 536 2044 fures
564 2003 688 2044 cum
734 1987 1010 2054 furantur,
1041 1998 1096 2043 et
1123 1988 1365 2044 mteehus
1406 1980 1530 2042 cum
1575 1987 1810 2040 alienum

213 2089 396 2132 torum
420 2078 690 2147 deturpat,
718 2091 912 2133 avarus
939 2092 1062 2133 cum
1085 2079 1244 2148 rapit,
1275 2077 1538 2132 homicida
1566 2090 1688 2131 cum
1715 2090 1809 2131 oc-

209 2169 368 2225 cidit.
397 2169 477 2226 Ne
506 2169 856 2241 respiciamus
885 2170 1046 2240 igitur
1067 2184 1138 2224 an
1165 2169 1413 2241 gaudeat,
1441 2168 1536 2224 sed
1565 2181 1631 2222 an
1657 2168 1726 2223 de
1754 2184 1813 2224 re

212 2258 334 2313 utili
350 2258 613 2329 gaudeat;
637 2269 693 2314 et
711 2273 1018 2326 caveamus,
1047 2275 1116 2315 ne
1137 2257 1439 2328 bujusmodi
1461 2257 1710 2327 gaudium
1732 2257 1812 2312 in-

211 2349 520 2414 veniamus,
551 2349 709 2419 quale
736 2349 979 2404 mcechus
998 2358 1054 2404 et
1084 2351 1166 2402 iur
1194 2347 1408 2402 habeat.
1433 2347 1576 2412 Cur,
1602 2361 1810 2417 quaeso,

211 2439 420 2509 gaudet
443 2439 573 2494 ille!
597 2438 740 2508 quod
766 2440 990 2510 gloriam
1027 2438 1166 2509 apud
1195 2439 1392 2493 multos
1433 2438 1774 2492 nanciscatur
1793 2476 1810 2502 ,

213 2544 330 2598 quo
356 2528 529 2583 inﬂari
574 2538 632 2584 et
664 2528 900 2598 conspici
935 2529 1151 2583 valeat?
1174 2527 1379 2597 Ecquid
1417 2526 1518 2582 hac
1550 2527 1812 2595 concupi-

207 2619 422 2674 seentia
442 2627 494 2674 et
529 2618 763 2674 absurdo
785 2634 970 2674 amore
989 2618 1264 2675 deterius?
1285 2617 1437 2686 Quod
1461 2617 1504 2673 si
1531 2617 1581 2671 id
1613 2617 1810 2671 malum

208 2723 326 2762 nun
342 2717 451 2774 est,
467 2723 537 2763 ne
555 2721 686 2778 ergo
706 2707 884 2764 inanis
900 2707 1088 2780 gloriae
1106 2707 1330 2778 cupidos
1352 2706 1687 2776 vituperetis,
1711 2720 1811 2761 nec

1135 333 1197 390 IN
1238 329 1650 389 MAT'I‘IIAEUM
1694 330 1918 388 llOMlL.
1965 323 2106 380 LIX.
2142 325 2216 380 al.
2249 323 2357 379 LX.

3399 320 3507 376 57$

1904 439 2212 495 innumeris
2243 438 2555 509 opprobriis
2584 437 2836 493 laccretis
2872 454 2886 492 :
2915 436 3152 493 desinite
3184 445 3507 503 armgantcs

1905 541 1959 584 et
1986 530 2254 600 superbos
2292 530 2587 585 exsecrari.
2636 530 2739 584 Sed
2770 546 2881 584 non
2913 530 3163 598 poteritis
3198 529 3500 581 abstinere.

1908 622 2164 679 Plurimis
2184 638 2314 693 ergo
2341 622 2415 676 illi
2444 621 2983 691 criminibus'impcli
3013 631 3267 690 possunt,
3291 620 3511 675 etiamst

1914 717 2057 771 mille
2082 718 2346 784 stipentur
2371 715 2671 771 lictoribus.
2707 715 2771 769 Et
2804 714 2919 769 haec
2960 715 3092 768 mihi
3121 715 3191 770 de
3226 715 3510 769 deteriori.

1914 807 2012 860 bus
2037 807 2386 876 optimatibus
2426 806 2568 860 dicta
2601 815 2762 858 sunto
2795 822 2807 858 :
2852 820 2976 858 nam
3027 804 3272 874 plerique
3300 804 3516 858 illortnn

1916 899 2232 963 latronibus,
2267 897 2567 961 homicidis,
2592 897 2842 963 nnechis,
2886 896 3263 966 sepulcrorum
3292 894 3517 950 ell‘osso-

1915 987 2064 1043 ‘ribus
2083 988 2314 1057 peccatis
2328 987 2634 1042 onustiores
2649 985 3155 1056 deprehenduntur,
3168 985 3312 1054 quod
3345 984 3513 1052 impe.

1914 1078 1995 1133 rio
2011 1078 2149 1132 male
2163 1086 2401 1132 utantur.
2420 1075 2552 1131 Nam
2572 1077 2935 1145 impudentius
2957 1090 3119 1145 quam
3141 1074 3216 1129 illi
3249 1073 3514 1142 furantur,

1913 1168 2188 1224 crudelius
2207 1167 2480 1232 occidunt,
2498 1176 2552 1221 et
2574 1166 2731 1236 longe
2754 1166 2988 1236 iniquius
3015 1165 3386 1220 laseiviunt.et
3428 1167 3514 1220 et”-

1916 1259 2179 1324 lodiunt‘,
2200 1275 2304 1313 non
2339 1274 2582 1320 murum.
2611 1259 2704 1314 sed
2735 1274 2868 1327 opes
2885 1267 2941 1312 et
2954 1259 3475 1312 domosiunumeras
3495 1297 3510 1320 ,

1913 1349 2040 1404 dum
2062 1364 2171 1420 pne
2189 1359 2453 1418 potestate
2469 1349 2520 1404 id
2537 1349 2690 1404 facile
2707 1359 2934 1420 possunt
2947 1367 2960 1401 :
2975 1351 3062 1420 qui
3077 1341 3334 1404 servitute
3344 1347 3518 1404 duris-

1915 1445 2049 1497 sima
2079 1452 2394 1512 premuntur
2413 1483 2428 1508 ,
2460 1442 2586 1496 dttm
2603 1442 2768 1500 animi
2791 1441 2994 1495 morbis
3012 1443 3200 1510 ignave
3219 1440 3438 1506 cedunt,
3456 1448 3514 1494 et

1914 1545 2205 1587 conservos
2226 1532 2343 1587 sine
2360 1533 2676 1587 remissione
2691 1532 2997 1597 verberant,
3020 1531 3376 1600 consciosque
3393 1545 3480 1583 om
3495 1558 3509 1568 -

1916 1637 2012 1677 nes
2029 1631 2282 1676 trenmnt.
2301 1621 2431 1676 Nam
2452 1621 2540 1677 ille
2555 1622 2701 1675 solus
2719 1621 2854 1676 liber
2869 1632 2946 1675 est
2958 1622 3125 1686 ,sulus
3143 1621 3412 1690 princeps,
3436 1636 3514 1674 re-

1915 1713 2176 1782 gibusque
2189 1713 2477 1783 potentior,
2496 1714 2584 1782 qui
2607 1728 2635 1766 a
2656 1712 2798 1766 vitiis
2819 1711 3104 1796 expeditus
3122 1722 3224 1765 est.
3252 1711 3377 1766 llzec
3395 1726 3517 1765 cum

1916 1807 2170 1870 sciamus,
2191 1819 2370 1858 veram
2390 1818 2679 1876 sequamur
2694 1803 3018 1868 libertatem,
3039 1813 3095 1857 et
3111 1802 3180 1856 ab
3200 1803 3381 1873 iniqua
3399 1815 3518 1856 ser-

1916 1896 2084 1951 vitute
2107 1909 2204 1949 nos
2216 1893 2593 1964 expediamus:
2615 1909 2789 1963 neque
2805 1893 3013 1964 imperii
3035 1892 3250 1959 fastum,
3267 1893 3520 1962 nequedi-

1919 1987 2167 2040 vitiarum
2185 1984 2541 2054 tyrannidem,
2558 1997 2732 2054 neque
2749 1983 2890 2037 aliud
2908 1982 3179 2053 quidpiam
3214 1982 3519 2052 huiusmodi

1918 2076 2298 2133 beatitudinem
2329 2090 2517 2145 parere
2553 2088 2711 2144 posse
2741 2083 3011 2144 putemus,
3041 2075 3134 2128 sed
3153 2075 3323 2128 solam
3359 2073 3520 2127 virtu-

1917 2177 2048 2224 tem.
2065 2167 2155 2223 Sic
2171 2166 2312 2222 enim
2332 2164 2455 2220 etin
2474 2167 2724 2236 praesenti
2741 2166 2844 2220 vita
2866 2166 3246 2235 tranquillitate
3261 2165 3522 2232 fruemur,

1918 2267 1974 2316 et
1991 2258 2165 2312 futura
2183 2269 2581 2325 consequemur
2601 2255 2738 2310 bona
2759 2295 2776 2322 ,
2793 2257 2964 2325 gratia
2979 2264 3035 2310 et
3062 2255 3389 2323 benignitate
3417 2255 3495 2309 Do
3516 2290 3518 2293 -

1919 2349 2238 2422 mini-nosui
2265 2347 2391 2403 Jesu
2417 2346 2643 2412 Christi,
2665 2347 2750 2402 cui
2771 2348 2938 2418 gloria
2964 2356 3021 2402 et
3043 2347 3327 2416 imperium
3361 2389 3377 2411 ,
3402 2362 3526 2401 cum

1919 2443 2081 2499 Patre
2095 2450 2152 2497 et
2167 2441 2372 2511 Spiritu
2391 2449 2578 2495 saneto
2601 2479 2617 2507 ,
2642 2438 2696 2493 in
2726 2439 2923 2494 saecula
2950 2439 3291 2495 smeulorum.
3324 2439 3522 2494 Anien.

1999 2654 2016 2684 ι
2035 2651 2219 2717 _uorel.
2243 2651 2376 2702 hunc
2384 2651 2557 2717 locum
2579 2653 2651 2702 sic
2672 2652 2861 2717 habet:
2890 2661 3008 2703 Nam
3033 2653 3361 2714 impudentius
3383 2667 3528 2717 quam

1919 2713 1994 2764 illi
2017 2714 2250 2777 fruuntur
2270 2720 2318 2764 et
2339 2712 2592 2778 effodiunt,
2616 2716 2809 2765 omissis
2830 2712 3151 2779 intentositis.

3386 2846 3510 2858 ’,-

1421 2914 1764 2977 HOMlLIA
1804 2915 1972 2976 th.
2031 2912 2118 2976 al.
2173 2897 2314 2975 LX.

204 3055 342 3110 Car.
386 3055 475 3111 18.
519 3071 571 3111 v.
598 3057 654 3111 ’1.
696 3055 786 3112 Vw
845 3066 1034 3116 mando
1081 3074 1113 3111 α
1162 3058 1437 3114 scandulis.
1471 3058 1690 3113 Necesse
1741 3068 1815 3112 est

281 3147 421 3200 enim
447 3156 505 3201 ut
533 3149 734 3202 veniant
756 3149 1021 3212 scandala,
1045 3159 1384 3204 verumtamen
1405 3165 1478 3205 me
1504 3149 1697 3204 homini
1713 3149 1812 3214 illi,

287 3254 382 3304 per
405 3254 553 3301 quem
576 3239 822 3294 παιδάρια
840 3240 1066 3294 cernunt.

285 3328 340 3380 1.
383 3326 440 3381 Si
485 3342 706 3384 necesse
752 3329 820 3383 sit
853 3339 911 3384 ut
939 3329 1155 3385 veniant
1181 3327 1452 3397 scandala,
1482 3329 1673 3386 dixerit
1705 3330 1812 3385 for-

207 3426 363 3472 tasse
387 3417 651 3489 quispiam
675 3434 742 3474 ex
771 3418 1093 3475 adversariis
1112 3461 1128 3487 ,
1155 3434 1253 3476 cur
1279 3421 1533 3476 miserum
1561 3420 1816 3488 prmdieat

206 3508 522 3574 mundum,
571 3523 694 3564 cum
751 3510 828 3565 illi
880 3510 1131 3579 opitulari
1174 3519 1230 3566 et
1274 3525 1490 3565 manum
1544 3511 1816 3580 porrigere

202 3599 538 3667 oporteret?
581 3598 694 3654 llec
732 3600 928 3669 quippe
962 3608 1044 3655 est
1081 3598 1274 3655 medici
1317 3608 1372 3654 et
1415 3602 1653 3669 patroni;
1686 3600 1814 3655 illud

205 3703 347 3740 vero
392 3687 679 3756 cujuslibet
718 3703 751 3743 e
793 3688 948 3758 vulgo
991 3688 1243 3744 hominis.
1293 3689 1429 3756 Quid
1479 3689 1638 3759 igitur
1681 3689 1816 3745 adeo

205 3776 515 3846 impudenti
556 3777 747 3846 lingua
774 3778 1232 3847 respondeamus?
1271 3779 1472 3848 Ecquid
1509 3779 1632 3833 huic
1656 3767 1812 3833 cura-

206 3869 351 3922 tioni
393 3884 489 3938 par
517 3871 753 3940 reperire
783 3870 999 3939 possis?
1037 3869 1170 3926 Nam
1204 3871 1342 3926 Deus
1366 3885 1487 3926 cum
1515 3872 1585 3926 sit
1605 3912 1620 3935 ,
1653 3869 1815 3926 homo

204 3960 389 4013 factus
412 3968 494 4014 est
523 3970 744 4029 propter
768 3969 820 4016 te
839 4003 855 4026 ,
882 3971 936 4015 et
965 3961 1105 4016 servi
1133 3960 1360 4016 formam
1385 3962 1628 4031 accepit,
1655 3972 1815 4032 atque

203 4048 531 4116 turpissima
562 4047 741 4104 omnia
771 4064 959 4121 passus
981 4059 1063 4106 est
1086 4091 1103 4118 ,
1134 4051 1264 4106 nihil
1302 4052 1645 4120 praetermisit
1671 4052 1813 4122 quod

198 4143 270 4196 ad
305 4156 373 4197 se
400 4145 723 4212 pertineret;
769 4145 863 4202 sed
888 4147 1010 4217 quia
1036 4147 1227 4217 ingrati
1259 4147 1504 4204 homines
1532 4149 1662 4204 nihil
1691 4147 1816 4204 hinc

204 4233 346 4287 boni
384 4236 700 4304 consequuti
733 4245 894 4303 sunt,
941 4237 1066 4294 ideo
1108 4238 1230 4294 illos
1259 4239 1488 4294 miseros
1517 4239 1772 4309 praidieat
1795 4279 1810 4305 ,

196 4323 363 4391 quod
402 4335 521 4395 post
561 4327 892 4384 curationem
933 4338 1132 4385 tantam
1166 4331 1219 4384 in
1255 4331 1564 4387 inﬁrmitate
1601 4347 1815 4388 manse-

198 4417 322 4468 rint
354 4432 370 4470 :
396 4430 458 4470 ac
483 4416 527 4471 si
553 4418 672 4487 quis
697 4433 897 4489 aegrum
923 4421 1135 4492 egregie
1159 4430 1405 4478 curatum
1423 4464 1439 4487 ,
1466 4422 1558 4492 qui
1584 4422 1816 4479 noluerit

194 4504 552 4561 medicorum
582 4506 786 4578 legibus
813 4508 1078 4580 obsequi,
1120 4511 1309 4581 lugens
1337 4512 1536 4568 dixerit
1564 4529 1582 4570 :
1613 4513 1706 4568 Va:
1737 4514 1811 4569 illi

197 4595 424 4648 homini
444 4597 512 4650 ab
533 4597 867 4665 inﬁrmitate,
885 4614 1043 4669 quam
1066 4616 1164 4673 per
1184 4602 1445 4672 ignaviam
1467 4619 1619 4660 suam
1639 4605 1809 4658 auxit.

190 4687 313 4741 Sed
363 4685 473 4742 illic
504 4689 723 4758 quidem
750 4689 880 4745 nihil
908 4706 972 4746 ex
1006 4695 1150 4749 luctu
1179 4694 1422 4750 utilitatis
1449 4695 1690 4761 accedit;
1725 4696 1812 4751 hic

193 4794 342 4832 vero
390 4778 596 4847 species
623 4788 707 4834 est
733 4781 1025 4838 curationis
1047 4824 1064 4848 ,
1094 4797 1216 4837 cum
1247 4784 1299 4838 id
1327 4785 1468 4855 quod
1496 4795 1812 4843 eventurum

189 4877 286 4923 est
312 4867 659 4938 praedicitur,
682 4881 734 4926 et
756 4871 1012 4928 miserum
1034 4873 1372 4944 praedicatur.
1399 4876 1642 4949 Plerique
1664 4879 1809 4933 enim

185 4973 361 5029 sepe
401 4973 469 5015 ex
503 4960 729 5018 consilio
768 4962 901 5018 nihil
925 4964 1170 5020 utilitatis
1197 4977 1521 5037 acceperunt
1541 5007 1558 5034 ,
1589 4984 1653 5024 ex
1683 4968 1811 5024 ﬂetu

185 5067 338 5106 vero
369 5050 598 5135 multum
634 5053 800 5124 adiuti
827 5065 972 5111 sunt.
1003 5055 1130 5113 ideo
1157 5059 1391 5116 maxime
1428 5059 1516 5115 ναν
1554 5060 1682 5115 illud
1709 5076 1808 5133 ap-

187 5141 417 5211 posuit,
441 5141 560 5196 illos
582 5144 823 5200 excitans
847 5160 912 5201 ac
933 5145 1300 5217 diligentiores
1323 5149 1564 5206 efﬁciens
1581 5152 1807 5223 vigilan-

182 5239 507 5303 tioresque.
546 5235 628 5290 Ad
663 5236 781 5292 hinc
803 5237 1236 5297 benevolentiam
1261 5257 1471 5313 quoque
1500 5258 1650 5298 suam
1681 5259 1806 5314 erga

180 5328 322 5381 illos
349 5332 517 5395 atque
548 5327 1008 5386 mansuetudinem
1043 5345 1195 5386 suam
1227 5332 1465 5402 exhibet,
1496 5333 1623 5389 dum
1647 5351 1807 5405 repu-

180 5424 442 5486 gnantes
489 5415 657 5486 luget,
687 5433 794 5473 non
814 5421 1092 5479 modonon
1112 5438 1255 5495 aegre
1272 5424 1483 5497 ferens,
1505 5426 1602 5482 sed
1644 5428 1804 5482 etiam

178 5504 509 5562 emendans
534 5515 642 5562 tam
667 5523 734 5564 ex
766 5508 892 5564 fletu
913 5525 1070 5580 quam
1097 5529 1164 5568 ex
1192 5515 1569 5586 praedictione,
1599 5529 1654 5574 ut
1684 5520 1807 5576 illos

178 5598 258 5654 ad
289 5611 492 5652 sanam
526 5609 759 5655 mentem
786 5612 1023 5658 revocet.
1053 5604 1117 5658 Et
1142 5607 1412 5674 quomodo
1431 5651 1446 5674 ,
1477 5609 1684 5680 inquies
1709 5653 1724 5677 ,
1754 5612 1806 5667 id

179 5691 308 5746 ﬁcri
344 5691 571 5760 potest?
599 5707 722 5746 nam
751 5693 794 5747 si
825 5709 1046 5751 necesse
1072 5707 1156 5751 est
1184 5709 1240 5752 ut
1273 5701 1489 5756 veniant
1513 5703 1762 5758 scandala
1788 5746 1803 5768 ,

183 5780 477 5850 quomodo
510 5782 626 5840 ba:c
651 5783 887 5854 (tangere
911 5789 1240 5854 poterimus?
1270 5793 1402 5861 Quia
1433 5809 1649 5850 necesse
1680 5797 1801 5865 qui-

1922 3055 2044 3110 dem
2065 3063 2149 3110 est
2171 3063 2230 3108 ut
2251 3055 2464 3110 veniant
2491 3056 2763 3120 scandala,
2787 3060 2962 3128 perire
2983 3070 3161 3117 autem
3188 3063 3409 3119 omnino
3433 3081 3526 3121 nc-

1922 3159 2078 3201 cesse
2107 3160 2213 3198 non
2243 3154 2345 3200 est.
2371 3144 2832 3211 Quemadmodum
2859 3150 2904 3202 si
2930 3150 3052 3220 quis
3074 3151 3314 3210 medicus
3333 3155 3528 3211 dixerit

1922 3239 1941 3308 (
1969 3237 2100 3293 nihil
2139 3240 2282 3293 enim
2313 3247 2458 3294 velat
2501 3239 2788 3309 quominus
2816 3241 3007 3296 eodem
3049 3246 3300 3314 exemplo
3328 3233 3528 3303 iterum

1924 3329 2159 3397 utamur)
2188 3345 2202 3380 :
2234 3327 2463 3384 Necesse
2490 3339 2575 3384 est
2602 3329 2745 3384 hunc
2767 3331 2950 3386 venire
2979 3335 3226 3390 morbum
3247 3377 3264 3402 ,
3294 3337 3390 3393 sed
3422 3356 3528 3394 non

1924 3419 2051 3473 item
2084 3433 2308 3474 necesse
2333 3427 2418 3474 est
2455 3430 2515 3473 ut
2548 3418 2652 3474 hoc
2692 3421 2882 3475 morbo
2925 3436 3112 3491 pereas
3135 3465 3150 3490 ,
3200 3426 3243 3478 si
3288 3428 3526 3482 animum

1921 3508 2179 3563 adhibeas
2197 3546 2214 3572 ,
2241 3507 2357 3563 lure
2381 3496 2505 3563 cum
2535 3510 2656 3564 aliis
2677 3509 2886 3566 dicebat
2909 3553 2925 3576 ,
2956 3513 3011 3566 ut
3036 3513 3147 3580 jam
3175 3517 3355 3572 ntonui
3376 3559 3390 3582 ,
3419 3535 3528 3588 quo

1925 3597 2217 3667 discipulos
2256 3611 2286 3651 a
2326 3612 2518 3652 somno
2555 3599 2836 3655 excitaret.
2884 3599 2963 3657 Ne
3000 3602 3303 3659 dormirent
3340 3610 3484 3662 enim
3513 3652 3526 3671 .

1920 3688 2072 3758 quasi
2093 3687 2161 3744 ad
2192 3702 2379 3758 pacem
2407 3698 2466 3744 et
2496 3689 2937 3759 imperturbatum
2965 3691 3129 3746 vitam
3156 3695 3327 3762 missi,
3357 3699 3523 3753 multa

1921 3790 1971 3833 et
2009 3778 2148 3854 foris
2187 3793 2242 3833 et
2285 3779 2426 3832 intus
2470 3780 2769 3850 ingruentia
2811 3781 2947 3835 bella
2987 3781 3245 3840 declarat.
3289 3786 3441 3854 Quod
3473 3801 3528 3844 et

1923 3869 2118 3924 Paulus
2160 3869 2491 3939 significabat
2533 3872 2615 3926 his
2655 3871 2878 3926 verbis:
2922 3871 3078 3928 Foris
3125 3892 3344 3945 pugnae,
3383 3881 3524 3936 intus

1922 3962 2125 4016 timores
2147 3978 2166 4016 :
2188 3961 2412 4041 pericula
2432 3961 2487 4016 in
2509 3962 2654 4031 falsis
2680 3964 2923 4035 fratribus
2946 3965 3023 4034 (2.
3051 3966 3170 4021 Cor.
3199 3969 3251 4022 7.
3275 3971 3330 4025 5.
3363 3984 3410 4024 at
3434 3976 3454 4028 Ι
3475 3978 3522 4033 1.

1918 4053 2049 4123 26);
2076 4063 2132 4110 et
2163 4053 2402 4109 Milesios
2428 4054 2707 4124 alloquens
2729 4056 2977 4112 dicebat:
3004 4058 3291 4130 Exsurgem
3316 4066 3526 4134 quidam

1920 4160 1985 4198 ea:
2010 4143 2148 4200 vobis
2171 4145 2426 4215 laqueata
2453 4161 2689 4217 perversa
2725 4146 2860 4214 (Act.
2897 4148 2987 4203 20.
3029 4150 3143 4219 50).
3171 4150 3416 4209 Christus
3438 4174 3526 4212 ve-

1921 4251 1982 4290 ro
2005 4235 2250 4303 dicebat,
2276 4234 2482 4290 Inimici
2511 4236 2732 4293 [taurinis
2759 4239 3017 4294 domestici
3046 4241 3156 4310 ejus
3186 4243 3402 4313 (Matth.
3436 4251 3521 4303 to.

1919 4325 2037 4396 se).

1991 4414 2227 4481 Liberum
2261 4416 2527 4470 arbitrium
2555 4426 2602 4471 et
2626 4417 2829 4473 libertas
2858 4421 3134 4478 voluntatis
3168 4439 3284 4478 cum
3319 4431 3524 4485 veritate

1919 4507 2198 4576 prophetiae
2221 4507 2482 4560 conciliari
2507 4518 2740 4577 possunt.
2762 4538 2833 4548 —
2854 4508 2990 4564 Cum
3016 4515 3196 4568 autem
3227 4520 3522 4573 necessita-

1921 4606 2028 4651 tem
2053 4595 2211 4662 dicit,
2235 4611 2340 4650 non
2369 4597 2593 4652 liberum
2621 4598 2901 4654 arbitrium
2930 4601 3098 4667 tollit,
3128 4619 3302 4674 neque
3329 4608 3518 4662 volun-

1918 4687 2044 4742 tatis
2094 4687 2437 4753 libertatem,
2483 4703 2658 4759 neque
2701 4704 2880 4744 rerum
2932 4695 3241 4754 necessitati
3287 4700 3520 4769 cuipiam

1916 4776 2080 4832 vitam
2119 4777 2410 4845 subjiciens
2437 4776 2552 4833 hare
2581 4778 2656 4833 ait
2685 4796 2699 4832 :
2726 4778 2823 4835 sed
2851 4781 2995 4851 quod
3030 4785 3249 4842 omnino
3279 4787 3517 4847 futurum

1916 4875 2035 4922 erat
2057 4867 2296 4937 praedicit
2325 4868 2504 4937 :quod
2534 4869 2706 4925 Lucas
2734 4870 2853 4927 aliis
2879 4868 3056 4929 verbis
3085 4877 3406 4946 declaravit,
3437 4885 3517 4940 sic

1914 4959 2101 5015 dicens
2123 4999 2139 5022 .
2172 4958 2496 5028 [inpossibile
2525 4972 2599 5015 est
2627 4971 2683 5015 nl
2709 4979 2810 5017 non
2840 4966 3042 5019 veniant
3075 4971 3321 5024 scandala
3352 4970 3515 5042 (an.

1917 5051 2004 5105 t7.
2037 5050 2115 5122 ί).
2143 5050 2279 5117 Quid
2310 5049 2438 5105 illud
2462 5059 2542 5106 est
2563 5093 2579 5118 ,
2609 5052 2916 5108 Scandala?
2943 5056 3325 5126 Impedimenta
3357 5074 3512 5121 rectae

1917 5141 2021 5195 vite
2042 5141 2082 5194 ί.
2109 5139 2199 5196 Sic
2222 5140 2277 5195 in
2309 5155 2469 5196 scena
2499 5153 2693 5198 vocant
2717 5145 2971 5215 agiliores
2995 5150 3253 5217 quosdam
3279 5155 3369 5224 qui
3397 5171 3511 5212 Cor-

1916 5247 2042 5302 pora
2090 5241 2418 5300 pervertunt.
2470 5233 2607 5288 Nonr
2621 5235 2779 5305 igitur
2812 5237 3088 5307 prtedictio
3115 5245 3232 5311 ejus
3266 5247 3520 5301 scandala

1913 5324 2129 5380 adduett
2157 5342 2171 5378 :
2198 5325 2336 5380 absit
2365 5344 2379 5380 :
2406 5342 2581 5395 neque
2605 5328 2729 5397 quia
2757 5333 3133 5397 prmuuntiarit
3155 5375 3169 5399 ,
3199 5326 3338 5391 "ideo
3377 5354 3508 5394 eve-

1915 5420 2094 5486 niunt;
2124 5418 2218 5473 sed
2251 5417 2372 5472 ideo
2403 5418 2670 5488 praedixit,
2701 5422 2823 5490 quia
2857 5433 3113 5479 eventura
3141 5438 3297 5482 erant
3320 5449 3333 5484 :
3360 5431 3429 5484 ita
3463 5439 3518 5489 ut

1911 5511 1957 5564 si
1986 5508 2281 5564 noluissent
2306 5508 2340 5562 ii
2369 5509 2458 5580 qui
2487 5509 2575 5564 illa
2605 5509 2864 5577 inferunt,
2888 5529 3179 5586 numquam
3209 5521 3514 5591 venissent,

1976 5684 1991 5711 θ
2035 5681 2193 5752 uol-el.
2209 5682 2471 5752 Pusillam;
2497 5684 2664 5738 verba,
2689 5683 2824 5752 quod
2848 5693 3207 5752 Lucas.r.........
3233 5692 3302 5739 sit
3328 5691 3361 5739 tl
3371 5691 3514 5752 ἕιτιήδ,

1920 5763 1940 5812 ρ
1976 5744 2354 5812 tmposfihilerst
2389 5752 2441 5814 ut
2477 5757 2570 5814 non
2593 5747 2781 5794 t‘ent'mtl
2819 5749 3082 5800 scandala.
3112 5769 3132 5796 ιι
3179 5752 3330 5814 addit,
3371 5744 3514 5804 nullis

1917 5806 2233 5867 itttt't'pn'alllp,
2259 5804 2604 5867 impcdmwnta
2628 5814 2775 5857 recta:
2802 5821 2904 5858 vtw.
