4174 6332
695 395 798 450 575

694 517 750 560 et
777 506 878 559 nisi
904 511 1158 558 eventura
1185 510 1385 562 essent,
1415 514 1519 551 non
1549 496 1797 566 praedicta
1825 494 2072 549 fuissent.
2094 491 2246 558 Quo-

695 600 838 650 niam
860 611 984 650 vero
998 593 1216 662 quidam
1238 589 1470 657 maligne
1483 589 1792 655 agebant,et
1805 583 2088 639 ineurabili
2107 598 2247 636 mor-

694 689 763 742 bo
783 687 1115 748 laborabant,
1139 690 1402 735 venerunt
1432 679 1709 742 scandala,
1735 676 1986 746 quodque
2005 674 2243 727 futurum

675 771 904 832 'eratille
916 773 1178 844 praedicit.
1197 771 1264 825 At
1286 772 1330 825 si
1353 770 1428 824 illi
1447 771 1715 824 emendati
1743 768 1993 829 fuissent,
2009 765 2242 838 inquies.

693 877 745 919 et
766 865 943 919 nullus
974 861 1228 918 scandala
1253 859 1546 924 attulisset,
1571 872 1748 911 annon
1771 854 2127 910 dictunt'illud
2146 852 2246 905 fal-

694 973 812 1010 sum
826 953 1224 1023 deprehensum
1240 949 1430 1005 fuisset
1445 947 1860 1016 lNequaquant:
1880 959 1985 999 non
1999 944 2244 997 dicturus

686 1044 826 1096 enim
857 1049 972 1096 erat
994 1081 1010 1104 ,
1043 1040 1086 1093 si
1127 1035 1439 1093 emendandi
1472 1034 1692 1087 fuissent
1719 1045 1907 1085 onmes
1927 1069 1944 1093 ,
1975 1043 2146 1096 neque
2170 1027 2254 1080 di-

666 1134 857 1186 ﬁxisset
890 1150 902 1184 :
940 1130 1156 1184 Necesse
1180 1138 1255 1182 est
1281 1137 1333 1179 tu
1362 1124 1592 1188 ueniant,-
1630 1121 1723 1176 sed
1756 1121 1878 1189 quia
1907 1117 2116 1172 videbat
2152 1131 2256 1168 non

686 1221 1029 1291 corrigendos
1058 1218 1191 1284 fore,
1220 1217 1338 1272 ideo
1363 1215 1514 1280 dixit,
1542 1229 1604 1268 ea
1632 1213 1849 1266 omnino
1874 1219 2090 1264 ventura
2116 1222 2255 1260 esse.

693 1313 758 1366 llt
795 1328 923 1376 cur,
957 1311 1162 1380 inquies
1186 1349 1200 1372 ,
1242 1310 1354 1376 ipse
1387 1323 1490 1361 non
1520 1302 1775 1359 abstulit?
1816 1301 1879 1355 Et
1904 1316 1997 1354 cur
2027 1297 2258 1352 tollenda

691 1400 879 1454 erant?
918 1415 987 1453 sn
1017 1410 1230 1470 propter
1258 1406 1351 1452 "eos
1375 1398 1464 1466 qui
1497 1396 1557 1450 iis
1589 1391 1888 1448 laeduntur?
1911 1393 1984 1446 At.
2007 1405 2110 1443 non
2139 1387 2260 1444 inde

694 1498 915 1558 pereunt
951 1489 986 1543 ii
1025 1490 1112 1557 qui
1151 1488 1443 1552 laeduntur,
1479 1487 1568 1539 sed
1603 1500 1668 1538 ex
1709 1482 1911 1550 ignavia
1938 1497 2030 1535 sua
2063 1498 2075 1533 :
2105 1480 2262 1547 idque

691 1580 964 1633 declarant
1002 1579 1034 1632 ii
1065 1579 1150 1646 qui
1183 1580 1430 1633 virtutem
1459 1577 1669 1636 eolnnt,
1697 1576 1785 1644 qui
1818 1589 1919 1626 non
1952 1571 2111 1626 modo
2139 1572 2261 1624 hinc

693 1671 820 1722 nihil
855 1669 1145 1729 laidnntur,
1164 1667 1266 1722 sed
1296 1668 1454 1722 etiam
1486 1666 1703 1719 tnultum
1733 1669 1955 1718 fructum
1984 1664 2216 1716 referunt
2244 1679 2259 1716 :

691 1761 859 1827 qualis
883 1770 993 1823 erat
1021 1759 1121 1812 Job
1145 1797 1159 1820 ,
1192 1759 1359 1828 qualis
1384 1756 1582 1826 Joseph
1605 1798 1618 1821 ,
1649 1755 2039 1825 qualesvomnes
2059 1753 2184 1820 justi
2208 1762 2263 1806 et

690 1850 936 1918 apostoli.
977 1850 1127 1918 Quod
1169 1850 1210 1903 si
1253 1848 1402 1902 ntulti
1445 1849 1748 1917 perierunt,
1792 1845 1840 1898 id
1882 1861 1946 1901 ex
1985 1862 2174 1899 somno
2209 1853 2263 1897 et

695 1941 1010 2011 negligentia
1050 1955 1143 1994 sua
1182 1939 1375 1994 evenit.
1402 1938 1455 1994 Si
1487 1953 1573 1994 res
1607 1953 1712 1991 non
1743 1939 1811 1990 ita
1838 1945 2016 1999 esset,
2045 1943 2102 1988 et
2124 1935 2168 1988 si
2195 1950 2260 1988 ex

692 2029 955 2084 scandulis
999 2028 1258 2097 pernicies
1303 2036 1482 2090 esset,
1533 2040 1719 2080 omnes
1762 2026 1933 2094 perire
1973 2031 2261 2093 oporteret.

685 2113 842 2188 Quod
870 2118 914 2172 si
940 2118 1151 2187 quidam
1179 2117 1456 2185 eil’ogiunt,
1479 2115 1570 2186 qui
1599 2131 1702 2169 non
1727 2114 1930 2184 effugit.
1960 2114 2008 2167 id
2037 2113 2135 2168 sibi
2162 2113 2262 2182 ipsi

694 2217 916 2278 reputet.
947 2206 1206 2264 Seandala
1233 2207 1409 2271 enim,
1439 2218 1496 2260 ut
1522 2206 1651 2269 dixi,
1680 2215 1735 2259 et
1761 2206 2022 2268 excitant,
2060 2213 2114 2256 et
2142 2219 2265 2271 per-

691 2297 1040 2361 spicaciorem
1057 2293 1462 2357 acutioreutque
1477 2290 1700 2351 faciunt,
1723 2303 1824 2339 non
1837 2302 1957 2338 eum
1975 2285 2133 2337 modo
2145 2283 2238 2353 qui

690 2382 792 2454 sibi
811 2391 982 2445 cavet,
999 2382 1093 2436 sed
1112 2382 1273 2435 etiam
1292 2396 1414 2432 eum
1435 2381 1526 2449 qui
1548 2378 1743 2433 cecidit
1761 2379 1977 2445 citoqne
1992 2375 2240 2444 erigitur,

691 2473 817 2525 hinc
835 2473 977 2527 enim
990 2472 1200 2527 cautior
1214 2482 1481 2540 caputque
1495 2468 1761 2523 dilﬁciiior
1777 2469 2178 2535 evadet.ltaque
2194 2465 2242 2519 si

702 2557 1006 2627 vigilemus,
1037 2572 1143 2611 non
1174 2573 1395 2626 parvum
1427 2558 1546 2610 inde
1574 2559 1773 2610 luerunt
1801 2560 2101 2616 referimus.
2127 2558 2267 2628 quod

701 2650 902 2705 scilicet
927 2650 1143 2704 assidue
1172 2649 1466 2719 vigilemus.
1499 2648 1554 2704 Si
1584 2663 1711 2701 vero
1749 2648 2062 2700 instantibus
2093 2648 2267 2702 inimi-

700 2741 818 2806 cis,
859 2750 914 2796 et
956 2749 1034 2794 tot
1081 2738 1458 2794 tentationibus
1504 2738 1866 2808 ingruentibus
1905 2739 2266 2806 dormiamus,

702 2832 828 2903 quid
859 2833 927 2888 de
955 2833 1109 2888 nobis
1148 2833 1236 2888 fiet
1272 2834 1317 2887 si
1361 2835 1440 2888 sic
1480 2833 1758 2901 tranquille
1798 2833 2075 2887 vivamus?
2102 2834 2156 2888 Si
2193 2836 2272 2889 vis

703 2930 878 2974 autem
904 2959 920 2987 ,
954 2924 1178 2989 primum
1209 2921 1477 2976 hominem
1506 2920 1780 2975 considera
1809 2937 1825 2976 :
1854 2922 1898 2974 si
1931 2923 2072 2976 enim
2104 2937 2271 2991 pauco

703 3021 958 3078 tempore,
987 3019 1042 3063 et
1065 3011 1307 3066 fortassis
1333 3026 1436 3064 non
1468 3026 1574 3065 uno
1597 3009 1685 3066 die
1711 3011 1763 3064 in
1790 3011 2032 3079 paradiso
2054 3027 2270 3068 versam

701 3099 857 3166 inque
885 3099 1088 3155 deliciis
1110 3139 1126 3164 ,
1165 3101 1220 3152 in
1259 3109 1460 3154 tantum
1493 3100 1736 3168 nequitiae
1767 3101 2064 3170 prornperit
2086 3142 2100 3167 ,
2130 3112 2188 3156 ut
2209 3117 2270 3159 se

700 3189 956 3258 mqualetn
984 3190 1090 3243 Deo
1116 3191 1230 3243 fore
1254 3190 1567 3259 speraverit,
1591 3200 1646 3245 et
1670 3191 2003 3259 deceptorem
2032 3192 2270 3248 bettellcii

699 3285 970 3332 auctorem
1001 3279 1298 3346 putaverit,
1341 3294 1513 3347 neque
1538 3280 1753 3336 unicum
1795 3279 1921 3334 illud
1946 3289 2268 3351 pmceptum

699 3369 992 3424 servaverit
1017 3386 1033 3424 :
1061 3371 1104 3424 si
1151 3371 1270 3425 vitae
1299 3371 1555 3439 reliquam
1587 3379 1786 3439 partem
1815 3373 1931 3428 sine
1953 3372 2134 3428 labore
2167 3372 2270 3427 du-
2312 3420 2314 3422 .

701 3456 897 3525 sisset,
922 3459 1048 3532 quid
1076 3475 1182 3518 non
1209 3459 1438 3519 facturus
1465 3461 1620 3519 erat?

769 3554 824 3607 2.
866 3552 1033 3608 Homo
1070 3569 1164 3608 sua
1207 3570 1360 3625 opera
1394 3566 1441 3608 et
1482 3571 1514 3608 a
1557 3556 1718 3628 seipse
1746 3554 1911 3612 malus
1947 3554 2172 3628 τράμιν.
2200 3582 2272 3595 -

703 3643 795 3697 llis
826 3644 895 3697 ita
923 3643 1078 3699 dictis
1101 3685 1117 3709 ,
1145 3644 1300 3698 aliam
1327 3644 1675 3714 objectionem
1707 3646 1937 3700 offerunt
1973 3664 1988 3702 :
2011 3646 2121 3701 Cur
2143 3660 2271 3718 ergo

706 3737 844 3792 Dens
884 3737 1039 3792 talem
1083 3737 1253 3805 ipsum
1290 3736 1506 3792 effecit?
1547 3736 1660 3793 Non
1692 3737 1830 3792 Deus
1870 3738 2026 3793 talem
2055 3737 2266 3804 eli-cit,

699 3829 836 3882 absit
861 3844 875 3881 :
904 3843 1008 3882 non
1035 3831 1177 3883 enim
1205 3828 1350 3883 illum
1380 3829 1690 3898 punivisset.
1722 3828 1851 3883 Nam
1871 3831 1916 3883 si
1942 3844 2038 3885 nos
2058 3829 2268 3900 quando

701 3919 922 3988 alicujus
943 3919 1017 3973 rei
1044 3932 1199 3972 causa
1220 3933 1425 3983 smnus,
1448 3931 1631 3973 servos
1657 3935 1760 3972 non
1789 3920 2108 3985 incusamus,
2135 3920 2270 3974 mul-

702 4018 754 4060 to
784 4010 957 4063 minus
983 4009 1350 4064 universorum
1382 4009 1519 4064 Deus
1544 4010 1596 4065 id
1621 4009 1833 4066 faceret.
1865 4010 1992 4079 Sed,
2023 4013 2263 4082 inquies,

701 4101 839 4155 unde
880 4102 996 4154 talis
1035 4101 1251 4156 effectus
1287 4101 1412 4156 est?
1452 4101 1525 4156 Ex
1566 4102 1852 4172 seruetipso
1876 4110 1932 4157 et
1966 4117 2030 4157 ex
2064 4103 2264 4173 ignavia

699 4207 812 4246 sua.
861 4193 996 4259 Quid
1046 4200 1166 4256 est,
1207 4207 1273 4246 ex
1310 4191 1631 4260 semedpso?
1671 4191 1920 4260 Teipsutn
1963 4192 2263 4264 interroga:

701 4298 820 4334 nam
852 4283 894 4334 si
927 4283 960 4334 ii
987 4282 1074 4351 qui
1105 4282 1229 4336 mali
1259 4289 1403 4343 sunt,
1436 4295 1541 4334 non
1565 4295 1627 4334 es
1660 4281 1849 4349 seipsis
1878 4281 1999 4335 mali
2029 4289 2170 4344 sunt,
2201 4300 2267 4337 ne

699 4386 910 4423 servum
942 4379 1085 4424 tuum
1116 4369 1340 4439 castiges
1365 4409 1380 4432 ,
1410 4384 1508 4424 nec
1537 4383 1751 4423 uxorem
1781 4370 1826 4423 si
1852 4371 2147 4440 peccaverit
2180 4371 2265 4426 in-

696 4473 881 4530 rrepcs
904 4500 918 4526 ,
960 4475 1057 4515 nec
1092 4459 1255 4515 filium
1297 4461 1590 4531 percutias,
1623 4473 1720 4516 nec
1759 4462 1984 4516 amicum
2014 4462 2224 4518 incuses
2246 4503 2262 4529 ,

698 4563 796 4604 nec
840 4550 1105 4604 inimicmn
1147 4558 1200 4605 te
1238 4549 1516 4604 ltdenlem
1557 4548 1682 4604 odio
1722 4551 1957 4605 habeas:
1991 4551 2041 4605 lii
2071 4553 2264 4622 quippe

698 4656 884 4696 otnnes
909 4642 1049 4710 digni
1077 4649 1203 4695 sunt
1228 4639 1610 4704 misericordia,
1639 4656 1744 4695 non
1773 4642 2062 4709 punitione,
2089 4643 2132 4698 si
2159 4656 2264 4698 non

697 4746 762 4788 ει
793 4731 977 4799 seipsis
1005 4731 1336 4800 delinquunt.
1369 4730 1472 4785 Sed
1501 4745 1604 4784 non
1637 4745 1849 4798 possum
1880 4730 2261 4801 philosophari,

698 4824 922 4892 inquies.
950 4823 1107 4892 Atqui
1132 4825 1175 4877 si
1200 4823 1392 4878 videris
1415 4836 1519 4878 non
1546 4824 1750 4877 illorum
1775 4824 1980 4893 culpam
2007 4839 2144 4889 esse,
2168 4827 2262 4880 sed

695 4930 758 4966 ex
788 4914 889 4966 alia
929 4914 1243 4968 necessitate
1268 4913 1318 4968 id
1349 4912 1543 4968 factum
1573 4929 1690 4969 esse
1716 4957 1730 4979 ,
1763 4924 1887 4970 tunc
1918 4917 2114 4985 poteris
2145 4917 2263 4987 phi-

696 5001 980 5077 losophari.
1013 5001 1142 5056 Nam
1169 5017 1286 5058 cum
1310 5016 1496 5058 servus
1518 5004 1826 5072 aegritudine
1847 5001 2090 5062 detentus
2120 5007 2260 5076 iussa

695 5107 800 5145 non
834 5090 1034 5157 fecerit,
1065 5107 1171 5145 non
1201 5091 1359 5146 modo
1385 5107 1489 5146 non
1516 5093 1811 5148 criminaris
1834 5133 1848 5153 .
1881 5093 1972 5148 sed
2003 5102 2057 5149 et
2083 5096 2259 5150 statim

697 5180 941 5250 ignoscis.
973 5181 1061 5237 Sic
1085 5191 1138 5236 tu
1168 5183 1318 5237 testis
1344 5197 1424 5246 es,
1450 5183 1714 5251 quidpiam
1741 5185 1806 5239 ab
1832 5184 1966 5252 ipso,
1994 5185 2258 5255 quidpiam

695 5287 798 5324 non
837 5271 903 5326 ab
947 5271 1060 5341 ipso
1087 5287 1227 5327 esse.
1275 5271 1434 5342 Igitur
1469 5276 1624 5328 etiam
1663 5275 1746 5327 hic
1769 5317 1786 5338 ,
1816 5277 1859 5330 si
1890 5276 2056 5332 scires
2087 5277 2258 5345 ipsum

695 5361 812 5414 ideo
844 5360 1034 5415 malum
1063 5376 1182 5418 esse
1220 5363 1340 5431 quia
1385 5364 1462 5418 sic
1501 5375 1653 5419 natus
1693 5366 1756 5418 sit
1785 5406 1797 5427 ,
1836 5380 1940 5420 tton
1967 5367 2126 5421 modo
2153 5383 2256 5422 non

692 5465 1007 5512 accusares,
1055 5452 1148 5506 sed
1191 5463 1245 5507 et
1284 5453 1489 5508 veniam
1533 5454 1705 5508 dares.
1750 5455 1877 5508 Nam
1915 5458 1996 5509 cui
2041 5467 2257 5525 propter

695 5543 934 5596 morbum
972 5543 1197 5610 ignoscis
1219 5584 1235 5609 ,
1268 5554 1481 5612 propter
1521 5545 1609 5598 Dei
1645 5547 1910 5614 cpilleium
1943 5548 2017 5601 illi
2048 5550 2255 5604 veniam

694 5648 793 5689 non
825 5648 1047 5702 negares
1068 5675 1083 5697 ,
1153 5633 1407 5702 siquidem
1436 5637 1553 5690 talis
1583 5639 1648 5691 ab
1680 5639 1825 5691 initio
1857 5639 2021 5693 factus
2048 5639 2251 5695 fuisset.

692 5723 930 5780 Aliunde
952 5725 1114 5779 etiam
1148 5724 1264 5780 illos
1293 5725 1445 5782 facile
1473 5730 1744 5784 confutare
1775 5745 2050 5798 possumus
2085 5749 2099 5783 :
2129 5748 2248 5785 nam

1387 387 1444 439 S.
1484 383 1766 443 JOANNIS
1798 373 2291 436 ειιιιγεοδτοιιι
2327 374 2640 430 Αῐιαιιιειι.
2682 373 3210 430 CONSTANTINOI’.

3825 365 3927 424 επ

2358 488 2551 543 veritas
2574 487 2898 554 argumentis
2923 485 3173 539 abundat.
3202 485 3309 538 Cur
3333 495 3615 550 numquam
3640 494 3852 534 servum
3874 483 3927 533 ιιι

2353 579 2553 632 crimen
2567 577 2775 631 locasti
2796 617 2811 640 ,
2851 575 2990 646 quod
3021 590 3124 628 non
3166 573 3234 628 sit
3273 573 3418 625 vultu
3451 570 3713 624 fumosus
3741 609 3756 632 ,
3787 574 3927 638 quod

2357 685 2464 723 non
2503 669 2570 723 sit
2611 668 2913 737 proceriore
2951 675 3186 726 statura,
3230 661 3372 733 quod
3411 677 3516 716 non
3557 661 3624 713 sit
3664 658 3927 711 volueris?

2356 759 2486 824 Quia
2526 758 2638 812 ba'e
2679 773 2708 810 a
2753 767 2939 811 natura
2979 755 3403 824 proficiscuntur.
3441 750 3579 820 Ergo
3618 750 3750 803 liber
3783 756 3863 800 est
3895 763 3921 801 τι

2356 851 2511 919 culpa
2536 860 2787 919 quantum
2811 847 2878 900 ad
2904 857 3103 901 natura:
3124 847 3267 904 vitia,
3297 858 3556 910 nemoque
3583 841 3678 894 ibit
3708 838 3927 892 inficias.

2357 941 2491 994 Cum
2517 956 2646 1010 ergo
2669 954 2911 1004 accusas,
2941 935 3179 990 ostendis
3206 947 3374 999 certe,
3406 933 3586 987 vitium
3615 947 3720 985 non
3747 946 3809 984 es
3841 945 3932 981 ttu-

2360 1043 2477 1086 tura
2502 1073 2517 1096 ,
2559 1032 2651 1085 sed
2688 1047 2752 1084 ex
2793 1031 3063 1083 voluntate
3101 1027 3382 1096 proficisci.
3413 1025 3543 1079 Nam
3586 1027 3629 1078 si
3665 1039 3788 1077 cum
3823 1035 3933 1076 non

2358 1137 2689 1186 aecusanms,
2713 1122 3056 1177 testificantur
3076 1129 3241 1174 totum
3261 1134 3381 1173 esse
3403 1126 3603 1171 natura:
3623 1114 3934 1170 adscriben-

2359 1213 2516 1277 dum,
2550 1211 2720 1280 palam
2750 1219 2833 1265 est
2858 1210 2999 1278 quod
3025 1223 3146 1264 cum
3180 1208 3546 1275 inerepamus,
3574 1222 3638 1260 ex
3667 1204 3938 1260 voltnttata

2360 1304 2568 1369 cnlpznn
2588 1316 2708 1356 esse
2727 1299 3079 1354 declaramus.
3105 1299 3180 1352 Ne
3200 1299 3377 1366 itaque
3397 1310 3640 1366 perversa
3663 1296 3937 1348 ratiocinia

2363 1392 2414 1446 in
2453 1391 2683 1445 medium
2718 1391 2910 1445 afferas
2933 1429 2948 1452 ,
2992 1404 3061 1443 ne
3097 1387 3420 1457 sophismata
3449 1395 3504 1439 et
3533 1383 3700 1438 nodos
3727 1397 3941 1437 araneas

2364 1482 2483 1535 telis
2527 1481 2744 1534 viliores
2775 1498 2788 1532 :
2819 1478 2911 1533 sed
2955 1478 3020 1532 ad
3067 1479 3168 1531 hoc
3205 1490 3416 1530 rursum
3460 1474 3587 1527 mihi
3628 1475 3938 1541 responde:

2362 1573 2548 1628 Nonne
2574 1571 2816 1635 homines
2844 1583 3031 1624 omnes
3061 1568 3183 1621 fecit
3215 1567 3391 1621 licus?
3425 1565 3478 1620 Id
3507 1564 3644 1634 apud
3665 1577 3853 1618 omnes
3885 1562 3940 1614 in

2362 1665 2612 1720 confesso
2639 1672 2739 1718 est.
2767 1663 2874 1714 Cur
2903 1675 3029 1730 ergo
3058 1676 3161 1713 nou
3191 1673 3377 1713 omnes
3408 1656 3697 1711 secundum
3727 1654 3941 1708 virtutis

2361 1768 2420 1811 et
2456 1757 2566 1810 vitii
2613 1756 2868 1808 rationem
2911 1751 3143 1819 aequales
3181 1749 3343 1803 sunt?
3385 1747 3524 1802 unde
3563 1747 3621 1800 lit
3660 1756 3714 1798 ιιι
3746 1745 3799 1798 1ιί
3833 1744 3945 1798 sint

2364 1848 2509 1912 botti,
2538 1846 2682 1916 probi
2703 1852 2758 1899 et
2781 1841 3048 1897 modesti?
3074 1839 3210 1895 unde
3238 1841 3297 1893 fit
3323 1848 3380 1893 ut
3400 1839 3581 1892 lii-sint
3609 1838 3732 1891 mali
3760 1846 3814 1890 et
3841 1835 3944 1888 im-

2365 1938 2555 2006 probi?
2583 1935 2713 1990 Nam
2753 1934 2797 1987 si
2830 1933 2883 1986 in
2914 1930 2998 1985 his
3036 1945 3144 1984 non
3175 1931 3446 1983 voluntate
3480 1943 3616 1998 Opus
3639 1935 3762 1993 est,
3802 1934 3857 1980 et
3896 1941 3944 1979 st

2367 2029 2480 2082 haec
2506 2036 2689 2082 natura
2718 2034 2862 2090 sunt,
2893 2039 2990 2079 cur
3017 2022 3068 2076 hi
3091 2022 3358 2084 virtutem,
3386 2020 3475 2074 alii
3501 2019 3684 2073 vitium
3711 2033 3946 2087 sequun-

2365 2119 2492 2172 tur?
2513 2116 2644 2172 Nam
2671 2117 2715 2170 si
2743 2129 2930 2170 omnes
2959 2123 3146 2168 natura
3177 2113 3300 2166 ntali
3329 2121 3542 2175 essent,
3576 2125 3736 2166 nemo
3761 2119 3951 2180 posset

2364 2227 2483 2266 esse
2521 2214 2725 2274 bonus;
2763 2218 2819 2264 et
2857 2207 2900 2261 si
2940 2221 3129 2262 omnes
3159 2216 3343 2260 natura
3385 2205 3506 2258 boni
3529 2245 3542 2266 ,
3576 2217 3735 2257 nemo
3762 2210 3947 2271 posset

2364 2319 2484 2357 esse
2522 2302 2710 2356 maius.
2749 2300 2804 2354 Si
2840 2297 3135 2353 communis
3173 2306 3256 2350 est
3295 2305 3481 2349 natura
3523 2294 3800 2347 hominum
3827 2309 3945 2345 ont-

2367 2391 2534 2457 nium,
2561 2389 2851 2445 secundum
2879 2389 2980 2441 hoe
2999 2386 3277 2456 oportebat
3299 2398 3487 2439 nunties
3513 2383 3758 2437 homines
3778 2397 3945 2435 unum

2365 2491 2420 2535 et
2447 2482 2582 2535 idem
2612 2495 2730 2535 esse
2753 2520 2768 2545 ,
2800 2494 2894 2533 seu
2925 2479 3093 2532 honos
3119 2479 3360 2544 scilicet,
3395 2489 3488 2531 seu
3517 2474 3704 2530 malos.
3734 2475 3787 2531 Si
3816 2489 3950 2528 vero

2366 2573 2623 2635 dicamus,
2654 2588 2719 2624 ex
2750 2579 2932 2624 natura
2963 2584 3080 2622 esse
3104 2570 3242 2637 quod
3272 2569 3323 2621 lti
3351 2568 3474 2622 boni
3493 2608 3508 2628 ,
3541 2567 3612 2620 illi
3645 2566 3767 2620 mali
3794 2566 3903 2618 sint
3926 2605 3946 2630 ,

2368 2663 2507 2731 quod
2528 2669 2670 2715 esset
2693 2659 2883 2713 rationi
2911 2659 3190 2717 absonum,
3218 2667 3276 2711 ut
3295 2656 3646 2719 ostendimus,
3671 2663 3950 2722 oporteret

2369 2753 2483 2808 haec
2504 2749 2790 2806 immobilia
2812 2763 2967 2813 esse;
2992 2749 3247 2802 naturalia
3268 2748 3462 2817 quippe
3485 2756 3608 2800 sunt
3629 2743 3921 2801 iuunolnl'ta

2371 2847 2485 2904 Hoc
2496 2863 2624 2903 vero
2637 2847 2953 2903 consideres
2967 2845 3142 2897 velnn.
3161 2839 3414 2893 Mortales
3427 2851 3619 2892 omnes
3630 2845 3760 2889 sunt
3773 2843 3948 2887 etiam

2373 2937 2676 3009 passibiles,
2711 2950 2974 3004 nemoque
3004 2941 3172 3001 potest
3207 2927 3556 2997 impassihilis
3584 2939 3727 2987 esse,
3750 2924 3952 2977 etiam-

2369 3030 2414 3086 si
2469 3028 2665 3083 millies
2712 3025 3022 3083 contendat.
3072 3020 3225 3074 Nunc
3261 3034 3387 3073 vero
3447 3017 3644 3070 multos
3689 3015 3948 3067 videmus

2368 3134 2434 3174 ex
2462 3119 2621 3172 bonis
2656 3115 2952 3183 improbos,
2995 3123 3048 3167 et
3072 3126 3138 3166 ex
3167 3109 3428 3179 improbis
3462 3108 3631 3162 bonos
3675 3105 3785 3158 fieri
3808 3144 3823 3167 ,
3877 3103 3950 3156 il-

2369 3210 2452 3264 los
2487 3207 2828 3278 negligentia,
2865 3204 2963 3258 hos
3008 3217 3138 3255 vero
3173 3201 3490 3271 diligentia:
3519 3197 3664 3267 quod
3703 3193 3952 3248 maxime

2370 3302 2562 3372 probat
2583 3301 2634 3355 id
2657 3315 2764 3354 non
2791 3313 2911 3354 esse
2933 3307 3157 3350 naturae.
3180 3293 3457 3348 Naturalia
3480 3290 3680 3362 quippe
3703 3302 3797 3342 nec
3817 3301 3952 3338 tnu—

2370 3401 2576 3454 tantur,
2617 3404 2790 3458 neque
2822 3388 3094 3456 diligentia
3125 3386 3260 3453 epos
3290 3383 3513 3445 habent,
3557 3389 3617 3432 ut
3641 3377 3950 3445 acquiren-

2368 3495 2474 3538 tttr.
2509 3481 2580 3537 Ut
2613 3482 2754 3534 enim
2796 3481 2860 3533 ad
2888 3479 3176 3532 videndum
3218 3487 3266 3528 et
3299 3474 3626 3528 audiendum
3660 3484 3765 3523 non
3798 3483 3952 3536 opus

2366 3582 2450 3628 est
2481 3573 2684 3633 labore,
2727 3570 2804 3624 sie
2855 3581 2953 3620 nec
2985 3565 3036 3620 in
3076 3564 3297 3619 colenda
3341 3563 3537 3615 virtute.
3573 3559 3772 3613 sudore
3799 3571 3954 3624 opus

2367 3675 2530 3727 esset,
2571 3663 2615 3715 si
2668 3662 2752 3715 illa
2785 3679 2848 3715 ex
2877 3669 3066 3715 natura
3105 3658 3261 3712 nobis
3301 3655 3462 3709 insita
3493 3661 3658 3707 esset.
3693 3649 3804 3704 Cur
3831 3662 3949 3699 att-

2368 3761 2472 3806 tetn
2499 3751 2669 3804 malus
2699 3748 2932 3813 fecisset,
2954 3762 3076 3802 cum
3103 3757 3278 3816 posset
3298 3755 3493 3796 omnes
3525 3740 3698 3793 bonos
3721 3737 3904 3790 facere
3927 3737 3954 3787 ?

2366 3840 2519 3897 Unde
2573 3856 2702 3912 ergo
2751 3841 2926 3895 mala?
2971 3838 3181 3907 inquies
3216 3837 3255 3891 ⁸.
3303 3833 3558 3902 Teipsm
3611 3829 3888 3897 interroga
3930 3844 3949 3882 :

2366 3944 2545 3985 meum
2583 3929 2779 3998 quippe
2820 3938 2905 3984 est
2943 3926 3264 3985 ostendere.
3307 3923 3394 3977 illa
3440 3936 3538 3975 nec
3590 3933 3655 3973 ex
3695 3926 3892 3971 natura
3929 3958 3949 3984 ,

2365 4033 2466 4076 nec
2495 4010 2526 4074 a
2562 4019 2671 4073 Deo
2707 4034 2846 4073 esse.
2880 4017 3020 4087 Ergo
3051 4014 3226 4071 casu?
3256 4011 3486 4081 inquies.
3521 4009 3761 4062 Iinime.
3793 4005 3949 4061 Num

2364 4108 2642 4181 ingenita?
2673 4106 2821 4163 Bona
2863 4107 3044 4168 verba,
3084 4117 3291 4174 quaeso,
3314 4115 3348 4154 o
3380 4101 3565 4162 homo,
3613 4112 3643 4153 a
3676 4105 3824 4151 tanta
3858 4096 3956 4150 in-

2367 4201 2520 4256 sania
2551 4198 2776 4270 gradum
2805 4209 3018 4256 revoca,
3051 4204 3107 4245 ut
3130 4195 3336 4246 honore
3364 4206 3474 4245 uno
3513 4188 3680 4243 Deum
3713 4196 3767 4241 et
3787 4187 3949 4242 mala

2364 4291 2513 4345 colas
2541 4297 2702 4358 atque
2733 4287 2938 4341 honore
2971 4291 3232 4353 superno.
3268 4281 3400 4334 Nam
3449 4280 3494 4333 si
3528 4279 3789 4348 ingenita,
3822 4276 3950 4329 for-

2363 4384 2434 4438 tia
2476 4391 2529 4437 et
2563 4380 2783 4436 immota
2810 4379 2996 4445 utique
3023 4382 3207 4439 erunt,
3238 4385 3416 4442 neque
3466 4376 3722 4439 poterunt
3753 4370 3950 4433 avelli,

2360 4485 2534 4541 neque
2558 4470 2624 4525 ad
2664 4470 2892 4523 nihilum
2924 4465 3091 4535 redigi
3128 4481 3142 4518 :
3176 4477 3298 4517 nam
3329 4460 3471 4531 quod
3494 4459 3797 4528 ingenitum
3826 4470 3950 4523 est,

2358 4565 2535 4633 perire
2574 4577 2678 4616 non
2710 4574 2889 4632 posse,
2921 4562 3121 4628 cuique
3154 4555 3500 4612 manifestum
3537 4566 3641 4609 est.

2429 4655 2481 4709 5.
2525 4649 2677 4707 Untle
2712 4651 2768 4706 lit
2790 4660 2847 4705 ut
2877 4662 2954 4704 tot
2987 4651 3093 4704 sint
3117 4649 3266 4716 boni,
3285 4649 3331 4703 si
3354 4648 3556 4703 malum
3583 4654 3788 4700 tantam
3821 4645 3948 4698 vim

2361 4740 2597 4795 haheat?
2617 4741 2891 4811 quomodo
2920 4740 3089 4810 geniti"
3109 4738 3184 4793 illi
3217 4737 3456 4806 ingenito
3486 4744 3615 4790 sunt
3641 4732 3956 4788 fortiores?

2361 4833 2464 4886 Sed
2497 4831 2656 4896 Deus,
2693 4831 2924 4900 inquies,
2957 4830 3045 4883 illa
3080 4829 3308 4883 auferet.
3347 4825 3613 4892 Quando?
3646 4825 3952 4890 Quomodo

2366 4933 2544 4977 autem
2570 4922 2658 4974 illa
2685 4923 2915 4984 auferet,
2941 4922 2984 4974 si
3004 4919 3151 4989 paris
3168 4919 3277 4973 sint
3305 4917 3551 4984 honoris,
3570 4915 3950 4979 fortitudinis,

2359 5011 2673 5070 vetustatis?
2689 5015 2880 5082 ut‘quis
2894 5013 2945 5065 di
2957 5013 3110 5066 xerit.
3130 5011 3175 5065 Ο
3190 5010 3391 5065 diaboli
3408 5009 3727 5078 nequitiam!
3747 5022 3861 5074 qua
3875 5025 3951 5060 n-

2359 5110 2470 5156 tum
2501 5102 2708 5157 invenit
2734 5100 2971 5157 malum!
3009 5114 3117 5170 quo
3150 5099 3504 5170 blasphemiae
3524 5110 3722 5168 genere
3754 5093 3949 5150 Deum

2421 5311 2437 5340 ¹
2466 5309 2645 5358 Totum
2685 5305 2846 5354 locum
2884 5305 3032 5365 longe
3076 5299 3304 5365 pluribus
3344 5308 3634 5360 expressum
3667 5294 3740 5365 sic
3772 5296 3952 5347 habet

2355 5370 2517 5421 Codex
2563 5381 2728 5429 unus;
2757 5371 2854 5418 Cur
2893 5359 3002 5414 ξιιοὶ
3024 5359 3180 5429 mulos
3203 5359 3539 5429 iecisset,ch
3571 5361 3732 5426 posset
3761 5370 3953 5429 nonres

2356 5419 2498 5493 bonos
2519 5427 2731 5493 facere?
2771 5431 2908 5493 Certe
2934 5427 3086 5493 malos
3112 5419 3212 5493 non
3234 5419 3956 5493 iecit;‘dupli£i_enirnﬂrulp£

2355 5481 2587 5553 obnoxius
2613 5495 2732 5539 esset
2754 5503 2768 5538 :
2791 5487 2986 5553 primo._
3007 5487 3049 5536 si
3083 5481 3242 5553 titulos
3263 5481 3601 5553 prodtu'isset_;
3633 5481 3872 5553 gerundo,

2355 5551 2481 5602 alios
2519 5551 2681 5606 bonos,
2723 5543 2849 5599 alios
2890 5549 3060 5607 "talos,
3099 5543 3315 5607 illudque
3337 5549 3514 5607 temere
3532 5545 3586 5607 et
3610 5543 3715 5607 sine
3732 5552 3898 5589 causa
3931 5556 3954 5593 :

2390 5627 2574 5662 menum
2597 5602 2721 5662 enim
2746 5611 2793 5659 in
2811 5624 2866 5659 ea
2892 5625 2941 5659 rc
2963 5602 3090 5670 wqui
3116 5602 3314 5669 bonique
3341 5602 3498 5670 ratio?
3529 5602 3668 5670 Unde
3683 5613 3801 5670 ergo
3825 5614 3958 5652 ma-

2375 5662 2440 5722 n?
2466 5672 2668 5736 inquies.
2696 5672 2903 5736 Verum,
2924 5662 3032 5718 cuni
3061 5662 3412 5736 ιιιιιιιιηιξυιιιιιιιι
3443 5664 3701 5736 liuor-Lange
3726 5662 3959 5728 habeat,

2355 5723 2560 5786 caeteros
2582 5736 2847 5797 sequimur.
2872 5723 2968 5783 (llr.
2987 5732 3168 5796 Annal.
3196 5728 3334 5778 Fietd
3355 5729 3412 5774 ad
3434 5739 3542 5788 pag.
3567 5723 3679 5773 596.
