4174 6332
297 367 400 426 577

297 483 579 539 involvere
596 481 807 535 homini
836 479 1050 536 suasit?
1085 477 1231 549 quali
1266 475 1485 546 pietatis
1515 471 1696 544 specie
1726 471 1889 526 aliam

304 574 686 642 blaspln-mam
710 573 974 624 rationem
995 569 1319 632 excogitavit
1337 569 1352 621 ι
1367 567 1506 620 Cum
1526 565 1726 618 vellent
1742 562 1889 616 enim

294 665 585 721 ostendere
606 704 624 727 ,
665 659 868 717 malum
906 671 1012 712 non
1039 653 1109 709 ab
1144 654 1262 724 ipso
1299 650 1591 721 procedere
1612 684 1630 715 ,
1666 662 1891 718 pravum

293 755 437 811 aliud
472 755 668 824 dogma
707 751 1024 804 invexcrunt
1047 787 1062 812 ,
1093 743 1323 800 dicendo
1361 742 1593 813 ingenita
1629 741 1718 796 illa
1745 753 1887 796 esse.

296 846 454 902 Unde
497 844 659 914 igitur
687 838 864 896 mala?
907 835 1138 907 inquies.
1185 834 1264 889 Ex
1295 848 1364 889 eo
1389 833 1531 903 quod
1560 839 1645 887 est
1671 830 1812 888 velle
1836 839 1892 886 et

293 935 458 990 nolle.
476 933 584 990 Sed
605 932 779 1002 ipsum
801 927 937 984 velle
952 937 1008 982 et
1027 923 1166 980 nolle
1182 921 1482 978 undenam?
1497 923 1538 977 A
1563 920 1717 977 nobis
1737 919 1886 990 ipsis.

297 1025 350 1080 Id
380 1026 556 1094 ipsum
577 1021 708 1077 facis
730 1035 797 1076 ac
820 1019 866 1076 si
890 1029 1183 1088 quaereres,
1207 1013 1485 1072 Undenam
1513 1010 1691 1083 prodit
1708 1010 1891 1068 videre

293 1125 350 1170 et
375 1130 490 1170 non
513 1111 736 1169 videre?
760 1124 848 1165 me
872 1122 1001 1164 vero
1027 1104 1411 1177 respondente,
1441 1103 1519 1158 Ex
1546 1115 1613 1158 eo
1637 1100 1778 1172 quod
1807 1110 1887 1156 est

292 1205 548 1262 claudere
575 1215 630 1260 et
657 1217 765 1259 non
791 1199 1043 1258 claudere
1077 1197 1264 1254 oculos
1294 1214 1309 1251 :
1336 1208 1560 1251 rursum
1580 1193 1883 1263 interroga.

292 1313 382 1352 res
407 1338 424 1364 ,
459 1296 638 1368 Ipsum
665 1291 918 1351 claudere
949 1299 1004 1345 et
1041 1303 1148 1343 non
1181 1285 1434 1342 claudere
1467 1283 1652 1340 unde?
1694 1297 1888 1352 meque

290 1389 676 1460 respondente,
695 1386 737 1440 Δ
755 1382 912 1439 nobis
932 1381 1063 1452 ipsis
1080 1387 1138 1436 et
1157 1393 1188 1434 a
1212 1377 1492 1433 voluntate
1503 1383 1711 1438 nostra,
1727 1374 1886 1428 aliain

288 1493 478 1534 rtu-sns
495 1491 710 1532 causam
730 1486 1021 1545 quaereres.
1042 1469 1234 1525 Malum
1251 1468 1449 1538 quippe
1468 1464 1599 1520 nihil
1617 1461 1760 1519 aliud
1779 1470 1882 1528 est,

288 1571 452 1639 quam
484 1581 590 1622 non
615 1563 835 1620 obedire
863 1562 991 1616 Deo.
1021 1558 1322 1624 Undenam,
1351 1555 1581 1626 inquies,
1605 1553 1710 1608 hoc
1735 1553 1888 1608 inve-

288 1661 370 1715 nit
408 1659 605 1714 homo?
628 1656 764 1712 Num
789 1697 806 1723 ,
834 1665 1019 1724 quasso
1041 1693 1059 1719 ,
1085 1648 1306 1706 dil‘tlcile
1328 1655 1446 1702 erat
1469 1647 1572 1701 hoc
1601 1643 1885 1700 invenire?

285 1750 404 1805 Non
432 1750 557 1804 dico
582 1763 680 1817 ego
706 1747 810 1801 hoc
831 1744 1048 1800 dillicile
1073 1755 1223 1798 esse:
1242 1739 1338 1796 sed
1365 1737 1508 1795 unde
1531 1738 1778 1794 inductus
1799 1743 1886 1792 est

284 1852 343 1896 ut
373 1841 486 1895 Deo
511 1854 616 1894 non
639 1833 1072 1907 obtemperaret?
1103 1829 1183 1888 Ex
1213 1831 1444 1903 ignavia.
1473 1828 1608 1884 Nam
1635 1842 1760 1883 cum
1786 1841 1883 1898 pe-

290 1946 388 1986 nes
417 1930 570 1985 illum
597 1939 742 1985 esset
770 1927 838 1982 ad
881 1924 1190 1982 utrumlibet
1216 1922 1487 1977 declinare
1506 1959 1525 1988 ,
1555 1918 1622 1974 ad
1653 1919 1756 1974 hoc
1779 1917 1882 1973 deo
1921 1940 1926 1946 η

281 2023 524 2078 cliuavit.
550 2019 608 2078 Si
631 2029 809 2074 autem
831 2029 1030 2085 anceps
1053 2015 1229 2070 adhuc
1254 2013 1338 2067 his
1355 2010 1552 2066 auditis
1575 2011 1632 2066 in
1651 2009 1880 2080 caligine

282 2113 515 2169 versaris
536 2152 557 2180 ,
585 2126 686 2182 ego
716 2110 808 2165 tibi
837 2107 1186 2179 quaestionem
1221 2117 1515 2175 proponam
1546 2116 1654 2157 non
1679 2099 1877 2157 difﬁci-

281 2204 386 2258 lem
406 2216 510 2258 nec
529 2201 878 2272 implicatam,
897 2198 993 2253 sed
1013 2195 1309 2266 simplicem
1323 2204 1380 2249 et
1393 2193 1615 2249 claram.
1637 2191 1878 2247 Fuistine

276 2291 569 2365 aliquando
605 2290 817 2348 malus?
857 2287 1074 2343 l‘oistine
1102 2284 1389 2358 aliquando
1426 2282 1640 2340 bonus?
1667 2281 1725 2338 Id
1750 2290 1836 2339 est
1856 2322 1873 2350 ,

277 2400 405 2442 num
431 2385 620 2456 aliquo
643 2382 777 2439 vitio
800 2382 1044 2452 superior
1069 2379 1240 2445 luisti,
1266 2387 1322 2436 et
1349 2387 1534 2448 postea
1559 2377 1629 2433 ab
1657 2377 1752 2432 illo
1778 2391 1874 2432 ca-

279 2487 398 2547 ptus
427 2476 534 2532 es?
562 2472 795 2531 incidisti
821 2473 875 2529 in
900 2472 1236 2537 ebrietatem,
1263 2479 1319 2527 et
1349 2479 1530 2540 postea
1558 2470 1872 2526 hoe-vitium

273 2566 568 2637 depulisti?
583 2561 757 2621 iratus
777 2579 860 2630 es,
884 2571 942 2620 et
966 2570 1150 2634 postea
1178 2561 1335 2616 irasci
1360 2561 1564 2617 desiisti
1585 2576 1601 2628 ;
1623 2560 1873 2630 despexi-

273 2656 341 2713 Sti
363 2671 680 2727 pauperem,
697 2664 752 2710 et
772 2663 955 2724 postea
974 2649 1171 2708 secus?
1193 2651 1484 2707 fornicatus
1503 2665 1585 2719 es,
1607 2662 1663 2705 et
1683 2662 1870 2721 postea

270 2748 563 2801 continens
592 2744 775 2800 luisti?
814 2743 967 2800 Unde
991 2783 1008 2809 ,
1038 2757 1221 2813 qumso
1240 2783 1258 2809 ,
1290 2741 1406 2798 ha‘c
1432 2741 1652 2798 omnia?
1682 2741 1869 2797 unde?

269 2835 328 2892 Si
365 2847 424 2892 tu
464 2835 697 2890 tacueris
721 2875 738 2900 ,
774 2848 877 2905 ego
911 2833 1109 2890 dicam.
1139 2833 1273 2902 Quia
1299 2846 1424 2888 cum
1453 2833 1632 2889 studio
1659 2843 1714 2890 et
1748 2832 1871 2890 dili-

267 2931 448 2998 gentia
482 2929 533 2984 id
559 2936 786 2983 conatus
808 2941 899 2992 es;
931 2935 1114 2998 postea
1138 2939 1266 2990 vero
1293 2925 1499 2981 solutus
1526 2926 1580 2981 in
1605 2926 1864 2982 desidiam

266 3021 537 3075 decidisti.
583 3018 716 3078 Nam
746 3017 1042 3088 desperatis
1083 3016 1186 3072 illis
1208 3057 1226 3084 ,
1252 3016 1345 3086 qui
1389 3029 1450 3072 se
1479 3018 1575 3072 toti
1613 3017 1866 3086 nequitia:

264 3109 598 3165 dediderunt
620 3149 635 3172 ,
673 3110 765 3179 qui
796 3109 914 3163 sine
954 3120 1117 3163 sensu
1145 3121 1208 3162 ac
1236 3104 1422 3161 furiosi
1453 3115 1578 3161 sunt
1599 3147 1616 3173 ,
1660 3107 1750 3177 qui
1795 3122 1866 3163 ne

262 3202 452 3255 muttire
484 3199 700 3271 quidem
729 3199 912 3253 volunt
941 3213 1007 3254 ea
1030 3213 1150 3269 qua:
1177 3196 1246 3252 ad
1274 3197 1703 3254 emendationem
1732 3213 1859 3268 spe-

261 3301 436 3352 ctant.
465 3292 532 3345 iis
559 3300 707 3346 certe
734 3290 955 3346 minime
981 3288 1050 3345 de
1074 3287 1407 3359 philosophia
1434 3289 1652 3358 loquar;
1682 3288 1744 3343 iis
1771 3303 1864 3343 ve-

262 3403 327 3440 ro
352 3425 369 3451 ,
411 3385 504 3454 qui
543 3382 702 3438 modo
737 3383 842 3438 hoc
864 3422 882 3449 ,
923 3383 1083 3436 modo
1118 3379 1249 3436 illud
1286 3388 1562 3434 sectantur
1583 3420 1599 3445 ,
1633 3379 1860 3436 libenter

260 3476 429 3530 verba
459 3474 676 3531 faciam:
705 3472 1006 3544 Aliquando
1031 3472 1250 3542 rapuisti
1274 3485 1395 3541 qua:
1423 3471 1490 3525 ad
1521 3479 1572 3525 te
1601 3487 1706 3524 non
1736 3485 1856 3540 per-

260 3549 542 3633 tinebant;
582 3563 777 3622 deinde
817 3578 946 3621 vero
991 3561 1358 3619 misericordia
1397 3571 1574 3616 motus
1601 3562 1670 3617 de
1701 3563 1856 3621 bonis

259 3658 370 3713 tuis
395 3671 568 3726 egeno
594 3656 816 3727 largitus
842 3669 923 3710 es.
962 3652 1112 3710 Unde
1152 3652 1267 3708 lucc
1293 3653 1551 3707 mutatio?
1577 3667 1755 3707 annon
1787 3652 1855 3707 li-

256 3749 481 3815 quidum
509 3759 588 3803 est
617 3763 681 3802 cx
712 3746 982 3800 vulttttutte
1005 3758 1068 3799 ac
1094 3743 1261 3799 libero
1283 3743 1510 3800 arbitrio
1535 3743 1690 3799 esse?
1719 3743 1852 3800 Illud

255 3850 464 3895 certum
493 3847 575 3894 est
595 3878 610 3903 ,
642 3852 704 3891 ac
730 3851 887 3892 nemo
917 3836 1209 3906 negaverit.

334 3928 478 3982 Mula
518 3945 581 3983 ex
616 3928 817 3998 ignavia
847 3928 1134 3996 prodeunt,
1161 3934 1208 3980 et
1245 3941 1357 3980 vere
1391 3941 1423 3978 a
1451 3924 1593 3979 nobis
1617 3935 1753 3980 sunt.
1779 3953 1851 3965 --

261 4020 389 4075 Iden
419 4020 645 4073 obsecro
669 4027 728 4072 ut
753 4016 932 4070 virtuti
960 4017 1240 4080 studeatis,
1265 4023 1320 4071 et
1348 4015 1479 4070 nihil
1509 4025 1690 4085 postea
1716 4032 1852 4084 Opus

254 4115 363 4168 erit
407 4112 711 4179 lntjusmodi
762 4109 1164 4179 qumstionibus.
1215 4107 1347 4162 Mala
1394 4110 1536 4163 enim
1565 4148 1582 4175 ,
1635 4111 1849 4164 nomina

257 4213 467 4259 tantum
493 4215 671 4268 erunt,
703 4202 747 4256 si
780 4202 1022 4256 velimus.
1046 4199 1124 4256 Ne
1154 4200 1315 4271 igitur
1337 4215 1548 4271 qumras
1574 4201 1714 4255 unde
1738 4217 1852 4258 ma-

255 4295 332 4353 la.
358 4308 536 4364 neque
562 4297 612 4347 in
639 4293 1063 4347 dubio~verseris
1086 4308 1102 4347 :
1123 4293 1218 4346 sed
1249 4303 1525 4362 postquam
1548 4292 1850 4361 deprehen-

252 4387 382 4440 disti
414 4401 476 4439 ea
506 4400 568 4441 ex
600 4386 806 4454 ignavia
832 4387 1005 4439 solum
1037 4384 1272 4456 prodire,
1303 4383 1423 4453 fuge
1456 4383 1616 4439 mala.
1648 4383 1704 4440 Si
1730 4385 1848 4454 quis

253 4475 453 4530 dixerit
483 4489 545 4529 ea
578 4491 682 4529 non
710 4491 737 4527 ει
770 4475 925 4530 nobis
952 4490 1073 4530 esse
1094 4517 1106 4539 ,
1140 4490 1260 4530 cum
1291 4475 1488 4530 videris
1514 4476 1662 4530 illum
1693 4491 1850 4533 servo

262 4572 482 4630 iratum,
513 4567 566 4623 in
594 4584 814 4623 uxorem
841 4577 1232 4639 eanperatum,
1265 4568 1430 4622 lilium
1451 4570 1847 4636 criminantem,

255 4662 508 4730 iniuriam
551 4661 843 4716 inferentes
883 4661 1224 4717 damnantem
1251 4703 1266 4725 ,
1309 4663 1394 4717 dic
1421 4663 1498 4717 illi
1531 4681 1542 4719 :
1572 4662 1681 4717 Cur
1719 4678 1849 4734 ergo

249 4753 496 4818 dicebas,
527 4753 663 4806 mala
697 4767 801 4806 non
840 4768 868 4806 a
902 4748 1056 4808 nobis
1083 4751 1397 4807 esse?Nam
1425 4754 1468 4807 si
1502 4768 1606 4807 non
1637 4769 1666 4806 a
1697 4754 1848 4809 nobis

250 4852 402 4909 sunt,
423 4859 523 4900 cur
549 4845 758 4898 incusas
781 4844 955 4898 alios?
983 4845 1074 4898 Dic
1098 4843 1172 4898 illi
1198 4845 1388 4899 iterum
1417 4862 1428 4896 :
1455 4843 1588 4898 Num
1615 4860 1646 4899 a
1677 4846 1849 4914 tcipso

249 4937 495 4992 convicia
515 4946 570 4991 et
591 4938 940 4991 contumelias
967 4936 1169 4990 infers?
1194 4935 1249 4990 Si
1279 4951 1384 4990 non
1410 4952 1440 4989 a
1469 4936 1659 5005 teipse,
1689 4943 1847 4991 n‘emo

251 5031 348 5083 tibi
383 5031 677 5097 irascatur;
709 5032 752 5083 si
780 5046 810 5083 a
838 5031 1028 5099 teipse,
1052 5044 1180 5100 ergo
1205 5045 1235 5084 a
1267 5038 1317 5084 te
1346 5039 1397 5083 et
1427 5030 1494 5082 ab
1521 5030 1726 5100 ignavia
1759 5039 1845 5083 tua

252 5121 393 5174 mala
425 5121 691 5176 oriuntur.
722 5121 858 5188 Quid
888 5121 1086 5190 porro?
1119 5130 1343 5189 putasne
1369 5121 1574 5191 aliquos
1605 5136 1726 5175 esse
1754 5122 1848 5175 bo-

252 5213 394 5267 nos?
424 5211 555 5266 Nam
587 5213 631 5266 si
659 5227 819 5266 nemo
849 5212 1038 5276 bonus,
1073 5211 1216 5267 unde
1247 5211 1338 5267 tibi
1368 5212 1468 5267 hoc
1494 5213 1722 5267 nomen?
1751 5231 1848 5267 un-

249 5304 324 5357 de
363 5303 584 5358 laudes?
622 5303 717 5358 Sin
747 5312 926 5358 autem
971 5318 1096 5360 vere
1133 5315 1256 5359 sunt
1297 5304 1419 5358 boni
1444 5304 1846 5374 ,proeuldubio

251 5395 425 5451 malos
466 5396 840 5465 increpabnnt.
871 5396 976 5452 Sed
1006 5397 1050 5450 si
1082 5397 1258 5452 nullus
1285 5407 1475 5466 sponte
1504 5411 1599 5452 sua
1630 5397 1700 5450 sit
1727 5411 1842 5451 tua-

253 5487 354 5546 lus.
386 5504 558 5556 neque
583 5505 614 5542 a
647 5490 828 5556 seipso
857 5488 979 5543 talis
1009 5489 1097 5553 sit,
1130 5489 1325 5558 injuste
1352 5497 1497 5542 certe
1523 5488 1646 5541 boni
1675 5486 1845 5541 malos

254 5579 603 5650 increpalumt
631 5621 648 5644 ,
681 5589 737 5634 et
779 5580 879 5635 hac
904 5579 974 5634 dc
1003 5595 1162 5634 causa
1198 5581 1295 5650 ipsi
1337 5581 1460 5634 tnali
1499 5589 1676 5634 erunt.
1708 5580 1843 5645 Quid

251 5672 388 5727 enim
432 5673 688 5740 iniustius
733 5670 827 5725 illo
863 5672 952 5742 qui
995 5672 1261 5726 innocenti
1311 5673 1532 5726 crimina
1579 5673 1845 5725 intentat?

249 5768 394 5829 Quod
425 5769 465 5820 si
500 5769 667 5820 etiam
703 5767 1039 5834 increpantes
1072 5765 1193 5819 boni
1225 5777 1368 5832 sunt,
1403 5776 1455 5819 ct
1483 5766 1584 5821 hoc
1615 5766 1843 5821 maxime

1332 359 1397 415 IN
1438 352 1852 413 ΜΛΤΤΙΙᾸΞΙΙΜ
1881 355 2111 412 ΙΙΟΜΙΙ..
2156 355 2293 413 LIX.
2337 358 2409 414 al.
2454 357 2565 415 LX.

3505 362 3610 419 578

2003 468 2216 524 illorum
2257 471 2538 540 probitatis
2578 480 2950 543 argumentum
2988 481 3069 528 est
3101 475 3263 527 etiam
3294 471 3436 543 apud
3469 475 3601 527 imi-

2002 561 2210 632 pientes
2230 602 2246 627 ,
2281 561 2405 617 hinc
2430 564 2772 620 manifestum
2797 573 2884 620 est
2905 608 2920 631 ,
2951 566 3222 621 nemiuem
3253 581 3506 636 umquam
3537 583 3603 620 ex

2000 652 2321 707 necessitate
2349 653 2514 708 fuisse
2539 655 2758 710 malum.
2788 656 2842 712 Si
2869 666 2990 726 post
3017 654 3136 712 lucc
3158 658 3338 713 omnia
3367 674 3595 730 qumras,

2001 739 2279 796 Undenam
2311 743 2488 798 mala?
2512 759 2575 800 ex
2607 745 2818 815 ignavia
2847 745 3061 812 dicam,
3089 746 3424 822 ex_desidia,
3455 748 3601 819 quod

1995 844 2117 885 cum
2162 831 2320 889 malis
2361 847 2678 902 versemur,
2709 836 2853 907 quod
2896 837 3150 894 virtutem
3194 838 3601 909 despiciamus;

1997 919 2124 987 hinc
2157 922 2298 978 mala
2323 964 2340 990 ,
2376 923 2486 979 imo
2520 925 2684 984 etiam
2721 926 2866 997 quod
2909 937 3156 998 quaerant
3196 928 3413 1000 quidam
3458 931 3602 987 unde
3666 944 3669 947 ·

1995 1014 2134 1069 mala
2157 1015 2284 1071 sint.
2311 1016 2483 1073 Nemo
2503 1018 2652 1073 enim
2677 1027 2826 1075 recte
2846 1020 3166 1088 viventium,
3188 1036 3486 1092 eorumque
3509 1011 3602 1093 qui

1995 1103 2238 1162 modeste
2263 1114 2319 1163 et
2351 1107 2695 1164 continenter
2719 1111 2881 1165 vitam
2913 1124 3076 1182 agere
3103 1111 3471 1180 instituerunt,
3496 1113 3590 1168 hu-

1999 1195 2246 1268 iusmodi
2263 1198 2601 1267 quaastiones
2613 1208 2822 1267 movet;
2848 1199 2942 1256 sed
2958 1199 3054 1270 qui
3083 1199 3268 1268 iniqua
3286 1202 3510 1261 audent,
3541 1205 3598 1250 et

2004 1288 2422 1344 excusationem
2481 1290 2781 1360 quamdam
2795 1304 3261 1360 supervacaneam
3281 1289 3362 1343 sic
3374 1286 3596 1358 excogi-

2003 1386 2122 1435 tare
2135 1378 2351 1447 volunt,
2363 1393 2692 1436 aranearum
2711 1380 2849 1437 telas
2866 1390 3081 1436 texunt.
3105 1379 3211 1434 Sed
3227 1393 3326 1434 nos
3343 1377 3468 1434 illas
3483 1392 3596 1432 non

1993 1466 2174 1521 verbis
2200 1467 2382 1535 modo,
2405 1468 2503 1523 sed
2529 1469 2784 1540 operibus
2807 1469 3197 1540 dirompamus.
3225 1471 3343 1533 Non
3365 1472 3512 1530 enim
3535 1487 3600 1528 es

1993 1557 2315 1612 necessitate
2340 1568 2465 1614 sunt
2506 1560 2679 1615 istac.
2712 1559 2845 1616 Nam
2878 1561 2923 1616 si
2953 1577 3017 1616 ex
3051 1562 3368 1618 necessitate
3395 1573 3599 1628 essent,

1992 1662 2101 1702 non
2126 1647 2350 1704 dixisset
2373 1647 2622 1706 Christus
2652 1668 2666 1706 :
2703 1650 2792 1706 Vm
2821 1653 3016 1706 homini
3043 1653 3122 1706 illi
3152 1670 3243 1724 per
3265 1671 3413 1725 quem
3445 1671 3569 1709 scan
3589 1684 3601 1695 ο

1989 1738 2164 1793 dolum
2191 1741 2344 1796 vertit.
2373 1740 2497 1797 lllos
2525 1742 2726 1813 quippe
2751 1743 2927 1798 solum
2956 1744 3185 1799 miseros
3214 1744 3486 1814 pra-dicat,
3507 1749 3600 1817 qui

1988 1845 2059 1885 ex
2090 1832 2234 1887 malo
2268 1834 2544 1904 proposito
2569 1844 2750 1905 agunt.
2782 1834 2840 1892 Si
2872 1851 3000 1891 vero
3027 1836 3192 1904 dicat,
3217 1836 3318 1892 Per
3336 1855 3507 1909 quem,
3532 1853 3600 1895 ne

1988 1920 2222 1976 mireris.
2269 1922 2385 1979 Non
2423 1925 2570 1980 enim
2611 1935 2883 1997 tamquam
2924 1927 3031 1982 alio
3074 1943 3170 1997 per
3199 1929 3374 1998 ipsum
3404 1941 3598 2000 agente

1988 2012 2092 2068 hoc
2135 2013 2308 2082 dicit,
2352 2015 2448 2071 sed
2493 2024 2766 2088 tamquam
2809 2018 2928 2088 ipse
2972 2027 3140 2074 totum
3182 2019 3403 2075 efﬁciat.
3445 2019 3599 2078 Solet

1984 2102 2184 2174 quippe
2207 2105 2482 2176 Scriptura
2508 2105 2614 2162 Per
2636 2124 2783 2178 quem
2803 2108 3004 2172 dicere,
3029 2118 3089 2163 ut
3108 2109 3148 2164 A
3173 2125 3280 2180 quo
3299 2110 3593 2182 signiticet;

1985 2205 2044 2248 ut
2058 2194 2275 2265 quando
2291 2197 2421 2254 dicit
2438 2213 2452 2250 :
2470 2196 2685 2254 Possedi
2701 2199 2955 2256 hominem
2974 2218 3066 2271 per
3079 2200 3246 2257 Deum
3262 2201 3417 2274 (Gen.
3437 2202 3593 2274 4.1);

1983 2301 2091 2341 non
2119 2291 2410 2346 secundam
2435 2330 2453 2357 ,
2487 2291 2583 2346 sed
2613 2292 2840 2362 primam
2867 2307 3086 2348 causam
3115 2308 3344 2364 ponens.
3374 2293 3443 2349 Et
3470 2311 3590 2350 rur-

1981 2391 2095 2442 Stis,
2127 2377 2314 2434 Nonne
2341 2397 2432 2451 per
2459 2380 2626 2437 Deum
2654 2384 3002 2454 manifestatio
3022 2400 3194 2440 eorum
3218 2394 3294 2441 est
3320 2384 3473 2458 (Gen.
3498 2386 3588 2443 40.

1980 2467 2077 2536 8)?
2102 2468 2191 2538 Et,
2223 2468 2422 2527 Fidelis
2453 2470 2591 2528 Deus
2610 2512 2624 2537 ,
2655 2490 2748 2545 per
2769 2491 2918 2546 quem
2940 2478 3106 2531 vocati
3131 2477 3250 2532 estis
3274 2479 3328 2533 in
3358 2493 3588 2534 contmn-

1980 2562 2282 2642 nicationem
2305 2561 2432 2618 Filii
2459 2565 2542 2619 sui
2581 2566 2664 2635 (ί.
2699 2565 2818 2622 Cor.
2848 2569 2900 2624 Ι.
2929 2567 3011 2632 9).

2050 2654 2106 2707 ὁ.
2134 2652 2294 2736 Mala
2331 2672 2434 2712 non
2473 2673 2537 2713 ex
2571 2659 2868 2714 necessitate
2904 2669 3044 2716 sunt.
3069 2690 3140 2702 —
3167 2660 3237 2717 Ut
3263 2671 3444 2720 autem
3486 2665 3585 2720 di-

1977 2755 2099 2797 scas
2139 2758 2244 2800 nou
2274 2759 2340 2801 ex
2377 2749 2700 2805 necessitate
2729 2750 2868 2805 mala
2897 2764 3052 2817 esse,
3083 2751 3207 2806 audi
3237 2766 3301 2808 ea
3341 2769 3462 2824 qua:
3492 2769 3580 2809 sc-

1974 2843 2230 2903 quuntur.
2279 2835 2426 2890 Nam
2459 2846 2738 2909 postquam
2786 2840 2908 2895 illos
2954 2843 3182 2897 miseros
3218 2841 3468 2911 dixerat,
3513 2849 3584 2904 ita

1975 2927 2148 2999 pergit
2177 2944 2191 2981 :
2224 2928 2279 2984 8.
2323 2928 2386 2985 Si
2425 2947 2608 2984 manus
2635 2939 2725 2985 tuo
2760 2932 2836 2986 vel
2877 2949 2966 3001 pes
3002 2943 3120 2987 tuus
3144 2935 3460 2991 scandalizat
3495 2949 3543 2994 te
3564 2981 3583 3006 ,

1971 3018 2213 3072 abscinde
2239 3036 2299 3073 ea
2323 3059 2339 3084 ,
2367 3030 2414 3074 et
2451 3022 2645 3093 projice
2672 3022 2763 3077 abs
2791 3033 2859 3077 te.
2891 3022 3094 3078 Bonum
3128 3027 3262 3080 enim
3304 3027 3396 3081 tibi
3421 3041 3498 3084 est
3530 3033 3582 3084 in

1971 3107 2127 3161 vitam
2151 3110 2347 3181 ingredi
2374 3112 2587 3164 debilem
2610 3113 2686 3167 vel
2711 3113 2973 3180 claudum,
3001 3131 3154 3185 quam
3175 3116 3306 3172 duos
3327 3119 3482 3188 pedes
3503 3123 3583 3175 rel

1968 3198 2100 3253 duas
2129 3217 2308 3254 manus
2334 3200 2597 3256 Imbentem
2624 3204 2753 3257 mitti
2778 3205 2832 3259 in
2861 3206 3031 3277 ignem
3056 3217 3326 3262 aeternum.
3353 3208 3407 3266 9.
3438 3209 3507 3266 Et
3533 3216 3581 3266 si

1967 3284 2146 3343 oculus
2171 3299 2288 3344 tuus
2314 3291 2489 3345 dexter
2516 3294 2833 3350 scandalizat
2871 3305 2948 3364 te,
2976 3313 3096 3352 erue
3119 3315 3233 3353 eum
3252 3340 3268 3364 ,
3303 3310 3352 3354 et
3381 3304 3579 3374 profice

1965 3379 2057 3433 abs
2081 3389 2133 3434 te
2152 3382 2198 3436 ¹.
2224 3379 2423 3436 Bonum
2444 3384 2532 3437 tibi
2559 3394 2634 3439 est
2657 3400 2776 3440 cum
2802 3403 2906 3442 uno
2929 3386 3077 3442 oculo
3102 3389 3155 3442 in
3180 3390 3333 3444 vitam
3360 3390 3573 3460 intrare,

1964 3487 2118 3540 quam
2155 3472 2284 3526 duos
2319 3473 2498 3557 oculos
2539 3475 2803 3531 lubentem
2841 3479 2973 3532 milli
3019 3480 3073 3532 in
3122 3483 3378 3537 coruinum
3417 3483 3573 3555 ignis.

1964 3560 2081 3616 Non
2108 3563 2176 3618 de
2206 3564 2463 3621 membris
2488 3566 2605 3623 lucc
2625 3567 2755 3624 dicit
2785 3589 2800 3625 :
2825 3568 3006 3637 absit;
3035 3570 3130 3626 sed
3154 3573 3222 3628 de
3251 3575 3473 3643 amicis,
3505 3578 3576 3631 de

1966 3653 2278 3723 propinquis
2301 3695 2318 3722 ,
2356 3671 2493 3725 quos
2528 3658 2682 3726 quasi
2725 3658 2842 3721 vice
2880 3660 3245 3716 membrorum
3289 3662 3570 3721 habemus.

1962 3743 2078 3800 Hoc
2107 3746 2268 3801 etiam
2296 3762 2456 3818 supra
2485 3748 2638 3815 dixit,
2672 3759 2728 3806 et
2751 3766 2895 3808 nunc
2921 3753 3073 3808 dicit.
3105 3753 3245 3809 Nihil
3273 3757 3470 3828 quippe
3500 3763 3570 3815 ita

1962 3835 2209 3902 noxium,
2239 3847 2298 3893 ut
2325 3841 2664 3896 consuetudo
2693 3857 3002 3912 pravorum.
3027 3843 3160 3901 Nam
3189 3863 3310 3919 quae
3337 3854 3572 3908 necessi-

1962 3939 2044 3984 tas
2065 3944 2171 3986 non
2198 3940 2393 4000 potest,
2416 3947 2562 4004 sarpe
2582 3935 2816 3991 amicitia
2839 3947 3036 4007 potest,
3064 3949 3173 3996 tum
3195 3941 3262 3997 ad
3284 3942 3563 4016 damnum,

1963 4030 2073 4077 tum
2103 4023 2169 4077 ad
2202 4025 2506 4082 utilitatem.
2540 4027 2773 4099 Ideoque
2798 4045 2893 4086 eos
2919 4033 3010 4102 qui
3039 4033 3194 4090 nobis
3223 4038 3367 4091 noxii
3399 4050 3524 4094 sunt
3553 4085 3565 4103 ,

1959 4131 2081 4172 cum
2110 4119 2272 4172 multa
2302 4120 2641 4176 vehementia
2667 4123 2988 4179 abscindere
3005 4125 3177 4194 jubet,
3203 4126 3302 4183 hos
3326 4130 3564 4185 subindi-

1959 4224 2091 4265 cans
2115 4211 2205 4271 qui
2242 4212 2491 4266 scandala
2523 4211 2768 4269 aﬂ‘crent.
2815 4214 3001 4272 Viden‘
3026 4220 3298 4288 quomodo
3329 4222 3567 4280 futurum

1959 4314 2026 4354 ex
2054 4302 2318 4357 srandalis
2344 4304 2600 4358 damnum
2628 4305 2897 4376 depellat,
2930 4307 3056 4363 dum
3089 4312 3367 4383 prtedicit,
3395 4331 3532 4373 even
3550 4355 3564 4362 ο

1960 4401 2076 4446 tura
2107 4393 2192 4447 illa
2223 4408 2366 4457 esse,
2402 4403 2459 4448 ut
2484 4397 2752 4452 neminem
2785 4398 2837 4453 in
2867 4399 3071 4455 desidia
3098 4403 3378 4473 degentem
3408 4423 3552 4478 repe

1959 4483 2119 4548 riant,
2148 4483 2240 4538 sed
2272 4493 2649 4554 exspectantes
2675 4487 2759 4541 illa
2792 4489 3011 4560 vigilent
3035 4534 3052 4558 ,
3082 4495 3224 4563 quod
3253 4499 3554 4565 prmdixerit

1959 4573 2188 4628 maxima
2221 4574 2334 4629 fore
2371 4577 2549 4630 mala?
2589 4577 2704 4633 Non
2731 4581 2874 4634 enim
2915 4583 3233 4652 simpliciter
3266 4588 3435 4658 dixit,
3475 4590 3566 4644 Vo:

1957 4666 2149 4720 mundo
2175 4684 2205 4719 a
2241 4669 2516 4734 scandulis,
2546 4671 2639 4726 sed
2666 4681 2947 4743 postquam
2972 4679 3282 4734 ostenderat
3308 4698 3558 4753 magnam

1957 4757 2170 4812 illorum
2191 4760 2502 4828 perniciem.
2525 4761 2657 4816 Cum
2680 4771 2859 4818 autem
2884 4768 3139 4823 miserum
3164 4773 3418 4840 praedicat
3435 4793 3562 4830 eum

1955 4849 2047 4917 qui
2091 4848 2343 4904 scandala
2389 4850 2629 4918 invehit,
2669 4854 2843 4924 majus
2873 4856 2998 4912 hinc
3032 4858 3149 4916 fore
3177 4863 3558 4924 detrimentum

1957 4944 2212 4999 ostendit.
2241 4946 2373 4999 Nam
2406 4962 2528 5002 cum
2555 4950 2706 5018 dicit,
2746 4950 3100 5008 Verumtamen
3127 4971 3201 5010 va:
3229 4957 3423 5012 homini
3448 4963 3555 5027 illi,

1958 5051 2208 5107 magnum
2241 5038 2438 5094 indicat
2461 5043 2814 5112 supplicium;
2848 5061 3022 5115 neque
3050 5049 3099 5102 id
3128 5050 3466 5106 solummodo
3490 5054 3559 5110 fa-

1955 5129 2063 5193 cit,
2091 5129 2184 5185 sed
2212 5133 2442 5200 exempli
2471 5134 2837 5193 additamenta
2866 5139 3115 5195 timorem
3145 5153 3324 5213 anget.
3360 5145 3560 5204 Deinde

1959 5220 2041 5276 his
2070 5237 2177 5277 nm
2207 5234 2510 5292 contentus,
2540 5228 2682 5284 viam
2711 5240 2995 5297 monstrat,
3025 5251 3128 5303 qua
3159 5236 3411 5292 scandala
3439 5255 3556 5308 pos-

1957 5314 2127 5369 simus
2151 5315 2406 5388 el‘l‘ugere.
2438 5319 2693 5386 annnam
2726 5323 2810 5376 illa
2837 5325 2957 5378 est?
2994 5324 3273 5395 Improbos
3296 5369 3311 5396 ,
3346 5331 3513 5401 inquit
3541 5375 3554 5401 ,

1957 5409 2200 5475 quamvis
2241 5410 2528 5465 admodum
2573 5414 2664 5468 tibi
2711 5417 2819 5469 sint
2859 5419 3051 5485 amici,
3082 5422 3152 5477 ab
3192 5424 3423 5478 amicitia
3471 5438 3555 5480 tua

1961 5500 2249 5567 abscinde;
2276 5503 2722 5574 incluctahileque
2748 5507 2840 5562 tibi
2864 5511 3018 5565 atl'crt
3041 5513 3399 5570 ratiocinium.
3425 5516 3556 5572 Nam

2028 5647 2044 5719 ξ
2072 5645 2128 5719 _l_n
2157 5647 2317 5719 Editis
2344 5653 2494 5719 vulgo
2522 5657 2707 5719 legitur
2731 5655 2994 5719 ignaviam.

2235 5709 2500 5784 €’_I"'"ii¢'c
2541 5709 2625 5767 αὖε
2669 5709 2868 5777 multa
2911 5723 3068 5770 codex
3112 5736 3236 5774 unus
3285 5728 3474 5786 luctir,
3517 5732 3564 5775 in

1967 5773 2134 5819 (irnzco
2156 5773 2427 5826 omisimus.
