4174 6332
674 326 777 381 579

667 453 711 504 si
735 448 888 504 amici
904 447 982 501 tui
1003 437 1270 506 maneant,
1290 455 1461 507 neque
1477 437 1594 492 illos
1609 435 1917 498 lucraberis,
1937 443 1988 486 et
2011 433 2235 500 teipsnm

670 542 876 610 perdes.
907 537 963 594 Si
991 533 1287 595 abscindas,
1319 531 1542 584 salutem
1573 537 1628 581 tu
1655 527 1843 582 saltem
1869 523 2230 592 consequeris.

666 629 1040 698 Quamobrem,
1070 625 1114 679 si
1139 622 1429 692 cujuspiam
1457 630 1506 673 te
1532 617 1759 672 amicitia
1784 613 1958 678 laedat,
1987 612 2236 668 exscinde

667 723 807 775 illum
831 718 926 772 abs
953 727 1022 771 te.
1051 715 1178 770 Nam
1202 713 1243 767 si
1267 712 1501 766 membra
1528 718 1702 763 nostra
1727 703 2008 774 aliquando
2028 704 2236 758 abscin-

671 813 856 874 t'imus,
885 819 1005 862 cum
1035 802 1343 860 insanabilia
1373 809 1494 855 sunt
1521 809 1832 864 ueterisque
1859 794 2112 848 membris
2140 808 2233 847 no-

660 912 802 964 cent,
828 900 992 954 multo
1013 897 1179 966 magis
1203 895 1401 948 amicos
1427 904 1700 945 removere
1723 896 1952 954 oportet.
1978 883 2031 940 Si
2058 896 2230 937 autem

659 1008 726 1048 ex
758 1002 939 1044 natura
970 996 1147 1044 essent
1176 987 1342 1049 mala,
1377 983 1558 1037 inutile
1589 980 1842 1034 monitum
1871 987 1927 1031 et
1951 975 2228 1030 consilium

658 1095 821 1146 esset,
845 1079 1106 1151 superﬂua
1130 1077 1497 1148 pncdictorum
1521 1073 1694 1127 cautio
1715 1089 1726 1122 :
1747 1072 1788 1124 si
1815 1086 1920 1124 non
1941 1066 2227 1136 superﬂua,

658 1183 709 1226 ut
746 1187 866 1224 vere
893 1187 994 1224 non
1021 1166 1280 1235 superﬂua
1309 1174 1408 1228 est,
1441 1163 1610 1231 palam
1637 1171 1715 1215 est
1740 1158 2026 1226 nequitiam
2049 1171 2112 1210 es
2137 1170 2228 1209 vo-

658 1265 856 1316 luntate
886 1275 1022 1314 esse.
1056 1258 1139 1312 10.
1184 1255 1359 1310 Videte
1397 1271 1459 1307 ne
1490 1250 1817 1305 contemnatis
1858 1265 2013 1301 unum
2050 1262 2114 1300 ea:
2151 1246 2228 1298 his

658 1353 873 1421 pusillis.
906 1349 1028 1401 Dico
1057 1363 1186 1401 enim
1206 1345 1367 1408 nobis,
1396 1344 1512 1413 quia
1535 1342 1709 1411 angeli
1735 1355 1906 1393 eorum
1933 1351 2124 1405 semper
2150 1337 2226 1389 vi-

656 1448 772 1497 dent
799 1442 974 1513 faciem
997 1438 1169 1493 Putris
1193 1437 1288 1490 mei
1306 1437 1390 1501 qui
1415 1436 1467 1487 in
1493 1433 1627 1486 aclis
1649 1440 1739 1484 est.
1759 1429 1993 1483 IPusillos
2016 1427 2099 1481 hic
2121 1442 2224 1479 non

655 1548 777 1587 vere
809 1545 996 1601 parvos
1020 1540 1192 1592 vocat,
1219 1527 1310 1581 sed
1337 1540 1429 1579 eos
1453 1524 1539 1593 qui
1568 1523 1704 1593 apud
1733 1521 1926 1574 mullos
1955 1519 2089 1573 tales
2115 1519 2227 1572 exi-

653 1627 969 1688 stimantur,
1003 1634 1261 1690 pauperes
1288 1617 1440 1681 dico,
1473 1617 1633 1675 viles,
1668 1615 1901 1683 ignotus,
1937 1610 2225 1682 (quomodo

649 1713 792 1767 enim
839 1711 1058 1782 pusillus
1091 1709 1159 1762 sit
1196 1708 1283 1780 qui
1327 1714 1436 1760 toto
1479 1703 1673 1758 mundo
1713 1703 1919 1772 dignior
1950 1701 2070 1755 est?
2095 1713 2226 1769 quo-

651 1805 809 1859 modo
832 1803 1050 1871 pusillus
1071 1800 1157 1862 sit,
1180 1800 1268 1868 qui
1291 1808 1373 1852 est
1395 1797 1484 1851 Dei
1506 1795 1765 1861 amicus?)
1786 1793 1878 1848 sed
1900 1793 1976 1847 sic
1996 1793 2224 1860 appellat

650 1910 744 1948 eos
769 1893 855 1962 qui
896 1893 946 1947 in
978 1890 1118 1959 vulgi
1147 1888 1396 1955 opinione
1427 1886 1558 1940 tales
1596 1893 1736 1938 sunt.
1779 1883 1959 1952 Neque
1986 1883 2125 1935 enim
2155 1882 2221 1936 de

649 1986 827 2039 multis
859 1981 1116 2051 loquitur,
1148 1981 1240 2034 sed
1267 1988 1320 2034 et
1348 1979 1415 2032 de
1447 1993 1553 2031 uno
1581 1985 1814 2036 tantum;
1848 1973 2074 2041 indeque
2102 1988 2220 2025 rur-

649 2090 740 2129 sus
767 2075 994 2130 excltnlit
1033 2072 1400 2126 scamlalorunt
1442 2069 1665 2136 plurium
1703 2073 2103 2120 nocumentum.
2156 2061 2221 2118 Ut

650 2167 790 2221 enim
819 2165 986 2218 malos
1012 2164 1208 2232 fugere,
1238 2162 1312 2213 sic
1339 2161 1502 2214 bonos
1529 2158 1810 2220 honorare,
1840 2155 2043 2209 lucrum
2070 2155 2220 2207 atl'crt

652 2259 936 2312 niaximum
966 2271 979 2307 :
1012 2270 1073 2308 ac
1100 2255 1286 2322 duplex
1334 2252 1455 2306 inde
1483 2250 1682 2303 utilitas
1713 2247 2001 2302 atlendenti
2033 2260 2215 2316 prove-

646 2349 753 2410 nit;
784 2346 946 2398 altera
975 2359 1038 2397 ex
1069 2360 1131 2398 eo
1157 2342 1295 2414 quod
1323 2339 1789 2397 scandalizantium
1816 2337 2074 2391 amicitias
2102 2337 2218 2403 quis

647 2447 908 2493 removeat
932 2451 948 2499 ;
972 2435 1132 2488 altera
1151 2447 1219 2487 ex
1243 2448 1306 2485 eo
1328 2431 1467 2501 quod
1491 2440 1701 2483 sanctos
1725 2427 1914 2481 habeat
1940 2428 1990 2478 in
2016 2424 2219 2482 honore

645 2545 707 2583 ac
737 2527 1048 2582 reverentia.
1082 2525 1278 2578 Deinde
1303 2522 1402 2575 alia
1432 2521 1590 2575 etiam
1618 2520 1822 2573 ratione
1853 2517 1972 2570 illos
1997 2530 2219 2569 venera-

647 2623 780 2673 biles
809 2618 999 2678 reddit,
1027 2617 1210 2670 dicens
1236 2633 1247 2666 :
1281 2613 1412 2678 Quia
1439 2611 1604 2680 angeli
1633 2626 1803 2663 eorum
1831 2623 2026 2675 semper
2050 2607 2217 2658 vident

645 2712 824 2781 faciem
862 2705 1032 2761 Patris
1071 2705 1166 2758 mei
1202 2705 1287 2770 qui
1316 2712 1387 2755 est
1428 2702 1478 2753 in
1516 2700 1672 2752 culis.
1718 2698 1851 2751 llinc
1882 2695 2215 2751 manifestum

642 2813 722 2854 est
749 2839 766 2862 ,
813 2807 1024 2852 sanctos
1066 2809 1250 2849 omnes
1291 2793 1359 2848 ibi
1403 2793 1616 2860 angelos
1665 2790 1878 2847 habere.
1927 2785 2215 2857 Apostolus

641 2889 783 2942 enim
809 2886 883 2940 ait
904 2885 972 2939 de
996 2883 1236 2944 muliere,
1264 2891 1509 2948 oportere
1535 2893 1650 2933 eam
1677 2885 1986 2946 potestatem
2007 2915 2021 2937 ,
2049 2874 2102 2930 id
2133 2883 2212 2928 est

641 2977 900 3037 velamen,
930 2987 1093 3041 super
1119 2978 1272 3038 caput
1301 2970 1495 3022 habere
1518 2975 1730 3036 propter
1750 2965 1966 3034 angelos
1988 2964 2062 3034 (Ι.
2091 2964 2209 3017 Cor.

644 3067 667 3120 1
687 3066 731 3118 Ι.
755 3063 842 3134 10)
865 3079 880 3126 ;
904 3071 958 3116 et
978 3060 1184 3131 Moyses
1205 3077 1216 3111 :
1241 3058 1427 3112 Statuit
1449 3058 1682 3109 terminos
1703 3057 1923 3124 gentium
1942 3053 2213 3108 secundum

642 3171 905 3210 numerum
929 3155 1218 3223 angelorum
1251 3149 1342 3202 Dei
1373 3149 1556 3219 (Deut.
1586 3149 1672 3201 32.
1706 3145 1799 3218 8).
1830 3146 1926 3200 llic
1955 3161 2082 3199 vero
2107 3159 2210 3199 non

638 3247 708 3302 dc
737 3244 940 3315 angelis
970 3251 1170 3296 tantum
1199 3239 1446 3310 loquitur,
1478 3238 1570 3292 sed
1597 3238 1664 3291 de
1688 3237 1890 3305 angelis
1915 3233 2210 3303 superemi-

640 3335 904 3392 nentibus.
933 3331 1064 3388 Cum
1090 3342 1266 3385 autem
1295 3329 1418 3383 dicit
1442 3368 1458 3393 ,
1493 3326 1694 3380 Faciem
1725 3325 1896 3378 Patris
1923 3325 2048 3386 mei,
2081 3324 2209 3378 nihil

637 3425 778 3478 aliud
811 3439 970 3493 quam
1001 3421 1253 3489 majorem
1286 3419 1527 3473 fiduciam
1553 3427 1608 3473 et
1638 3417 1935 3470 libertatem
1961 3414 2087 3470 dicit
2112 3456 2128 3480 ,
2157 3424 2209 3470 et

639 3517 859 3570 multum
885 3514 1162 3572 honorem.
1208 3512 1294 3565 Η.
1339 3508 1479 3562 Venit
1505 3509 1636 3562 enim
1670 3505 1835 3560 Filius
1861 3506 2076 3559 hominis
2102 3507 2209 3560 sul-

635 3625 748 3662 cum
775 3609 939 3677 facere
960 3605 1095 3676 quod
1126 3603 1356 3674 perierat.
1405 3601 1558 3656 Aliud
1598 3615 1778 3654 rursus
1806 3597 1961 3651 affert
1991 3597 2206 3651 ratioci-

637 3700 779 3754 uitnn
803 3699 980 3766 priore
1003 3695 1226 3756 firmius,
1255 3703 1307 3747 et
1329 3692 1630 3762 parabolatn
1652 3690 1851 3758 adjicit,
1871 3705 1970 3758 qua
1999 3689 2207 3766 Patgem

635 3789 833 3845 indui-it
875 3789 987 3847 lucc
1026 3785 1322 3839 volentem;
1354 3784 1438 3836 te.
1477 3781 1613 3848 Quid
1639 3782 1770 3836 enim
1803 3782 1939 3833 vobis
1973 3780 2167 3834 videtur
2188 3823 2204 3845 ,

635 3879 823 3948 inquit,
855 3878 899 3931 si
927 3876 1113 3948 thesin!
1134 3875 1286 3928 alicui
1313 3873 1501 3927 homini
1526 3881 1719 3925 centum
1743 3888 1876 3936 oves,
1905 3879 1950 3924 et
1970 3872 2207 3924 erraverit

633 3988 735 4024 una
779 3985 840 4026 ex
878 3968 1001 4039 ipsis
1025 4008 1037 4032 ,
1069 3983 1233 4020 nonne
1276 3965 1557 4034 relinquens
1593 3963 1864 4032 nonaginta
1895 3971 2104 4027 novent,
2140 3962 2209 4015 ad

631 4071 822 4115 montes
862 4060 1111 4129 profectus
1149 4057 1327 4126 quierit
1365 4053 1652 4107 errantem?
1677 4053 1763 4107 i5.
1794 4053 1857 4106 Et
1883 4053 1926 4105 si
1949 4054 2207 4123 contigerit

630 4163 689 4204 ut
723 4151 940 4204 inveniat
969 4164 1078 4202 eam
1102 4189 1115 4211 ,
1146 4147 1329 4217 gaudet
1356 4161 1505 4212 super
1541 4160 1600 4196 ea
1634 4143 1826 4214 magis,
1867 4159 2018 4213 quam
2058 4159 2209 4210 super

633 4240 906 4310 ιιυιιυρὶιιια
932 4253 1102 4291 novent
1125 4277 1140 4301 ,
1170 4251 1283 4306 qua
1305 4251 1406 4287 non
1431 4242 1739 4286 erraverunt.
1782 4233 1868 4286 14.
1904 4230 1989 4284 Ita
2010 4249 2109 4286 non
2134 4242 2207 4286 est

629 4333 857 4384 voluntas
877 4345 1044 4383 coram
1068 4326 1222 4380 Patre
1243 4335 1402 4379 vestro
1419 4325 1457 4388 ί,
1485 4333 1539 4377 ut
1564 4333 1730 4393 pereat
1752 4340 1880 4377 unus
1900 4322 1963 4377 de
1985 4324 2206 4394 parvulis

632 4424 756 4476 istis.
790 4420 972 4483 Viden’
996 4429 1123 4489 quot
1148 4418 1319 4472 modis
1348 4431 1444 4469 nos
1469 4415 1678 4470 inducat
1704 4415 1769 4468 ad
1792 4429 1972 4469 curam
1997 4415 2078 4469 vel
2105 4417 2207 4469 mi-

633 4514 895 4566 uitnorutn
919 4508 1174 4562 fratrum?
1193 4505 1268 4561 Ne
1293 4507 1465 4574 itaque
1485 4504 1702 4570 dixeris,
1729 4503 1972 4558 IErarius
1987 4513 2066 4559 est
2092 4503 2202 4570 ille,

628 4612 723 4655 aut
749 4601 1049 4654 calceorum
1077 4607 1245 4661 sutor,
1275 4596 1540 4664 agricola,
1571 4594 1846 4664 insipiens,
1879 4602 1936 4648 ut
1963 4595 2082 4649 ideo
2108 4594 2205 4649 de-

633 4691 826 4758 spicias
853 4680 1018 4743 illum.
1045 4686 1120 4741 Ne
1140 4687 1279 4741 etaim
1308 4687 1361 4739 in
1387 4685 1515 4740 illud
1543 4686 1665 4738 tnali
1695 4685 1914 4749 incidas,
1941 4685 2206 4755 perpende

633 4790 764 4850 quot
793 4779 962 4834 modis
993 4789 1042 4832 te
1069 4778 1298 4839 inducat,
1331 4787 1386 4829 ut
1415 4777 1650 4830 modeste
1676 4791 1803 4846 agas
1825 4786 1878 4831 et
1902 4792 2084 4831 eorum
2113 4792 2208 4832 cn-

631 4887 742 4923 t'ant
771 4883 942 4940 geras.
973 4868 1200 4922 Puerum
1231 4868 1282 4919 in
1312 4866 1485 4920 medio
1514 4867 1733 4932 statuit,
1766 4877 1819 4920 et
1852 4868 1922 4920 ait
1951 4885 1964 4920 :
1997 4867 2204 4921 Efficia-

633 4962 759 5014 ntini
793 4968 849 5012 ut
891 4958 1126 5028 parvuli;
1163 4968 1248 5022 et,
1295 4957 1604 5024 Quicumque
1637 4961 1907 5032 susceperit
1941 4960 2203 5028 paruulum

634 5055 780 5106 talem
805 5092 818 5116 ,
849 5066 928 5103 me
962 5050 1204 5117 suscipit;
1228 5058 1282 5102 et
1306 5089 1320 5110 ,
1351 5047 1450 5113 Qui
1487 5047 1894 5102 scandalizaverit
1918 5091 1932 5113 ,
1963 5058 2200 5102 extrema

1375 324 1430 376 S.
1469 318 1742 384 JDANNIS
1778 315 2248 374 CHRYSOSTUMI
2289 315 2603 370 AlttllllEP.
2645 313 3171 372 CONSTANTINOP.

3816 309 3919 363 Stin

2343 432 2556 485 hominis
2579 432 2771 486 salvum
2795 434 2959 500 facere
2981 432 3117 499 quod
3140 431 3372 500 perierat,
3395 446 3608 487 crucem
3630 433 3909 504 signiﬁcat,

2340 521 2784 591 quemadmodum
2827 530 2880 576 ct
2922 520 3116 576 Paulus
3157 524 3267 581 ait,
3317 521 3384 576 de
3429 522 3588 577 fratre
3628 525 3906 579 scribens:
3982 569 3987 577 .

2343 613 2559 682 PrOpter
2584 631 2728 684 quem
2756 613 2984 670 Christus
3024 623 3247 667 mortuus
3272 624 3344 666 est
3375 612 3565 685 [Rana
3599 616 3685 669 M.
3729 614 3904 686 ιδῃ,

2337 706 2477 761 etde
2503 705 2658 760 Patre
2684 704 2724 768 ί,
2758 704 2897 775 quod
2929 719 3034 759 non
3065 705 3161 772 ipsi
3195 705 3416 772 placeat.
3450 704 3493 758 si
3526 714 3742 774 pereat;
3771 716 3822 759 et
3845 721 3910 761 es

2335 798 2601 854 communi
2629 798 3032 860 consuetudine,
3063 796 3202 865 quod
3233 808 3434 865 pastor,
3465 797 3660 850 relictis
3697 797 3762 850 iis
3792 812 3911 865 qu:e
3958 847 3962 856 λ

2336 891 2494 944 salvae
2514 898 2682 950 erant,
2707 904 2825 943 eam
2847 897 3050 956 qumrat
3071 904 3189 956 quae
3215 896 3504 954 erraverat,
3533 900 3582 942 et
3607 904 3728 944 cum
3762 894 3908 944 inve-

2337 980 2474 1034 nerit
2491 1021 2508 1045 ,
2540 981 2762 1034 multum
2793 978 3002 1033 laetetur
3024 976 3092 1033 de
3119 978 3288 1031 salute
3313 977 3450 1045 ejus.

2402 1073 2456 1128 5.
2484 1060 2540 1127 Si
2569 1085 2698 1138 ergo
2727 1071 2864 1124 Deus
2893 1068 2964 1123 ita
2986 1067 3179 1138 gaudet
3203 1067 3270 1122 de
3303 1067 3523 1137 parvulo
3547 1067 3635 1138 qui
3665 1081 3909 1139 repertus

2333 1170 2435 1227 est,
2467 1177 2564 1216 cur
2590 1171 2641 1215 tu
2662 1159 2892 1230 despicis
2914 1174 3006 1213 eos
3026 1173 3162 1228 quos
3189 1159 3323 1214 Deus
3351 1169 3457 1213 tam
3486 1160 3714 1214 sollicite
3734 1171 3906 1226 curat,

2331 1268 2450 1308 cum
2498 1261 2770 1322 oporteret
2810 1251 3040 1322 animam
3089 1251 3256 1318 ipsam
3303 1251 3513 1305 tradere
3559 1267 3655 1320 pro
3693 1267 3800 1304 uno
3843 1268 3904 1314 ex

2331 1343 2568 1414 parvulis
2602 1342 2757 1396 istis?
2786 1341 2890 1396 Sed
2937 1342 3177 1395 intlrmus
3211 1351 3293 1396 est
3335 1350 3389 1395 et
3429 1340 3764 1396 imbecillus?
3789 1342 3908 1397 Ideo

2331 1435 2561 1488 maxime
2589 1433 2720 1487 nihil
2747 1447 2851 1486 non
2874 1431 3132 1500 agendum
3158 1440 3257 1495 est,
3289 1443 3346 1485 ut
3375 1431 3519 1487 illum
3541 1448 3742 1487 serves.
3774 1433 3904 1487 Nam

2330 1534 2383 1578 et
2411 1524 2523 1592 ipse
2548 1523 2830 1591 nonaginta
2855 1537 3042 1576 novem
3080 1523 3280 1577 relictis
3306 1522 3516 1587 ovibus,
3545 1525 3611 1577 ad
3640 1523 3782 1578 illam
3817 1541 3905 1580 vc-

2329 1615 2423 1678 nit,
2455 1603 2552 1668 nec
2592 1615 2762 1682 potuit
2798 1622 2873 1667 tot
2915 1612 3188 1678 hominum
3236 1613 3378 1667 salus
3423 1613 3579 1668 unius
3620 1616 3903 1682 perniciem

2328 1703 2636 1757 obscurare.
2667 1702 2838 1758 Lucas
2867 1717 2996 1757 vero
3025 1704 3191 1773 ipsum
3220 1719 3336 1758 eam
3362 1703 3598 1759 lutmcris
3623 1707 3906 1761 sustulisse

2326 1797 2418 1858 ait,
2460 1804 2513 1850 et
2560 1794 2730 1864 majus
2773 1795 3022 1864 gaudium
3065 1794 3246 1850 haberi
3289 1811 3450 1864 super
3495 1813 3599 1850 uno
3627 1808 3904 1866 peccatore

2327 1885 2689 1953 paenitentiam
2738 1893 2961 1953 agente,
3010 1899 3166 1954 quam
3203 1900 3363 1954 super
3402 1888 3684 1956 nonaginta
3713 1903 3904 1943 novem

2321 1978 2480 2046 justis
2509 1975 2655 2050 (Luc.
2691 1976 2776 2030 lii.
2807 1977 2858 2032 5.
2893 1976 2970 2039 7).
3016 1974 3147 2030 Cum
3178 1992 3306 2034 vero
3332 1988 3615 2048 propterea
3645 1979 3782 2045 illos,
3814 1996 3903 2048 qm

2324 2070 2438 2122 sani
2470 2079 2523 2123 et
2554 2069 2685 2122 salvi
2709 2077 2878 2129 erant,
2911 2068 3144 2136 ra-liquit,
3187 2077 3240 2121 et
3266 2067 3335 2123 de
3359 2067 3459 2122 hoc
3489 2070 3708 2125 reducto
3737 2073 3904 2141 magis

2323 2160 2614 2214 delectatus
2645 2169 2748 2225 est,
2778 2158 2994 2212 multant
3035 2158 3265 2212 ostendit
3303 2159 3401 2213 hac
3441 2160 3491 2213 in
3516 2176 3571 2214 re
3598 2175 3800 2214 curam.
3829 2160 3904 2215 Ne

2325 2250 2499 2317 itaque
2536 2250 2668 2302 tales
2695 2251 2900 2302 animas
2940 2247 3454 2317 tmgligantus.-llzec
3489 2250 3684 2320 quippe
3723 2251 3904 2305 omnia

2329 2339 2464 2393 hanc
2489 2340 2558 2393 ob
2586 2353 2797 2394 canantn
2826 2339 2961 2392 dicta
3000 2351 3144 2393 sunt.
3187 2338 3316 2394 Nam
3345 2355 3468 2394 eum
3497 2345 3727 2396 minatur
3751 2359 3900 2405 cunt,

2323 2435 2411 2500 qui
2445 2441 2547 2484 non
2579 2430 2825 2499 parvulus
2859 2431 3117 2494 efficitur,
3165 2447 3269 2486 non
3309 2434 3622 2487 intraturum
3659 2435 3709 2488 in
3739 2437 3904 2491 melos

2329 2535 2466 2585 esse,
2498 2531 2553 2576 et
2593 2535 2712 2575 cum
2755 2520 2946 2574 molam
2992 2532 3272 2584 memorat,
3305 2525 3664 2593 arrogantium
3703 2525 3900 2580 fastum

2321 2610 2575 2680 deprimit
2599 2610 2749 2681 (nihil
2793 2611 2935 2665 enim
2973 2611 3045 2665 ita
3073 2613 3279 2667 caritati
3321 2625 3614 2684 repugnat,
3657 2626 3714 2670 ut
3751 2632 3903 2671 arra.

2318 2701 2518 2771 gantia)
2556 2716 2570 2765 ;
2613 2715 2733 2754 cum
2760 2715 2887 2756 vero
2919 2701 3066 2765 dicit,
3099 2701 3315 2758 Necesse
3343 2715 3413 2756 est
3438 2717 3491 2757 nt
3520 2707 3717 2758 vestiant
3745 2724 3903 2760 scan-

2318 2793 2457 2853 dala,
2489 2792 2847 2862 vigilantiores
2877 2793 3086 2858 reddit;
3120 2808 3182 2848 ac
3209 2811 3329 2848 cum
3363 2795 3565 2862 adjicit,
3601 2795 3688 2851 Vae
3712 2798 3790 2851 illi
3812 2816 3904 2867 per

2317 2899 2464 2952 quem
2484 2881 2782 2935 scandalum
2805 2883 2957 2948 venit,
2982 2881 3031 2935 id
3055 2891 3208 2938 curat
3238 2891 3296 2938 ut
3325 2883 3513 2952 singuli
3542 2887 3789 2940 studeant
3833 2903 3902 2944 ne

2319 2987 2413 3042 per
2439 2987 2498 3027 se
2518 2971 2824 3026 scandalum
2855 2972 3065 3037 veniat;
3110 2990 3229 3027 cmn
3275 2973 3422 3042 jubet
3451 2985 3623 3030 autem
3656 2978 3902 3034 exscindi

2315 3077 2409 3118 ws
2439 3063 2527 3132 qui
2573 3061 2953 3125 scandalizant,
2982 3061 3206 3117 salutem
3242 3062 3529 3118 faciliorem
3551 3067 3742 3134 efﬁcit;
3772 3083 3903 3122 cum

2316 3153 2550 3224 ντωιιὶιιιι
2565 3168 2630 3208 ηε
2644 3153 2891 3207 minimos
2908 3163 3331 3218 contemnamus,
3353 3170 3451 3210 nec
3463 3157 3620 3210 modo
3633 3158 3903 3228 prmcipit,

2315 3243 2408 3298 sed
2453 3258 2572 3299 cum
2603 3242 2935 3301 vehementia
2964 3245 3107 3313 (nam
3148 3247 3242 3309 ait,
3288 3244 3456 3299 Videte
3480 3264 3542 3301 ne
3567 3253 3908 3304 contemnatts

2315 3351 2474 3390 unum
2498 3351 2560 3388 ea:
2586 3335 2664 3389 his
2697 3335 2963 3403 minimis),
2991 3345 3043 3390 et
3087 3351 3206 3390 cum
3236 3335 3383 3401 dicit,
3419 3339 3599 3408 Δηρετί
3626 3356 3800 3396 eorum
3831 3343 3908 3395 oi-

2313 3427 2429 3479 dent
2455 3425 2635 3494 {aciem
2669 3423 2838 3478 Patris
2865 3425 2998 3489 mei;
3042 3434 3117 3491 et,
3167 3425 3292 3480 Ideo
3319 3429 3429 3481 veni
3469 3445 3600 3499 ego;
3629 3441 3702 3496 et,
3736 3429 3910 3486 Pater

2313 3529 2454 3567 meus
2481 3514 2574 3568 hoc
2601 3515 2703 3568 vult
2728 3529 2748 3568 :
2779 3515 2900 3570 illus
2928 3515 3018 3586 qui
3047 3532 3231 3571 eorum
3271 3533 3455 3574 curam
3499 3519 3723 3576 habituri
3767 3533 3911 3578 sunt

2312 3602 2679 3672 diligentiores
2704 3603 2898 3658 reddit.

2383 3691 2520 3746 Deus
2543 3704 2788 3761 quantum
2813 3694 3025 3747 salutent
3050 3695 3306 3750 hominum
3333 3707 3491 3752 curet.
3518 3698 3747 3755 Salutem
3775 3718 3912 3772 pro-

2308 3784 2435 3838 ximi
2463 3801 2554 3838 nos
2594 3802 2773 3839 curare
2800 3796 3013 3855 oportet.
3037 3817 3109 3827 —-
3140 3786 3324 3844 Viden‘
3345 3802 3543 3860 quanto
3579 3807 3730 3850 muro
3773 3792 3911 3852 illos

2310 3875 2759 3939 circummunivit,
2803 3885 2860 3931 et
2897 3887 3148 3946 quantam
3176 3880 3256 3933 vel
3302 3880 3547 3935 viliorum
3577 3891 3630 3936 et
3660 3897 3912 3950 percun-

2312 3967 2442 4020 tium
2465 3966 2874 4022 sollicitudinem
2901 3977 3071 4036 gerat,
3100 3971 3237 4024 mala
3270 3973 3604 4026 comminans
3633 3973 3912 4032 intolera-

2312 4057 2439 4111 bilia
2469 4057 2533 4111 iis
2560 4057 2652 4126 qui
2679 4059 3022 4128 supplantant
3055 4060 3219 4128 ipsos,
3256 4070 3309 4114 et
3337 4077 3528 4132 magna
3574 4065 3914 4132 promittens

2312 4147 2450 4202 bona
2488 4149 2554 4203 iis
2587 4148 2674 4218 qui
2708 4149 3013 4204 ministrant
3048 4151 3174 4217 illis,
3221 4152 3468 4222 ipsosque
3495 4163 3701 4218 curant,
3732 4155 3915 4227 idque

2311 4255 2408 4295 suo
2444 4249 2606 4309 atque
2647 4239 2818 4295 Patris
2857 4241 3104 4311 exemplo
3147 4244 3464 4298 continuati
3506 4244 3654 4300 llunc
3693 4255 3748 4302 ct
3803 4263 3916 4303 nos

2311 4333 2614 4394 imitemur,
2657 4331 2786 4386 nihil
2829 4342 3137 4388 recusantes
3179 4348 3364 4388 eorum
3412 4351 3530 4404 qua:
3574 4335 3798 4391 humilia
3855 4348 3918 4394 et

2308 4422 2570 4476 laboriosa
2601 4422 2848 4476 videntur
2880 4438 2975 4492 pro
3020 4423 3270 4478 fratribus
3310 4426 3581 4495 suscipere
3611 4444 3624 4478 :
3663 4427 3763 4481 sed
3798 4431 3919 4486 etsi

2311 4515 2617 4568 ministrare
2644 4523 2906 4582 oporteat,
2944 4514 3058 4568 sive
3087 4530 3299 4583 parvus,
3342 4517 3455 4571 sive
3498 4510 3616 4571 vilis
3656 4517 3920 4577 fueritis

2307 4605 2462 4674 cujus
2486 4620 2644 4661 causa
2678 4605 2778 4659 hoc
2819 4620 2953 4676 opus
2993 4606 3320 4676 suscipitur;
3359 4611 3699 4678 quantumvis
3738 4611 3919 4668 labo-

2308 4695 2448 4749 riosa
2491 4710 2579 4750 res
2627 4697 2813 4761 fuerit;
2857 4697 2957 4752 etsi
3000 4706 3242 4766 oporteat
3281 4708 3488 4754 montes
3514 4711 3566 4754 et
3594 4704 3918 4771 prmcipitia

2311 4786 2652 4857 pet-transire,
2676 4788 2851 4841 omnia
2870 4788 3166 4843 tolerantur
3183 4805 3278 4859 pro
3297 4791 3465 4846 salute
3487 4791 3687 4846 fratris.
3719 4792 3923 4852 Tanta

2307 4877 2502 4947 quippe
2531 4887 2612 4932 est
2645 4879 2890 4933 Deocura
2913 4877 2980 4932 de
3007 4880 3202 4943 anima,
3229 4889 3372 4936 utne
3391 4881 3528 4936 Filio
3546 4882 3773 4952 quidem
3807 4902 3923 4942 suo

2311 4969 2604 5037 pepercerit
2632 4969 2807 5038 (Rom.
2855 4970 2906 5024 8.
2942 4968 3056 5039 3'2).
3087 4969 3265 5037 Quare
3293 4970 3553 5036 obsecro,
3599 4974 3788 5043 primo
3829 4978 3924 5033 di-

2306 5059 2482 5114 luculo
2509 5073 2630 5112 cum
2673 5075 2702 5111 a
2731 5058 2892 5112 domo
2924 5060 3235 5127 esierimus,
3281 5062 3420 5116 hunc
3466 5079 3626 5121 unum
3663 5079 3924 5137 scon

635 5143 881 5211 patietur.
916 5140 1094 5210 Neque
1118 5147 1398 5194 contentus
1425 5137 1521 5192 fuit
1544 5139 1783 5207 exemplo
1812 5139 1986 5205 make,
2015 5138 2108 5194 sed
2141 5139 2209 5193 ii-

637 5233 723 5286 lud
766 5231 852 5284 Vte
874 5231 1092 5295 addidit,
1123 5240 1281 5301 atque
1309 5229 1424 5284 illos
1452 5229 1761 5284 abscindere
1785 5230 1959 5298 jussit,
1993 5231 2200 5285 etiamsi

634 5340 885 5378 manuum
914 5334 968 5378 et
996 5325 1264 5378 oculorum
1297 5324 1414 5379 loco
1444 5324 1596 5378 nobis
1623 5334 1824 5378 essent.
1868 5323 2203 5394 Rmsomque

632 5415 697 5470 ab
724 5415 955 5484 angelis,
987 5416 1177 5484 quibus
1203 5415 1471 5470 commissi
1510 5424 1634 5468 sunt
1662 5414 1713 5467 hi
1753 5414 1945 5468 fratres
1975 5424 2159 5469 tenues
2185 5456 2198 5478 .

630 5515 687 5561 ιιι
726 5507 845 5559 illus
877 5506 926 5558 in
958 5509 1127 5574 pretio
1169 5508 1454 5561 habeamus
1482 5507 1736 5576 impellit,
1783 5522 1986 5562 necnon
2016 5522 2077 5561 ex
2106 5522 2198 5561 sua

631 5601 901 5654 voluntate
927 5609 1084 5668 atque
1112 5600 1350 5668 passione
1373 5600 1515 5663 (nam
1543 5616 1662 5656 cum
1689 5599 1840 5668 dicit,
1875 5597 2012 5655 Venit
2035 5598 2082 5654 Ϊ
2083 5599 2200 5653 ilius

2307 5150 2615 5216 habeamus,
2643 5160 2695 5205 et
2727 5151 2862 5206 hanc
2888 5153 3154 5221 prmcipue
3195 5153 3629 5220 sollicitudinem,
3663 5166 3727 5210 ut
3762 5161 3930 5228 peri.-

2305 5243 2575 5296 ciitantem
2604 5241 2910 5311 eripiamus.
2939 5241 3054 5296 Non
3104 5243 3294 5312 loquor
3323 5243 3408 5298 hic
3436 5244 3502 5299 de
3531 5245 3784 5301 sensibili
3821 5267 3930 5318 pe-

2307 5334 2511 5388 riculo:
2545 5333 2646 5388 hoc
2688 5334 2829 5388 enim
2869 5349 2934 5390 ne
2959 5336 3249 5404 periculum
3276 5336 3489 5406 quidem
3533 5347 3648 5400 cst;
3689 5342 3804 5396 sed
3845 5345 3930 5402 de

2309 5425 2543 5494 periculo
2562 5426 2769 5488 animae,
2789 5425 2928 5494 quod
2969 5426 3272 5481 hominibus
3295 5438 3443 5497 parat
3463 5427 3733 5483 diabolus.
3774 5433 3936 5488 Nam

2307 5529 2590 5581 mercator,
2626 5526 2680 5570 ut
2720 5531 2847 5585 opes
2886 5525 3092 5585 augeat,
3126 5519 3344 5590 pelagus
3379 5528 3714 5585 tmnsmeat;
3770 5530 3926 5588 ani-

697 5733 715 5766 '
747 5733 858 5797 Alii,
881 5742 1016 5788 Patre
1040 5749 1158 5787 meo.
2371 5734 2384 5764 ε
2422 5731 2533 5790 Alii,
2560 5734 2605 5780 et
2627 5729 2688 5779 de
2713 5728 2905 5793 Spiritu.
