4174 6332
246 392 343 453 ES!

244 515 459 585 itaque,
483 521 543 569 ut
573 526 688 568 rem
718 509 1028 567 familiarem
1058 510 1365 582 amplificet,
1399 511 1529 566 nihil
1569 525 1675 565 non
1706 512 1834 580 agit.

241 604 354 661 Nos
382 606 563 674 itaque
590 620 662 659 ne
695 604 922 659 salutem
957 611 1193 657 nostram
1238 602 1448 671 operarl
1477 602 1606 656 satis
1642 601 1841 655 habea-

242 712 386 760 mus,
428 696 528 750 hoc
571 694 732 749 modo
766 696 907 750 enim
950 695 1092 749 illam
1137 693 1594 749 labefactaremus.
1626 692 1840 748 Etenim

241 786 297 842 in
330 787 471 843 bello
498 796 556 841 et
580 787 697 841 acie
736 786 890 841 miles
918 785 1007 855 qui
1037 784 1088 839 id
1122 801 1282 839 unum
1311 793 1482 850 curat,
1515 794 1572 839 ut
1603 784 1720 855 fuga
1748 799 1836 839 sas

240 884 337 939 luti
382 899 496 939 sua:
525 883 793 949 consulat,
840 881 976 936 alios
1016 896 1198 937 secum
1236 880 1443 951 perdit;
1489 895 1613 935 cum
1650 888 1838 934 contra

237 988 492 1031 strenuus
537 974 763 1045 quisque
805 976 894 1044 qui
940 988 1040 1044 pro
1079 973 1198 1027 aliis
1244 988 1391 1028 arma
1435 972 1682 1042 sumpsit,
1713 987 1835 1028 cum

236 1068 355 1121 aliis
384 1068 621 1137 seipsum
648 1082 860 1138 quoque
888 1074 1082 1121 servat.
1114 1065 1249 1122 Cum
1289 1068 1470 1136 itaque
1512 1080 1600 1120 res
1638 1074 1836 1121 nostra:

230 1159 440 1215 bellum
466 1160 596 1224 sint,
619 1167 672 1214 et
701 1157 897 1214 bellum
918 1158 1155 1214 omnium
1172 1159 1515 1225 acerrimum,
1537 1159 1681 1213 acies
1702 1174 1832 1228 quo-

231 1266 338 1320 que
364 1259 419 1305 et
446 1264 645 1322 pugna,
691 1258 748 1304 ut
785 1249 902 1305 Rex
945 1257 1126 1305 noster
1158 1249 1335 1320 jussit,
1370 1249 1550 1305 itaad
1596 1264 1830 1321 pugnam

232 1342 482 1397 instructi
527 1350 732 1398 stemus
757 1342 809 1397 in
840 1342 977 1409 acie,
1005 1341 1073 1398 ad
1098 1342 1274 1398 credes
1308 1351 1363 1398 et
1388 1344 1703 1413 sanguinem
1734 1358 1830 1414 pa-

229 1436 351 1502 rati,
379 1435 450 1491 ad
489 1438 726 1490 omnium
759 1435 983 1491 salutem
1021 1436 1390 1505 respicientes,
1436 1436 1831 1492 commilitones

227 1526 540 1596 incitantes,
589 1528 767 1597 lapsos
790 1528 1077 1598 erigentes.
1126 1527 1255 1581 Nam
1297 1528 1448 1582 multi
1476 1542 1539 1583 ex
1575 1526 1827 1584 fratribus

226 1618 430 1673 nostris
463 1619 517 1672 in
550 1617 648 1673 hac
678 1634 850 1689 pugna
876 1620 1057 1687 jacent
1098 1619 1383 1685 vulnerati,
1414 1621 1673 1689 sanguine
1703 1636 1825 1690 per-

224 1710 349 1775 fusi,
378 1724 647 1779 nemoque
670 1720 822 1766 curat
863 1712 1001 1774 illos,
1044 1726 1148 1765 non
1189 1725 1219 1765 e
1262 1715 1420 1781 vulgo
1457 1712 1669 1781 aliquis,
1717 1727 1823 1768 non

168 1828 179 1833 -
223 1802 504 1868 sacerdos,
530 1818 637 1856 non
668 1802 802 1856 alius
820 1805 1011 1872 quivis,
1038 1818 1142 1857 non
1168 1812 1445 1872 patronus,
1472 1820 1576 1858 non
1594 1805 1820 1870 amicus,

223 1905 329 1946 non
358 1892 527 1946 frater
570 1909 583 1946 ε
630 1892 726 1947 sed
770 1893 960 1963 singuli
1008 1908 1102 1947 sua
1148 1904 1351 1948 tantum
1391 1904 1655 1963 spectant.
1698 1895 1822 1951 Ideo

220 1991 406 2038 nostra
436 1985 746 2039 minuimus.
775 1984 968 2039 Nostra
990 1984 1184 2055 quippe
1216 1988 1447 2041 maxima
1479 1986 1688 2054 fiducia,
1722 2004 1819 2042 no-

215 2086 331 2130 stra
359 2075 478 2132 laus
502 2084 607 2144 est,
635 2076 679 2131 si
717 2091 821 2131 non
849 2087 1031 2131 nostra
1064 2086 1270 2132 tantum
1309 2093 1577 2134 curemus.
1618 2079 1820 2135 Idcirco

215 2167 472 2221 imbecilli
501 2177 555 2221 et
582 2176 883 2238 exppgnatu
921 2167 1104 2223 faciles
1136 2178 1322 2224 sumus
1350 2180 1406 2225 et
1432 2168 1740 2226 hominibus
1764 2182 1819 2227 et

212 2255 456 2322 diabolo,
484 2258 607 2327 quia
634 2257 774 2329 quod
806 2258 928 2313 huic
957 2259 1031 2313 rei
1058 2259 1379 2313 contrarium
1400 2269 1480 2315 est
1498 2262 1813 2331 quarrintus,

213 2363 322 2402 non
352 2362 453 2403 nos
476 2359 661 2404 mutuo
696 2349 994 2420 obtegimus
1035 2359 1088 2406 et
1126 2350 1600 2408 circummunimus
1628 2369 1723 2425 per
1749 2355 1814 2410 il-

212 2443 321 2497 lam
361 2457 485 2511 qua:
530 2441 823 2498 secundum
867 2443 1033 2498 Deum
1078 2453 1159 2499 est
1186 2448 1502 2511 caritatem;
1546 2446 1640 2502 sed
1681 2447 1815 2515 alios

209 2533 369 2588 nobis
396 2534 687 2605 quaerimus
724 2534 974 2590 amicitiae
1002 2536 1269 2603 obtentus,
1293 2538 1383 2591 alii
1410 2552 1439 2591 a
1468 2540 1810 2609 cognatione,

206 2625 303 2679 alii
332 2640 361 2678 a
389 2626 798 2691 consuetudine,
846 2627 935 2682 alii
973 2643 1003 2682 a
1032 2621 1328 2697 consortio,
1371 2631 1460 2685 alii
1504 2647 1532 2686 a
1576 2632 1807 2688 vicinia:

206 2724 268 2770 et
314 2732 657 2788 quacumque
702 2719 806 2774 alia
849 2718 917 2775 de
956 2734 1114 2775 causa
1158 2722 1332 2791 potius
1381 2724 1542 2779 amici
1584 2741 1806 2793 sumus,

202 2824 369 2878 quam
401 2825 465 2865 ex
496 2812 715 2881 pietate,
740 2827 860 2867 cum
889 2828 954 2869 ex
994 2815 1081 2870 illa
1112 2816 1224 2869 sola
1256 2826 1503 2886 oporteat
1547 2820 1810 2876 amicitias

200 2900 355 2973 iungi
394 2917 409 2965 ;
467 2918 610 2958 nunc
655 2906 980 2960 contrarium
1028 2908 1240 2976 evenit,
1287 2908 1485 2964 Judaets
1534 2919 1588 2967 et
1631 2912 1807 2980 genti-

201 2993 309 3049 bus
350 2994 640 3066 aliquando
692 3012 877 3079 sumus
920 2998 1079 3055 amici
1132 3000 1307 3070 potius
1345 3015 1503 3073 quam
1552 3002 1805 3060 Ecclesiae

199 3087 353 3143 (iiiis.

277 3181 331 3236 6.
360 3181 562 3237 Caritas
601 3196 649 3239 et
682 3186 952 3241 tolerantia
980 3202 1098 3259 erga
1124 3188 1413 3258 proximum
1438 3188 1801 3244 commendau-

195 3282 304 3328 ειν.
337 3273 549 3331 Fratres
589 3278 750 3333 nostri
779 3294 912 3350 sape
936 3280 1177 3335 monendi
1216 3293 1352 3336 sunt.
1383 3312 1453 3324 —-
1479 3282 1673 3347 Etiam,
1715 3282 1801 3338 in-

196 3369 391 3438 quies;
425 3384 548 3424 nam
590 3370 680 3426 ille
706 3370 979 3440 improbus
1005 3381 1109 3439 est,
1142 3374 1226 3429 hic
1251 3390 1377 3429 vero
1408 3377 1580 3431 bonus
1602 3385 1659 3431 et
1686 3391 1803 3431 mo-

192 3462 409 3516 destus.
436 3461 575 3530 Quid
614 3463 793 3519 dicis?
837 3466 1136 3535 improbum
1164 3466 1381 3523 fratrem
1414 3484 1574 3525 vocas
1604 3478 1679 3535 tu,
1711 3471 1797 3524 cui

193 3553 425 3607 vetitum
457 3563 541 3609 est
570 3556 650 3611 vel
670 3572 792 3611 mea
823 3561 1051 3614 vocare?
1082 3576 1181 3616 nec
1204 3569 1254 3615 te
1273 3562 1456 3631 pudet,
1479 3578 1577 3620 nec
1601 3564 1797 3621 erube-

192 3644 305 3697 scis
335 3644 557 3700 fratrem
588 3648 895 3715 traducens,
920 3651 1221 3708 membrum
1243 3661 1412 3717 tuum,
1441 3669 1564 3710 eum
1586 3657 1675 3726 qui
1699 3673 1796 3713 eo-

190 3735 321 3791 dem
340 3748 500 3792 natus
516 3748 782 3810 estpartu,
802 3744 891 3811 qui
914 3752 993 3798 est
1010 3743 1251 3813 ejusdem
1282 3762 1481 3802 mensm
1507 3750 1797 3819 particeps?

188 3825 304 3882 Sed
344 3829 389 3884 si
433 3830 654 3886 fratrem
701 3834 995 3889 secundum
1035 3850 1250 3895 carnem
1305 3839 1536 3906 habeas,
1584 3840 1795 3897 etiamsi

191 3917 344 3972 mille
382 3919 587 3975 scelera
618 3921 878 3987 admittat,
920 3924 1067 3978 illum
1112 3924 1279 3991 foves,
1326 3935 1381 3982 et
1426 3930 1471 3982 si
1522 3929 1612 3984 ille
1654 3932 1793 3987 mala

189 4009 338 4064 fama
386 4011 613 4078 laboret,
662 4025 817 4086 putas
863 4024 914 4073 te
958 4016 1237 4074 dedecoris
1282 4036 1403 4077 esse
1444 4026 1789 4080 cbnsortem:

187 4103 529 4172 spiritualem
560 4122 689 4161 vero
719 4107 959 4174 fratrem,
987 4126 1146 4179 quem
1176 4111 1460 4169 calumniis
1491 4115 1790 4186 impolitum

186 4194 485 4251 defendere
510 4206 806 4266 oporteret,
836 4199 1128 4256 innumeris
1160 4218 1354 4258 oneras
1398 4205 1700 4261 maledictis
1737 4217 1793 4264 et

184 4286 683 4351 criminationibus,
728 4288 1027 4359 improbum
1081 4307 1259 4347 vocas.
1310 4294 1592 4364 Improbus
1621 4298 1787 4363 enim,

183 4380 387 4451 inquis,
409 4380 627 4436 difficile
650 4382 923 4438 toleratur.
940 4386 1097 4456 Atqui
1122 4385 1241 4441 ideo
1263 4385 1427 4441 debes
1453 4388 1525 4442 illi
1554 4390 1787 4445 amicitia

181 4471 359 4541 iungi,
392 4480 451 4525 ut
492 4486 615 4527 eum
655 4488 685 4528 a
728 4474 857 4529 vitio
890 4490 1189 4544 removeas,
1223 4488 1279 4531 ut
1308 4487 1591 4535 convertas
1630 4489 1685 4535 et
1720 4481 1786 4537 ad

181 4563 443 4618 virtutem
469 4563 714 4619 reducas.
746 4566 816 4620 At
858 4580 964 4621 non
994 4567 1351 4638 obtemperat,
1387 4568 1583 4640 inquis,
1614 4588 1788 4642 neque

176 4655 471 4709 consilium
513 4655 760 4711 admittit.
803 4656 953 4714 Unde
980 4658 1082 4713 hoc
1110 4661 1288 4714 nosti?
1329 4675 1397 4715 an
1426 4661 1668 4717 hortatus
1702 4679 1782 4730 es,

176 4756 234 4801 et
263 4746 559 4801 emendare
592 4746 876 4803 studuisti?
904 4748 1157 4805 Hortalus
1202 4766 1346 4822 saepe
1375 4769 1514 4819 sum,
1552 4755 1781 4825 inquies.

176 4839 448 4907 Quaties?
487 4839 715 4909 Saepius,
754 4844 921 4899 semel
950 4852 1004 4900 et
1037 4845 1251 4901 iterum.
1298 4846 1489 4916 Papae!
1531 4848 1654 4904 idne
1683 4864 1783 4904 sa:-

175 4929 306 5000 pius
333 4945 485 4985 vocas
506 4931 532 4984 Y
558 4931 780 4987 Etiamsi
824 4949 917 5003 per
946 4945 1109 4990 totam
1139 4937 1298 4991 vitam
1334 4937 1383 4992 id
1412 4938 1649 5005 fecisses,
1685 4957 1784 4996 nec

173 5021 438 5085 deficere,
461 5036 561 5077 nec
582 5023 865 5092 desperare
882 5027 1181 5096 Oportebat.
1206 5028 1321 5082 Non
1347 5030 1493 5085 vides
1513 5034 1783 5102 quomodo

174 5126 280 5165 nos
316 5110 457 5167 Deus
481 5128 696 5185 semper
736 5116 981 5172 hortetur
1015 5135 1108 5189 per
1152 5122 1437 5190 prophetas
1465 5165 1478 5189 ,
1514 5140 1608 5192 per
1645 5142 1779 5196 apo-

170 5203 376 5268 stolos,
406 5219 503 5273 per
526 5208 916 5275 evangelistas?
945 5210 1082 5278 Quid
1117 5212 1312 5281 igitur?
1342 5231 1464 5267 num
1497 5216 1614 5271 ideo
1637 5230 1780 5275 recte

174 5310 493 5364 operantur,
524 5314 649 5352 num
681 5301 733 5354 in
755 5301 1003 5355 omnibus
1036 5303 1511 5374 obtemperamus?
1540 5309 1775 5367 Minime.

171 5386 321 5441 Num
352 5387 470 5441 ideo
500 5390 587 5444 ille
631 5392 792 5446 finem
840 5393 961 5447 fecit
1003 5394 1373 5452 admonendi?
1412 5414 1537 5453 num
1576 5402 1778 5456 tacuit?

170 5481 379 5533 Annon
420 5481 643 5552 singulis
669 5482 857 5537 diebus
883 5484 1033 5549 dicit,
1070 5486 1188 5541 Non
1232 5491 1436 5559 potestis
1460 5490 1571 5545 Deo
1595 5499 1779 5551 servire

172 5584 218 5629 et
270 5589 527 5629 maniam:
558 5574 711 5647 (Luc.
765 5578 853 5633 l6.
896 5579 1007 5650 15),
1042 5590 1096 5635 et
1124 5584 1315 5638 crescit
1347 5598 1522 5653 tamen
1553 5588 1604 5641 in
1643 5591 1777 5644 mul-

172 5672 243 5725 tis
271 5671 515 5743 pecuniae
559 5672 821 5742 cupiditas
855 5684 1013 5745 atque
1060 5680 1337 5749 tyrannis?
1379 5661 1777 5752 Non‘quotidie

171 5763 393 5829 clamat,
430 5763 683 5819 Dimittite
714 5776 764 5820 et
791 5766 1070 5822 dimittetur
1110 5772 1245 5826 vobis
1277 5772 1487 5845 (Matth.
1515 5774 1567 5829 6.
1602 5777 1777 5848 14),οι

173 5869 279 5910 nos
312 5858 475 5929 magis
503 5857 836 5915 efferamur?
880 5862 1070 5916 Annon
1100 5866 1335 5933 quotidie
1366 5881 1545 5925 monet
1573 5881 1627 5926 ut
1647 5889 1773 5928 cou-

490 5949 775 6009 PATBOL.
826 5951 944 6010 (in.
1001 5950 1215 6012 Li'lll.

1249 392 1313 450 lN
1355 392 1760 452 ilATTlllEUM
1804 393 2033 453 llOillL.
2084 398 2222 458 LIX.
2267 405 2339 459 al.
2384 404 2497 461 LX.

3457 450 3567 473 ναι-

1956 516 2301 599 eupiscentite
2325 530 2380 576 et
2407 522 2606 579 illicita}
2629 525 2889 596 voluptati
2946 528 3295 601 imperemus,
3326 546 3379 591 et
3401 538 3565 593 multi

1952 605 2069 674 plus
2090 624 2248 678 quam
2278 614 2424 681 porci
2451 614 2505 669 in
2532 615 2636 671 hoc
2674 628 2896 687 peccato
2919 621 3279 680 volutantur?
3308 630 3560 687 Attamen

1953 696 2043 752 ille
2073 698 2276 757 hortari
2304 719 2411 759 non
2448 717 2642 762 cessat.
2680 708 2792 765 Cur
2815 726 2946 782 ergo
2981 730 3090 769 non
3120 715 3236 773 haec
3262 730 3442 778 mente
3470 740 3559 780 re-

1950 788 2217 847 volvimus
2241 808 2341 850 nec
2362 794 2611 865 dicimus,
2648 801 2815 856 Deum
2840 803 2995 862 nobis
3030 821 3250 877 semper
3287 812 3428 884 loqui
3458 830 3559 872 nec

1948 876 2229 949 desistere,
2262 887 2474 943 etiamsi
2520 899 2578 945 ut
2605 892 2897 961 plurimum
2937 912 3046 953 non
3080 899 3553 973 obtemperemusi

1950 968 2071 1025 Ideo
2098 972 2334 1042 dicebat,
2362 977 2532 1033 Pauci
2560 992 2678 1037 sunt
2704 988 2791 1053 qui
2814 988 2945 1041 salvi
2970 989 3099 1056 [iam
3131 968 3285 1060 (Luc:
3318 996 3403 1051 15.
3434 998 3548 1071 25).

1945 1062 2001 1116 Si
2031 1067 2172 1119 enim
2199 1083 2305 1123 non
2337 1071 2533 1127 sufficit
2561 1076 2627 1130 ad
2650 1078 2879 1134 salutem
2900 1082 3059 1138 nobis
3082 1084 3169 1140 illa
3200 1087 3370 1144 virtus
3392 1062 3551 1161 quam

1943 1168 2188 1213 seorsum
2234 1175 2570 1234 exercemus,
2604 1168 2698 1224 sed
2727 1183 2941 1241 oportet
2969 1174 3105 1232 alios
3132 1179 3345 1237 virtutis
3373 1185 3553 1252 socios

1940 1246 2208 1307 adducere
2240 1270 2253 1306 :
2284 1269 2406 1310 eum
2449 1273 2547 1315 nec
2588 1271 2849 1331 nostram,
2901 1282 3003 1323 nec
3039 1268 3269 1329 aliorum
3314 1276 3550 1336 salutent

1937 1344 2327 1409 curaverimus,
2357 1347 2485 1417 quid
2516 1352 2785 1435 patiemur
2804 1355 2829 1407 ‘i
2848 1357 2990 1413 unde
3014 1360 3203 1419 salutis
3224 1379 3374 1435 spem
3394 1367 3550 1424 dein-

1937 1444 2064 1500 ceps
2101 1432 2474 1528 liabebimus?
2527 1441 2635 1498 Sed
2683 1432 2811 1515 quid
2860 1447 2963 1505 hac
3008 1450 3077 1507 de
3122 1470 3181 1509 re
3236 1432 3497 1516 criminor
3531 1505 3545 1528 ,

1935 1524 2151 1591 quando
2196 1541 2266 1582 ne
2307 1531 2774 1592 eontubernalium
2827 1540 3047 1610 quidem
3093 1556 3402 1605 nostrorum
3454 1524 3545 1608 ra;

1938 1615 2134 1672 tionem
2170 1620 2332 1675 ullam
2368 1622 2647 1693 habemus,
2699 1633 2903 1700 uxoris,
2946 1633 3199 1708 ﬁliorum,
3229 1656 3540 1712 servorum,

1931 1708 2026 1762 sed
2060 1725 2165 1765 non
2196 1712 2264 1766 de
2293 1712 2395 1781 his,
2425 1716 2521 1772 sed
2550 1718 2618 1773 de
2653 1720 2772 1777 aliis
2802 1723 3041 1782 futilibus
3076 1731 3295 1788 solliciti
3327 1750 3538 1805 sumus,

1930 1798 2203 1855 ebriorum
2239 1803 2427 1887 instar,
2450 1816 2529 1862 'ut
2563 1822 2772 1867 crescat
2813 1828 3092 1874 servorum
3135 1838 3413 1891 numerus,
3446 1830 3541 1899 qui

1929 1889 2235 1961 diligentius
2268 1892 2423 1953 nobis
2468 1902 2727 1972 serviant,
2782 1906 2983 1979 filiique
3025 1927 3275 1984 magnam
3316 1933 3345 1972 a
3381 1889 3538 1976 nobis

1929 1981 2285 2043 hereditatem
2316 1993 2605 2063 accipiant,
2636 2012 2775 2053 uxor
2810 2000 2936 2057 item
2964 2019 3099 2061 auro
3119 1981 3343 2081 'fulgeat
3368 2019 3535 2070 vesti-

1928 2074 2134 2148 busque
2164 2083 2435 2153 pretiosis,
2466 2104 2642 2159 neque
2673 2090 2743 2147 de
2776 2094 2931 2151 nobis
2957 2112 3144 2157 curam
3172 2103 3339 2161 ullam
3367 2106 3535 2164 hahe-

1924 2182 2065 2233 mus,
2106 2174 2199 2227 sed
2227 2173 2296 2230 de
2326 2176 2668 2237 facultatibus
2713 2194 2916 2242 tantum
2968 2193 3213 2247 nostris?
3257 2196 3332 2252 De
3366 2215 3534 2257 uxore

1923 2268 2071 2316 certe
2096 2264 2240 2318 nulla
2266 2268 2597 2341 sollicitudo,
2627 2275 2722 2329 sed
2749 2275 2817 2332 de
2847 2281 3009 2338 rebus
3036 2300 3259 2343 uxorem
3286 2290 3533 2349 ambien-

1923 2351 2063 2442 tibus
2084 2354 2167 2410 vel
2188 2360 2539 2429 ornantibus;
2561 2364 2899 2442 idipsumque
2920 2372 2989 2429 de
3011 2375 3195 2434 liberis
3215 2378 3530 2441 dicendum.

1918 2440 2155 2502 Perinde
2178 2456 2342 2520 atque
2371 2452 2416 2506 si
2453 2454 2573 2525 quis
2602 2440 2862 2517 caducam
2887 2464 2903 2495 ⁸
2934 2464 3155 2523 domum
3185 2470 3407 2540 habens,
3433 2491 3530 2532 cu-

1914 2532 2004 2604 jus
2042 2539 2183 2594 muri
2213 2542 2384 2598 ruinae
2413 2548 2644 2615 proximi
2676 2560 2821 2620 sunt,
2856 2553 2981 2610 illos
3011 2557 3315 2620 instaurare
3353 2568 3527 2638 negli-

1915 2641 2070 2696 gens,
2106 2646 2299 2704 magna
2348 2636 2401 2690 in
2444 2638 2670 2696 circuitu
2718 2643 2834 2715 ejus
2886 2658 3037 2719 septa
3086 2654 3288 2725 erigat;
3339 2636 3444 2714 aut:
3480 2662 3526 2717 si

1915 2730 2211 2790 tegrotante
2232 2739 2480 2798 corpore,
2516 2731 2693 2802 ipsum
2729 2736 2946 2806 quidem
2982 2742 3239 2815 negligat,
3267 2747 3394 2803 dum
3423 2766 3490 2805 au
3512 2783 3527 2795 ο

1914 2827 2006 2869 rea
2048 2817 2370 2877 vestimenta
2424 2823 2525 2894 ipsi
2568 2836 2754 2898 parat;
2784 2841 2879 2888 aut
2905 2835 2949 2889 si
2979 2835 3197 2895 domina
3226 2844 3419 2899 morbo
3448 2846 3526 2901 la-

1913 2903 2162 2975 borante,
2205 2914 2542 2985 ancillarum,
2597 2920 2956 2996 telarumque,
2999 2944 3251 2988 vasorum
3288 2940 3523 3008 supelle-

1910 2998 2161 3072 ctilisqne
2213 3020 2397 3062 curam
2445 3020 2631 3081 gerat,
2682 3014 2799 3087 ipsa
2846 3021 3036 3077 relicta
3086 2998 3369 3094 gemente.-
3407 3032 3521 3091 lloe

1910 3105 2055 3147 nunc
2077 3094 2259 3153 videre
2279 3108 2363 3155 est
2390 3100 2442 3155 in
2474 3103 2652 3160 anima
2676 3117 2881 3178 nostra,
2904 3128 3024 3183 quae
3047 3118 3191 3173 male
3212 3122 3521 3196 misereque

1911 3181 2094 3251 habet,
2124 3186 2223 3253 ira,
2257 3190 2650 3262 maledicentia,
2677 3181 2938 3259 absurdis
2951 3207 3356 3279 cupiditatibus,
3381 3181 3515 3273 vana

1907 3275 2098 3376 gloria,
2128 3278 2344 3376 iurgiis,
2372 3282 2521 3349 humi
2553 3288 2763 3359 dejecta
2791 3302 2846 3349 et
2876 3275 3064 3365 tracta,
3103 3301 3173 3355 ab
3208 3275 3517 3376 hujusmodi

1909 3364 2035 3422 feris
2062 3366 2314 3438 laniatur,
2350 3373 2476 3430 dum
2509 3393 2629 3447 nos,
2673 3381 2760 3436 illa
2790 3384 2843 3439 in
2876 3386 3025 3442 hisce
3071 3364 3510 3469 morbis'relicta,

1906 3458 2124 3516 domum
2154 3461 2585 3539 domesticosque
2617 3488 2888 3532 curamus.
2931 3479 2998 3535 Et
3023 3482 3067 3536 si
3094 3500 3217 3540 ursa
3244 3488 3384 3546 clam
3410 3458 3509 3547 au:

1904 3551 2121 3623 fugerit,
2150 3557 2342 3614 domos
2380 3549 2703 3631 c‘laudimus,
2736 3584 2835 3639 per
2865 3572 3013 3630 vicos
3041 3579 3331 3647 currimus,
3362 3599 3430 3640 ne
3460 3586 3515 3642 iu

1903 3660 2021 3701 eam
2050 3648 2351 3707 incidamus
2383 3671 2397 3707 :
2429 3671 2573 3712 nunc
2604 3671 2783 3717 autem
2811 3680 2917 3721 non
2949 3682 3051 3723 una
3080 3669 3217 3739 fera,
3249 3674 3343 3729 sed
3372 3681 3515 3733 mul-

1905 3737 2291 3809 tishujusmodi
2326 3746 2532 3804 scilicet
2552 3752 2988 3825 cogitationibus,
3011 3737 3247 3819 animam
3270 3779 3513 3826 nostram

1900 3829 2245 3899 laniantibus,
2280 3838 2485 3896 nullum
2519 3842 2709 3899 horum
2736 3863 2956 3905 sensum
2984 3850 3265 3911 habemus.
3291 3858 3346 3913 lu
3378 3861 3513 3918 urbe

1900 3924 2117 3993 quidem
2152 3937 2353 3985 tantam
2381 3932 2618 3991 ferarum
2647 3954 2833 3996 curam
2880 3941 3173 4013 habemus,
3205 3961 3265 4005 ut
3292 3967 3385 4008 eas
3423 3958 3508 4010 vel

1900 4017 1951 4071 in
1975 4020 2195 4075 deserto
2223 4022 2342 4079 loco
2372 4026 2453 4081 vel
2500 4028 2552 4081 in
2582 4031 2764 4087 caveis
2795 4034 3157 4108 includamus,
3186 4056 3508 4100 caveamus-

1898 4130 2003 4185 que
2027 4131 2094 4170 ne
2123 4116 2175 4169 in
2204 4117 2352 4173 curia
2397 4121 2667 4188 civitatis,
2717 4141 2817 4180 nec
2848 4128 2901 4183 in
2948 4114 3086 4199 foro,
3124 4150 3221 4190 nec
3261 4136 3314 4191 in
3362 4140 3509 4210 regia

1897 4218 2201 4276 versentur,
2231 4209 2323 4265 sed
2352 4214 2536 4279 procul
2568 4216 2759 4287 ligatas
2779 4217 3117 4278 detineamus
3148 4242 3161 4279 :
3188 4226 3239 4282 in
3268 4209 3504 4286 animam

1898 4313 2049 4367 vero,
2078 4314 2197 4370 qua:
2228 4303 2432 4358 curiam
2472 4319 2648 4372 suam,
2677 4310 2879 4380 regiam
2912 4320 2968 4367 et
2988 4311 3245 4383 judiciale
3273 4321 3504 4378 tribunal

1900 4390 2077 4459 habet,
2102 4396 2430 4452 emittuntur
2445 4397 2597 4465 ferae,
2621 4402 2763 4459 circa
2790 4416 3027 4464 mentem
3076 4412 3247 4480 ipsam
3282 4416 3504 4472 solium-

1894 4502 1998 4556 que
2024 4489 2571 4570 regiumﬂamantes,
2601 4496 2785 4554 turbas
2810 4498 3021 4556 dantes.
3053 4502 3179 4559 ldeo
3201 4508 3378 4561 omnia
3408 4524 3505 4565 sus

1892 4578 2066 4651 deque
2093 4592 2406 4653 vertuntur;
2441 4588 2623 4643 omnia
2652 4590 2883 4651 tumultu
2914 4593 3070 4663 plena
3093 4595 3237 4651 intus
3262 4608 3317 4652 et
3346 4598 3500 4671 foris,

1893 4674 2204 4746 nullumque
2234 4676 2523 4735 discrimen
2548 4697 2645 4735 nos
2674 4684 2814 4737 inter
2841 4694 2895 4741 et
2918 4686 3102 4743 urbem
3131 4689 3346 4747 incursu
3372 4694 3500 4749 bar-

1893 4765 2144 4822 barorum
2176 4769 2543 4839 devastatam;
2592 4770 2934 4847 idipsut'nque
2974 4776 3034 4833 fit
3077 4793 3141 4834 ac
3167 4780 3233 4847 si,
3263 4782 3504 4840 dracone

1892 4858 1943 4912 in
1978 4860 2104 4915 nido
2145 4863 2474 4919 avicularum
2522 4866 2811 4936 insidente,
2853 4869 3081 4926 aviculae
3124 4874 3255 4943 ipsa:
3282 4877 3503 4933 avolent

1892 4952 2113 5021 trepidae
2139 4962 2195 5009 et
2224 4958 2568 5025 perturbate,
2599 4974 2702 5016 nec
2744 4976 2853 5031 quo
2882 4977 2942 5018 se
2985 4963 3036 5019 in
3084 4972 3235 5023 tanto
3267 4972 3499 5025 tumultu

1890 5043 2153 5112 recipiant
2180 5046 2456 5103 habentes.

1967 5136 2016 5187 ’⁷.
2068 5136 2282 5191 Moralis
2311 5140 2613 5197 exhortatio.
2646 5142 2903 5199 Juvenum
2933 5148 3152 5220 impetus
3182 5167 3215 5205 a
3244 5153 3500 5226 principio

1888 5246 1991 5285 coci
2018 5232 2316 5286 :cndus.‘-—
2342 5234 2520 5301 Quare
2560 5236 2810 5307 obsecro,
2841 5242 3132 5299 draconem
3160 5246 3493 5315 occidamus,

1887 5323 2027 5379 feras
2075 5326 2441 5396 includamus,
2484 5331 2832 5401 suifocemus,
2879 5334 3207 5407 jugulemus,
3240 5348 3297 5395 et
3336 5340 3500 5401 hasce

1888 5420 2056 5474 malas
2095 5421 2449 5497 cogitationes
2492 5423 2673 5494 gladio
2714 5428 2936 5497 spiritus
2963 5429 3338 5487 confodiamus
3378 5452 3391 5489 :
3427 5452 3497 5492 ne

1886 5513 2040 5566 nobis
2088 5514 2212 5568 talia
2266 5496 2625 5571 comminatur
2672 5496 2954 5589 propheta,
3010 5522 3188 5592 qualia
3235 5524 3439 5584 Iudaea:
3474 5547 3493 5585 :

1950 5631 1965 5661 ¹
1993 5630 2159 5693 Savil.
2194 5629 2343 5693 longe
2392 5633 2583 5681 variat:
2634 5638 2688 5682 Et
2736 5631 2861 5682 nihil
2897 5633 2960 5684 de
3000 5633 3132 5686 nobis
3176 5636 3494 5689 sollicitamur

1884 5692 2428 5761 ᾳιιιιγνωιὶάειηιιξλδεά
2450 5694 2511 5743 de
2536 5694 2881 5761 cultuuaoris,
2914 5694 3037 5761 nihil
3061 5698 3123 5748 de
3146 5697 3269 5761 ﬁlio,
3305 5702 3391 5751 sed
3432 5703 3494 5752 de

1882 5754 2397 5823 ipsiustemporalibna
2437 5754 2957 5823 conmtodis._Perinde
2980 5766 3125 5821 atque
3146 5754 3191 5811 si
3214 5754 3320 5823 quis
3344 5764 3497 5813 cndu-

1883 5820 2129 5877 cum,‘btc.
2158 5818 2239 5866 Hic
2254 5818 2475 5881 quaedam
2498 5819 2707 5879 desunt;
2730 5818 2889 5881 locum
2930 5834 2993 5871 ex
3036 5818 3143 5872 titus.
3166 5818 3490 5877 restituimus.

1886 5890 2028 5931 Juxta
2047 5882 2208 5933 Morel.
2236 5880 2501 5948 legendum
2528 5892 2680 5945 esset,
2710 5880 2982 5946 pulchram,
3010 5898 3115 5947 pro,
3140 5887 3396 5938 caducam.

3128 5970 3167 6032 8
