4174 6332
697 349 806 413 583

701 467 1166 535 flammati-mit:
1183 473 1550 546 iripttdiafmnt,
1567 482 1615 528 et
1635 472 1775 528 ericii
1795 480 1841 526 et
1859 470 2102 526 dracones
2123 469 2142 541 (
2152 468 2273 524 furi.

696 573 784 628 ιε.
811 568 925 644 Β).
952 555 1089 624 Sunt
1113 568 1278 635 enim,
1303 569 1426 622 situt
1473 565 1715 621 homines
1756 562 2132 618 onocentanris
2175 576 2269 632 pe-

691 663 859 732 jores,
886 662 1036 730 quasi
1067 659 1120 714 in
1151 658 1366 715 deserto
1406 658 1666 722 viventes,
1694 652 2064 721 'calcitrantes,
2083 652 2269 723 quales

695 752 808 807 fere
831 760 955 806 sinit
978 749 1118 821 apud
1153 763 1254 805 nos
1276 749 1520 819 juvenes.
1551 743 1683 802 Nam
1722 743 1850 799 feris
1866 743 2097 814 correpti
2121 742 2269 810 cupi.

681 843 983 909 ditatibus,
1032 844 1102 897 ita
1147 841 1450 912 prosiliunt,
1502 839 1576 894 ita
1616 836 1915 902 ealeitrant,
1958 835 2075 889 sine
2118 826 2270 889 freno

691 931 1106 1000 circumeuntes,
1138 933 1445 1002 nullamque
1485 928 1664 986 decori
1700 921 1956 983 rationem
1989 921 2266 980 habentes.

692 1029 749 1082 in
770 1039 936 1083 causa
960 1031 1086 1082 sunt
1113 1032 1309 1096 patres,
1339 1023 1428 1094 qui
1468 1034 1726 1092 equorum
1753 1017 2044 1073 domitures
2072 1022 2269 1085 cogunt

697 1130 757 1176 ut
782 1119 1172 1176 studiosissime
1195 1130 1364 1188 equos
1403 1127 1532 1171 suos
1559 1113 1782 1169 dement
1808 1119 1866 1168 et
1889 1109 2140 1180 dirigant,
2169 1121 2268 1163 nec

689 1214 873 1267 sinunt
897 1211 1119 1283 uicinos
1141 1210 1313 1280 pullos
1339 1205 1626 1263 indomitos
1645 1204 1698 1259 in
1723 1202 2002 1274 juventute
2025 1213 2268 1265 manere,

690 1306 783 1361 sed
814 1294 1023 1361 frenum
1061 1301 1325 1372 injiciunt,
1364 1305 1661 1369 extet-aque
1702 1294 2005 1366 hujusmodi
2034 1292 2210 1350 omnia
2235 1305 2268 1346 a

692 1396 952 1468 principio
981 1394 1267 1461 adhibent;
1296 1383 1433 1449 ﬁlios
1466 1394 1645 1447 autem
1673 1403 1800 1446 suos
1824 1389 2048 1458 juvenes
2084 1386 2269 1442 sinunt

691 1486 925 1542 infrenes
953 1485 1201 1550 circum,
1224 1484 1642 1554 intemperanter
1667 1480 1858 1537 scortis
1875 1487 1928 1534 et
1953 1478 2085 1534 aleis
2112 1477 2264 1534 dedi-

690 1585 793 1644 tos,
823 1583 983 1646 atque
1018 1575 1194 1646 iniqua
1225 1574 1427 1630 theatra
1453 1572 1796 1644 frequentare
1832 1586 1897 1628 ac
1936 1569 2213 1641 deturpari
2250 1585 2262 1622 :

690 1683 808 1724 sum
842 1673 937 1739 ‘p’ar
979 1667 1166 1723 fuisset
1212 1666 1307 1732 illi,
1335 1680 1404 1722 ne
1436 1663 1832 1731 scorta-adiret,
1862 1678 2085 1719 uxorem
2112 1662 2263 1725 dare,

691 1774 911 1815 uxorem
938 1766 1139 1814 castam
1187 1766 1242 1813 et
1290 1756 1600 1828 prudentem
1627 1797 1641 1820 ,
1691 1771 1809 1826 quae
1851 1754 2023 1810 virum
2057 1767 2208 1808 suum
2237 1767 2266 1808 a

692 1849 830 1905 mala
857 1849 1192 1919 absurdaqne
1215 1847 1598 1904 consuetudine
1629 1846 1884 1917 abigeret,
1913 1855 1966 1900 et
1993 1859 2132 1915 equo
2161 1842 2266 1898 fre.

691 1957 814 1996 num
843 1939 1151 1997 esset.'Non
1175 1939 1316 1994 enim
1347 1937 1561 1994 aliunde
1589 1936 1963 1993 fornicationes
1989 1943 2043 1991 et
2064 1933 2266 1996 adulte-

690 2036 768 2088 ria
794 2039 971 2088 ortum
1007 2029 1221 2098 habent,
1245 2045 1402 2100 quam
1433 2043 1499 2085 ex
1520 2029 1765 2098 iurenum
1794 2027 2024 2083 licentia.
2055 2025 2185 2081 Nam
2220 2025 2263 2080 si

691 2125 780 2181 ille
807 2138 1026 2181 uxorem
1061 2123 1253 2180 habeat
1289 2121 1626 2193 prudentem,
1658 2128 1712 2174 et
1753 2119 2062 2176 domestica:
2099 2117 2184 2173 .rei
2214 2125 2267 2172 et

690 2207 852 2292 binas
869 2213 1380 2284 eﬁstimationisque
1422 2227 1535 2267 sure
1564 2227 1744 2267 curam
1777 2209 2012 2266 habebit.
2044 2208 2152 2265 Sed
2173 2207 2264 2280 ju-

689 2306 840 2364 venis
867 2315 971 2374 est;
1001 2307 1230 2377 inquies.
1256 2305 1380 2362 Scio
1413 2311 1469 2360 et
1487 2319 1605 2375 ego.
1633 2304 1762 2358 Nam
1791 2303 1835 2358 si
1864 2303 2011 2358 lsaac
2040 2302 2264 2372 quadra-

687 2400 830 2468 ginta
856 2400 1026 2455 annos
1050 2405 1210 2454 natus
1225 2412 1474 2470 sponsam
1503 2398 1654 2453 duxit
1679 2395 1832 2470 (Gen.
1864 2396 1957 2454 25.
1988 2395 2102 2469 20),
2124 2405 2179 2452 et
2213 2397 2266 2452 in

687 2491 988 2562 virginitate
1009 2498 1172 2546 totam
1216 2491 1361 2546 illam
1401 2497 1613 2545 aetatem
1655 2490 1781 2559 egit,
1821 2490 1990 2543 multo
2017 2489 2183 2559 magis
2212 2488 2264 2543 in

688 2592 828 2638 statu
858 2583 1043 2654 gratia:
1061 2582 1288 2653 juvenes
1312 2580 1698 2653 philosophiam
1715 2580 1872 2636 (illam
1902 2594 2154 2636 exemere
2172 2595 2266 2650 par

687 2683 851 2729 esset.
881 2672 985 2730 Sed
1012 2672 1142 2744 quid
1187 2672 1409 2727 faciam?
1446 2669 1589 2726 Nihil
1616 2671 1820 2726 curatis
1845 2670 1966 2724 illos
2007 2669 2059 2724 in
2085 2671 2262 2724 eunti-

687 2765 864 2819 nentia
891 2764 1151 2828 retinere,
1186 2746 1442 2817 sed'nihii
1469 2761 1617 2832 pensi
1652 2759 1878 2827 habetis,
1912 2758 2039 2813 dum
2071 2758 2269 2813 videtis

685 2856 805 2912 illos
828 2854 1123 2926 detur-pari,
1149 2852 1364 2922 tardari,
1387 2853 1747 2924 scelestosque
1774 2851 1928 2908 ﬁeri:
1958 2866 2132 2922 neque
2159 2851 2264 2907 sei-

685 2948 753 3002 tis
795 2945 898 3002 hoc
951 2945 1272 3000 matrimonii
1321 2945 1525 3000 lucrum
1571 2956 1711 3010 esse,
1743 2951 1803 2998 ut
1847 2956 2044 3012 corpus
2070 2957 2261 3012 purum

684 3043 926 3092 servetur
952 3054 965 3090 :
994 3036 1099 3090 nisi
1123 3035 1226 3090 hoc
1247 3043 1410 3100 esset,
1433 3034 1574 3089 nulla
1602 3041 1743 3090 esset
1763 3032 2013 3089 connubii
2039 3033 2258 3088 utilitas.

686 3126 794 3182 Vos
816 3134 1023 3193 contra,
1048 3135 1331 3203 postquam
1352 3124 1646 3180 innumeris
1667 3117 1888 3179 maculis
1914 3119 2100 3179 fmdati
2116 3134 2259 3190 sunt,

685 3229 810 3274 tunc
836 3217 944 3272 illis
967 3230 1188 3272 uxorem
1216 3215 1388 3282 datis,
1433 3215 1592 3285 idque
1623 3213 1815 3271 frustra
1852 3223 1906 3269 et
1932 3214 2053 3271 sine
2079 3227 2258 3270 causa.

682 3307 784 3368 Sed
827 3310 1238 3382 exspectandum
1283 3319 1392 3376 est,
1436 3309 1674 3379 inquies,
1727 3307 1900 3362 donec
1941 3307 2260 3376 conspicuus

683 3401 892 3470 evadat,
920 3412 975 3458 et
1001 3403 1055 3457 in
1077 3401 1322 3457 civilibus
1348 3400 1574 3471 negotiis
1604 3400 1784 3454 clarus
1811 3397 1900 3452 sit.
1931 3395 2138 3452 Animae
2164 3412 2260 3450 au-

683 3503 790 3548 tem
835 3493 976 3548 illius
1013 3494 1276 3547 rationem
1305 3489 1504 3544 nullam
1534 3488 1759 3554 habetis,
1814 3486 2066 3556 illamque
2112 3485 2260 3554 dejeo

683 3597 822 3640 ctam
850 3585 966 3640 sine
990 3584 1102 3640 Illo
1130 3596 1288 3639 sensu
1323 3580 1648 3651 conspicitis.
1684 3578 1809 3634 Ideo
1833 3577 2014 3633 omnia
2047 3587 2256 3645 pertur-

682 3677 895 3734 batione
920 3674 1255 3746 tumultuque
1291 3674 1442 3744 plena
1472 3679 1616 3737 sunt,
1660 3670 1784 3741 quia
1832 3669 1920 3724 illa
1949 3669 2254 3740 negligitur,

680 3768 803 3839 quia
841 3783 961 3838 quae
986 3766 1288 3824 necessaria
1313 3774 1437 3821 sunt
1467 3780 1571 3820 non
1610 3761 2031 3829 curantur,«dnm
2053 3777 2116 3817 ea
2136 3777 2255 3833 quae

679 3859 878 3914 nullius
896 3865 1023 3913 sunt
1051 3858 1207 3928 pretii
1252 3867 1438 3928 magna
1475 3854 1840 3911 sollicitudine
1870 3852 2137 3908 foventur.
2171 3854 2254 3908 An

678 3950 852 4006 nescis
883 3959 934 4005 te
962 3948 1228 4006 nihil’fllio
1266 3959 1373 4004 tam
1398 3949 1632 4020 optabile
1657 3949 1786 4004 dare
1814 3961 1992 4017 posse,
2022 3961 2181 4017 quam
2208 3949 2252 4002 si

679 4041 828 4097 illum
853 4055 1037 4098 serves
1058 4055 1250 4112 purum
1276 4054 1306 4095 a
1332 4039 1630 4096 meretricia
1659 4035 2042 4093 consuetudine
2069 4036 2084 4067 ¹
2112 4036 2254 4091 ἳΝἰ-

740 4281 758 4313 ο
792 4286 937 4347 Unus,
959 4277 1164 4347 stillam
1197 4291 1355 4347 aeruca
1376 4275 1663 4347 meretricia
1963 4276 2251 4337 amantem,

675 4349 722 4392 et
743 4336 1257 4406 purun's'ab‘arnatorin

1471 360 1528 417 S.
1569 357 1846 416 JOANNIS
1882 353 2351 414 CIIRYSOSTOMI
2393 355 2702 414 ARClllEP.
2743 352 3274 420 CONSTANTINOP.

3856 371 3962 428 53$

2385 471 2455 525 hil
2483 472 2677 543 quippe
2713 482 2820 529 tam
2866 475 3157 546 pretiosum
3208 487 3310 545 est,
3361 489 3518 550 quam
3561 483 3780 538 anima:
3827 487 3962 552 Quid

2378 563 2508 618 enim
2553 565 2758 635 prodest
2792 566 2981 622 homini
3028 568 3094 643 si‘
3114 569 3358 624 mandauit
3405 571 3690 627 advenam
3719 574 3960 644 (metu,

2382 659 2573 714 animi:
2602 676 2718 714 sero
2757 675 2867 714 sua:
2902 660 3271 715 detrimentum
3317 665 3552 730 patiatur
3598 661 3821 734 (Matth.
3862 668 3947 720 tti.

2379 748 2515 818 $6)?
2546 741 2740 806 Verum
2771 753 2952 808 omnia
2985 753 3244 823 pervertit
3277 766 3331 810 et
3359 755 3554 824 dejeeit
3582 756 3945 825 pecuniarum

2381 855 2554 907 amor,
2589 840 2788 914 Deique
2821 844 3068 900 timorem
3097 845 3362 911 decussit,
3398 847 3539 901 sicut
3567 855 3834 918 tyrannus
3867 863 3956 901 ar-

2381 945 2519 996 cem,
2566 932 2645 988 sic
2675 934 2886 989 animas
2916 949 3215 1006 occupans.
3260 937 3474 993 Idcirco
3519 946 3571 994 et
3623 939 3860 993 ﬁliorum
3896 946 3956 994 et

2374 1033 2610 1078 nostram
2638 1023 2950 1095 negligimus
2979 1025 3227 1093 salutem,
3256 1025 3306 1081 id
3334 1042 3494 1081 unum
3520 1037 3796 1095 curantes,
3820 1042 3961 1098 quo-

2371 1115 2531 1170 modo
2556 1116 2916 1186 opulentiores
2949 1114 3151 1184 eil‘ecti,
3180 1117 3394 1172 divitias
3421 1118 3542 1173 aliis
3567 1117 3957 1189 relinquamus,

2371 1215 2425 1263 et
2452 1208 2525 1263 illi
2565 1208 2718 1274 aliis,
2750 1208 2912 1279 hique
2946 1223 3157 1264 rursum
3198 1209 3446 1280 posteris,
3477 1210 3660 1281 sicque
3692 1210 3953 1279 pecunia-

2371 1314 2486 1354 rum
2515 1311 2568 1355 et
2595 1301 2997 1370 possessionum
3019 1302 3439 1367 transmissum,
3465 1312 3521 1357 ut
3545 1301 3615 1357 ita
3646 1302 3851 1370 dicam,
3878 1301 3958 1357 ef-

2373 1392 2604 1458 tlcim’ur,
2633 1407 2738 1448 non
2771 1407 3130 1463 possessores.
3178 1393 3314 1450 Hinc
3359 1409 3550 1465 magna
3601 1394 3905 1466 insipientia
3938 1412 3961 1460 ;

2372 1481 2495 1537 hinc
2521 1482 2672 1537 liberi
2704 1482 2875 1538 servis
2904 1484 3122 1539 viliores
3150 1483 3462 1553 fiunt._Nam
3491 1498 3678 1540 servos
3714 1485 3814 1540 etsi
3847 1500 3964 1539 non

2373 1575 2606 1642 ipsorum
2633 1588 2812 1639 causa,
2847 1576 3011 1629 nostri
3041 1575 3211 1644 gratia
3250 1585 3428 1630 tamen
3467 1575 3790 1645 castigamus
3822 1591 3842 1628 -:
3889 1576 3957 1630 ii-

2368 1663 2488 1720 beri
2527 1671 2704 1718 autem
2740 1677 2847 1719 non
2873 1664 2985 1733 pari
3017 1663 3266 1720 fruuntur
3295 1664 3644 1734 providentia,
3675 1665 3766 1720 sed
3795 1680 3825 1720 a
3854 1680 3956 1720 no-

2370 1755 2453 1810 bis
2478 1757 2671 1811 minori
2698 1771 2856 1827 quam
2885 1758 3024 1811 servi
3053 1757 3104 1812 in
3130 1757 3303 1827 pretio
3341 1755 3627 1815 imbuitur.
3654 1756 3857 1828 Ecquid
3890 1756 3961 1813 de

2369 1846 2542 1902 servis
2560 1846 2751 1918 loquor
2766 1849 2789 1902 τ
2805 1846 3027 1902 Liberos
3053 1848 3228 1902 minus
3246 1861 3405 1918 quam
3429 1847 3661 1916 pecudes
3679 1861 3958 1914 curamus,

2368 1939 2438 1994 de
2462 1939 2627 1994 asinis
2650 1947 2705 1994 et
2731 1928 2882 2010 equis
2921 1938 3091 2009 magis
3116 1938 3329 1994 solliciti
3373 1952 3580 2006 sumus,
3608 1953 3768 2010 quam
3794 1939 3865 1994 de
3895 1939 3956 1994 ii-

2371 2031 2473 2086 liis.
2502 2031 2701 2086 Malum
2719 2031 2762 2086 si
2783 2031 2904 2102 quis
2929 2030 3144 2099 habeat,
3164 2030 3388 2086 multum
3415 2042 3567 2086 curat
3588 2040 3645 2087 ut
3664 2046 3958 2102 agasonem

2370 2122 2444 2178 illi
2471 2121 2729 2192 optimum
2757 2123 3053 2194 provideat,
3086 2137 3190 2178 non
3213 2122 3530 2194 improbum,
3560 2139 3666 2178 non
3690 2124 3955 2190 furacem,

2369 2229 2474 2270 non
2508 2216 2876 2282 temulentum,
2925 2229 3032 2270 non
3077 2216 3209 2271 artis
3252 2230 3363 2271 sure
3403 2215 3706 2286 imperitum
3733 2218 3822 2272 :si
3854 2233 3959 2273 au-

2371 2313 2478 2361 tem
2508 2305 2617 2363 lilio
2643 2306 2983 2377 paedagogum
3009 2305 3137 2361 dare
3173 2319 3308 2375 opus
3349 2306 3437 2372 sit,
3472 2320 3607 2360 casu
3632 2315 3688 2362 et
3713 2306 3830 2361 sine
3861 2306 3956 2362 de-

2369 2397 2512 2454 lectu
2536 2397 2750 2453 obvium
2770 2412 3034 2469 quemque
3059 2398 3384 2467 excipimus;
3413 2398 3513 2454 etsi
3539 2397 3638 2453 hac
3666 2407 3782 2453 arte
3805 2401 3956 2455 nulla

2369 2489 2441 2544 sit
2465 2489 2656 2558 major.
2700 2488 2836 2556 Quid
2881 2504 2977 2560 par
3022 2489 3099 2544 illi
3124 2489 3224 2544 arti
3265 2503 3385 2558 quae
3413 2488 3706 2559 dirigenda:
3732 2490 3958 2554 animae,

2369 2590 2422 2636 et
2445 2580 2789 2636 edomandze
2813 2581 3027 2651 juvenis
3053 2581 3217 2636 menti
3253 2589 3306 2636 et
3330 2581 3498 2636 indoli
3524 2581 3819 2636 incumbit?
3849 2582 3960 2647 Qui

2371 2672 2460 2728 tali
2487 2674 2779 2729 instructus
2807 2682 2890 2728 est
2934 2673 3199 2738 facultate,
3244 2673 3360 2743 plus
3384 2671 3675 2744 diligentiae
3700 2672 3962 2729 exhibeat

2367 2773 2602 2833 oportet,
2629 2777 2787 2835 quam
2816 2762 2991 2835 quivis
3021 2764 3193 2834 pictor
3215 2772 3308 2817 aut
3342 2764 3651 2818 statuarius.
3677 2764 3745 2818 At
3771 2779 3873 2820 nos
3904 2763 3965 2820 id

2368 2856 2497 2911 nihil
2523 2871 2792 2922 curamus,
2819 2855 2910 2911 sed
2955 2854 3007 2910 id
3049 2869 3212 2909 unum
3253 2861 3557 2924 spectamus
3584 2895 3599 2919 ,
3629 2863 3688 2908 ut
3715 2854 3963 2925 linguam

2365 2945 2586 3002 ediscat.
2629 2944 2870 3016 Hlodque
2910 2945 3200 3016 satagimus
3235 2951 3437 3000 tantum
3467 2959 3628 3016 opum
3667 2944 3962 3015 acquiren-

2363 3037 2549 3092 darum
2575 3051 2758 3092 causa.
2787 3035 2906 3092 Non
2932 3036 3073 3092 enim
3104 3044 3160 3090 ut
3184 3035 3328 3106 loqui
3357 3037 3550 3104 valeat,
3580 3036 3674 3092 sed
3702 3045 3759 3090 ut
3786 3052 3964 3107 pecu-

2365 3138 2478 3193 nias
2507 3137 2745 3208 colligat,
2787 3137 3020 3206 linguam
3062 3134 3285 3200 ediscit;
3317 3134 3389 3189 ita
3434 3142 3491 3189 ut
3531 3134 3578 3188 si
3627 3133 3827 3204 absque
3873 3133 3970 3188 ιο-

2363 3228 2558 3300 quendi
2601 3228 2849 3284 facultate
2895 3235 3114 3297 possent
3157 3226 3457 3292 ditescere,
3512 3226 3644 3281 nihil
3691 3225 3829 3281 hanc
3871 3225 3970 3282 di-

2362 3318 2636 3389 sciplinam
2680 3332 3011 3374 anaremos.
3047 3316 3236 3372 Viden‘
3261 3328 3458 3388 quanta
3498 3316 3571 3373 sit
3605 3318 3974 3388 pecuniarum

2364 3408 2638 3480 tyrannis?
2661 3408 2932 3479 quomodo
2956 3409 3134 3462 omnia
3161 3406 3395 3474 invadat,
3426 3405 3774 3476 hominesque
3804 3417 3967 3462 tarn-

2360 3515 2519 3570 quam
2560 3498 2821 3568 mancipia
2860 3496 3102 3568 quaedam
3132 3497 3305 3552 vincta
3335 3495 3511 3552 trahat
3548 3510 3656 3567 quo
3687 3495 3811 3551 velit
3831 3495 3857 3549 ἳ
3890 3499 3971 3552 At

2361 3591 2502 3661 quod
2529 3592 2732 3647 lucrum
2763 3590 2918 3646 nobis
2945 3605 3012 3645 ex
3045 3599 3124 3645 tot
3165 3588 3664 3646 criminationibus?
3691 3587 3798 3643 Nos
3822 3604 3975 3643 vero

2361 3683 2443 3738 bis
2470 3682 2616 3737 iilam
2644 3681 2978 3754 tyrannidem
3026 3682 3329 3752 impetimus
3354 3698 3373 3736 :
3398 3680 3483 3735 illa
3517 3680 3677 3737 rebus
3714 3694 3813 3735 nos
3850 3695 3968 3736 au-

2361 3785 2532 3847 perat.
2558 3775 2826 3831 Caeterum
2875 3789 3045 3845 neque
3095 3775 3170 3828 sic
3211 3772 3574 3848 cessabimus,
3591 3771 3732 3827 illam
3769 3772 3978 3829 verbis

2359 3868 2625 3938 exagitare
2650 3884 2662 3920 :
2694 3867 2812 3922 etsi
2835 3865 2963 3937 quid
2991 3865 3233 3920 oratione
3255 3878 3664 3934 consequamur,
3691 3871 3746 3919 et
3768 3877 3878 3920 nos
3910 3876 3976 3921 et

2359 3975 2453 4015 vos
2478 3958 2836 4024 lucrabimur;
2877 3958 2960 4012 sin
3003 3957 3055 4011 in
3095 3957 3371 4025 proposito
3401 3955 3776 4026 perseveretis.
3805 3959 3976 4025 quod

2357 4050 2527 4105 nostri
2547 4047 2708 4104 ofﬁcii
2735 4055 2852 4103 erat
2876 4045 3278 4117 perfecerimus.
3309 4044 3449 4101 Deus
3477 4054 3654 4101 autem
3700 4053 3754 4101 et
3783 4061 3893 4100 vos
3935 4062 3980 4103 ε

2359 4139 2547 4194 morbo
2573 4139 2667 4193 illo
2712 4136 2922 4203 liberet,
2955 4147 3009 4192 et
3037 4135 3192 4191 nobis
3229 4135 3280 4190 id
3305 4135 3563 4202 conferat,
3599 4144 3654 4190 ut
3700 4136 3752 4190 in
3795 4136 3977 4192 vobis

2357 4234 2650 4304 gloriemur
2672 4249 2685 4286 :
2712 4229 2964 4301 quoniam
2991 4229 3088 4299 ipsi
3117 4228 3282 4299 gloria
3299 4237 3353 4283 et
3377 4228 3658 4299 imperium
3678 4228 3729 4283 in
3746 4228 3984 4285 secula

2356 4324 2693 4379 steculorum.
2727 4324 2918 4376 Amen.

681 4453 3981 4488 Μ

1880 4537 2222 4602 HOMILIA
2261 4536 2399 4597 LX.
2444 4534 2529 4596 al.
2575 4531 2744 4594 LXI.

670 4689 798 4744 Cir.
829 4690 917 4745 18.
959 4683 1146 4745 ιιὶὅ.
1199 4687 1265 4744 S‘i
1309 4686 1587 4758 peccauerit
1610 4685 1662 4740 in
1687 4693 1743 4741 ts
1762 4688 1919 4758 frater
1941 4694 2077 4746 ntus,
2099 4681 2244 4748 unde,

743 4780 941 4850 corripe
963 4779 1109 4833 illam
1130 4779 1264 4832 inter
1287 4785 1334 4832 te
1354 4787 1404 4832 et
1421 4779 1591 4849 ipsum
1615 4777 1805 4832 solum.
1832 4774 1893 4831 Si
1921 4774 2202 4830 “audierit
2229 4806 2252 4842 -,

742 4873 966 4925 tua-atus
988 4881 1042 4924 es
1069 4856 1274 4939 fratrem
1305 4876 1480 4934 Nunt;
1505 4868 1583 4922 sin
1611 4883 1711 4921 non
1736 4865 1974 4931 audierit,
1999 4875 2105 4920 etc.

744 4965 796 5019 ι.
827 4964 959 5034 Quia
990 4962 1100 5017 acri
1127 4961 1368 5017 oratione
1405 4959 1663 5017 adversus
1695 4973 1790 5014 eos
1815 4959 1908 5030 qui
1925 4958 2046 5013 aliis
2071 4955 2236 5012 οπω-

673 5048 857 5109 diculo
873 5059 1057 5109 essent
1082 5063 1230 5117 usus,
1258 5049 1489 5121 undique
1519 5049 1639 5106 illos
1663 5057 1966 5115 terruerat,
1997 5061 2067 5102 ne
2090 5045 2245 5101 dein-

673 5160 801 5216 ceps
828 5143 1002 5214 supini
1034 5149 1318 5198 manerent
1339 5142 1374 5196 ii
1398 5142 1495 5212 qui
1515 5140 1856 5196 scandalisati
1881 5141 2126 5204 fuerant,
2153 5153 2246 5193 ne-

669 5234 773 5306 que
801 5237 905 5292 rati
943 5238 1112 5292 totum
1141 5235 1220 5290 in
1251 5234 1387 5290 alios
1427 5231 1726 5304 conjectum
1776 5233 1939 5289 fuisse
1961 5273 1974 5295 ,
2009 5232 2063 5285 in
2103 5229 2244 5285 aliud

668 5331 856 5383 vitium
879 5329 1302 5399 prorumperent
1317 5325 1653 5380 luxuriantes
1670 5365 1686 5388 ,
1712 5332 1775 5379 et
1799 5337 1859 5379 se
1882 5322 2029 5378 cuitu
2055 5320 2243 5391 dignos

670 5424 771 5477 rati
791 5463 806 5486 ,
833 5419 887 5475 in
920 5420 1275 5491 ari-(gantiam
1300 5416 1616 5473 de'venirent
1635 5455 1649 5482 ,
1675 5414 1798 5472 vide
1825 5415 2092 5487 quomodo
2120 5413 2241 5468 illos

668 5513 960 5584 reprimat,
983 5510 1272 5581 jubeatque
1308 5507 1738 5579 redargntionem
1782 5506 1920 5566 inter
1955 5505 2088 5560 duos
2128 5513 2241 5557 tan-

667 5617 779 5658 tum
808 5602 921 5657 fieri
953 5617 966 5656 :
1000 5613 1068 5657 ne
1097 5600 1322 5671 plurium
1345 5597 1649 5654 testimonio
1676 5597 1971 5668 graviorem
1992 5594 2241 5650 redderet

664 5693 1053 5750 accusationem
1079 5731 1096 5758 ,
1121 5699 1176 5746 et
1199 5690 1518 5760 petulantior
1545 5686 1635 5746 ille
1661 5691 1830 5744 factus
1848 5729 1864 5755 ,
1894 5697 2080 5742 curatu
2097 5685 2178 5741 dif
2181 5687 2237 5740 tl-

669 5787 818 5842 silior
843 5785 994 5842 feret.
1031 5783 1164 5841 Ideo»
1185 5784 1296 5840 ait:
1338 5781 1475 5839 Inter
1504 5792 1552 5838 te
1578 5792 1624 5837 et
1647 5782 1812 5853 ipsum
1837 5781 2019 5837 solum.
2057 5779 2118 5836 Si
2140 5798 2236 5836 att-

2357 4677 2504 4732 dierit
2525 4719 2538 4739 ,
2583 4675 2808 4731 (ueram
2848 4674 2948 4729 eris
2978 4677 3184 4731 fratrem
3213 4683 3376 4728 tuum.
3405 4673 3546 4743 Quid
3569 4681 3654 4730 est
3678 4674 3810 4730 illud
3843 4718 3863 4742 ,
3903 4681 3983 4737 Si

2355 4769 2617 4824 audierit?
2643 4769 2699 4823 Si
2730 4781 2792 4822 se
2817 4766 3147 4822 damnaverit
3170 4808 3185 4832 ,
3216 4766 3258 4821 si
3300 4781 3619 4836 persuasum
3660 4766 3875 4825 habeat
3907 4789 3983 4831 se

2353 4875 2624 4933 peccasse.
2654 4858 2909 4914 Latratus
2934 4872 2987 4912 es
3016 4860 3224 4929 fratrem
3243 4865 3406 4911 tum.
3432 4857 3547 4914 Non
3578 4844 3726 4927 dicit,
3751 4875 3986 4931 paenae

2349 4951 2622 5022 espetiisti
2662 4959 2919 5020 quantum
2966 4948 3094 5003 satis
3123 4943 3275 5012 erat,
3308 4947 3404 5004 sed
3429 4989 3444 5015 ,
3471 4947 3796 5013 Lucr-atus“
3837 4955 3984 5024 [η-

2351 5054 2477 5098 trem
2507 5051 2686 5096 tuest:
2718 5049 2774 5096 ut
2797 5039 3047 5096 ostendat
3069 5055 3133 5095 ex
3164 5038 3438 5101 inimicitia
3466 5055 3751 5097 commune
3772 5041 3989 5103 (Ic-tri-

2349 5145 2598 5194 mentum
2614 5135 2762 5190 oriri.
2797 5133 2913 5190 Non
2943 5133 3088 5189 enim
3117 5131 3285 5200 dixit,
3317 5132 3579 5190 Lucratus
3605 5145 3688 5191 est
3713 5135 3814 5193 ille
3840 5141 3985 5198 sei-

2350 5245 2528 5300 psum,
2556 5227 2674 5295 sed,
2701 5227 2778 5283 Tu
2807 5225 2980 5296 ipsum
3011 5225 3249 5280 lucratus
3271 5239 3332 5280 es
3355 5241 3370 5290 ;
3397 5225 3591 5296 quibus
3617 5227 3888 5287 declarat
3919 5246 3989 5291 et

2349 5321 2492 5377 hune
2521 5329 2577 5376 et
2615 5319 2761 5374 illum
2793 5317 3171 5373 detrimentum
3196 5325 3350 5370 antea
3378 5329 3565 5385 passos
3594 5329 3734 5378 esse.
3768 5319 3982 5379 alium

2346 5411 2533 5467 fratris
2556 5452 2571 5477 ,
2601 5411 2763 5465 alium
2807 5408 2992 5464 salutis
3033 5421 3166 5461 suae.
3207 5404 3293 5463 Ad
3317 5404 3421 5461 hoc
3460 5404 3784 5462 hortabatur
3828 5426 3990 5472 cum

2347 5501 2563 5558 sederet
2588 5501 2640 5555 in
2672 5508 2891 5556 monte:
2919 5497 3082 5553 modo
3113 5497 3294 5552 laesum
3316 5495 3384 5551 ad
3410 5495 3694 5552 laedentem
3717 5499 3996 5561 mittens

2345 5606 2401 5653 et
2441 5596 2662 5652 dicens:
2693 5595 2754 5651 Si
2780 5594 2847 5649 ad
2887 5596 3050 5650 altare
3094 5603 3234 5648 stans
3278 5590 3574 5646 recordatus
3613 5591 3780 5662 {ueris
3836 5599 3994 5668 qui.

2346 5690 2506 5758 frater
2533 5695 2650 5741 tuus
2675 5688 2817 5740 habet
2844 5686 3034 5756 aliquid
3063 5686 3327 5740 adversum
3353 5694 3428 5750 te,
3444 5683 3589 5749 unde,
3608 5687 3998 5757 reconciliare

2342 5781 2494 5849 fratri
2540 5789 2624 5835 tuo
2671 5778 2883 5851 (Matth.
2916 5778 2968 5834 5.
3001 5776 3090 5832 2'5.
3119 5775 3210 5849 2i)
3241 5793 3254 5845 ;
3301 5775 3461 5832 modo
3506 5777 3714 5837 lardum
3743 5775 3998 5847 iuben.
