4174 6332
179 392 260 447 585

174 530 374 597 proximo
396 527 663 587 dimittere
688 548 706 588 :
748 531 963 590 Dimitte
985 534 1126 591 nobis
1153 538 1319 592 debita
1345 548 1519 593 nostra
1538 582 1553 604 ,
1581 539 1713 595 sicut

172 629 206 673 et
226 636 303 673 nos
326 619 611 676 dimittimus
634 623 939 682 debitoribus
962 630 1167 697 nostris,
1192 630 1408 701 (Matth.
1438 630 1491 687 ϐ.
1519 630 1629 704 12),
1658 634 1710 687 id

168 712 310 767 dicere
323 712 505 767 docuit.
528 713 625 769 llic
651 731 778 772 vero
797 718 956 773 alium
986 720 1268 790 quemdam
1287 722 1504 778 modum
1530 725 1705 779 atl'ert.

168 801 255 858 Non
273 804 397 859 enim
414 803 714 875 laedentem,
734 809 831 866 sed
854 810 1038 867 ltesum
1057 812 1256 869 inducit
1273 814 1340 869 ad
1360 817 1554 885 ipsum.
1574 816 1704 871 Nam

164 896 258 965 quia
269 894 347 951 ille
362 896 465 968 ,qui
478 896 708 969 laeserat,
724 917 828 957 non
843 902 998 961 facile
1012 906 1245 963 venisset
1259 906 1325 962 ad
1342 908 1703 964 excusandum

162 1004 233 1053 se,
258 989 543 1059 pudefactus
568 1001 623 1048 et
648 995 988 1063 erubescens,
1022 998 1205 1053 ltesum
1231 999 1299 1055 ad
1329 1000 1479 1056 illum
1500 1001 1659 1056 trahit
1684 1018 1699 1068 ;

161 1095 298 1151 neque
324 1078 505 1136 frustm
531 1123 548 1151 ,
582 1084 675 1138 sed
708 1095 765 1139 ut
789 1085 985 1142 factum
1014 1089 1288 1146 resarciat.
1316 1090 1501 1164 Neque
1527 1091 1656 1169 dicit
1681 1135 1697 1161 ,

159 1174 322 1227 Accusa
340 1215 356 1239 ,
381 1189 487 1240 nec,
519 1175 759 1247 lncrepa,
784 1178 891 1245 vel,
922 1179 1114 1236 Pinnas
1138 1191 1361 1253 repete;
1385 1183 1696 1256 sed,Argue.

158 1263 228 1319 ille
253 1266 561 1337 namquejra
587 1275 641 1322 et
666 1267 869 1339 pudore
893 1286 993 1327 ceu
1024 1272 1255 1344 quodam
1283 1288 1482 1346 sopore
1517 1276 1696 1333 ebrius

155 1356 400 1411 retinetur:
447 1366 500 1413 te
538 1374 668 1414 vero
706 1359 862 1417 decet
912 1376 1101 1419 sanum
1149 1364 1298 1420 illum
1345 1377 1696 1438 aegrotantem

50 1458 51 1463 ‘
153 1446 303 1512 adire,
329 1448 585 1517 privatum
608 1450 867 1519 judicium
897 1455 1223 1512 constituere
1246 1500 1260 1525 ,
1292 1460 1696 1531 remediumque

150 1539 447 1608 acceptabile.
500 1539 633 1598 Illud
660 1543 806 1599 enim
830 1586 846 1612 ,
876 1544 1069 1618 Argue,
1095 1548 1226 1606 nihil
1254 1550 1396 1605 aliud
1423 1562 1505 1608 est
1532 1569 1709 1625 quam

50 1626 51 1631 “
149 1628 379 1687 Peccatum
405 1633 452 1689 in
479 1636 793 1692 memoriam
812 1654 1025 1708 revoca,
1044 1640 1131 1697 dic
1154 1643 1339 1716 ei-quze
1361 1645 1430 1701 ab
1454 1647 1544 1704 illo
1571 1664 1692 1719 pas-

146 1724 371 1780 sussis:id
386 1726 526 1808 quod
553 1727 597 1783 si
626 1730 841 1788 decenti
860 1734 1022 1790 modo
1052 1734 1161 1802 ﬂat,
1181 1752 1302 1808 pars
1328 1739 1572 1808 qumdam
1597 1742 1691 1798 de-

145 1810 354 1869 leusionis
374 1803 623 1890 eaeque
650 1822 718 1877 ad
745 1803 1236 1884 reconciliationem
1265 1803 1511 1902 impellit.
1544 1832 1684 1901 Quid

50 1946 51 1981 ἐ
142 1904 282 1974 igitur,
306 1909 346 1964 si
376 1924 481 1967 non
518 1926 727 1971 morem
768 1927 951 1989 gerat,
978 1928 1033 1976 ct
1079 1920 1123 1976 si
1159 1921 1325 1980 durus
1350 1939 1411 1980 ac
1440 1926 1685 1996 pertinax

50 2010 51 2053 ξ
140 1996 301 2053 fuerit?
320 2002 397 2057 l6.
426 2004 642 2062 Assume
660 2018 819 2064 tecum
847 2028 1002 2067 unum
1022 2024 1110 2069 aut
1138 2015 1285 2083 duos,
1305 2020 1428 2074 utin
1456 2036 1543 2075 ore
1563 2022 1684 2076 duo.

137 2106 222 2143 runt
237 2094 410 2149 testium
424 2106 517 2152 stet
534 2116 681 2156 omne
695 2104 916 2158 verbum.
944 2104 1076 2162 Nam
1095 2118 1296 2179 quanto
1314 2112 1682 2183 impudentior

50 2198 51 2219 ι
135 2190 173 2234 ct
186 2185 477 2252 petulantior
510 2188 687 2259 fuerit,
708 2199 1035 2269 tantomagis
1050 2200 1116 2255 ad
1134 2202 1398 2260 medelam
1425 2206 1680 2265 festinare

132 2283 322 2343 oportet,
348 2294 449 2334 non
484 2280 558 2336 ad
586 2282 722 2339 iram
750 2296 804 2342 et
834 2288 1273 2361 indignationem.
1313 2295 1448 2352 Nam
1478 2312 1534 2354 et
1558 2314 1677 2355 me-

132 2358 268 2431 dicus,
294 2381 407 2423 cum
437 2373 741 2441 graviorem
763 2358 1228 2440 videritvmorhum
1254 2428 1271 2453 ,
1300 2402 1407 2443 non
1437 2389 1670 2459 desistit,

130 2466 205 2507 nec
240 2470 369 2527 rgre
406 2460 544 2530 fert,
568 2464 665 2520 sed
698 2476 823 2524 tunc
864 2473 1034 2543 magis
1062 2488 1183 2531 sese
1227 2490 1485 2551 apparat,
1531 2484 1672 2553 quod

131 2545 257 2601 etiam
284 2550 362 2606 hic
387 2552 563 2613 facere
591 2562 853 2634 praecipit.
899 2566 1032 2632 Quia
1060 2570 1206 2625 enim
1230 2572 1380 2629 solus
1407 2573 1673 2643 inﬁrmior

126 2637 235 2695 visus
258 2656 311 2697 es
335 2685 350 2710 ,
376 2660 442 2704 ex
466 2648 836 2711 additamenta
860 2652 1052 2715 fortior
1072 2672 1211 2719 esto.
1243 2664 1375 2721 Nam
1404 2666 1513 2723 duo
1540 2671 1669 2725 satis

124 2738 219 2784 sunt
247 2734 307 2788 ad
331 2750 641 2807 peccantem
682 2745 1132 2820 redarguendum.
1168 2754 1358 2812 Viden'
1396 2762 1667 2846 quomodo

122 2835 199 2876 non
222 2823 323 2881 issi
350 2830 526 2886 solum
551 2872 567 2899 ,
611 2834 707 2891 sed
734 2838 895 2895 etiam
926 2840 1171 2900 laedentis
1202 2823 1484 2906 utilitatem
1518 2840 1665 2922 quee-

121 2913 211 2966 rat?
231 2914 350 2972 Nam
375 2921 537 2978 lassus
564 2923 654 2983 ille
675 2938 796 2997 est,
824 2932 913 3001 qui
937 2949 964 2987 a
994 2937 1184 2994 morbo
1210 2950 1397 3010 captus
1426 2943 1544 3011 iuit,
1571 2946 1664 3017 qui

118 3016 313 3091 aegrotat,
344 3012 643 3074 inﬁrmatur
673 3030 728 3076 et
754 3020 955 3093 deﬁcit.
998 3026 1123 3085 Ideo
1159 3045 1304 3104 saepe
1330 3035 1397 3090 ad
1428 3038 1568 3095 hunc
1588 3012 1661 3096 il—

116 3094 195 3150 lum
218 3086 373 3170 ducit,
399 3108 689 3180 aliquando
711 3088 883 3173 solum
905 3161 920 3185 ,
948 3086 1384 3193 aliquando‘cum
1414 3131 1535 3187 aliis
1559 3149 1571 3187 :
1606 3143 1662 3191 et

115 3185 146 3241 ti
165 3201 584 3269 perseveraverit,
618 3220 739 3261 cum
768 3185 1148 3272 Ecclesia.'l7.
1180 3215 1297 3285 Dic,
1328 3220 1520 3293 inquit,
1550 3222 1658 3281 an

116 3284 257 3342 dena.
297 3288 425 3347 Nam
472 3294 516 3349 si
562 3298 813 3367 patientis
840 3304 1016 3361 solum
1056 3284 1340 3369 utilitatem
1367 3284 1654 3389 quaereret,

114 3386 189 3430 non
204 3377 397 3447 juberet
420 3393 725 3463 septuagies
750 3400 949 3469 septies
978 3404 1260 3473 pqmitenti
1291 3409 1501 3466 veniam
1525 3429 1655 3469 con-

86 3464 259 3526 ‘ccdere
302 3473 511 3543 (Matth.
543 3482 632 3537 18.
661 3464 828 3561 22);⁷
851 3505 958 3545 non
978 3464 1191 3564 Utoties;
1238 3516 1414 3571 neque
1452 3464 1654 3564 tot—illi

111 3558 420 3621 constituisset
446 3570 623 3627 morbi
650 3558 1027 3638 emendatores
1053 3601 1066 3638 :
1096 3558 1193 3642 sed
1220 3606 1285 3645 ex
1317 3558 1493 3661 primo
1534 3598 1651 3653 col-

111 3644 246 3717 loquio
270 3653 410 3712 illum
434 3660 766 3723 obStinatum
792 3684 1097 3733 manentem
1129 3680 1270 3737 [oras
1299 3644 1645 3758 reliquisset:

110 3752 213 3797 nunc
237 3761 350 3805 vero
386 3762 440 3808 et
464 3759 634 3813 semel
673 3770 728 3817 et
752 3762 835 3821 bis
859 3775 913 3821 et
955 3776 1036 3825 ter
1062 3770 1210 3831 illum
1236 3752 1435 3835 curare
1452 3780 1645 3851 jubet,

108 3846 211 3892 nunc
230 3841 386 3899 solum
410 3887 427 3913 ,
457 3864 603 3906 nunc
630 3868 753 3910 cum
779 3856 989 3915 duobus
1008 3901 1026 3929 ,
1057 3880 1200 3921 nunc
1228 3882 1351 3924 cum
1383 3872 1642 3942 pluribus.

107 3925 195 3984 Ideo
219 3948 325 3992 cum
352 3939 418 3996 de
446 3947 690 4003 externis
715 3951 911 4021 agitur,
942 3925 1073 4011 nihil
1108 3960 1215 4015 tale
1243 3925 1407 4033 dicit:
1435 3967 1551 4034 sed,
1583 3968 1645 4025 Si

104 4024 183 4084 Qui:
203 4036 243 4080 te
261 4035 523 4105 percutiat,
561 4038 813 4109 inquit,in
835 4048 1100 4105 maxillam
1123 4054 1403 4124 dexteram,
1435 4072 1570 4117 certe
1596 4065 1643 4119 ei

104 4115 274 4172 italiam
291 4138 309 4186 ;
337 4122 422 4180 hic
446 4143 581 4185 vero
611 4147 716 4188 non
742 4136 841 4202 sic.
865 4139 1020 4207 Quod
1048 4144 1208 4200 etiam
1240 4147 1438 4206 Paulus
1473 4154 1637 4213 dicit:

102 4203 203 4268 θεῖά
225 4213 338 4269 mihi
360 4225 410 4273 et
433 4221 501 4276 de
528 4227 750 4281 externis
762 4203 1003 4299 judicare
1026 4234 1103 4306 (Ι.
1127 4236 1246 4294 Cor.
1272 4242 1327 4297 5.

101 4304 179 4351 tres
202 4314 311 4359 vero
337 4318 390 4364 et
416 4326 650 4383 arguere
692 4328 748 4374 et
786 4304 1042 4381 avertere
1056 4328 1212 4397 jubet
1236 4373 1253 4399 ,
1302 4349 1365 4389 ac
1393 4337 1497 4393 nisi
1536 4340 1638 4396 ob-

99 4395 358 4465 temperent,
383 4404 708 4468 abscindere
729 4453 746 4480 ,
778 4424 836 4470 ut
861 4395 1073 4486 pudore
1101 4395 1497 4486 suﬂ'u’ndantur.
1524 4432 1637 4492 lloc

96 4493 133 4535 et
152 4484 242 4555 ipse
261 4493 376 4550 iacit
395 4497 505 4568 hic,
528 4517 652 4559 cum
676 4505 745 4564 de
770 4484 1027 4571 fratribus
1054 4516 1223 4588 legem
1249 4525 1471 4580 statuit:
1503 4536 1639 4584 tres-

91 4590 167 4673 ttue
191 4580 273 4650 ipsi
297 4592 479 4648 statuit
503 4593 759 4655 doctores
797 4612 852 4658 et
875 4580 1231 4682 judices,vqui
1257 4614 1487 4673 doceant
1514 4636 1634 4691 qua:

875 4663 895 4675 ,
1070 4663 1108 4677 κ,
1147 4663 1231 4682 Γ-
1260 4663 1487 4673 --η-η-
1514 4663 1632 4691 νην

94 4663 129 4719 in
153 4678 429 4739 temulentis
464 4700 771 4759 perpetrata
800 4708 945 4756 sunt.
977 4700 1110 4758 Nam
1155 4707 1257 4779 etsi
1286 4709 1402 4782 ipse
1427 4722 1512 4770 est
1540 4717 1632 4789 qui

91 4765 223 4820 omnia
248 4770 471 4833 absurda
505 4780 599 4837 illa
647 4782 774 4842 fecit
801 4799 856 4845 et
882 4790 1137 4863 loquutus
1163 4776 1278 4867 est,
1304 4765 1423 4862 aliis
1451 4765 1630 4867 tam‘en

90 4860 187 4916 opus
221 4857 369 4920 habet
395 4869 490 4939 qui
536 4869 804 4946 doceant,
839 4857 1025 4953 utpote
1049 4888 1233 4946 ebrius
1249 4857 1278 4961 ς’
1297 4910 1420 4952 nam
1455 4899 1531 4955 ira
1577 4892 1643 4959 et

90 4955 307 5011 Peccatum
337 4960 625 5033 plusquam
650 4970 884 5031 ebrietas
926 4990 1165 5039 mentem
1195 4955 1447 5057 turbant,
1494 5005 1547 5050 et
1574 4998 1630 5054 in

89 5040 291 5157 surirem
318 5053 582 5115 insaniam
607 5065 920 5134 conjiciunt.
952 5071 1084 5130 Nam
1115 5078 1239 5149 quis
1273 5081 1472 5142 Davide
1498 5103 1625 5157 pru-

85 5128 246 5255 delpttor
266 5154 380 5200 erat
420 5149 505 5218 (2.
552 5150 683 5226 Reg.
708 5128 843 5221 i2)?
889 5128 1151 5223 Altam—et:
1182 5186 1303 5228 cum
1347 5128 1619 5255 peccati-et,

87 5224 119 5255 ni
153 5228 177 5255 ἒὶ
203 5240 344 5255 -ρ--υι
536 5245 550 5255 ·
794 5252 802 5255 “

632 5224 646 5226 _
1191 5224 1206 5226 ‘
1228 5224 1303 5228 ““'
1348 5224 1619 5255 r""“"’"

87 5224 178 5281 nihil
202 5240 368 5306 sensit,
403 5245 550 5313 quod
580 5252 1015 5322 concnpiscenlia
1048 5266 1228 5321 omnia
1257 5268 1373 5338 ejus
1404 5275 1624 5333 ratioci-

755 5314 768 5322 .
1006 5314 1014 5316 ~
1056 5314 1228 5321 ---"--—
1259 5314 1373 5338 *δ’-υ
1404 5314 1622 5333 ·“⁴’¹νν¹“

84 5314 140 5369 ηῖε
174 5337 513 5404 occupasset,
563 5348 620 5395 et
661 5356 759 5399 ceu
786 5346 965 5405 l'umns
992 5354 1208 5423 quidam
1238 5359 1355 5429 ejus
1384 5366 1622 5425 animum

83 5410 277 5476 repleret.
318 5423 660 5499 Quapropter
687 5437 905 5493 lucerna
949 5410 1084 5512 opus
1125 5410 1311 5506 habuit
1352 5470 1451 5525 per
1498 5474 1623 5528 pro-

84 5498 238 5528 nL...__.
268 5525 278 5528 A
308 5512 321 5528 ι
345 5516 357 5528 ι
441 5526 445 5528 -
725 5527 730 5528 ⁷

544 5498 555 5499 ,
987 5498 999 5512 .
1126 5498 1311 5506 ~———-~
1390 5498 1440 5511 ν·
1499 5498 1623 5528 μυ*

84 5498 242 5563 Pinetam
260 5512 512 5586 adducta,
540 5537 604 5578 ac
628 5527 804 5584 verbis
821 5545 939 5601 qua:
965 5532 1174 5595 facinus
1203 5541 1303 5613 ipsi
1337 5498 1390 5601 iii
1419 5565 1623 5607 memo-

81 5592 177 5649 riam
197 5603 526 5667 reducerent.
564 5613 692 5672 Ideo
720 5619 817 5677 bos
839 5592 986 5682 nunc
1012 5630 1076 5684 ad
1106 5592 1422 5701 pecc‘autem
1446 5643 1618 5701 addu-

79 5691 153 5753 οίν
180 5692 257 5760 qui
280 5694 344 5756 de
372 5706 543 5775 gestis
562 5710 676 5767 suis
702 5711 872 5785 ipsum
898 5691 1254 5794 alloquamur.

1121 399 1186 457 ῐΝ
1224 401 1632 461 ΜΛΤΤΙΙᾹΞΗΜ
1676 403 1908 463 ιιοὶιιι.
1952 410 2065 469 LX.
2106 416 2179 473 al.
2221 419 2358 476 LXI.

1895 521 1947 578 2.
1982 527 2090 583 Cur
2112 539 2290 588 autem
2340 536 2481 593 hunc
2503 538 2659 609 jubet
2703 558 2933 616 arguere
2954 594 2967 616 ,
2999 566 3125 609 non-
3151 557 3315 615 alium
3363 564 3421 616 ’3

1816 610 1950 680 Quia
1980 615 2121 675 hunc
2143 630 2326 692 utpote
2346 640 2376 680 a
2406 642 2466 683 se
2486 628 2671 686 laesum
2699 644 2753 690 et
2775 635 2968 707 injuria
2990 642 3265 715 all‘eotum,
3302 668 3418 707 m0-

1814 703 2051 764 deratius
2086 722 2205 767 erat
2259 716 2607 778 toleraturus.
2650 724 2765 783 Non
2803 703 2949 786 etaim
2991 737 3107 803 pari
3136 740 3319 795 animo
3350 747 3421 798 ab

1812 795 1919 850 alio
1946 797 2015 855 de
2042 800 2616 872 injuriaalterioblata
2639 832 2699 873 se
2731 795 3263 897 redargui-patiatur,
3293 795 3420 888 cuiu

1811 890 2045 947 maxime
2069 894 2217 950 solus
2246 908 2329 954 est
2358 900 2404 956 is
2430 904 2519 974 qui
2561 906 2857 980 redarguit.
2879 890 3028 971 Cum
3042 929 3225 977 autem
3258 922 3305 979 is
3326 927 3419 995 qui

1809 979 2055 1037 rationes
2082 984 2152 1039 ab
2190 986 2309 1059 ipso
2347 997 2630 1064 expetendi
2664 979 2755 1071 jus
2787 1002 2971 1075 habet,
3008 1009 3177 1079 ipsius
3213 979 3416 1074 cura‘re

1807 1070 2032 1128 salutem
2059 1076 2291 1151 videtur,
2314 1083 2361 1138 is
2386 1088 2619 1147 maxime
2648 1095 2889 1153 omnium
2930 1070 3108 1170 potest
3151 1105 3316 1164 illum.
3345 1113 3413 1167 ad

1806 1161 2245 1232 resipisccutiam.
2264 1188 2476 1243 vocare,
2518 1195 2640 1237 cum
2685 1184 2865 1243 videat
2896 1188 3001 1247 hoc
3040 1207 3148 1250 non
3196 1213 3441 1267 poenam.

1803 1256 2111 1325 expetendi,
2140 1262 2234 1317 sed
2279 1268 2597 1328 emendandi
2626 1277 2799 1346 gratia
2829 1279 2969 1339 ﬁeri.
2999 1283 3127 1342 Ideo
3162 1256 3269 1346 non
3296 1302 3413 1348 sta—

1803 1342 1897 1397 tim
1926 1343 2062 1403 duos
2088 1353 2343 1412 accedere
2362 1357 2538 1427 jubet,
2564 1342 2659 1425 sed
2704 1382 2826 1425 cum
2857 1373 3063 1443 primus
3084 1342 3413 1452 nilnil-proii-

1800 1446 1923 1489 ccrc
1964 1447 2178 1507 potest:
2235 1460 2409 1517 neque
2457 1460 2585 1509 tunc
2624 1458 3025 1520 multitudinem
3068 1446 3267 1536 mittit;
3312 1479 3408 1532 sed

1800 1540 1966 1597 usque
1991 1531 2057 1585 ad
2082 1532 2218 1590 duos
2248 1537 2416 1607 addit,
2451 1544 2535 1599 vel
2555 1547 2714 1603 etiam
2739 1566 2941 1622 unum;
2966 1572 3089 1614 cum
3111 1571 3292 1620 autem
3311 1566 3411 1623 hos

1799 1616 2138 1691 despexerit,
2175 1635 2299 1685 tunc
2327 1632 2392 1687 ad
2424 1634 2722 1697 Ecclesium
2769 1616 3142 1709 illum'm'ittit.
3171 1657 3261 1715 Sic
3304 1661 3407 1716 ad.-

1788 1714 2017 1781 _modum
2044 1728 2200 1776 curat
2243 1740 2313 1780 ne
2362 1732 2589 1797 proximi
2643 1749 2861 1805 peccata
2914 1745 3270 1818 evulgentur;
3305 1757 3406 1811 etsi

1794 1807 2029 1874 potuerit
2080 1825 2110 1866 a
2167 1815 2431 1887 principio
2477 1823 2606 1879 illud
2650 1828 2880 1897 jubere,
2932 1852 2999 1892 ne
3125 1841 3179 1896 in
3214 1807 3405 1916 vulgus

1791 1910 2070 1968 manaret,
2106 1920 2211 1962 non
2243 1907 2368 1965 fecit
2394 1954 2410 1979 ,
2439 1915 2533 1971 sed
2564 1918 2684 1986 pust
2706 1937 2866 1980 unam
2904 1928 3243 2004 alteramque
3281 1954 3401 1994 mo-

1790 1992 2048 2049 nitionem
2095 1998 2147 2053 id
2196 2004 2455 2074 prmcipit.
2509 2011 2648 2076 Quid
2701 2026 2880 2073 autem
2934 2022 3037 2077 sibi
3070 1992 3189 2082 vnit
3224 1992 3397 2093 illud.

1789 2079 1854 2135 In
1885 2100 1970 2140 ore
2003 2088 2224 2146 duorum
2253 2096 2332 2149 vel
2356 2098 2510 2154 trium
2546 2104 2748 2159 testium
2792 2109 2945 2165 stabit
2971 2130 3121 2171 omne
3149 2121 3356 2178 uerbum
3376 2126 3403 2179 Ρ

1785 2169 2041 2237 idoneum
2086 2178 2252 2238 babes
2287 2188 2696 2264 testimonium,
2754 2198 2963 2271 inquit,
3013 2216 3067 2262 te
3120 2219 3292 2269 totum
3348 2217 3401 2272 id

1782 2268 1926 2337 quod
1966 2286 2134 2342 penes
2178 2284 2229 2331 te
2278 2288 2395 2335 erat
2438 2282 2667 2355 fecisse,
2717 2268 2961 2365 nihilque
3007 2268 3289 2361 omisisse.

1780 2370 1951 2415 autem
1997 2381 2090 2420 nec
2129 2367 2221 2423 hos
2260 2374 2500 2441 audierit,
2542 2377 2627 2432 dic
2664 2378 2945 2455 Ecclesiae,
2998 2389 3051 2446 id
3088 2401 3209 2461 est,
3257 2414 3399 2467 pra!-

1778 2451 2002 2509 sidibns.
2038 2456 2189 2525 Quod
2222 2462 2268 2516 si
2307 2461 2591 2524 Ecclesium
2622 2488 2727 2527 non
2749 2451 3013 2548 audierit,
3038 2484 3103 2538 sit
3133 2451 3223 2540 tibi
3249 2451 3410 2559 quasi

1777 2546 2003 2602 ethnicus
2049 2559 2096 2605 et
2141 2554 2462 2623 publicanus.
2512 2561 2655 2620 Talis
2700 2569 2848 2626 enim
2890 2546 3054 2631 homo
3100 2546 3398 2642 incurabili.

1776 2639 1965 2695 morbo
1982 2640 2208 2700 laborat.
2234 2645 2311 2702 Tu
2338 2666 2469 2707 vero
2493 2654 2622 2712 mihi
2651 2664 2948 2734 perpende,
2981 2674 3255 2739 quomodo
3286 2692 3387 2747 pu-

1773 2728 2043 2789 blicanum
2075 2736 2271 2809 ubique
2302 2742 2353 2797 in
2388 2728 2693 2818 exemplum
2722 2728 2975 2827 nequitia:
2999 2728 3255 2823 maximae
3282 2728 3384 2845 po-

1773 2833 1883 2878 nat.
1914 2826 2045 2884 Nam
2074 2846 2231 2903 supra
2260 2835 2396 2893 dixit
2426 2859 2439 2895 :
2483 2840 2674 2901 Nonne
2696 2857 2742 2902 et
2766 2826 3030 2920 publicani
3054 2855 3151 2912 hoc
3187 2826 3388 2932 faciunt

1771 2914 1791 2985 (
1818 2915 2003 2973 Matt/1.
2048 2922 2101 2979 5.
2150 2925 2219 2981 46
2240 2927 2292 2996 )?
2318 2940 2371 2985 et
2400 2948 2721 3006 progressus
2741 2914 2955 3001 rursum
2991 2962 3004 3001 :
3031 2914 3309 3010 Publicani

1769 3014 2052 3069 meretrices
2076 3022 2362 3088 prtvcedeut
2389 3042 2473 3081 vos
2495 3028 2547 3082 in
2578 3046 2732 3105 regno
2758 3036 3000 3096 ctelorum
3022 3037 3253 3115 (Matt/1.
3288 3050 3380 3107 21.

1768 3101 1829 3158 3!
1854 3101 1910 3175 );
1941 3105 1991 3161 id
2016 3119 2119 3175 est,
2151 3114 2243 3183 qui
2275 3119 2506 3176 maxime
2534 3101 2912 3194 improbantur
2930 3141 2984 3189 et
3014 3101 3382 3198 condemnan~

1768 3202 1870 3249 tur.
1901 3198 2137 3256 Audiant
2168 3203 2240 3259 illi
2270 3211 2359 3277 qui
2393 3209 2457 3265 ad
2479 3222 2722 3283 quaestus
2749 3219 2963 3294 iniquos
2993 3240 3257 3299 currunt,
3282 3237 3374 3305 qui

1762 3283 1971 3344 [tenera
2000 3289 2295 3355 fmnoribns
2319 3299 2597 3371 adjiciunt.
2630 3308 2741 3365 Cur
2769 3283 2935 3385 porro
2976 3283 3108 3375 cum,

1762 3380 1847 3436 nis
1893 3382 2053 3439 istum
2087 3386 2270 3444 locat?
2315 3392 2383 3449 Ut
2412 3395 2595 3454 lazsum
2625 3380 2971 3478 consoletur,
3004 3421 3059 3467 et
3088 3412 3229 3472 hunc
3271 3427 3377 3474 ter-

1762 3477 1896 3522 reat.
1924 3467 2063 3525 Num
2092 3472 2208 3530 hmc
2251 3477 2372 3550 sola
2410 3484 2618 3551 punitio
2667 3489 2795 3545 est?
2822 3467 3041 3553 Minime
3073 3517 3086 3553 :
3120 3502 3215 3557 sed
3250 3505 3375 3562 audi
3481 3489 3484 3492 i

1759 3563 2035 3631 sequentia
2066 3582 2078 3619 :
2112 3567 2199 3622 18.
2234 3568 2603 3647 Quodcumque
2620 3579 2959 3653 nlligaveritis
2976 3605 3132 3663 super
3158 3603 3370 3666 terram,

1757 3652 1851 3705 erit
1873 3655 2085 3725 ligatum
2112 3668 2158 3714 et
2195 3662 2247 3717 in
2273 3666 2429 3720 aclis.
2478 3667 2595 3725 Non
2636 3652 2774 3729 dixit
2807 3652 3063 3738 Ecclesiae
3111 3690 3326 3756 prtesuli
3353 3734 3369 3756 ,

1755 3744 1929 3817 Alliga
1953 3748 2123 3818 illum,
2156 3753 2273 3820 sed,
2309 3755 2363 3811 Si
2392 3758 2719 3834 alligaveris,
2762 3768 2811 3823 ei
2840 3770 2932 3841 qui
2960 3744 3125 3833 laesus
3147 3778 3249 3836 fuit
3277 3744 3365 3837 to;

1756 3844 1866 3892 tum
1910 3843 2259 3909 permittens:
2295 3857 2529 3923 tuncque
2556 3856 2765 3914 vincula
2804 3877 2912 3920 non
2941 3865 3200 3928 dissoluta
3246 3891 3367 3932 ma-

1754 3939 1901 3984 nent.
1938 3931 2197 3991 Extrema
2224 3938 2404 4011 itaque
2435 3946 2669 4014 patietur
2699 3952 2863 4008 mala.
2905 3955 3012 4015 Sed
3045 3976 3151 4018 non
3198 3967 3244 4022 is
3274 3972 3367 4039 qui

1750 4019 1943 4078 detulit
1969 4024 2020 4080 in
2046 4039 2207 4084 causa
2234 4040 2337 4100 est,
2361 4049 2546 4092 verum
2571 4038 2616 4094 is
2637 4042 2729 4112 qui
2761 4047 2932 4103 noluit
2961 4019 3365 4126 obtemperaie.

1750 4112 1915 4171 Vides
1946 4121 2218 4188 quomodo
2246 4123 2387 4183 hunc
2415 4127 2613 4201 duplici
2643 4139 2967 4198 necessitate
3006 4112 3271 4217 vinxerit,
3309 4164 3372 4211 et

1748 4211 1999 4277 praesenti
2031 4228 2183 4283 paena
2205 4257 2221 4285 ,
2252 4226 2307 4273 et
2330 4218 2509 4278 futuro
2541 4229 2846 4298 supplicio?
2874 4233 3002 4293 Haec
3026 4252 3190 4309 porro
3209 4211 3361 4301 cum-

1746 4300 1979 4359 minatus
2006 4315 2111 4374 est,
2131 4323 2198 4364 ne
2223 4310 2371 4368 isttcc
2395 4316 2664 4387 accidant,
2701 4322 2796 4379 sed
2823 4337 3071 4397 metuens
3100 4342 3156 4389 et
3183 4339 3359 4395 minus

1744 4402 1799 4448 et
1820 4394 2140 4463 ejectionem
2184 4402 2254 4457 ab
2304 4405 2584 4478 Ecclesia,
2618 4420 2674 4470 et
2714 4416 3013 4486 periculum
3038 4439 3105 4482 ex
3137 4429 3357 4488 vinculo

1744 4494 1982 4553 partum,
2012 4504 2113 4545 nec
2142 4508 2247 4548 non
2279 4495 2409 4553 illud
2441 4500 2495 4555 in
2529 4503 2677 4561 caelis
2706 4507 2999 4584 vinculum,
3024 4519 3371 4582 moderatior

1743 4576 1835 4643 sit,
1866 4592 1988 4635 cum
2013 4580 2130 4638 haec
2159 4584 2313 4651 sciat,
2342 4591 2442 4645 etsi
2471 4605 2577 4649 non
2622 4611 2651 4650 a
2686 4600 2972 4675 principio,
3006 4608 3073 4664 in»
3106 4615 3356 4673 multitu-

1739 4668 1866 4726 dine
1900 4680 2077 4732 tamen
2099 4676 2421 4747 iudiciorum
2453 4686 2587 4744 iram
2629 4668 2883 4764 deponat:
2922 4700 3131 4762 idcirco
3158 4718 3213 4764 et
3243 4715 3354 4783 pri.

1739 4777 1886 4819 mum
1940 4775 1995 4821 et
2042 4772 2337 4828 secundum
2385 4786 2439 4833 et
2489 4781 2708 4839 tertium
2738 4792 3017 4851 constituit
3047 4772 3351 4875 judicium,

1738 4868 1912 4926 neque
1941 4860 2120 4915 statim
2157 4862 2305 4919 illum
2345 4872 2691 4943 praisciudit,
2723 4882 2844 4936 utsi
2878 4860 3185 4954 primo'non
3211 4860 3348 4955 ohe:

1737 4944 1885 5015 diat,
1933 4952 2171 5009 secundo
2224 4958 2417 5027 cedat;
2464 4963 2546 5020 sin
2596 4966 2732 5027 il!ud
2784 4944 3083 5051 respuerit,
3129 4990 3347 5051 tertium

1735 5039 1956 5107 timeat;
2007 5044 2051 5098 si
2096 5046 2253 5116 hujus
2309 5054 2510 5112 nullam
2554 5062 2820 5121 rationem
2864 5068 3091 5144 habeat,
3151 5096 3218 5136 ex
3260 5083 3347 5138 fu-

1732 5140 1856 5186 turo
1894 5134 2096 5203 judicio
2136 5148 2402 5199 terreatur
2425 5188 2440 5214 ,
2491 5149 2623 5207 sive.
2640 5170 2706 5210 ex
2739 5156 2832 5214 Dei
2863 5166 3131 5225 sententia
3174 5174 3347 5231 et‘ul-

1736 5225 1900 5281 tione.

1804 5318 1989 5375 Preces
2043 5340 2281 5396 magnam
2316 5330 2415 5385 rim
2463 5350 2497 5387 a
2545 5342 2821 5398 concordia
2860 5356 3111 5407 "mhan
3171 5356 3353 5425 Quare.

1731 5425 1830 5463 non
1876 5428 2075 5483 semper
2122 5420 2475 5477 exaudiamur.
2524 5429 2728 5488 Amoris
2762 5454 2882 5509 erga
2912 5446 3199 5511 proximum
3228 5469 3343 5521 qua:

1729 5518 1887 5557 causa
1929 5522 2036 5562 esse
2074 5508 2268 5566 debeat.
2302 5516 2554 5574 Amicitia:
2603 5524 2843 5584 humana:
2888 5536 3105 5593 vanitas.
3138 5542 3342 5599 Amoris

1727 5594 2005 5653 Christiani
2028 5604 2178 5657 ratio.
2200 5636 2268 5645 -—
2289 5607 2373 5663 l9.
2406 5608 2604 5669 Iterum
2633 5628 2800 5673 autem
2824 5624 2938 5679 dico
2964 5628 3121 5697 vobis,
3155 5636 3273 5703 quia
3295 5639 3341 5691 si

1730 5685 1828 5742 duo
1845 5705 1908 5743 ea:
1929 5692 2063 5747 vobis
2085 5701 2425 5755 consenserint
2440 5720 2593 5773 super
2620 5718 2827 5779 terram,
2848 5714 2913 5770 de
2927 5721 3067 5774 omni
3090 5739 3144 5775 re
3158 5741 3339 5795 quaut-

1758 5848 1805 5956 lf
1842 5850 1913 5901 Sic
1938 5852 2077 5904 savii.
2109 5864 2159 5907 ct
2183 5863 2375 5917 Mss.;at
2400 5863 2583 5928 .\l0t'cl.,
2609 5873 2653 5919 et
2678 5882 2771 5927 nou
2797 5871 2897 5927 alio
2920 5882 3080 5943 modo,
3110 5895 3217 5946 pro,
3238 5897 3343 5944 non

1779 5923 1891 5956 tam.

1723 5920 1891 5959 atrum.
