4174 6332
775 367 879 426 587

769 501 980 554 minque
1007 472 1254 555 petierint,
1295 489 1380 548 pet
1408 477 1479 532 eis
1502 492 1534 530 a
1561 473 1718 530 Patre
1744 490 1853 529 me
1889 472 1976 544 qui
2001 473 2054 526 in
2083 472 2220 526 cadis
2247 479 2337 525 est.

769 579 858 632 20.
895 575 992 631 Ubi
1018 576 1147 629 enim
1168 570 1354 642 fuerint
1377 568 1482 623 duo
1506 567 1582 622 vel
1607 579 1707 621 tres
1740 565 2025 637 congregati
2062 564 2118 616 in
2143 564 2344 616 nomine

771 680 898 734 sieo,
923 668 989 722 ibi
1007 681 1114 720 sunt
1133 666 1183 717 in
1211 661 1372 717 medio
1391 676 1582 716 eorum.
1617 657 1798 713 Viden’
1823 654 2088 728 quomodo
2115 653 2333 708 aliunde

771 745 927 818 etiam
953 759 1121 815 solvat
1157 754 1490 820 inimicitias,
1533 751 1832 807 simultates
1879 749 2047 814 tollat,
2071 756 2126 803 et
2150 755 2334 801 mutuo

765 853 947 922 jungat
969 889 984 912 ,
1014 863 1117 913 non
1140 855 1340 901 tantum
1365 859 1430 901 ex
1460 844 1647 898 timore
1663 841 1772 911 jam
1800 839 1924 896 dicti
1948 837 2212 908 supplicii,
2242 834 2337 891 sed

771 945 928 999 etiam
949 951 1018 997 ex
1043 940 1197 996 bouis
1236 952 1330 1009 per
1364 937 1636 993 caritatem
1682 934 1864 1005 partis.
1894 931 2026 987 Nam
2061 940 2335 1002 postquam

771 1032 1118 1088 routentiosis
1159 1030 1248 1085 illa
1275 1029 1627 1085 mmminats
1651 1035 1750 1091 est,
1781 1023 1866 1080 hic
1895 1038 2082 1094 magna
2109 1037 2332 1079 concor-

769 1126 870 1178 tlize
897 1122 1112 1192 prauuia
1135 1120 1342 1184 statuit,
1363 1118 1620 1188 siquidem
1649 1117 1705 1182 ii,
1747 1115 1836 1186 qui
1885 1125 2068 1170 mutuo
2111 1114 2250 1170 inter
2276 1127 2336 1170 se

763 1214 1126 1276 consentiunt,
1143 1225 1172 1263 a
1201 1206 1356 1264 Patre
1394 1209 1679 1277 impetrant
1702 1204 1843 1277 quod
1867 1212 2074 1275 petunt,
2104 1212 2159 1259 et
2181 1202 2338 1260 Chri-

763 1304 966 1359 stumin
984 1301 1164 1358 ntedio
1173 1300 1384 1356 habent.
1403 1301 1485 1353 Au
1507 1313 1763 1369 nusquam
1782 1296 1887 1351 duo
1902 1306 2084 1352 mutuo
2103 1310 2334 1352 consen-

765 1397 960 1449 tientes
984 1392 1145 1448 sunt?
1173 1390 1347 1445 Multis
1375 1391 1428 1445 in
1462 1389 1593 1445 locis
1616 1389 1815 1459 utique,
1837 1387 1945 1443 imo
1968 1386 2101 1442 forte
2118 1385 2330 1456 ubique.

766 1482 1045 1551 Quomodo
1103 1483 1262 1553 igitur
1291 1495 1394 1535 non
1434 1478 1612 1535 omnia
1641 1477 1964 1548 impetrant?
1995 1476 2127 1545 Quia
2156 1477 2336 1531 multa:

765 1585 890 1631 sunt
936 1585 1108 1632 causai
1131 1587 1237 1628 nou
1289 1570 1623 1642 impetrandi.
1669 1570 1799 1624 Nam
1851 1581 1993 1639 saepe
2014 1568 2101 1624 illa
2151 1576 2337 1639 petunt

765 1679 886 1737 qua:
909 1663 1202 1720 concedere
1230 1677 1334 1718 non
1357 1661 1590 1731 expedit.
1631 1659 1847 1730 Ecquid
1874 1658 2104 1724 miraris,
2146 1658 2191 1713 si
2243 1658 2334 1714 alii

769 1770 880 1811 non
923 1757 1224 1825 impetrent,
1254 1751 1467 1822 quando
1496 1750 1690 1805 Paulus
1713 1750 1874 1806 etiam
1904 1749 1956 1804 id
1991 1763 2177 1821 passus
2217 1756 2334 1816 est,

765 1862 886 1904 cum
909 1837 1147 1903 audivit:
1176 1844 1368 1914 Suﬁcit
1395 1843 1483 1896 tibi
1515 1845 1679 1913 gratia
1698 1857 1811 1895 mea
1828 1881 1845 1906 ,
1865 1841 2024 1896 uirtus
2062 1839 2194 1894 enim
2226 1855 2336 1894 mea

765 1942 825 1996 in
850 1938 1166 2008 inﬁmitate
1184 1936 1457 2006 perﬁcitur
1472 1931 1549 2002 (9..
1569 1931 1694 1990 Car.
1713 1930 1802 1986 12.
1820 1929 1903 2000 9)?
1921 1929 2029 1984 Aut
2045 1929 2120 1983 illi
2135 1929 2228 1999 qui
2249 1943 2336 1998 pc-

772 2037 892 2084 tunt
911 2041 1017 2081 non
1033 2027 1183 2097 digni
1201 2031 1331 2082 sunt
1350 2024 1420 2080 iis
1433 2019 1758 2094 mquiparari
1780 2021 1873 2092 qui
1892 2021 2005 2076 hac
2024 2019 2333 2085 audierunt,

771 2135 873 2176 nec
889 2134 954 2176 ex
975 2134 1034 2175 se
1051 2117 1289 2174 aderunt
1307 2131 1373 2171 ea
1384 2130 1506 2187 qua:
1522 2120 1910 2184 competerent;
1931 2111 2046 2182 ipse
2061 2125 2188 2165 vero
2199 2123 2334 2180 apo-

771 2211 1038 2268 stolorum
1057 2207 1267 2265 similes
1285 2206 1550 2278 requirit:
1573 2205 1698 2260 ideo
1727 2202 1828 2268 ait,
1843 2199 1927 2255 Ea:
1949 2199 2114 2266 vobis,
2137 2199 2339 2254 virtute

774 2301 1043 2372 praditis,
1059 2298 1156 2370 qui
1187 2294 1485 2368 angelicam
1509 2294 1676 2350 vitam
1707 2288 1995 2347 cxbibetis.
2018 2289 2127 2346 Aut
2147 2299 2336 2346 contra

775 2394 1034 2448 ludentes
1053 2381 1124 2447 se
1141 2397 1460 2460 precantur,
1485 2385 1745 2442 ultionem
1768 2390 1823 2439 et
1840 2381 2163 2453 supplicium
2193 2381 2339 2452 ipso-

781 2498 900 2540 rum
934 2481 1300 2553 postulantes,
1330 2479 1383 2533 id
1409 2476 1555 2549 quod
1581 2485 1668 2532 est
1696 2473 2060 2545 prohibitum:
2083 2487 2210 2527 nam
2238 2472 2338 2537 ait,

773 2572 1076 2630 ἤθεσινιίηὸ
1089 2585 1187 2640 pro
1197 2569 1424 2623 inimicis
1437 2567 1618 2623 vestris
1636 2566 1655 2633 (
1662 2563 1717 2618 Π
1719 2573 1796 2618 at.
1815 2564 1868 2618 5.
1891 2562 2003 2633 Η).
2015 2562 2054 2616 Δ
2064 2569 2119 2616 ut
2136 2563 2254 2617 sine
2264 2561 2342 2616 ul-

775 2666 824 2720 la
837 2653 1899 2735 penitentiapeccantesmiscriconliam
1915 2663 2122 2724 petunt,
2133 2668 2254 2723 qua:
2264 2660 2345 2708 ta-

776 2770 1018 2811 mennon
1031 2751 1310 2823 impetrari
1321 2756 1518 2820 potest,
1531 2763 1640 2803 non
1656 2747 1817 2803 modo
1840 2745 1948 2801 illis
1968 2744 2339 2815 precantibus,

777 2847 872 2903 scd
889 2846 1054 2902 etiam
1075 2843 1263 2898 alioex
1291 2840 1361 2896 iis
1386 2839 1477 2910 qui
1507 2838 1648 2909 apud
1668 2836 1838 2892 Deum
1865 2835 2116 2890 ﬁduciam
2137 2834 2343 2890 habent

779 2953 878 3006 pro
911 2936 1048 3007 ipsis
1069 2934 1410 3005 postuiante:
1443 2928 1905 3000 quemadmodum
1933 2925 2338 2982 Jeremiascum

773 3039 882 3096 pro
891 3026 1093 3083 Mais
1109 3028 1444 3093 precaretur,
1464 3018 1670 3075 audivit
1687 3034 1703 3073 :
1728 3016 1779 3072 Ν
1784 3017 1858 3072 oti
1875 3034 2026 3072 orare
2037 3033 2132 3084 pro
2144 3017 2338 3088 populo

772 3109 885 3174 hoc,
929 3106 1048 3177 quia
1095 3121 1196 3159 non
1235 3114 1285 3159 te
1319 3103 1586 3158 exaudiant
1637 3100 1789 3171 (Jer.
1835 3102 1922 3156 ll.
1963 3100 2093 3170 14).
2123 3101 2181 3159 Si
2211 3117 2339 3159 vero

774 3207 962 3254 cuneta
985 3195 1176 3262 adsint,
1203 3204 1260 3251 et
1281 3194 1428 3249 utilia
1454 3201 1626 3263 petas,
1669 3192 1915 3265 quodque
1946 3207 2110 3265 penes
2163 3202 2217 3249 te
2257 3203 2342 3250 est

770 3289 982 3355 aderas,
1002 3287 1168 3342 vitam
1190 3285 1352 3341 ducas
1375 3283 1743 3355 apostolicam,
1768 3283 2106 3340 concordiam
2132 3294 2187 3338 ct
2205 3285 2343 3338 carl-

772 3387 940 3435 tatem.
963 3391 1089 3447 ergo
1113 3377 1410 3446 proximum
1436 3387 1638 3439 serves,
1662 3375 1923 3444 postulata
1951 3373 2293 3443 consequeris
2324 3391 2341 3427 :

772 3468 1030 3539 benignus
1057 3466 1253 3537 quippe
1285 3473 1370 3522 est
1393 3464 1668 3522 Dominus.

841 3559 897 3616 '5.
929 3557 1135 3614 Deinde
1153 3557 1273 3628 quia
1296 3555 1447 3622 dixit,
1493 3555 1536 3609 Δ
1565 3552 1720 3608 Patre
1750 3567 1893 3618 meo,
1923 3561 1981 3607 ut
2011 3551 2256 3607 ostendat
2282 3565 2341 3607 se

775 3665 1004 3722 quoque,
1034 3658 1135 3705 nec
1158 3648 1322 3704 modo
1344 3647 1579 3708 Patrem.
1628 3645 1890 3716 postulata
1911 3643 2156 3698 daturum
2183 3658 2304 3699 esse
2320 3683 2340 3709 ,

772 3741 1047 3812 subiunxit
1071 3759 1086 3794 :
1115 3739 1217 3796 ωε
1239 3737 1486 3794 enimdato
1513 3738 1588 3791 oet
1631 3745 1729 3790 tres
1774 3735 2056 3807 congregati
2076 3734 2260 3802 fuerint
2289 3734 2343 3787 in

775 3835 975 3891 solum
1003 3845 1138 3900 meo,
1175 3830 1283 3886 illic
1323 3829 1522 3884 sum-in
1561 3825 1726 3882 medio
1751 3841 1949 3882 eorum.
1979 3824 2116 3894 Quid
2140 3825 2341 3896 igitur?

777 3937 953 3980 nonne
997 3930 1122 3978 sunt
1155 3920 1262 3976 duo
1292 3919 1378 3974 vel
1399 3928 1509 3974 tres
1531 3917 1835 3986 congregati
1865 3915 1918 3971 in
1955 3915 2169 3972 nomine
2186 3916 2302 3986 ejus
2320 3917 2347 3970 τ

777 4017 913 4072 Sunt
955 4013 1193 4085 quidem,
1243 4009 1334 4066 sed
1363 4023 1505 4066 raro.
1525 4006 1650 4062 Non
1673 4007 1816 4062 enim
1833 4007 1901 4061 de
1923 4014 2187 4062 conventu
2210 4006 2341 4060 sitn-

780 4105 988 4175 pliciter
1013 4102 1164 4167 dicit,
1195 4114 1366 4170 ueque
1395 4097 1498 4154 hoc
1525 4104 1728 4152 tanaim
1757 4097 2020 4165 postulat;
2044 4095 2139 4152 sed
2157 4097 2338 4161 etiam,

780 4205 838 4251 nt
861 4207 1027 4264 supra
1061 4191 1211 4256 dixi,
1239 4190 1376 4245 alias
1396 4201 1606 4258 quoque
1632 4185 1873 4242 virtutes.
1919 4185 2120 4240 Deinde
2162 4195 2214 4239 ut
2241 4183 2344 4240 hoc

780 4289 950 4354 ipsum
975 4297 1094 4337 cum
1122 4293 1308 4349 magna
1362 4275 1695 4332 accuratione
1735 4283 1898 4345 petat.
1939 4274 2069 4329 Nam
2095 4274 2236 4343 quod
2260 4274 2340 4329 di-

778 4379 883 4445 cit,
910 4371 1212 4445 huiusmodi
1243 4379 1325 4425 est
1355 4369 1446 4426 :Si
1487 4369 1605 4439 quis
1631 4382 1721 4423 me
1759 4367 1986 4437 priorem
2013 4382 2226 4422 causam
2251 4368 2344 4422 ha-

780 4470 903 4523 beat
943 4463 1146 4519 amoris
1169 4475 1300 4530 (ιι-ει
1340 4459 1658 4530 proximum,
1701 4472 1823 4513 eum
1863 4457 1954 4512 illo
1979 4471 2096 4524 ero,
2138 4459 2183 4513 si
2213 4458 2344 4514 alias

779 4570 986 4629 quoque
1006 4555 1232 4610 virtutes
1247 4549 1532 4622 possideat.
1555 4547 1703 4604 Nune
1725 4556 1900 4604 autem
1922 4547 2181 4618 plurimos
2199 4549 2346 4606 vide-

784 4662 900 4704 mus
923 4687 940 4713 ,
966 4646 1056 4717 qui
1097 4643 1228 4699 alias
1257 4641 1503 4695 amicitiae
1547 4655 1735 4696 causas
1781 4639 1995 4696 habent.
2026 4640 2176 4696 Alius
2202 4642 2344 4697 enim

781 4739 904 4810 quia
951 4744 1156 4791 amatur
1174 4742 1340 4799 amat;
1385 4732 1522 4787 alius
1563 4732 1684 4802 quia
1732 4732 2021 4788 honoratus
2048 4733 2181 4798 iuit;
2210 4734 2346 4789 alius

784 4829 906 4899 quia
937 4827 989 4880 in
1015 4825 1190 4896 aliquo
1215 4823 1456 4880 saeculari
1475 4821 1684 4892 negotio
1709 4823 1966 4892 quispiam
1985 4823 2035 4878 ei
2053 4825 2194 4880 utilis
2213 4823 2344 4891 fuit;

782 4920 916 4973 alios
940 4916 1188 4980 obalittm
1217 4913 1441 4968 simiiem
1465 4927 1713 4979 causam;
1755 4921 1810 4967 at
1853 4913 2067 4970 difﬁcile
2087 4924 2169 4970 est
2191 4931 2347 4986 repe-

784 5011 890 5064 rire
919 5005 1225 5079 qtrentpiam
1252 5003 1342 5075 qui
1391 5003 1686 5074 proximum
1733 5011 1948 5075 propter
1995 5005 2264 5062 Christum
2293 5018 2349 5063 ut

786 5105 996 5170 oportet
1020 5105 1181 5154 amet.
1215 5094 1430 5150 Plurimi
1450 5095 1590 5149 enim
1617 5096 1959 5151 molaribus
1982 5099 2207 5168 negotiis
2232 5115 2350 5154 mu-

786 5201 875 5247 tuo
901 5189 1056 5246 vincti
1076 5197 1220 5246 sunt.
1253 5185 1447 5243 Verum
1477 5200 1582 5241 non
1630 5186 1824 5243 Paulus
1864 5188 1942 5244 sic
1983 5190 2230 5257 amabat,
2258 5190 2351 5245 sed

1563 361 1619 416 S.
1651 358 1926 416 JOANNIS
1963 353 2432 413 ειικϊεοείυδει
2466 355 2776 414 ARClllEP.
2820 358 3351 418 CONSTANTINOP.

2446 480 2660 542 propter
2682 471 2979 539 Christum;
3000 475 3121 530 ideo
3139 477 3380 546 quamvis
3398 490 3502 532 non
3527 484 3729 532 tantum
3749 487 4014 534 amaretur

2442 570 2696 630 quantum
2717 565 2928 619 amabat
2948 607 2962 629 ,
2993 581 3098 621 non
3123 566 3370 621 dissolvit
3415 568 3712 632 caritatem,
3739 569 3864 639 quia
3893 570 4014 623 vali-

2440 651 2565 707 dam
2587 656 2783 710 amoris
2816 656 3047 711 radicem
3074 657 3294 728 iecerat.
3323 660 3392 714 At
3418 674 3561 716 nunc
3583 673 3669 715 res
3712 673 3816 714 non
3845 661 3914 716 ita
3961 676 4014 718 se

2441 743 2598 802 habet
2624 764 2638 800 :
2668 746 2763 801 sed
2789 747 2832 802 si
2863 748 3040 803 omnia
3063 749 3402 819 exploremus
3424 791 3442 817 ,
3473 751 3614 821 apud
3654 751 3848 806 multos
3876 752 4011 806 iuve-

2440 836 2648 894 niemus
2672 839 2920 894 amicitia:
2942 855 3130 895 causas
3157 841 3317 912 longe
3345 840 3607 898 diversas.
3638 840 3788 910 Quod
3827 842 3872 896 si
3902 841 4013 912 quia

2439 927 2565 981 mihi
2591 929 2910 986 concederet
2939 932 2990 987 in
3021 941 3163 987 tanta
3191 933 3526 992 multitudine
3547 949 3657 989 rem
3679 934 4011 1002 examinare,

2439 1018 2782 1076 ostenderem
2809 1021 3003 1077 multos
3031 1023 3375 1079 molaribus
3403 1023 3471 1078 de
3494 1024 3670 1081 causis
3700 1035 3887 1080 mutuo
3931 1023 4004 1079 de

2437 1110 2646 1168 vinctos
2673 1125 2814 1168 esse.
2833 1111 2891 1169 id
2913 1113 3053 1185 quod
3077 1114 3237 1170 etiam
3266 1115 3602 1172 manifestum
3626 1125 3707 1171 est
3722 1131 3787 1171 ex
3817 1117 3882 1170 iis
3903 1131 4016 1186 qua:

2436 1201 2824 1258 inimicitiarum
2852 1219 3026 1261 causa
3051 1213 3194 1259 sunt.
3221 1204 3354 1273 Quia
3397 1221 3462 1260 ex
3502 1204 3659 1260 ﬂuxis
3706 1204 4007 1276 huiusmodi

2436 1293 2601 1350 rebus
2627 1303 2812 1351 mutuo
2839 1295 3069 1352 devincti
3099 1305 3256 1362 sunt,
3287 1297 3410 1352 hinc
3440 1297 3498 1352 iit
3524 1307 3581 1352 ut
3604 1313 3703 1353 nec
3722 1297 4011 1362 ferventer,

2437 1401 2534 1441 nec
2559 1396 2813 1456 perpetuo
2839 1388 3138 1444 vinciantur
3166 1411 3184 1446 ι
3210 1389 3305 1445 sed
3333 1391 3415 1445 vel
3439 1390 3781 1456 contumelia,
3810 1391 3892 1445 vel
3923 1405 4013 1460 pe-

2435 1477 2707 1533 cuniarum
2738 1477 3141 1545 detrimentum,
3180 1481 3264 1536 vel
3295 1480 3515 1548 invidia,
3541 1481 3625 1536 vel
3655 1496 3803 1536 vana
3825 1480 4009 1551 gloria

2435 1584 2603 1636 amor,
2635 1570 2718 1626 vel
2744 1570 2869 1641 quid
2897 1572 3104 1636 simile,
3136 1573 3181 1628 si
3202 1573 3440 1635 accidat,
3490 1571 3782 1627 amicitiam
3823 1571 4004 1626 solvit.

2434 1659 2547 1715 Non
2574 1661 2718 1714 enim
2754 1661 3082 1730 spiritualem
3109 1661 3311 1718 invenit
3357 1661 3610 1718 radicem.
3658 1660 3788 1730 Qum
3824 1661 3872 1717 si
3899 1661 4018 1716 talis

2435 1759 2606 1817 esset,
2636 1751 2779 1806 nulla
2821 1753 3154 1809 smcularium
3201 1769 3379 1810 rerum
3417 1753 3708 1822 spiritualia
3758 1753 4015 1810 solveret.

2434 1842 2638 1898 Caritas
2661 1844 2800 1898 enim
2849 1858 2912 1899 ea
2931 1885 2946 1911 ,
2985 1861 3105 1915 qua:
3130 1854 3346 1915 propter
3377 1842 3646 1900 Christum
3671 1853 3788 1908 est,
3832 1843 4015 1906 ﬁrma,

2435 1933 2636 1989 stabilis
2660 1932 2957 2004 invictaque
2985 1943 3087 1997 est,
3118 1934 3355 2005 nihilque
3371 1935 3515 1990 illam
3536 1935 3730 2006 poterit
3754 1933 4015 1999 avellere,

2437 2037 2542 2078 non
2579 2023 2878 2090 calumniae,
2909 2039 3014 2080 non
3042 2024 3297 2094 pericula.
3327 2038 3434 2080 non
3459 2034 3680 2092 mortes,
3717 2038 3828 2079 non
3874 2022 4021 2078 aliud

2435 2113 2559 2183 quid
2584 2114 2775 2168 simile.
2804 2113 3023 2169 Etiamsi
3047 2115 3190 2169 enim
3216 2114 3306 2186 qui
3328 2112 3407 2169 sic
3423 2123 3569 2169 amat
3590 2127 3858 2176 aerumnas
3878 2113 4024 2168 mille

2443 2206 2736 2267 pateretur,
2755 2213 2874 2253 nou
2891 2197 3192 2265 desisteret,
3211 2213 3431 2255 causam
3454 2201 3662 2256 amoris
3693 2201 3778 2258 sui
3793 2201 4025 2273 semper

2442 2286 2514 2342 ob
2527 2285 2714 2342 oculos
2740 2285 2967 2343 habens.
2986 2284 3119 2342 Nam
3133 2289 3226 2359 qui
3244 2299 3390 2345 amat
3403 2298 3464 2344 ut
3481 2299 3716 2357 ametur,
3735 2290 3782 2345 si
3797 2290 3933 2361 quid
3955 2293 4033 2346 in-

2441 2386 2654 2447 gratum
2673 2376 2897 2439 viderit.
2915 2375 3332 2433 solvitamorem
3355 2397 3368 2432 :
3389 2379 3484 2449 qui
3509 2394 3639 2435 vero
3657 2379 3781 2436 Inde
3805 2381 4028 2436 vinctus

2441 2475 2548 2532 est,
2567 2481 2846 2538 nunquam
2882 2465 3144 2522 discedet.
3169 2465 3293 2522 ideo
3309 2467 3516 2526 Paulus
3537 2469 3756 2527 diccbat
3776 2489 3790 2526 :
3811 2471 4031 2526 Caritas

2443 2573 2726 2628 umquam
2742 2553 2943 2611 excidit
2958 2556 3005 2625 (l
3020 2554 3164 2612 .Cor.
3189 2557 3275 2613 15.
3292 2556 3521 2627 8).Quid
3539 2560 3686 2615 enim
3704 2561 3888 2616 dicere
3903 2574 4033 2634 pos-

2438 2652 2554 2707 sis?
2586 2667 2654 2707 an
2695 2651 2839 2722 quod
2887 2650 3181 2708 honoratus
3210 2661 3261 2708 tc
3288 2650 3610 2708 contumelia
3633 2650 3914 2708 atl'ecerit?
3944 2650 4032 2706 vel

2438 2741 2578 2812 quod
2602 2740 2859 2798 beneficio
2879 2739 3124 2806 allectus,
3177 2749 3230 2797 te
3267 2740 3516 2797 occidere
3545 2738 3814 2796 voluerit?
3849 2739 3961 2796 Sed
3987 2740 4032 2795 si

2438 2841 2655 2903 propter
2680 2831 2950 2887 Christum
2993 2831 3206 2901 diligis,
3258 2828 3310 2886 id
3343 2839 3394 2885 te
3434 2829 3502 2885 ad
3530 2830 3788 2900 majorem
3818 2829 4036 2886 inducit

2440 2925 2737 2981 caritatem.
2761 2924 2893 2980 Nam
2920 2940 3037 2994 quae
3059 2925 3113 2981 in
3140 2924 3259 2981 aliis
3277 2924 3619 2981 dilectionem
3647 2931 3923 2993 evertunt,
3949 2922 4041 2980 hic

2439 3016 2581 3074 illam
2616 3018 2919 3073 conciliant.
2960 3016 3278 3085 Quomodo?
3303 3015 3504 3082 Primo,
3551 3017 3674 3088 quia
3722 3015 3846 3071 talis
3869 3017 4041 3072 homo

2441 3106 2706 3162 mercedis
2737 3107 2830 3162 tibi
2859 3121 3019 3162 causa
3070 3115 3188 3171 est;
3239 3105 3495 3173 secundo,
3543 3105 3667 3176 quia
3707 3104 3796 3160 ille
3838 3103 4044 3176 majori

2439 3204 2558 3266 eget
2587 3210 2688 3264 ope
2716 3205 2770 3251 et
2794 3195 3110 3252 ministerio.
3143 3195 3345 3252 Idcirco
3373 3195 3462 3266 qui
3499 3195 3578 3251 sic
3604 3203 3771 3263 amat,
3800 3211 3916 3251 non
3947 3209 4045 3267 ge-

2443 3300 2544 3340 nus
2568 3283 2826 3354 explorat,
2873 3298 2981 3341 non
3031 3285 3278 3356 patriam,
3320 3300 3424 3341 non
3454 3278 3688 3351 divitias,
3720 3299 3826 3340 non
3855 3300 4044 3356 quan-

2443 3384 2552 3432 tum
2603 3375 2927 3444 redamelur,
2974 3391 3079 3434 non
3126 3377 3269 3432 aliud
3323 3376 3500 3433 simile
3541 3374 3812 3447 quidpiam
3868 3394 3886 3430 :
3941 3375 4044 3431 sed

2443 3467 2648 3522 etiamsi
2673 3465 2797 3521 odio
2819 3467 3100 3534 habeatur,
3150 3466 3360 3523 etiamsi
3387 3465 3708 3522 contumelia
3729 3465 4016 3522 adiciatur
4034 3506 4050 3530 ,

2441 3558 2646 3614 etiamsi
2699 3557 3002 3624 occidatur,
3071 3558 3128 3614 in
3171 3571 3356 3614 amore
3398 3565 3734 3628 perseverat,
3780 3555 4051 3613 idoneam

2444 3649 2644 3706 habens
2672 3647 2883 3704 amandi
2911 3663 3125 3704 causam
3149 3689 3162 3713 ,
3189 3662 3426 3704 amorem
3455 3647 3651 3703 Christi
3673 3664 3687 3702 :
3706 3657 4056 3718 quapropter

2444 3739 2511 3794 ad
2542 3739 2685 3794 illum
2712 3738 3006 3810 respiciens
3027 3746 3132 3794 stat
3156 3738 3312 3805 tlxus,
3340 3737 3545 3803 limus,
3570 3736 3884 3793 immobilis.
3912 3736 4063 3793 Nam

2444 3825 2687 3884 Christus
2717 3827 2791 3884 sic
2816 3827 3003 3881 dilexit
3034 3827 3298 3891 inimicos,
3318 3827 3576 3898 ingratos,
3595 3825 4060 3891 contumeliosos,

2447 3918 2809 3988 blasphemas.
2856 3931 2917 3974 se
2946 3916 3204 3982 odientes,
3235 3931 3329 3972 eos
3357 3917 3446 3986 qui
3492 3931 3561 3972 ne
3606 3917 3894 3987 respicere
3922 3918 4060 3988 qui-

2445 4009 2566 4066 dem
2592 4010 2739 4065 illum
2766 4008 3116 4075 sustinebant,
3139 4010 3227 4079 qui
3257 4008 3396 4080 ligna
3424 4016 3480 4065 et
3506 4006 3711 4079 lapides
3750 4007 3859 4078 ipsi
3890 4017 4065 4064 ante-

2447 4101 2749 4171 ponebant;
2777 4099 2876 4156 bos
2901 4100 3085 4156 dilexit
3111 4114 3363 4171 suprema
3387 4098 3639 4166 caritate,
3669 4101 3754 4156 cui
3804 4114 3918 4172 par
3971 4101 4068 4156 in-

2449 4193 2614 4250 veniri
2643 4193 2846 4263 nequit.
2874 4191 3006 4248 Nam
3035 4192 3109 4246 ait
3136 4209 3150 4246 z
3181 4191 3437 4264 Hajorem
3479 4192 3576 4246 hac
3599 4193 3870 4246 caritatem
3899 4209 4067 4248 nemo

2450 4283 2628 4350 habet,
2676 4293 2731 4337 ut
2770 4284 2994 4338 animam
3033 4300 3177 4338 suam
3219 4293 3375 4354 ponat
3414 4284 3524 4354 quia
3571 4299 3664 4352 pro
3700 4283 3894 4338 amicis
3954 4286 4074 4340 suis

2451 4376 2644 4449 (Joan.
2677 4377 2761 4431 l5.
2790 4375 2913 4445 l3).
2961 4374 3084 4430 lllos
3122 4389 3249 4430 vero
3289 4375 3380 4445 qui
3427 4374 3597 4445 ipsum
3623 4375 4068 4440 cruciﬁxerunt.

2448 4467 2642 4540 quique
2670 4475 2815 4521 tanto
2857 4467 3034 4521 lurore
3073 4474 3256 4522 contra
3301 4466 3475 4536 ipsum
3519 4465 3888 4532 insanierunt,
3940 4470 4076 4525 vide

2449 4568 2702 4630 quantum
2732 4567 2900 4613 curet.
2952 4556 3084 4612 Nam
3137 4558 3348 4613 Patrem
3387 4557 3684 4627 alloquens,
3727 4557 3809 4613 sic
3846 4559 3932 4616 de
3963 4560 4077 4616 illis

2451 4650 2525 4704 ait
2555 4666 2569 4703 :
2597 4647 2807 4702 Dimitte
2834 4648 2936 4702 illis
2953 4664 2972 4712 ;
2997 4647 3221 4702 nesciunt
3249 4646 3379 4702 enim
3399 4647 3519 4713 quid
3539 4648 3728 4718 faciant
3751 4645 3943 4719 (Luc.
3973 4651 4078 4706 25.

2452 4739 2584 4812 54).
2620 4739 2917 4810 Discipulos
2944 4753 3152 4810 quoque
3184 4747 3366 4809 postea
3402 4737 3468 4792 ad
3511 4738 3654 4807 ipsos
3695 4738 3880 4797 misit.
3915 4741 4079 4799 Hanc

2456 4830 2610 4900 igitur
2634 4844 2733 4884 nos
2759 4843 2968 4899 quoque
2993 4830 3269 4884 caritatem
3312 4828 3600 4895 imitemur,
3624 4837 3679 4883 et
3697 4827 3851 4886 hanc
3883 4835 4082 4904 respi-

2455 4919 2673 4984 ciamus,
2704 4929 2761 4973 ut
2790 4921 3080 4974 imitatores
3108 4919 3304 4975 Christi
3334 4918 3531 4984 eﬂ’ccti,
3553 4928 3605 4975 et
3634 4919 3746 4974 lucc
3781 4930 3848 4976 ct
3884 4922 4086 4981 futura

2461 5010 2596 5066 bona
2626 5025 3029 5081 consequamur,
3058 5013 3226 5082 gratia
3257 5020 3312 5066 et
3335 5010 3659 5082 benignitate
3691 5010 3933 5070 Domini
3982 5034 4085 5072 no-

2456 5101 2698 5157 striJesu
2728 5101 2948 5168 Christi,
2992 5105 3075 5158 cui
3108 5103 3275 5174 gloria
3320 5111 3375 5159 et
3409 5103 3690 5174 imperium
3737 5103 3794 5160 in
3863 5113 4090 5166 sucula

2456 5195 2788 5249 saeculorum.
2832 5194 3020 5248 Amen.

2005 5414 2351 5478 HOMILIA
2389 5417 2554 5480 LXI.
2600 5419 2691 5481 al.
2731 5419 2930 5480 LXII.

791 5569 917 5627 Car.
949 5569 1036 5623 18.
1066 5583 1122 5622 v.
1149 5569 1238 5624 ει.
1272 5565 1410 5621 Tunc
1449 5565 1686 5620 «cedem
1735 5565 1805 5618 ad
1847 5565 1987 5618 illum
2044 5562 2223 5618 Petrus
2270 5565 2351 5617 di-

859 5662 932 5715 xit
958 5677 975 5714 :
1013 5660 1226 5714 Domine
1245 5699 1260 5723 ,
1287 5657 1474 5728 quoties
1503 5656 1721 5726 peccabit
1746 5656 1796 5709 in
1825 5670 1902 5708 me
1928 5658 2084 5725 frater
2110 5671 2244 5709 meus
2266 5697 2279 5718 ,
2310 5664 2358 5707 et

2529 5569 2640 5622 dico
2682 5569 2768 5621 tibi
2792 5585 2946 5638 usque
2974 5567 3153 5635 septies
3178 5607 3192 5632 ,
3221 5571 3308 5620 sed
3334 5582 3487 5637 usque
3513 5567 3802 5638 arpntagics
3851 5574 4082 5644 septies.

2532 5655 2580 5706 l.
2603 5651 2843 5721 Magnum
2867 5650 2991 5722 quid
3012 5667 3070 5705 se
3091 5650 3271 5705 dicere
3295 5653 3511 5720 putabat
3533 5650 3745 5712 Petrus,
3776 5652 3929 5710 ideo
3952 5675 4092 5730 qua-

865 5756 1115 5809 dt'un'ttant
1139 5753 1223 5809 si!
1249 5766 1402 5822 usque
1427 5749 1639 5818 septies?
1666 5747 1756 5802 29..
1792 5745 1924 5802 Dicit
1952 5747 1995 5801 ei
2021 5747 2206 5815 Iesus,
2239 5745 2359 5800 Non
2461 5744 2511 5798 si
2534 5758 2651 5798 rem
2685 5744 2946 5813 ingentem
2990 5751 3232 5797 statuens
3274 5742 3482 5798 intulit:
3521 5739 3691 5812 Usque
3727 5748 3999 5814 replies?
4035 5755 4096 5810 ω
