4174 6332
212 347 309 402 53'.)

213 463 350 532 quod
378 462 557 518 facere
583 461 791 533 jussiin
812 504 826 527 ,
862 459 1067 528 inquit,
1098 459 1307 527 quoties
1337 455 1569 510 faciam?
1597 453 1728 509 Nam
1758 451 1801 505 si

214 571 426 624 semper
471 554 809 625 peccaverit,
864 565 1111 620 smpeque
1156 549 1386 601 monitus
1429 545 1799 617 paenitentiam

212 647 414 715 egerit,
450 646 660 715 quoties
690 645 803 698 lucc
830 658 927 697 nos
959 643 1185 696 tolerare
1212 638 1406 709 jubes?
1437 639 1515 692 Illi
1541 638 1683 691 enim
1712 636 1801 706 qui

216 751 313 790 nec
334 735 702 805 paenitentiam
726 736 854 803 agit,
879 747 977 786 nec
993 732 1225 801 seipsum
1249 730 1488 794 damnat,
1514 729 1800 783 terminum

218 829 437 897 pcSuisti
458 870 473 893 ,
505 827 689 881 dicens
715 846 726 879 :
772 826 851 881 Sit
878 826 965 879 tibi
992 824 1140 894 quasi
1168 823 1394 877 ethnicus
1424 830 1471 875 et
1501 821 1801 889 publicanus

216 921 425 989 (Matth.
450 921 535 975 18.
558 921 674 991 I7);
700 920 821 974 huic
842 932 969 972 vero
995 933 1099 972 non
1129 918 1275 982 item,
1301 915 1393 971 sed
1416 916 1622 986 jussisti
1648 916 1797 971 illum

211 1014 440 1068 admitti.
465 1014 685 1081 Quoties
710 1014 871 1083 igitur
894 1014 1065 1083 ipsum
1095 1011 1261 1066 feram
1284 1011 1587 1066 convictum
1609 1020 1661 1065 et
1686 1006 1801 1080 pos-

214 1106 510 1160 nitentem?
532 1104 793 1160 suflicituc
838 1120 1003 1172 usque
1046 1104 1277 1172 septies?
1303 1104 1438 1171 Quid
1461 1105 1621 1177 igitur
1641 1104 1798 1159 Chri—

212 1206 324 1250 stus
352 1197 616 1263 benignus
642 1196 733 1251 ille
764 1203 818 1250 et
846 1194 1019 1249 bonus
1097 1196 1244 1251 Deus
1273 1196 1289 1226 ¹
1318 1194 1342 1247 ?
1419 1193 1541 1249 Non
1572 1194 1684 1249 dico
1711 1194 1801 1249 tibi

209 1304 365 1357 usque
390 1286 572 1356 septies
595 1304 613 1339 :
642 1289 731 1341 sed
756 1303 910 1357 usque
936 1286 1217 1356 septuagies
1234 1288 1435 1355 septies.
1469 1285 1584 1341 Non
1609 1302 1797 1342 nume-

208 1394 328 1433 rum
380 1379 565 1433 statuit
611 1378 729 1442 hic,
778 1376 873 1432 sed
915 1377 1147 1446 infinite,
1204 1386 1459 1447 perpetuo
1501 1389 1554 1432 et
1583 1394 1798 1447 semper

208 1470 468 1534 denotat;
515 1471 650 1525 sicut
674 1469 815 1524 enim
849 1468 1041 1524 millies
1082 1485 1225 1540 szrpe
1271 1470 1467 1539 stupius
1496 1470 1793 1541 signiﬁcat,

208 1561 277 1613 ita
300 1568 356 1615 et
379 1559 577 1615 dictum
601 1560 868 1628 superius.
901 1558 1029 1613 Illud
1058 1560 1202 1613 enim
1229 1577 1241 1611 :
1276 1559 1478 1615 Sterilis
1506 1561 1696 1631 peperit
1720 1578 1798 1615 se-

206 1663 341 1721 p!t’m
383 1650 476 1721 (1.
508 1651 631 1722 Reg.
666 1651 720 1705 2.
749 1652 852 1719 5),
885 1651 951 1706 de
994 1652 1173 1706 multis
1206 1652 1255 1706 in
1286 1652 1558 1722 Scriptura
1590 1653 1791 1708 intelli-

202 1744 364 1811 gitur.
395 1741 579 1812 Itaque
603 1742 975 1797 remissionem
1009 1758 1111 1796 non
1142 1758 1365 1798 numero
1386 1745 1667 1807 conclusit,
1699 1746 1794 1800 sed

203 1841 484 1901 perpetuO‘
513 1840 568 1887 et
613 1847 828 1902 semper
882 1833 1283 1888 concedendam
1341 1835 1647 1904 significat:
1692 1836 1795 1892 hoc

204 1926 347 1977 enim
380 1940 476 1994 per
502 1935 812 1996 sequentem
846 1928 1148 1996 parabolam
1180 1926 1397 1982 iudicat.
1422 1928 1500 1983 Ne
1523 1930 1796 1985 videretur

199 2015 345 2069 enim
379 2031 629 2086 magnum
659 2018 784 2087 quid
817 2029 870 2073 et
898 2033 1184 2074 onerosum
1217 2022 1506 2091 praecipere
1538 2022 1791 2092 dicendo,

201 2109 508 2178 Septuagies
552 2112 749 2179 septies,
786 2110 989 2165 addidit
1020 2112 1157 2167 hanc
1191 2115 1515 2183 parabolam,
1552 2118 1706 2173 simul
1741 2120 1789 2175 id

199 2199 345 2267 quod
374 2200 586 2254 d'uerat
614 2200 889 2256 insinuans
909 2244 924 2269 ,
956 2210 1010 2257 et
1034 2218 1154 2258 eum
1187 2206 1274 2274 qui
1305 2205 1405 2261 hac
1430 2206 1497 2262 de
1524 2224 1682 2263 causa
1711 2211 1791 2263 al-

198 2298 312 2341 tum
352 2299 565 2359 saperet
594 2292 891 2362 reprimens
910 2334 925 2359 ,
971 2294 1364 2365 ostendensque
1397 2314 1506 2352 rem
1537 2314 1643 2353 non
1672 2314 1792 2354 esse

198 2379 453 2443 arduam,
487 2381 591 2436 imo
621 2381 776 2438 valde
806 2383 1034 2439 facilem.
1069 2386 1195 2441 Ideo
1226 2388 1605 2457 benignitatem
1637 2407 1789 2446 suam

199 2471 251 2524 in
295 2472 530 2526 medium
571 2474 828 2541 adduxit,
865 2484 923 2529 ut
958 2491 1024 2531 ex
1062 2480 1460 2548 comparatione
1497 2482 1707 2548 discas,
1742 2494 1792 2539 te

197 2565 446 2629 quamvis
471 2566 773 2636 septuagies
799 2570 997 2636 septies
1027 2568 1293 2635 dimittas,
1324 2571 1432 2625 imo
1458 2574 1637 2627 omnia
1663 2589 1790 2643 pec-

197 2664 315 2708 cata
364 2656 610 2724 proximo
650 2672 861 2727 semper
895 2660 1169 2715 condones
1190 2702 1203 2725 ,
1234 2662 1381 2731 quasi
1410 2663 1607 2716 stillam
1640 2681 1793 2734 aqute

198 2743 388 2812 pelago
417 2756 778 2813 comparatam
800 2790 814 2815 ,
848 2748 954 2802 imo
996 2748 1154 2819 longe
1182 2751 1445 2805 minorem
1475 2766 1595 2808 esse
1624 2754 1789 2808 mise-

195 2833 485 2889 ricordiam
518 2835 661 2890 illam
682 2877 696 2902 ,
728 2838 771 2891 si
798 2854 921 2895 cum
953 2840 1212 2894 immensa
1247 2842 1340 2896 Dei
1370 2842 1609 2898 bonitate
1638 2860 1787 2899 com-

194 2936 419 2995 piretur
442 2966 457 2993 ,
492 2942 595 2997 qua
626 2942 761 2999 opus
801 2928 998 2997 babes,
1033 2947 1152 2987 cum
1197 2932 1393 2989 debeas
1434 2936 1489 2991 in
1527 2936 1789 3005 judicium

193 3016 389 3070 abduci
411 3025 466 3071 et
486 3018 720 3073 rationes
741 3020 981 3076 reddere.
1007 3022 1133 3077 Ideo
1161 3025 1438 3095 subjunxit
1466 3046 1477 3080 :
1508 3026 1599 3083 25.
1630 3028 1791 3084 Simi-

193 3108 243 3159 ιε
270 3118 344 3162 est
367 3125 577 3179 regnum
604 3113 842 3166 cwlorum
868 3115 1059 3169 homini
1085 3117 1211 3187 rogi,
1244 3119 1331 3187 qui
1356 3118 1513 3173 voluit
1538 3122 1788 3176 rationem

192 3219 384 3268 ponere
405 3219 520 3255 cum
549 3206 701 3258 servis
728 3208 851 3260 suis.
881 3207 976 3261 24.
1008 3209 1075 3261 Et
1100 3225 1214 3263 cum
1241 3212 1468 3279 coepisset
1493 3230 1678 3283 ponere
1699 3232 1786 3268 ra-

192 3296 403 3357 tionem,
431 3297 629 3351 oblatus
654 3308 724 3351 est
748 3299 790 3351 ci
820 3316 951 3353 unus
972 3302 1059 3370 qui
1091 3302 1296 3356 debebat
1325 3303 1495 3358 decem
1525 3307 1687 3361 millia
1711 3317 1786 3361 ta-

189 3385 349 3438 lenta.
380 3385 472 3440 25.
507 3386 626 3441 Non
653 3389 869 3445 habente
894 3402 1065 3445 autem
1091 3408 1149 3446 eo
1178 3393 1311 3448 unde
1341 3396 1572 3450 redderet
1596 3440 1609 3461 ,
1633 3399 1788 3468 jussit

190 3476 339 3557 sendi
372 3493 486 3530 eum
505 3520 521 3545 ,
550 3488 600 3531 et
627 3496 834 3534 uxorem
858 3484 879 3514 ⁸
911 3492 957 3536 et
987 3484 1121 3551 ﬁlios
1148 3494 1195 3538 et
1223 3487 1393 3539 omnia
1422 3504 1535 3557 quae
1563 3488 1781 3547 haberet.

190 3554 398 3623 Deinde
414 3585 535 3625 cum
561 3572 983 3629 misericordiam
1001 3576 1336 3645 impetrasset
1362 3554 1471 3642 ille,
1490 3580 1581 3635 28.
1607 3579 1789 3650 Egres-

188 3677 278 3713 sus
304 3677 599 3716 conservum
635 3663 893 3720 debentem
918 3668 1014 3721 sibi
1056 3680 1250 3722 centum
1298 3670 1529 3726 denarios
1558 3672 1783 3739 stt/foca-

188 3752 317 3816 bat;
356 3769 526 3822 quare
552 3766 852 3812 commotus
893 3757 1175 3828 dominus,
1224 3763 1395 3833 ipsum
1428 3765 1480 3818 in
1509 3780 1781 3823 carcerem

186 3845 386 3914 conjici
412 3846 592 3915 jussit,
625 3848 797 3905 donec
829 3858 996 3905 totum
1026 3853 1277 3908 solveret.
1312 3855 1495 3911 Viden‘
1523 3869 1776 3928 quantum

185 3939 258 3991 sit
283 3936 576 3995 discrimen
604 3940 742 3997 inter
770 3952 986 4012 peccata
1012 3944 1065 3999 in
1096 3944 1389 4015 hominem,
1417 3960 1470 4003 et
1497 3951 1547 4003 in
1577 3951 1780 4005 Deum?

185 4028 460 4095 Quantum
479 4032 988 4091 scilicetdiscrimen
1018 4037 1155 4093 inter
1171 4038 1355 4094 decem
1376 4041 1537 4096 millia
1557 4044 1774 4113 talenta,

184 4133 239 4177 et
266 4132 481 4178 centum
505 4124 781 4191 denarios;
811 4128 920 4183 imo
956 4131 1122 4185 multo
1148 4132 1338 4201 majus.
1370 4131 1424 4187 Id
1451 4144 1628 4189 autem
1656 4152 1779 4191 eve-

184 4216 267 4268 nit
297 4222 412 4269 tum
439 4231 505 4271 ex
525 4216 834 4273 differentia
868 4237 1215 4289 personarum
1237 4265 1251 4289 ,
1287 4233 1395 4279 tum
1425 4242 1489 4282 ex
1525 4238 1775 4296 peccato-

181 4324 305 4363 rum
337 4307 657 4378 frequentia.
685 4310 913 4367 Homine
943 4330 1171 4383 namque
1197 4316 1408 4371 vidente
1431 4360 1444 4384 ,
1476 4334 1773 4387 cessamus,

180 4415 286 4455 nec
314 4415 540 4469 peccare
571 4403 864 4469 audemus;
900 4405 1010 4461 Deo
1037 4417 1215 4463 autem
1254 4410 1494 4479 quotidie
1524 4411 1771 4481 vidente,

180 4507 293 4545 non
324 4507 579 4547 veremur
599 4536 612 4559 ,
643 4494 749 4549 imo
776 4495 935 4550 etiam
964 4498 1143 4552 omnia
1184 4500 1447 4571 intrepide
1475 4500 1701 4558 facimus
1722 4514 1776 4559 et

177 4580 431 4636 dicimus.
464 4583 647 4653 Neque
675 4586 796 4640 hinc
824 4588 982 4642 modo
1001 4629 1015 4652 ,
1045 4589 1138 4643 sed
1164 4591 1322 4645 etiam
1353 4608 1383 4645 a
1413 4593 1693 4650 beneﬁciis
1721 4606 1774 4651 et

172 4674 247 4727 ab
284 4673 490 4730 honore
519 4692 628 4747 quo
656 4676 879 4733 fruimur
906 4680 1149 4750 graviora
1191 4692 1406 4749 peccata
1449 4684 1767 4743 redduntur.

173 4764 246 4819 Et
277 4765 322 4819 si
369 4764 581 4822 discere
621 4768 818 4836 vultis,
851 4770 1120 4839 quomodo
1161 4772 1269 4827 sint
1314 4774 1477 4828 millia
1526 4776 1725 4831 talenta
1751 4818 1766 4843 ,

173 4854 290 4909 imo
318 4857 487 4911 multo
514 4858 667 4926 plura
699 4859 751 4913 in
796 4860 960 4914 Deum
1010 4870 1223 4930 peccata
1245 4902 1259 4925 ,
1292 4861 1343 4917 id
1374 4865 1555 4933 paucis
1586 4869 1764 4935 expri-
1828 4870 1839 4883 ‘

169 4962 326 5001 mere
343 4957 602 5017 satagam.
633 4949 737 5003 Sed
756 4952 919 5005 timeo
940 4952 1107 5018 neiis,
1134 4954 1223 5022 qui
1244 4952 1309 5007 ad
1330 4955 1619 5025 nequitiam
1644 4972 1770 5025 pro-

172 5038 227 5090 ni
258 5053 419 5101 sunt,
448 5040 646 5109 quique
688 5040 994 5111 frequenter
1034 5053 1293 5113 peccant,
1328 5046 1583 5115 majorem
1624 5063 1765 5117 prte-

168 5131 334 5185 beam
366 5133 633 5187 licentiam
654 5177 668 5197 ,
705 5151 837 5190 neve
867 5137 1218 5194 modestiores
1248 5140 1301 5194 in
1332 5139 1763 5208 deSperalionem

169 5222 490 5290 COttjicinm,
515 5233 570 5277 et
600 5242 665 5278 uc
694 5227 917 5295 idipsum
950 5229 1089 5299 quod
1118 5230 1359 5300 discipuli
1387 5234 1566 5287 dicant
1590 5251 1602 5287 :
1637 5235 1763 5301 Quis

166 5327 334 5384 patcst
361 5333 416 5367 δι’
444 5320 544 5368 reri
570 5318 848 5389 ίΜίινσᾹΟ.
868 5320 986 5391 26)“ἲ
1003 5322 1355 5379 Nihilominus
1376 5336 1548 5381 tamen
1567 5327 1762 5394 dicunt,

166 5417 219 5461 ul
257 5422 357 5461 eos
379 5410 463 5471 t;.ii
492 5410 773 5464 attendunt
802 5414 1102 5469 securiores
1128 5425 1179 5469 et
1208 5421 1601 5474 mansuetiores
1635 5421 1760 5475 red-

164 5497 317 5554 dam.
347 5498 475 5552 Nam
498 5503 587 5569 qui
616 5501 894 5557 incurahili
926 5503 1113 5559 morbo
1140 5506 1383 5563 laborant
1410 5520 1461 5565 ct
1492 5512 1611 5566 sine
1642 5528 1765 5567 seu-

214 5682 229 5711 ι
266 5681 374 5735 Alii,
398 5680 559 5730 Bonus
586 5674 838 5730 Dominus.

215 5743 236 5772 ³
264 5741 393 5790 .L'orc
422 5784 431 5792 .
462 5756 614 5803 nunc,
640 5743 792 5809 jussit
816 5743 955 5795 randi
982 5760 1202 5799 uxorem.

1250 340 1315 396 IN
1355 334 1767 395 ΜᾹἸἼἹΗΕΗΜ
1811 334 2042 391 ΙῘΟΜΙΙ...
2086 336 2220 392 LXI.
2264 337 2331 392 al.
2376 336 2534 392 LXII.

3399 333 3508 389 590

1914 468 1975 508 su
2002 465 2141 519 sunt,
2176 454 2323 511 hisce
2352 455 2483 510 nihil
2511 455 2736 527 permoti
2770 455 3095 523 rationibus,
3128 471 3161 510 a
3188 457 3420 527 nequitia
3447 470 3505 516 et

1913 546 2119 615 ignavia
2141 562 2235 602 sua
2264 558 2373 602 uon’
2396 547 2682 612 recedunt;
2713 550 2759 605 si
2787 560 2964 605 autem
2992 549 3118 604 inde
3143 550 3401 620 majorem
3427 568 3508 607 su-

1911 647 2058 691 mant
2103 640 2437 713 negligentia:
2488 642 2862 705 occasionem,
2899 641 2950 694 id
2983 656 3089 695 non
3128 641 3284 696 dictis
3314 640 3505 710 hujus-

1910 730 2076 797 modi,
2101 730 2194 786 sed
2217 746 2401 786 eorum
2426 732 2700 787 stoliditati
2724 732 3062 788 tribuendum
3082 743 3204 788 est:
3234 748 3355 804 quae
3378 750 3511 789 vero

1909 821 2189 888 dicentur,
2234 831 2464 878 attentos
2506 825 2799 892 reprimere
2824 832 2879 879 et
2916 824 2983 878 ad
3029 824 3501 897 corqpunctionem

1909 915 2173 971 deducere
2217 925 2502 987 poterunt;
2545 918 2932 974 mansuetiores
2962 933 3127 985 vero,
3156 934 3276 973 cum
3311 935 3501 989 pecca-

1910 1016 2083 1063 torum
2112 1010 2308 1065 molem
2337 1009 2585 1077 viderint,
2618 1021 2670 1065 et
2698 1012 2802 1065 vim
2832 1012 3162 1081 poenitentia:
3188 1012 3499 1073 didicerint.

1908 1098 2007 1169 ipsi
2037 1102 2204 1171 magis
2224 1102 2425 1157 dabunt
2452 1119 2670 1173 Operam
2700 1122 2712 1155 :
2746 1103 2973 1173 ideoque
3002 1104 3131 1158 illud
3158 1103 3338 1160 dicere
3366 1120 3492 1173 epe-

1906 1208 1981 1247 rae
2024 1196 2252 1263 pretium
2282 1194 2460 1249 fuerit.
2511 1194 2784 1249 Proferam
2830 1210 2959 1250 vero
2991 1204 3208 1265 peccata
3229 1238 3244 1261 ,
3270 1205 3324 1250 et
3350 1212 3507 1266 quam

1905 1300 2133 1353 cumque
2162 1285 2212 1339 in
2247 1285 2411 1339 Deum
2440 1326 2453 1349 ,
2484 1294 2538 1340 et
2568 1301 2917 1356 quaecumque
2945 1285 2997 1340 in
3028 1284 3275 1340 homines
3305 1301 3498 1357 perpe-

1907 1386 2106 1433 tramus
2134 1396 2147 1432 ς
2182 1395 2283 1432 non
2313 1380 2524 1449 prppria
2552 1393 2742 1448 ponam
2760 1420 2774 1445 ,
2800 1378 2893 1433 sed
2915 1377 3255 1442 communia;
3287 1379 3497 1448 propria

1903 1478 2081 1525 autem
2114 1470 2366 1541 deinceps
2395 1487 2459 1526 ex
2487 1472 2815 1527 conscientia
2847 1486 2941 1525 sua
2973 1471 3168 1540 singuli
3196 1471 3412 1527 addent.
3441 1470 3495 1527 Id

1905 1578 2030 1617 vero
2079 1562 2299 1629 faciam,
2345 1574 2623 1634 postquam
2677 1564 2768 1618 Dei
2818 1564 3078 1620 beneﬁcia
3131 1554 3493 1635 praeposueru.

1902 1654 2031 1735 Qua:
2056 1664 2181 1709 sunt
2201 1670 2331 1727 ergo
2354 1655 2445 1710 Dei
2472 1656 2771 1711 beneﬁcia?
2798 1656 2917 1726 Ipse
2940 1655 3065 1710 fecit
3090 1671 3185 1710 nos
3208 1673 3269 1709 ex
3295 1657 3462 1711 nihilo
3480 1699 3495 1723 ,

1902 1749 2131 1803 visibilia
2161 1752 2336 1803 omnia
2368 1759 2588 1820 propter
2619 1764 2715 1804 nos
2744 1749 3012 1814 condidit,
3047 1750 3269 1812 cadum.
3303 1765 3451 1803 mare
3476 1791 3490 1815 ,

1904 1850 2121 1907 terram,
2150 1856 2351 1907 aerem,
2380 1852 2432 1895 et
2460 1856 2578 1910 quae
2604 1842 2655 1895 in
2688 1842 2754 1895 iis
2779 1841 3124 1895 continentur
3153 1840 3353 1904 omnia,
3381 1841 3493 1895 anis

1901 1934 2092 1997 malia,
2138 1935 2381 2001 plantas,
2430 1932 2672 1993 semina;
2716 1947 2840 1985 nam
2887 1931 3135 1986 brevitati
3171 1930 3494 1986 studendum

1900 2026 1970 2080 oh
1997 2025 2311 2079 immensam
2334 2039 2558 2095 Operum
2588 2023 2816 2094 copiam.
2847 2023 3095 2078 Animam
3124 2024 3395 2078 viventem
3415 2032 3493 2076 ta-

1900 2119 2002 2172 lem
2053 2118 2206 2171 nobis
2253 2125 2457 2170 tantum
2510 2116 2821 2187 inspiravit,
2857 2116 3159 2185 paradisum
3196 2117 3493 2185 plantavit,

1898 2210 2211 2279 adjutriccm
2230 2209 2372 2263 dedit
2397 2220 2450 2263 et
2474 2210 2525 2262 in
2557 2210 2707 2263 bruta
2738 2209 3029 2263 animantia
3056 2208 3357 2277 imperium.
3378 2209 3493 2278 glo-

1899 2303 1974 2356 ria
2003 2310 2055 2357 et
2086 2302 2289 2356 honore
2319 2302 2615 2356 coronavit.
2659 2300 2867 2355 Deinde
2910 2301 3213 2366 hominem,
3246 2301 3336 2370 qui
3366 2315 3492 2369 erga

1898 2396 2296 2452 benefactorcm
2343 2412 2497 2461 suum
2545 2397 2782 2465 ingratus
2812 2402 3093 2460 evaserat,
3126 2394 3317 2464 majori
3348 2393 3492 2449 dono

1896 2490 2141 2559 dignatus
2170 2500 2272 2545 est.

1969 2581 2024 2634 2.
2068 2582 2236 2648 Culpa
2258 2580 2442 2635 Adami
2464 2589 2765 2650 quantorum
2782 2598 2937 2636 causa
2964 2581 3230 2635 bonarum.
3268 2580 3491 2632 Militaui

1897 2688 2079 2726 mores.
2100 2672 2365 2741 Artiﬁcum
2400 2675 2623 2743 fraudes.
2642 2704 2711 2713 ——
2725 2673 2799 2727 Ne
2814 2674 2916 2727 hoc
2935 2682 3139 2727 tantum
3158 2671 3491 2737 consideres,

1896 2762 2035 2833 quod
2057 2762 2275 2831 ejecerit
2291 2778 2354 2817 ex
2377 2764 2746 2832 paradiso,sed
2768 2765 2972 2819 lucrum
2996 2762 3119 2817 inde
3141 2772 3348 2833 partum
3372 2776 3491 2831 pcr-

1897 2855 2089 2925 pende.
2110 2854 2400 2923 Postquam
2420 2856 2559 2910 enim
2579 2856 2735 2925 ejecit
2753 2872 2816 2911 ex
2839 2854 3169 2925 paradiso,ct
3184 2854 3388 2909 infinita
3406 2853 3491 2908 illa

1894 2947 2033 3003 bona
2065 2947 2287 3017 largitus
2310 2959 2392 3003 est
2421 2949 2861 3019 meonomiasque
2886 2948 3081 3011 varias,
3107 2947 3301 3001 Filium
3330 2961 3486 3001 suum

1894 3040 2038 3095 misit
2059 3056 2153 3110 pro
2170 3041 2234 3095 iis
2250 3041 2337 3109 qui
2358 3040 2631 3095 beneﬁciis
2647 3040 2822 3095 affecti
2848 3040 3017 3107 ipsum
3038 3038 3282 3102 oderant,
3299 3037 3487 3093 cadum

1896 3135 2050 3190 nobis
2070 3136 2357 3203 aperuit,et
2379 3134 2679 3204 paradisum
2699 3133 2871 3201 ipsum
2899 3130 3281 3200 expandit,nos
3313 3130 3487 3186 inimi-

1892 3227 2247 3296 cos,ingratos
2272 3228 2406 3281 lilios
2423 3225 2619 3280 effecit.
2638 3223 2758 3301 Ideo
2772 3239 2909 3278 nunc
2927 3232 3227 3294 opportune
3246 3223 3483 3278 dicatur:

1896 3318 1942 3373 0
1958 3318 2175 3372 altitudo
2204 3319 2493 3373 divitiarum
2524 3330 2570 3372 et
2596 3320 2863 3387 sapientia:
2882 3327 2927 3370 et
2947 3318 3170 3371 scientiis
3191 3315 3285 3371 Dei
3304 3317 3483 3387 (Rom.

1892 3394 2097 3481 H.315)!
2119 3411 2372 3480 Deditque
2390 3410 2813 3480 nobishaptisma
2834 3411 2885 3464 in
2907 3410 3277 3465 remissionem
3299 3425 3485 3479 pecca-

1891 3502 2291 3573 torum,eripuit
2306 3516 2333 3554 a
2353 3500 2883 3571 suppliciis,heredes
2901 3502 3045 3570 regni
3065 3502 3482 3567 constituit,mil-

1892 3592 1960 3647 lia
1992 3593 2233 3660 promisit
2259 3593 2394 3647 bona
2428 3602 2573 3647 recte
2603 3593 2882 3663 agentibus
2905 3635 2921 3659 ,
2950 3609 3164 3647 manum
3188 3593 3427 3663 porrexit
3454 3636 3473 3662 ,

1889 3685 2255 3755 bpiritumque
2277 3684 2466 3738 infttdit
2496 3680 2548 3739 in
2580 3685 2741 3740 corda
2773 3695 2974 3740 nostra.
3008 3685 3147 3754 Quid
3175 3686 3335 3756 igitur
3357 3696 3480 3758 post

1890 3785 1971 3830 tot
1993 3785 2241 3847 tantaque
2271 3776 2450 3831 bona?
2479 3777 2749 3846 quomodo
2788 3792 2886 3832 nos
2926 3778 3149 3834 affectos
3173 3794 3293 3834 esse
3323 3795 3483 3851 Opor-

1889 3866 2069 3921 teret?
2101 3884 2225 3922 num
2280 3869 2322 3923 si
2364 3868 2602 3938 quotidie
2632 3870 2928 3924 moriamur
2974 3885 3070 3940 pro
3120 3870 3234 3938 illo,
3266 3874 3356 3941 qui
3387 3889 3485 3929 nos

1887 3969 2094 4015 tantum
2136 3960 2326 4031 diligit.
2371 3962 2664 4031 condignas
2715 3963 2933 4032 gratias,
2968 3962 3076 4017 imo
3105 3964 3189 4018 vel
3217 3966 3479 4019 tantillum

1884 4054 2047 4109 debiti
2077 4052 2406 4109 referemus?
2453 4054 2799 4124 Nequaquam
2832 4071 2844 4105 :
2876 4069 2996 4108 nam
3038 4054 3166 4109 illud
3218 4057 3379 4119 etiam
3430 4058 3481 4112 in

1884 4146 2090 4200 lucrum
2119 4147 2271 4201 nobis
2302 4146 2463 4201 cedit.
2492 4147 2773 4215 Quomodo
2801 4148 2959 4217 igitur
2975 4147 3146 4203 aﬁ‘ecti
3166 4164 3371 4216 sumus,
3390 4152 3480 4220 qui

1883 4239 1954 4293 ita
1980 4239 2116 4293 afﬁci
2146 4238 2500 4294 deberemus?
2539 4240 2787 4308 Quotidie
2832 4242 2973 4311 leges
3017 4240 3134 4311 ejus
3191 4243 3477 4297 violamus.

1882 4330 2081 4386 Verum
2114 4346 2180 4386 ne
2201 4330 2417 4402 indigne
2448 4331 2652 4398 feratis,
2678 4332 2719 4385 si
2748 4332 3081 4401 peccantium
3106 4333 3343 4402 linguam
3361 4350 3483 4404 per-

1881 4424 2148 4479 strinxere
2182 4442 2194 4478 :
2238 4439 2343 4479 non
2372 4425 2516 4478 enim
2538 4440 2634 4479 vos
2670 4425 2852 4479 incuso
2884 4434 3109 4491 tantum,
3142 4424 3235 4481 sed
3273 4434 3328 4480 et
3360 4443 3477 4483 me-

1880 4516 2075 4585 ipsum.
2114 4514 2398 4572 Undenam
2427 4516 2587 4571 vultis
2634 4516 2885 4586 incipiam
2912 4517 2934 4569 ?
2960 4532 3023 4571 an
3055 4533 3084 4570 a
3118 4518 3324 4574 servis?
3350 4537 3417 4574 an
3448 4538 3477 4575 a

1879 4607 2060 4662 liberis
2086 4609 2157 4663 ?a
2190 4608 2485 4664 militibus?
2520 4624 2549 4663 a
2571 4609 2793 4678 privatis
2829 4609 3172 4665 hominibus?
3200 4626 3227 4665 a
3271 4612 3477 4681 princi-

1878 4698 2072 4769 pibus?
2115 4714 2143 4752 a
2186 4698 2450 4754 subditis?
2476 4716 2504 4753 a
2538 4701 2882 4756 mulieribus?
2909 4717 2937 4755 a
2966 4702 3131 4757 viris?
3155 4718 3184 4757 a
3215 4704 3479 4759 senibus?

1876 4806 1907 4845 a
1928 4791 2211 4861 juvenibus
2236 4792 2291 4845 ίῖ
2313 4808 2342 4845 a
2372 4808 2475 4861 qua
2502 4795 2697 4848 actate?
2732 4808 2759 4847 a
2788 4810 2895 4863 quo
2933 4794 3165 4864 genere?
3188 4811 3217 4849 a
3257 4812 3358 4867 qua
3388 4798 3473 4850 di-

1876 4883 2118 4952 gnitate?
2144 4898 2171 4937 a
2200 4899 2304 4954 quo
2334 4884 2545 4937 studio?
2579 4884 2816 4940 Vultisne
2843 4900 2872 4939 a
2900 4886 3158 4940 militibus
3186 4887 3475 4955 incipiam?

1876 4973 1933 5028 In
1964 4986 2093 5045 quot
2122 4985 2337 5046 peccata
2368 4975 2421 5029 hi
2455 4976 2693 5045 quotidie
2716 4993 2817 5031 non
2854 4979 3148 5047 proruunt?
3178 4978 3471 5035 Contume-

1879 5068 1978 5121 lias
2008 5078 2061 5121 et
2089 5069 2324 5123 convicia
2357 5068 2610 5130 inferunt,
2644 5068 2936 5132 insaniunt,
2970 5070 3159 5124 alienis
3192 5070 3468 5125 calamita-

1877 5156 2015 5212 tibus
2070 5159 2425 5223 delectantur,
2478 5158 2617 5228 Iupis
2668 5160 2891 5225 similes,
2923 5160 3129 5215 scelere
3182 5177 3469 5229 numquam

1874 5250 2061 5315 vaCui,
2090 5250 2191 5304 nisi
2237 5251 2354 5319 quis
2386 5250 2582 5304 dixerit
2608 5267 2755 5305 mare
2783 5251 3030 5306 fluctibus
3076 5268 3285 5305 vacare.
3339 5253 3468 5320 Qua:

1872 5342 2033 5394 animi
2058 5343 2314 5411 :rgritudo
2347 5360 2453 5395 non
2484 5342 2603 5396 illos
2634 5343 2914 5412 exagitat?
2942 5344 3058 5412 quis
3090 5345 3311 5399 morbus
3360 5362 3463 5399 non

1872 5439 2103 5488 animum
2137 5431 2371 5501 ipsorum
2405 5435 2658 5489 obsidet?
2682 5436 3001 5506 ACqualibus
3025 5438 3167 5491 enim
3194 5437 3455 5502 invident,

1872 5540 2020 5578 vana:
2046 5524 2226 5594 gloria:
2252 5525 2465 5580 student
2492 5544 2503 5589 ;
2538 5526 2779 5581 subditos
2807 5528 2905 5582 sibi
2935 5544 3093 5583 avare
3120 5529 3459 5597 defraudaut,

1872 5619 1935 5675 iis
1977 5620 2066 5689 qui
2094 5619 2300 5689 litigant
2330 5629 2383 5673 ct
2423 5620 2485 5674 ad
2511 5635 2569 5676 se
2598 5623 2748 5692 quasi
2780 5622 2843 5677 ad
2872 5636 3086 5693 portum
3112 5622 3441 5693 confugiunt,

1940 5776 1954 5808 ¹
1993 5772 2180 5838 Morel,
2204 5790 2230 5824 ε
2250 5778 2434 5837 pueris.
