4174 6332
651 339 749 396 591

655 452 834 511 hostili
855 459 911 505 et
946 444 1154 518 perjuro
1183 438 1360 496 animo
1376 442 1515 492 sunt.
1536 432 1677 501 Quot
1694 426 1833 518 apud
1849 423 1969 479 illos
1989 414 2224 490 rapiam?

654 553 784 614 quot
814 514 1064 598 fraudes?
1088 539 1215 604 quot
1257 525 1640 601 sycophantiis,
1664 530 1720 576 et
1753 514 2102 574 fraudulenta:
2132 524 2227 564 ne-

653 601 1020 707 gotiationes?
1056 601 1188 696 quot
1237 619 1570 676 adulationes
1617 607 1886 674 serviles?
1940 601 2177 675 Agedum
2207 639 2223 665 ,

653 695 851 783 Ebriin
880 723 1047 791 legem
1075 695 1294 785 singulis
1312 721 1557 780 aptemus
1587 725 1602 761 :
1636 704 1736 771 Qui
1751 699 1932 791 dixerit
1952 695 2101 791 fratri
2112 707 2221 757 suo,

667 814 850 878 Fatue,
881 785 994 864 reus
1015 807 1106 864 erit
1131 805 1370 876 gehennae
1387 799 1535 871 ignis.
1557 796 1654 862 Qui
1673 788 1944 864 respexerit
1970 785 2228 840 mulierem

660 907 730 962 ad
749 899 1205 973 corteupisceudum
1229 912 1362 962 eant,
1379 895 1490 965 jam
1521 889 1790 944 Mdictus
1814 893 1883 939 est
1905 898 2014 936 eant
2042 881 2095 934 in
2116 893 2229 932 cor-

659 1002 724 1055 de
759 1012 870 1053 suo.
932 993 1049 1048 Nisi
1092 991 1203 1060 quis
1231 983 1566 1041 lmmiliarerit
1589 995 1644 1035 se
1681 980 1810 1033 sicut
1835 973 2096 1048 parvula,
2127 986 2229 1024 non

660 1089 868 1143 intrabit
905 1091 964 1140 in
1001 1059 1208 1154 regnum
1237 1079 1474 1132 ca'lorum
1506 1071 1717 1142 (Matth.
1749 1068 1802 1125 5.
1833 1066 1923 1124 22.
1948 1065 2038 1154 28.
2065 1072 2109 1117 et
2141 1059 2226 1154 i8.

660 1181 740 1249 4).
765 1177 834 1238 ,1Ιὶ
863 1190 988 1231 vero
1010 1148 1314 1241 arrogantia
1346 1173 1564 1220 utuntur
1589 1159 1842 1218 adversus
1862 1153 2100 1211 subditos
2125 1148 2228 1205 sibi

663 1239 905 1328 traditos.
938 1239 1245 1324 tremenics,
1272 1267 1326 1313 et
1342 1253 1706 1317 formidantes,
1736 1246 1930 1319 quibus
1955 1251 2079 1301 sunt
2103 1239 2230 1311 ipsis

659 1361 790 1416 feris
839 1356 1176 1422 acerbiores:
1205 1348 1344 1405 nihil
1379 1361 1474 1416 pro
1511 1343 1724 1398 Christo
1756 1340 2025 1400 facientes,
2053 1333 2230 1388 omnia

667 1464 763 1520 pro
787 1455 993 1510 ventre,
1031 1457 1126 1513 pro
1149 1439 1402 1512 pecuniis.
1427 1450 1523 1508 pro
1548 1447 1678 1488 vana
1704 1430 1889 1503 gloria.
1923 1427 2007 1483 An
2028 1424 2232 1481 scelera

659 1519 847 1597 eorum
883 1535 1057 1592 verbis
1105 1528 1373 1588 numerari
1405 1523 1645 1598 possint?
1670 1522 1806 1590 Quid
1836 1519 2107 1574 irrisiones
2129 1529 2238 1572 me.

659 1647 904 1694 mrem,
955 1633 1124 1682 risum
1173 1623 1436 1687 ell'usum,
1477 1613 1846 1686 intempestiva
1898 1608 2160 1680 colloquia
2191 1607 2232 1676 ⁸,

664 1725 913 1781 obscmtta
967 1714 1140 1773 dicta?
1189 1712 1319 1768 Nam
1362 1710 1430 1765 de
1464 1707 1690 1765 avaritia
1740 1702 1871 1760 nihil
1914 1699 2231 1758 dicendum:

667 1809 1108 1888 quemadmodum
1137 1807 1280 1864 enim
1304 1805 1338 1859 ii
1362 1803 1449 1875 qui
1477 1802 1529 1857 in
1548 1797 1816 1855 montibus
1829 1804 1951 1852 sunt
1965 1791 2233 1857 monachi,

668 1883 736 1964 ne
780 1905 956 1961 sciunt
1004 1901 1218 1972 quidem
1250 1896 1378 1968 quid
1418 1895 1488 1950 sit
1513 1892 1734 1948 avaritia
1767 1908 1782 1948 :
1819 1889 1888 1944 ita
1932 1897 1985 1944 et
2015 1883 2235 1951 isti,sed

665 1995 938 2054 contrario
963 1991 1144 2048 modo.
1188 1989 1266 2045 Illi
1291 1985 1435 2043 enim
1456 1983 1595 2056 quod
1625 1979 1804 2052 procul
1831 1978 1897 2034 ab
1923 1977 2024 2033 hoc
2051 1974 2240 2032 morbo

669 2090 797 2154 sint,
822 2085 877 2141 id
902 2086 1181 2156 ignorant;
1228 2078 1282 2134 hi
1326 2090 1452 2132 vero
1477 2074 1626 2146 quasi
1656 2072 1755 2127 hoc
1779 2068 1967 2125 morbo
1992 2065 2146 2131 ebrii.
2172 2079 2240 2120 ne

667 2177 906 2234 sentiunt
933 2154 1161 2244 quidem
1188 2175 1443 2241 quantum
1469 2166 1536 2220 sit
1564 2161 1761 2218 malum
1790 2178 1805 2215 :
1831 2157 2066 2228 nequitia
2096 2154 2239 2212 enim

674 2271 745 2327 ita
770 2282 983 2325 onmem
1011 2266 1258 2320 virtutem
1289 2260 1357 2318 ab
1375 2259 1464 2317 eis
1479 2256 1701 2328 expulit,
1730 2262 2032 2322 tantamque
2063 2262 2241 2323 tyran-

674 2359 852 2415 nidem
875 2363 1108 2421 exercet,
1136 2362 1195 2410 ut
1214 2350 1516 2409 furentibus
1546 2347 1646 2404 illis
1672 2345 1871 2405 nullum
1889 2342 2091 2399 crimen
2115 2354 2242 2411 gra-

678 2466 742 2507 ve
765 2449 1007 2505 videatur
1034 2459 1172 2502 esse.
1225 2442 1330 2499 Sed
1377 2439 1462 2495 his
1491 2438 1708 2503 relictis,
1740 2434 1970 2492 vultisne
2013 2431 2079 2487 ad
2109 2430 2244 2485 alios

670 2539 1030 2600 modestiores
1056 2533 1413 2594 accedamus?
1439 2533 1550 2603 Ago
1596 2530 1776 2601 igitur,
1801 2526 2046 2598 epificum
2071 2519 2245 2578 artiiio

670 2647 904 2706 rumque
921 2647 1087 2703 genus
1109 2628 1382 2684 adeamus.
1405 2625 1470 2682 iii
1491 2623 1632 2680 enim
1655 2621 1885 2678 maxime
1912 2616 2154 2672 videntur
2179 2630 2246 2672 ex

675 2729 832 2800 iustis
859 2723 1126 2782 laboribus
1157 2719 1542 2788 sudoribusque
1572 2715 1732 2770 vitam
1760 2711 1860 2768 sibi
1909 2725 2116 2781 parare.
2136 2706 2249 2763 Ve-

680 2798 798 2876 rum
847 2817 899 2873 lii
943 2827 1155 2888 quoque
1192 2811 1292 2868 nisi
1331 2809 1431 2866 sibi
1471 2805 1781 2874 attendant,
1813 2802 1980 2861 multa
2003 2801 2126 2858 inde
2145 2798 2248 2857 sibi

679 2909 816 2968 mala
835 2912 1130 2977 congerunt
1162 2919 1176 2958 :
1209 2917 1329 2958 nam
1355 2898 1513 2971 justis
1546 2897 1796 2970 operibus
1837 2894 2073 2965 iniquum
2117 2905 2250 2946 veno

679 3001 836 3058 dcndi
865 3009 920 3056 et
959 2995 1171 3054 emendi
1200 2992 1414 3050 modum
1439 2990 1711 3062 adjiciunt,
1741 2998 1795 3044 et
1819 3001 1964 3056 stupe
2011 2984 2248 3040 avaritias

681 3096 976 3166 iuramenta
994 3131 1010 3156 ,
1039 3087 1269 3158 periuria
1293 3125 1310 3152 ,
1335 3083 1610 3140 mendacia
1653 3077 2016 3150 super-addunt
2044 3093 2058 3130 :
2090 3074 2250 3145 hujus

684 3189 807 3246 vita
831 3183 989 3240 rebus
1012 3178 1208 3237 addicti
1237 3187 1497 3246 terraeque
1523 3172 1687 3240 afﬂsi,
1715 3170 1844 3226 nihil
1874 3185 1980 3225 non
2005 3176 2167 3240 agunt
2195 3177 2253 3223 ut

682 3276 936 3348 pecunias
963 3271 1232 3341 colligant,
1258 3281 1365 3324 nec
1387 3272 1575 3322 curant
1599 3277 1691 3319 eas
1713 3260 2032 3333 pauperibus
2061 3272 2245 3330 eroga-

683 3383 765 3434 re,
787 3380 898 3420 sem
907 3374 1105 3433 perque
1130 3357 1411 3414 facultates
1425 3369 1622 3427 augere
1633 3352 1868 3409 student.
1891 3351 2020 3420 Quis
2038 3363 2257 3406 enarra-

687 3458 758 3513 rit
801 3453 1038 3511 cettvicia
1069 3451 1152 3505 his
1178 3449 1246 3504 de
1271 3446 1449 3503 causis
1491 3443 1696 3516 prolata
1717 3484 1732 3509 ,
1758 3439 2130 3505 contumelias,
2157 3437 2252 3493 fm-

689 3560 841 3610 nora,
870 3557 1076 3608 usuras,
1109 3547 1260 3612 pacta
1289 3537 1507 3595 multam
1527 3534 1769 3592 fraudem
1798 3531 2066 3599 habentia,
2085 3531 2258 3600 impu-

690 3641 871 3701 dentes
896 3631 1318 3707 negotiationes?

758 3732 812 3788 5.
855 3727 1172 3782 Prwdiorum
1200 3737 1506 3796 possessores
1524 3719 1703 3790 iniqui.
1734 3747 1806 3760 —-
1832 3717 2025 3773 Verum
2055 3716 2100 3772 si
2151 3716 2259 3786 plap

687 3832 795 3889 eet,
840 3821 924 3877 his
977 3819 1209 3884 omissis,
1245 3815 1312 3872 ad
1346 3801 1496 3870 ‘alios
1535 3813 1844 3879 veniamus,
1874 3812 1963 3880 qui
2012 3809 2258 3864 videntur

689 3915 941 3987 iustiores
963 3927 1102 3968 esse.
1135 3910 1359 3979 Quinam
1384 3906 1456 3962 illi
1472 3905 1637 3961 sunt?
1662 3903 1761 3971 Qui
1787 3917 1942 3974 agros
1964 3901 2258 3973 possident,

689 4019 745 4063 et
768 4022 834 4063 ex
866 4016 1021 4061 terrae
1043 4002 1300 4057 fructibus
1316 3999 1574 4056 ditantur.
1621 3995 1756 4065 Quid
1786 3995 1890 4050 illis
1916 3994 2150 4065 iniquius
2177 4008 2262 4047 re-

694 4096 967 4168 periatur?
995 4096 1053 4152 Si
1074 4095 1191 4164 quis
1205 4093 1348 4150 enim
1370 4091 1637 4162 perquirat
1657 4103 1760 4160 quo
1784 4097 1936 4158 pacto
1951 4100 2071 4141 cum
2098 4085 2263 4140 mise-

695 4193 774 4248 ris
797 4189 1043 4262 agricolis
1066 4201 1125 4241 se
1149 4193 1337 4256 gerant
1354 4224 1369 4250 ,
1395 4183 1515 4238 illos
1535 4179 1776 4235 barbaris
1804 4177 2144 4248 immaniores
2171 4176 2282 4230 de-r

699 4281 1008 4354 prehendet.
1059 4277 1190 4333 Nam
1222 4276 1285 4331 iis
1323 4274 1410 4344 qui
1439 4275 1578 4328 fame
1623 4270 1954 4326 tabescentes
1979 4283 2073 4337 per
2103 4275 2268 4321 totam

705 4375 857 4428 vitam
889 4372 1131 4426 laborant
1152 4409 1167 4430 ,
1198 4364 1472 4436 vectigalia
1518 4363 1797 4432 imponunt
1836 4358 2187 4414 intolerabilia
2213 4363 2269 4410 et

701 4474 974 4537 perpetua.
1030 4461 1399 4528 laboriosaque
1441 4454 1752 4520 ministeria,
1803 4451 1955 4524 quasi
2007 4450 2171 4505 asinis
2213 4457 2268 4504 et

704 4556 880 4623 mulis,
907 4556 1012 4610 imo
1037 4553 1187 4625 quasi
1217 4549 1480 4620 lapidibus
1511 4549 1745 4618 ipsorum
1775 4544 2089 4616 corporibus
2115 4551 2271 4598 uten-

703 4661 804 4717 les,
832 4663 1002 4719 neque
1028 4647 1110 4701 vel
1139 4643 1402 4700 tantillum
1432 4642 1696 4710 respirare
1725 4640 1958 4695 sinentes
1977 4678 1993 4702 ,
2039 4635 2134 4690 sed
2159 4635 2271 4691 sive

705 4742 818 4813 agri
871 4739 1093 4804 feraces,
1122 4737 1236 4793 sive
1277 4734 1486 4791 steriles
1511 4733 1650 4797 sint,
1675 4731 1791 4802 pari
1817 4729 1975 4784 modo
2001 4734 2266 4798 torquent,

706 4848 805 4889 nec
848 4830 935 4886 vel
986 4829 1256 4883 minimum
1294 4826 1462 4882 venia:
1492 4823 1621 4892 ipsis
1649 4820 1980 4886 concedunt;
2012 4833 2115 4890 quo
2147 4817 2272 4887 quid

1376 320 1431 377 S.
1470 312 1743 376 ΜΛΝιῖιὸ
1773 297 2243 366 ῦιιτιῖςυετοω
2286 294 2599 352 ARClllEP.
2634 295 3168 354 CONSTANTINOP.

3799 291 3916 350 ξω

2335 412 2459 467 dum
2482 427 2585 466 non
2615 411 2796 468 sinunt
2824 413 2968 483 ipsos
2996 413 3077 466 vel
3105 422 3320 482 parvam
3345 421 3654 463 mensuram
3684 405 3910 462 domum

2332 502 2551 568 referre,
2577 503 2671 559 sed
2699 512 2867 559 totum
2894 503 3120 559 fructum
3149 503 3328 573 inique
3353 503 3404 557 in
3431 499 3589 557 doliis
3603 499 3718 560 suis
3735 498 3918 555 inclu-

2334 596 2484 655 dunt.
2516 595 2884 671 modicamque
2915 595 3190 666 pecuniam
3243 607 3339 664 pro
3364 591 3464 648 hac
3489 606 3548 646 re
3587 589 3717 662 ipsis
3743 587 3916 659 projic

2330 688 2493 742 ciunt.
2526 686 2668 744 Nova
2693 701 2902 758 quoque
2928 689 3230 758 excogitant
3250 700 3424 743 usura:
3451 697 3666 756 genera,
3698 696 3815 752 qua:
3840 695 3914 736 ne

2330 779 2609 850 gentilium
2651 779 2866 850 quidem
2896 780 3100 850 legibus
3124 781 3500 850 permittuntur
3519 820 3535 845 ,
3564 776 3916 845 usurariaquo

2331 880 2447 926 acta
2477 873 2776 928 rescribum
2824 871 3169 938 exsecranda,
3197 870 3391 943 quibus
3425 884 3530 925 non
3560 866 3916 924 centesimam

2332 963 2514 1029 sortis,
2547 962 2641 1039 sed
2671 961 2942 1036 dimidium
2967 964 3184 1033 exigunt
3213 979 3226 1015 :
3258 970 3313 1017 et
3340 961 3475 1025 haec,
3501 973 3623 1016 cum
3653 960 3718 1024 is,
3746 971 3776 1011 a
3804 971 3918 1026 quo

2333 1051 2571 1125 exigunt,
2612 1061 2669 1108 et
2692 1067 2910 1107 uxorem
2960 1061 3016 1108 et
3060 1051 3257 1109 liberos
3300 1051 3449 1118 alat,
3481 1063 3791 1121 pauperque
3817 1048 3916 1116 sit,

2333 1146 2423 1215 qui
2446 1147 2558 1201 suis
2585 1145 2856 1203 laboribus
2882 1155 2936 1203 et
2972 1161 3153 1206 aream
3183 1155 3236 1202 et
3261 1144 3544 1202 toreularia
3575 1142 3780 1214 implet.
3805 1140 3917 1197 Sed

2336 1238 2469 1294 nihil
2497 1240 2688 1294 horum
2715 1242 2967 1310 cogitant.
2993 1240 3172 1307 Quare
3198 1248 3495 1309 opportune
3515 1237 3829 1308 prepbetam
3861 1236 3918 1291 in

2336 1333 2568 1389 medium
2614 1332 2938 1389 adducamus
2967 1331 3256 1398 dicentem,
3283 1329 3605 1402 Obstupeace,
3633 1328 3835 1395 caelum,
3866 1335 3919 1380 et

2339 1430 2584 1495 Iwrresce,
2614 1437 2748 1482 terra
2771 1443 2791 1481 :
2816 1430 2869 1483 in
2899 1436 3150 1498 quantam
3197 1425 3460 1481 feritatem
3509 1436 3680 1494 genus
3727 1420 3922 1476 burna-

2338 1536 2467 1577 num
2492 1518 2770 1590 prorupit?
2789 1518 2914 1576 Haec
2939 1532 3097 1588 porro
3125 1516 3265 1582 dico,
3295 1531 3402 1572 non
3423 1515 3561 1587 quod
3582 1523 3748 1580 artes,
3777 1513 3922 1584 agri—

2338 1611 2598 1668 culturam
2635 1618 2690 1668 et
2713 1609 2954 1666 militiam
2981 1607 3253 1674 criminer,
3277 1608 3372 1666 sed
3417 1620 3516 1662 nos
3559 1605 3726 1677 ipsos.
3780 1603 3922 1661 Nam

2340 1702 2620 1760 Cornelius
2643 1701 2889 1759 centurio
2914 1711 3062 1768 erat,
3086 1710 3141 1756 et
3165 1699 3359 1756 Paulus
3383 1699 3665 1766 corna-ius,
3695 1707 3752 1754 et
3797 1705 3925 1768 post

2341 1795 2774 1867 praedicationem
2801 1802 2917 1852 arte
2939 1809 3033 1851 sua
3065 1793 3351 1859 utebatur;
3379 1805 3433 1848 et
3456 1791 3620 1848 David
3646 1806 3739 1847 rex
3766 1799 3922 1856 erat;

2339 1887 2443 1946 Job
2485 1902 2614 1943 vero
2654 1885 2942 1942 multorum
2974 1883 3297 1956 'prmdiorum
3327 1883 3597 1946 dominus,
3625 1879 3928 1936 innumeris

2347 1979 2617 2036 fruebatur
2644 1975 2928 2043 reditibus,
2950 1976 3143 2046 quibus
3170 1973 3302 2030 nihil
3321 1973 3512 2027 horum
3536 1970 3927 2041 impedimento

2345 2072 2442 2129 fuit
2467 2069 2534 2128 ad
2561 2070 2807 2126 virtutem
2841 2066 3141 2123 colendam.
3195 2064 3322 2122 Haec
3349 2065 3526 2135 itaque
3554 2063 3732 2117 omnia
3770 2059 3930 2131 cogi-

2347 2171 2520 2218 tantes
2547 2204 2561 2227 ,
2589 2159 2880 2230 decemque
2905 2159 3068 2215 millia
3098 2158 3296 2214 talenta
3317 2157 3371 2213 in
3398 2162 3632 2214 mentem
3663 2167 3930 2210 revoca-

2345 2265 2446 2322 tes,
2479 2255 2604 2312 hinc
2653 2252 2938 2309 incitamur
2981 2260 3044 2307 ut
3085 2264 3252 2323 pauca
3293 2249 3384 2306 illa
3434 2255 3490 2306 et
3531 2246 3655 2303 vilia
3679 2244 3932 2318 proxime

2346 2349 2699 2406 remittamus.
2745 2345 2875 2402 Nam
2922 2343 3160 2399 rationes
3189 2342 3342 2398 nobis
3367 2337 3654 2397 reddenda:
3679 2343 3842 2394 erunt
3860 2335 3933 2391 de

2347 2440 2630 2512 praeceptis
2673 2439 2827 2495 nobis
2879 2436 3106 2503 traditis,
3145 2448 3246 2490 nec
3297 2432 3590 2505 poterimus
3619 2471 3637 2496 ,
3669 2429 3934 2501 quidquid

2351 2531 2562 2587 tandem
2607 2529 2894 2594 faciamus,
2922 2526 3105 2584 omnia
3150 2523 3475 2597 persolvere.
3516 2522 3746 2590 Ideoque
3777 2518 3936 2574 nobis

2353 2625 2493 2681 Deus
2518 2625 2655 2680 viam
2684 2621 2895 2678 facilem
2925 2619 3154 2691 aperuit,
3186 2633 3289 2689 qua
3319 2617 3498 2673 omnia
3521 2615 3734 2671 solvere
3753 2611 3937 2683 possi-

2352 2733 2492 2783 mus,
2517 2715 2839 2774 oblivionem
2867 2713 2988 2769 dico
3013 2711 3347 2781 iniuriarum.
3378 2706 3450 2763 Ut
3469 2707 3629 2778 igitur
3651 2703 3782 2759 illud
3811 2717 3940 2773 pro-

2309 2811 2420 2867 ‘be
2436 2796 2723 2873 discamus,
2751 2804 3030 2862 audiamus
3059 2802 3197 2858 ultra
3220 2797 3491 2872 progressi
3518 2795 3826 2868 parabolam
3855 2801 3944 2848 to-

2355 2911 2480 2958 tam.
2520 2899 2732 2957 Oblatas
2767 2908 2860 2964 est,
2888 2897 3031 2954 enim
3051 2937 3067 2963 ,
3095 2894 3293 2963 inquit.
3321 2906 3453 2948 unus
3478 2890 3568 2961 qui
3601 2887 3808 2944 debebat
3859 2887 3945 2943 illi

2352 2997 2522 3051 deum
2545 2993 2710 3048 millia
2736 2991 2947 3049 talenta.
2967 2987 3087 3045 Non
3111 2986 3321 3042 habente
3345 2994 3513 3038 utens
3544 2981 3635 3037 illo
3659 2985 3795 3036 mide
3820 2981 3946 3035 red-

2352 3089 2511 3154 deret,
2543 3086 2699 3162 jussit
2747 3101 2860 3139 eum
2901 3082 3070 3148 scindi,
3099 3090 3146 3135 et
3171 3093 3382 3134 mrem
3410 3072 3540 3147 ejus,
3561 3085 3607 3130 et
3628 3075 3782 3142 ﬁlios.
3828 3072 3948 3129 Cur

2357 3188 2573 3236 uxorem
2591 3176 2812 3249 quaeso?
2835 3176 2948 3233 Non
2975 3190 3044 3232 ex
3068 3170 3381 3229 crudelitate
3402 3169 3485 3223 vel
3511 3166 3907 3223 inhumanitate
3929 3184 3944 3221 :

2356 3288 2479 3328 nam
2509 3273 2561 3327 in
2587 3269 2730 3328 aliud
2765 3269 3144 3326 detrimentum
3185 3261 3481 3326 incidisset,
3509 3273 3632 3316 cum
3663 3272 3796 3313 uxor
3819 3256 3948 3326 ejus

2359 3379 2412 3423 et
2459 3368 2574 3438 ipsa
2614 3378 2770 3422 serva
2817 3368 2986 3427 esset;
3032 3359 3128 3417 sed
3175 3374 3241 3415 ex
3271 3354 3523 3413 inedabili
3573 3350 3944 3424 providentia.

2363 3457 2485 3515 Vult
2512 3457 2654 3514 enim
2679 3454 2826 3511 illum
2857 3453 2943 3509 tali
2970 3448 3384 3508 comminatione
3413 3443 3856 3515 perterrefaeere.
3887 3447 3952 3495 ut

2359 3552 2427 3608 ad
2451 3547 2853 3620 supplicandum
2899 3543 3192 3609 induceret,
3223 3554 3291 3597 ne
3329 3536 3670 3594 venderetur.
3715 3533 3770 3590 Si
3796 3533 3953 3588 enim

2363 3653 2580 3717 propter
2602 3641 2836 3699 debitum
2863 3639 2913 3693 id
2941 3637 3188 3701 fecisset,
3215 3648 3324 3689 non
3350 3630 3626 3687 annuisset
3662 3628 3780 3699 eius
3806 3628 3954 3698 peti-

2365 3739 2517 3800 tioni.
2558 3749 2733 3806 neque
2767 3731 2993 3806 gratiam
3035 3727 3291 3784 dedisset.
3335 3723 3445 3780 Cur
3487 3736 3618 3793 ergo
3658 3729 3955 3791 antequam

2363 3833 2597 3889 rationes
2637 3829 2773 3885 datas
2805 3832 2986 3882 essent
3010 3821 3245 3878 debitum
3289 3833 3399 3873 non
3428 3815 3666 3872 dimisit?
3692 3811 3765 3870 Ut
3788 3811 3956 3867 doce-

2365 3935 2449 3982 ret
2490 3933 2686 3996 quanto
2731 3923 2906 3991 ipsum
2948 3917 3128 3973 debito
3169 3913 3497 3976 absolveret;
3525 3919 3584 3964 ut
3622 3907 3721 3962 hac
3741 3907 3959 3962 ratione

2368 4019 2456 4075 ille
2480 4013 2836 4086 indulgentior
2854 4011 2994 4065 circa
3022 4019 3339 4063 conservum
3371 4009 3533 4057 esset.
3551 3999 3608 4056 Si
3638 3999 3782 4054 enim
3807 4005 3961 4068 post.

2369 4123 2526 4181 quam
2568 4104 2732 4161 debiti
2771 4096 3188 4173 magnitudinem
3229 4093 3435 4158 didicit,
3467 4102 3523 4147 et
3568 4090 3842 4160 ingentem
3871 4103 3963 4142 re-

2357 4199 2703 4272 missionem,
2734 4205 3050 4249 conservum
3090 4203 3242 4243 suum
3286 4198 3392 4240 tam
3432 4197 3621 4254 aspere
3666 4181 3818 4252 egit:
3854 4179 3966 4235 nisi

2375 4269 2519 4348 illum
2547 4288 2740 4343 talibus
2762 4274 3011 4341 remediis
3035 4281 3182 4350 prius
3202 4278 3493 4340 lenivisset,
3515 4288 3745 4346 quonon
3768 4269 3968 4328 erude-

2377 4384 2536 4438 litatis
2563 4391 2903 4451 processurus
2929 4373 3077 4432 erat?
3104 4372 3240 4442 Quid
3265 4371 3424 4441 igitur
3454 4365 3581 4423 ille?
3614 4363 3706 4420 26.
3742 4362 3967 4417 Patien-

2376 4477 2496 4529 tiam
2540 4473 2669 4527 habe
2695 4473 2747 4525 in
2786 4485 2882 4533 mc,
2911 4476 2956 4521 et
2985 4465 3155 4520 omnia
3194 4461 3404 4517 reddant
3444 4459 3550 4514 tibi.
3589 4456 3678 4512 27.
3721 4454 3972 4512 Miscrtua

2376 4577 2542 4620 autem
2576 4562 2811 4621 dominus
2844 4557 2970 4614 servi
2999 4557 3156 4619 illius,
3185 4553 3375 4607 dimisit
3398 4567 3533 4614 eum,
3564 4559 3612 4604 et
3637 4546 3866 4602 debitum
3892 4548 3975 4601 di-

2379 4657 2509 4711 misit
2536 4656 2600 4711 ei.
2627 4649 2872 4708 Vidistin’
2899 4662 3110 4703 rursum
3137 4643 3475 4715 benignitatis
3504 4637 3976 4711 magnitudinem?

2381 4749 2696 4805 Dilationem
2751 4752 2952 4813 tantum
2998 4737 3212 4809 petebat
3259 4748 3480 4798 servus;
3526 4732 3617 4787 ille
3661 4744 3792 4786 vero
3847 4728 3978 4799 plus

2387 4855 2544 4911 quam
2571 4837 2784 4909 petebat
2806 4833 3088 4897 concessit,
3106 4829 3476 4886 remissionem
3499 4825 3657 4882 totius
3682 4821 3854 4880 debiti
3896 4833 3979 4878 st-

708 4921 1062 4979 miserabilius
1094 4917 1269 4983 fuerit,
1296 4916 1507 4987 quando
1537 4925 1644 4969 tota
1672 4913 1848 4968 hieme
1896 4912 1946 4965 in
2002 4909 2274 4965 laboribus
2388 4909 2493 5002 due
2532 4929 2762 4984 veniam.
2813 4926 2894 4981 Ab
2921 4923 3071 4979 ίυίιίο
3098 4935 3288 4990 nempe
3313 4918 3443 4974 dare
3481 4915 3718 4980 volebat,
3746 4912 3845 4969 sed
3880 4927 3980 4969 ηο-

709 5023 973 5072 transacta
995 5055 1010 5079 ,
1044 5011 1264 5082 frigore,
1299 5009 1554 5064 imbribus
1579 5024 1641 5063 ac
1667 5007 1861 5076 vigiliis
1886 5005 2076 5072 attriti,
2100 5003 2279 5058 vacuis
2392 5027 2531 5082 lebat
2556 5025 2754 5079 donum
2780 5035 2844 5075 ex
2873 5033 2931 5074 se
2972 5026 3136 5071 totum
3167 5028 3287 5069 esse
3307 5055 3322 5078 ν
3349 5010 3444 5068 sed
3470 5010 3588 5080 eius
3623 5006 3985 5077 supplicant}

710 5107 977 5173 ‘M'ﬁbm’
1023 5102 1200 5158 adhuc
1245 5100 1514 5156 debitores
1565 5099 1836 5163 recedunt’
1876 5105 2281 5166 procuramn'm
2391 5134 2509 5174 ncm
2570 5112 2938 5176 intervenire,
2990 5125 3056 5164 ne
3110 5109 3452 5163 incoronatus
3498 5103 3589 5158 ille
3645 5099 3984 5157 discederet.

714 5208 977 5253 tormenta
997 5237 1012 5260 ,
1043 5192 1367 5263 raptationes
1392 5232 1407 5256 ,
1437 5190 1746 5245 exactiones
1766 5231 1780 5254 ,
1813 5188 2160 5244 abductiones
2184 5228 2198 5251 ,
2232 5201 2245 5240 t

2389 5209 2541 5279 Quod
2565 5218 2740 5264 tamen
2781 5213 2947 5260 totum
2973 5216 3040 5257 ex
3071 5201 3181 5255 Deo
3205 5213 3346 5263 esse,
3374 5195 3585 5253 etiamsi
3609 5193 3698 5249 ille
3726 5206 3988 5262 procum-

712 5288 1032 5346 inevitabilia
1059 5283 1352 5342 ministeria
1382 5281 1551 5351 magis
1587 5282 1864 5343 timentes,
1893 5295 2051 5351 quam
2085 5289 2286 5334 tantam
2395 5305 2526 5358 hens
2569 5299 2981 5372 suppucavem'
3023 5308 3183 5349 causa
3231 5287 3596 5347 concession“
3635 5283 3943 5340 «curavi,
3974 5299 3992 5338 ε

715 5386 930 5448 famem,
960 5391 1271 5448 tantumque
1301 5375 1665 5446 naufragium?
1687 5374 1814 5488 Qui?
1845 5373 2171 5429 enarraverit
2202 5382 2289 5427 nec
2399 5395 2632 5450 mum“
2673 5395 2837 5460 enim,
2864 5390 3051 5462 inquit
3092 5386 3292 5441 dimisi,
3317 5383 3417 5439 mi.
3463 5383 3712 5436 “tamen
3738 5377 3821 5432 sic
3851 5393 3994 5448 quo.

807 5477 818 5488 ’
863 5476 894 5488 Α
1089 5483 1100 5488 ’
1146 5486 1191 5488 ’⁸
1262 5470 1443 5488 ⁷”’“’²“
1487 5483 1596 5488 ”“’“
1627 5482 1720 5488 ““
1746 5465 1776 5488 ³⁸
1809 5480 1864 5488 ’⁸
1897 5475 2134 5488 ⁸’““’λ-·
2159 5465 2181 5488 ⁸³
2211 5464 2285 5488 '7-
2620 5487 2623 5488 ν
2668 5485 2678 5488 -
2900 5482 2952 5488 -.-
3068 5480 3098 5488 ..
3180 5480 3189 5488 .
3217 5477 3228 5488 .
3383 5474 3404 5488 .
3606 5473 3618 5485 .
3643 5471 3703 5488 ,η
3931 5487 3953 5488 η
3977 5484 3994 5488 _

714 5476 1106 5577 i0ii3ii0"?s_°‘
1134 5464 1868 5577 ξθτηφθτθίῗξηθδ
1895 5465 2181 5577 (Exercent?
2211 5464 2287 5577 E“
2397 5503 2502 5558 que
2544 5485 2755 5541 volebat
2804 5493 2862 5538 ut
2900 5482 2990 5537 ille
3033 5477 3230 5550 aliquid
3276 5474 3523 5533 conferre
3571 5471 3873 5534 videretur,
3930 5484 3999 5524 ne

719 5571 954 5638 ipsorum
985 5563 1252 5618 laboribus
1269 5559 1548 5616 toreularia
1566 5569 1618 5616 et
1643 5556 2028 5615 subtorcularia
2056 5557 2287 5629 replent,
2401 5556 2566 5636 {mmo
2588 5579 2886 5633 “meum”
2934 5573 3174 5645 pudore;
3206 5579 3371 5641 mque
3413 5566 3628 5639 propria
3673 5564 3999 5620 εειηηίιηω

784 5726 802 5758 .
842 5724 943 5784 ιω)
969 5719 1197 5774 dignm“
1220 5715 1469 5783 manu“.
2401 5671 2676 5728 institutus
2695 5713 2708 5738 ,
2742 5668 3017 5739 indulgens
3043 5677 3307 5721 conservo
3335 5659 3498 5717 foret.
