4174 6332
298 354 395 413 593

364 470 416 523 4.
456 466 718 522 Parabola
760 464 1154 521 misericordiam
1201 462 1452 517 consecuti
1495 470 1541 514 al
1591 466 1764 527 postea
1799 471 1890 508 ne-

296 560 460 631 gantis
486 568 875 613 commentatur.
904 586 974 597 -—
1001 556 1284 625 Hucusque
1325 566 1454 621 ergo
1485 551 1574 605 ille
1626 550 1796 602 bonus
1841 558 1891 599 ct

297 660 551 719 acceptus
580 649 712 703 fuit:
746 664 867 702 nam
890 647 1165 701 confessus
1191 654 1349 700 estet
1382 641 1628 713 promisit
1655 654 1713 693 se
1738 637 1893 692 debi-

296 752 405 795 tum
429 740 764 796 redditurum
796 755 937 804 esse,
964 738 1210 808 procidit,
1230 746 1284 791 et
1307 736 1533 805 rogavit,
1555 748 1648 786 sua
1679 740 1891 801 peccata

296 831 599 895 damnavit,
632 830 909 900 debitiqne
932 827 1345 899 magnitudinem
1375 825 1627 895 agnovit:
1661 822 1754 877 scd
1776 838 1894 891 qua:

294 932 592 993 sequuntur
618 922 829 993 indigna
848 921 1113 992 prioribus
1128 928 1272 975 sunt.
1293 920 1550 989 Egressus
1572 916 1777 981 statim,
1799 927 1896 967 nec

294 1016 465 1069 multo
482 1013 670 1085 elapso
693 1022 953 1082 tempore,
978 1013 1073 1068 sed
1092 1011 1293 1074 statim,
1315 1026 1435 1064 cum
1460 1021 1701 1079 praesens
1722 1006 1895 1060 adhuc

291 1105 617 1161 beneﬁcium
653 1114 836 1173 esset,
874 1104 1014 1160 dono
1036 1145 1050 1171 ,
1081 1116 1286 1158 necnon
1317 1103 1565 1157 libertate
1603 1115 1633 1153 a
1672 1098 1893 1153 domino

291 1198 391 1253 sibi
421 1212 681 1254 concessa
706 1197 771 1251 ad
799 1196 1087 1265 nequitiam
1121 1210 1247 1249 usus
1267 1202 1369 1249 est.
1394 1193 1483 1248 28.
1513 1190 1640 1246 Cum
1661 1191 1896 1243 invenis-

291 1299 365 1343 set
402 1289 552 1345 enim
601 1305 756 1343 unum
785 1304 849 1342 ea:
891 1287 1141 1340 conservis
1165 1328 1181 1349 ,
1227 1286 1313 1355 qui
1342 1283 1549 1339 debebat
1577 1282 1655 1336 illi
1694 1274 1895 1334 centum

294 1380 537 1434 denarios
560 1422 577 1447 ,
609 1378 893 1445 stt/locabat
938 1395 1050 1432 eum
1083 1378 1294 1432 dicens:
1324 1375 1503 1432 Redde
1545 1378 1680 1443 quod
1722 1372 1889 1425 debes.

300 1469 550 1525 Vidistin‘
589 1469 793 1524 domini
842 1467 1301 1524 misericordiam?
1332 1465 1562 1520 vidistiu’
1582 1463 1723 1519 servi
1765 1477 1891 1516 cru-

293 1561 571 1616 delitatem
593 1561 617 1614 i
640 1560 835 1615 Audite
858 1560 945 1629 qui
994 1574 1091 1630 pro
1121 1559 1358 1628 pecuniis
1390 1557 1504 1611 lucc
1532 1554 1725 1609 facitis.
1757 1552 1892 1607 Cum

294 1654 438 1709 enim
470 1668 568 1721 pro
594 1652 829 1722 peccatis
851 1652 903 1706 id
929 1668 1032 1706 non
1068 1651 1227 1705 liceat
1256 1650 1463 1713 facere,
1493 1655 1693 1719 quanto
1717 1646 1892 1700 minus

293 1761 392 1816 pro
418 1745 710 1817 pecuniis?
735 1744 871 1811 Quid
913 1744 1071 1815 igitur
1111 1743 1241 1797 ille?
1281 1741 1373 1797 29.
1419 1740 1729 1794 Patientiam
1768 1737 1893 1792 [tabe

294 1837 347 1889 in
375 1853 470 1900 me,
496 1847 542 1890 et
562 1837 733 1890 omnia
761 1834 969 1890 reddam
992 1836 1099 1889 tibi.
1128 1833 1219 1889 llle
1245 1848 1371 1889 vero
1393 1848 1460 1887 ne
1486 1832 1646 1887 verba
1676 1829 1891 1900 quidem

293 1928 565 1993 reveritus
596 1934 702 1990 est,
731 1941 828 1997 per
851 1942 968 1995 quae
1000 1925 1112 1995 ipse
1133 1933 1377 1979 servatus
1408 1922 1597 1978 fuerat.
1626 1921 1757 1975 Nam
1779 1921 1892 1992 ipse

295 2018 381 2073 his
418 2017 576 2073 dictis
605 2034 634 2071 a
664 2018 851 2073 decem
884 2017 1108 2071 millium
1143 2016 1464 2071 talentorum
1512 2014 1695 2067 debito
1734 2013 1891 2066 abso-

293 2110 441 2166 lutus
466 2120 550 2166 est
574 2127 587 2163 :
619 2125 716 2165 nec
740 2118 950 2179 portum
975 2107 1243 2178 cognovit,
1269 2121 1363 2177 per
1377 2121 1535 2177 quem
1556 2103 1889 2172 naufragium

291 2201 571 2273 eﬂ'ugisset
595 2219 607 2253 :
640 2216 739 2257 nec
768 2199 1174 2273 supplicationis
1202 2198 1391 2253 modus
1420 2197 1619 2252 domini
1650 2196 1892 2265 benigni-

292 2305 459 2352 tatem
492 2297 544 2349 in
574 2302 809 2349 mentem
864 2292 964 2363 ipsi
1012 2290 1280 2347 revocavit
1307 2306 1321 2356 ;
1370 2287 1465 2345 sed
1498 2289 1589 2343 illa
1615 2288 1795 2342 omnia
1823 2302 1890 2343 ex

288 2388 515 2442 avaritia
542 2429 557 2453 ,
587 2384 908 2440 crudelitate
936 2392 991 2451 et
1033 2383 1230 2438 duritie
1272 2381 1532 2452 alijiciens
1574 2397 1638 2435 ex
1668 2382 1848 2434 animo
1871 2420 1887 2447 ,

290 2478 409 2534 fera
439 2480 626 2550 quavis
651 2478 845 2533 saevius
873 2464 1191 2532 conservum
1224 2474 1535 2529 sull'ocabat.
1568 2473 1704 2540 Quid
1736 2471 1886 2536 facis,

287 2586 327 2626 ο
358 2570 555 2626 homo?
586 2585 691 2624 non
713 2569 880 2625 sentis
906 2610 921 2637 ,
969 2580 1026 2623 ut
1054 2568 1283 2638 teipsum
1329 2566 1563 2636 decipias
1588 2608 1603 2631 ,
1652 2566 1885 2635 gladium

287 2671 481 2717 contra
515 2671 567 2716 te
594 2661 780 2731 adigas
804 2701 818 2725 ,
850 2676 913 2715 ac
943 2660 1262 2715 sententiam
1293 2659 1601 2728 donumque
1630 2657 1888 2713 revoces?

284 2752 395 2808 Sed
429 2753 560 2808 nihil
588 2752 778 2807 horum
806 2753 1057 2823 cogitavit
1081 2794 1097 2818 ,
1128 2767 1226 2806 nec
1252 2766 1429 2805 rerum
1456 2765 1672 2804 suarum
1702 2764 1886 2804 recor-

286 2844 449 2899 datus
490 2854 571 2899 est
593 2885 607 2908 ,
644 2859 817 2911 neque
846 2843 1007 2897 cessit
1046 2843 1265 2896 omnino
1291 2859 1303 2896 :
1335 2858 1655 2912 quamquam
1684 2857 1788 2897 non
1820 2841 1889 2895 de

286 2939 507 3009 paribus
537 2936 853 3008 supplicatio
868 2947 1003 2991 erat.
1026 2935 1122 2990 Hic
1139 2951 1368 3006 namque
1401 2950 1497 3005 pro
1517 2935 1702 2991 decem
1730 2934 1889 2989 milii-

285 3031 393 3087 bus
420 3031 772 3096 talentis,'ille
802 3047 898 3100 pro
926 3045 1139 3086 centum
1168 3032 1403 3086 denariis
1432 3031 1779 3098 precabatur;
1801 3031 1887 3086 ille

286 3138 611 3179 conservum
637 3164 652 3189 ,
686 3121 774 3177 hic
819 3121 1135 3187 dominum;
1169 3122 1257 3176 hic
1286 3124 1572 3191 perfectam
1611 3122 1884 3178 remissio-

288 3230 415 3269 nem
443 3215 670 3284 accepit.
705 3213 795 3267 ille
814 3213 1125 3267 dilationem
1161 3213 1412 3282 petebat:
1445 3223 1490 3266 et
1521 3230 1581 3266 ne
1606 3214 1748 3266 illam
1769 3213 1884 3283 qui-

284 3309 405 3361 dem
431 3307 515 3360 hic
538 3308 780 3360 concessit
803 3305 920 3359 illi:
945 3304 1033 3360 30.
1068 3303 1133 3358 In
1163 3310 1411 3359 curarem
1442 3305 1582 3360 enim
1604 3306 1747 3359 illum
1766 3322 1887 3359 con-

284 3399 428 3472 iecit.
466 3399 555 3452 3|.
596 3396 831 3452 Videntes
855 3406 1023 3451 autem
1048 3399 1293 3461 conservi,
1324 3406 1713 3453 accusaverunt
1736 3397 1883 3451 illum

282 3488 430 3558 apud
456 3486 757 3552 dominum,
793 3487 1090 3557 dominoque
1117 3486 1452 3542 retulerunt'.
1476 3487 1549 3542 Ne
1577 3485 1884 3542 hominibus

283 3580 507 3650 quidem
535 3578 638 3634 hoc
668 3577 925 3646 placebat,
947 3578 1141 3633 nedum
1173 3576 1301 3631 Deo.
1319 3580 1434 3636 Una
1450 3597 1581 3652 ergo
1594 3579 1886 3632 contrista-

281 3669 328 3723 ti
348 3675 481 3722 sunt
495 3669 578 3723 vcl
600 3668 673 3722 illi
696 3669 784 3738 qui
818 3669 945 3723 nihil
967 3669 1253 3723 debebant.
1275 3667 1409 3736 Quid
1442 3685 1571 3739 ergo
1596 3668 1883 3723 dominus?

282 3758 379 3814 32.
431 3758 590 3814 Serve
613 3776 826 3828 nequam
852 3758 871 3788 ²
893 3800 908 3826 ,
937 3777 1083 3814 omne
1123 3760 1343 3813 debitum
1387 3761 1515 3813 illud
1562 3761 1728 3813 dimisi
1758 3761 1879 3825 tibi,

280 3851 407 3920 quia
453 3852 645 3919 rogasti
689 3866 785 3904 me.
836 3851 921 3905 33.
970 3849 1158 3904 Nonne
1220 3852 1441 3921 oportuit
1482 3861 1531 3904 et
1573 3861 1619 3906 te
1660 3853 1883 3906 misereri

279 3944 517 3997 conservi
539 3944 631 4007 tui,
655 3945 782 3997 sicut
802 3956 848 3996 et
878 3960 967 4014 ego
990 3944 1060 3996 tui
1084 3944 1315 3999 misertus
1334 3960 1444 3997 sum
1468 3945 1492 3997 ἶ)
1516 3944 1646 4004 Vide
1668 3961 1881 4000 rursum

280 4033 753 4089 mansuetudinem
781 4032 1000 4088 domini.
1020 4032 1153 4089 Cum
1178 4034 1266 4089 illo
1285 4034 1485 4105 judicio
1509 4035 1807 4104 contendit,
1829 4048 1883 4093 et

284 4143 412 4183 sese
445 4136 670 4197 purgat,
695 4126 893 4181 donum
921 4137 1269 4181 revocaturus
1294 4144 1309 4189 ;
1338 4128 1445 4182 imo
1481 4144 1610 4185 vero
1636 4145 1739 4184 non
1768 4130 1882 4199 ipse

279 4219 584 4285 revocavit,
614 4219 706 4274 sed
742 4220 784 4273 is
810 4220 897 4289 qui
925 4230 1224 4291 acceperat.
1256 4219 1381 4275 Ideo
1410 4220 1573 4276 dicit:
1608 4220 1770 4277 Omne
1789 4224 1881 4277 de-

278 4313 448 4366 bitum
473 4312 605 4366 illud
631 4313 799 4366 dimisi
820 4313 909 4365 tibi
932 4353 947 4377 ,
975 4313 1093 4379 quia
1112 4313 1304 4383 rogasti
1324 4330 1420 4366 me.
1450 4314 1633 4368 Nonne
1659 4318 1881 4385 oportuit

277 4413 329 4458 et
360 4413 411 4455 te
437 4403 666 4457 misereri
708 4404 931 4457 conservi
974 4404 1090 4456 tui?
1122 4404 1229 4457 Etsi
1278 4404 1423 4458 enim
1461 4419 1746 4459 onerosum
1789 4407 1879 4461 tibi

277 4495 553 4560 videatur,
574 4504 629 4549 at
652 4496 887 4565 oportuit
914 4495 979 4549 ad
1009 4494 1211 4549 lucrum
1246 4498 1510 4565 respicere
1530 4496 1637 4566 jam
1662 4497 1876 4563 factum,

278 4596 339 4642 et
368 4585 435 4639 ad
466 4584 721 4641 futurum.
757 4584 823 4640 Et
848 4586 891 4640 si
923 4600 1209 4641 onerosum
1256 4589 1323 4640 sit
1354 4596 1678 4656 prreceptum
1700 4630 1713 4653 ,
1743 4604 1879 4658 prce-

280 4678 456 4730 mium
486 4676 720 4746 cogitare
751 4676 1025 4746 oportuit;
1048 4684 1207 4745 atque
1228 4677 1280 4730 in
1306 4687 1486 4731 mente
1512 4694 1746 4744 versare,
1774 4695 1877 4734 non

277 4767 429 4837 quod
463 4767 559 4821 ille
586 4765 680 4821 tibi
704 4766 957 4821 damnum
988 4766 1200 4833 inferat,
1233 4767 1324 4823 sed
1354 4767 1494 4837 quod
1524 4768 1689 4823 Deum
1714 4780 1766 4824 tu
1798 4772 1880 4825 of-

280 4856 500 4923 lendas,
529 4872 686 4927 quem
714 4858 940 4928 simplici
963 4858 1267 4927 precatione
1294 4859 1536 4929 placasti.
1563 4862 1625 4915 Et
1647 4863 1689 4915 si
1718 4864 1877 4918 etiam

278 4950 366 5004 sic
404 4948 496 5003 tibi
520 4963 808 5004 onerosum
838 4949 1070 5015 videtur,
1103 4950 1147 5004 si
1180 4960 1230 5003 te
1257 4950 1500 5007 ltedentis
1528 4953 1732 5008 amicus
1762 4958 1874 5019 tias,

278 5041 446 5109 longe
473 5041 689 5111 gravius
715 5041 817 5096 erit
856 5040 908 5095 iu
935 5040 1236 5113 gehennam
1273 5042 1549 5099 incidere:
1580 5055 1632 5101 et
1672 5046 1716 5101 si
1750 5046 1877 5101 illud

276 5132 387 5200 ipsi
417 5131 713 5199 retulisses,
737 5140 865 5188 tunc
882 5132 1248 5204 cognovisses,
1275 5134 1325 5188 id
1353 5136 1520 5190 multo
1551 5136 1718 5193 levius
1735 5153 1875 5193 esse.

280 5224 350 5277 Et
377 5238 500 5277 cum
532 5223 697 5277 millia
724 5224 922 5279 talenta
952 5224 1173 5281 deberet
1197 5267 1212 5291 ,
1242 5226 1383 5281 Deus
1412 5244 1516 5283 non
1539 5230 1740 5284 vocavit
1769 5246 1878 5286 ma—

278 5314 437 5379 lum,
470 5328 570 5369 nec
612 5313 803 5383 injuria
843 5314 1055 5380 affecit,
1092 5316 1185 5371 sed
1217 5318 1469 5373 misertus
1515 5329 1597 5375 est
1626 5338 1638 5375 :
1666 5322 1879 5391 quando

274 5414 465 5459 autem
493 5406 634 5461 circa
677 5422 1001 5463 conservum
1044 5408 1292 5463 immanis
1335 5409 1556 5465 eliectus
1591 5422 1711 5478 cst,
1756 5422 1880 5469 tunc

278 5496 442 5563 dicit,
470 5494 627 5552 Servs
652 5514 889 5567 nequam.
914 5499 1128 5566 Audite,
1150 5501 1296 5554 avari
1323 5518 1338 5568 ;
1372 5518 1493 5557 nam
1523 5518 1617 5558 vos
1644 5503 1758 5559 haec
1795 5521 1881 5561 re-

350 5653 374 5730 :
392 5652 537 5730 limit,
551 5652 849 5730 dominoque
875 5656 1160 5730 retulerunt,
1183 5673 1295 5721 qtue
1334 5659 1381 5710 iu
1424 5663 1575 5715 Savil.
1606 5672 1655 5717 et
1687 5668 1886 5730 optimis

278 5713 426 5761 codd.
453 5714 655 5772 absunt,
679 5714 729 5766 in
755 5713 933 5769 Graeco
953 5713 1230 5771 omisimus.

346 5776 368 5806 ⁸
390 5777 508 5839 Alii,
541 5778 694 5830 Serve
716 5791 927 5846 nequam
947 5785 992 5829 et
1014 5778 1200 5845 ignare.

1291 346 1355 403 IN
1392 338 1795 402 ΜΑΤΤΙΙᾸΞΠΜ
1833 335 2062 393 ιιοδιςι.
2106 338 2237 395 LXI.
2280 340 2349 394 al.
2395 339 2551 396 LXII.

3508 344 3611 398 59$

2004 454 2257 523 Spiciunt.
2288 457 2972 521 Audite,immiscricordes
2998 467 3051 515 et
3076 458 3346 525 crudeles,
3379 475 3470 514 vos
3503 477 3609 515 nnu

2004 548 2122 603 aliis
2151 564 2273 605 csse
2298 552 2546 627 crudeles
2571 594 2586 616 ,
2618 554 2713 607 sed
2742 554 2892 609 vobis
2918 554 3066 623 ipsis.
3094 552 3227 608 Cum
3255 569 3384 623 ergo
3418 557 3607 609 voluc-

2000 641 2075 695 ris
2117 641 2337 711 injurias
2372 643 2423 697 in
2458 655 2689 699 mentem
2721 662 3005 713 revocare,
3031 647 3264 716 cogitate
3292 655 3477 701 contra
3522 656 3604 702 tc-

2003 732 2175 800 ipsum
2206 728 2323 786 illas
2356 750 2616 789 revocare
2638 777 2653 800 ,
2688 751 2792 790 non
2822 746 3007 791 contra
3037 737 3236 802 alium;
3267 745 3318 791 te
3348 743 3436 789 tua
3478 752 3602 806 pce-

2000 832 2117 875 cata
2164 824 2421 892 colligere
2445 866 2458 889 ,
2491 839 2595 878 non
2648 826 2896 894 proximi.
2928 826 3008 881 Tu
3058 826 3274 897 quidem
3301 867 3316 891 ,
3348 825 3603 896 quidquid

2000 923 2186 967 contra
2219 914 2365 967 illum
2397 916 2510 985 agis
2532 958 2545 978 ,
2576 926 2629 970 ut
2655 917 2811 971 homo
2834 918 2979 988 agis,
3002 927 3057 972 et
3086 918 3138 971 in
3168 918 3421 986 prmsenti
3455 917 3552 970 vita
3586 933 3601 981 ;

2001 1006 2144 1061 Deus
2175 1023 2303 1061 vero
2332 1024 2436 1061 non
2469 1011 2567 1075 sic,
2601 1011 2691 1066 sed
2717 1011 2903 1079 majori
2934 1022 2983 1065 te
3013 1019 3067 1065 et
3090 1022 3296 1065 aeterno
3325 1010 3433 1065 illic
3474 1026 3601 1078 sup-

2001 1098 2159 1167 plicio
2182 1098 2378 1153 afficiet
2407 1118 2419 1153 :
2447 1115 2567 1153 nam
2600 1101 2673 1154 ait
2707 1122 2719 1155 :
2750 1102 2837 1157 5-5.
2871 1099 3111 1155 Tradidit
3136 1116 3251 1155 eum
3283 1098 3559 1155 tortoribus
3583 1141 3601 1166 ,

2001 1188 2160 1242 donec
2199 1205 2347 1243 omne
2391 1189 2616 1243 debitum
2647 1192 2994 1259 persolveret;
3035 1191 3087 1245 id
3130 1201 3247 1257 est,
3296 1200 3603 1262 perpetuo;

2001 1294 2288 1349 numquam
2331 1284 2472 1335 enim
2503 1280 2694 1336 solvet.
2726 1280 2860 1349 Quia
2891 1298 2955 1337 ex
2986 1281 3249 1338 beneficio
3278 1297 3383 1337 non
3416 1282 3597 1336 melior

1997 1373 2255 1440 evasisti,
2288 1390 2450 1427 υιιιιιη
2498 1374 2854 1444 relinquitur,
2891 1382 2949 1428 ut
2970 1375 3233 1445 supplicio
3274 1373 3603 1431 emendcris.

1998 1465 2149 1521 Licet
2168 1468 2372 1537 gratiae,
2396 1476 2451 1521 et
2478 1467 2619 1521 dona
2650 1467 2744 1521 Dei
2773 1468 2889 1522 sine
2912 1466 3222 1538 poenitentia
3252 1467 3393 1523 sint:
3418 1476 3471 1520 at
3498 1475 3613 1519 tan-

2000 1565 2109 1611 tum
2141 1557 2307 1612 valuit
2343 1559 2574 1626 nequitia
2604 1598 2618 1623 ,
2671 1568 2728 1612 ut
2766 1558 2907 1612 hanc
2944 1556 3116 1628 legem
3166 1556 3417 1613 solveret.
3463 1554 3601 1625 Quid

1997 1666 2124 1720 ergo
2155 1651 2471 1721 iniuriarum
2500 1652 2875 1707 recordatione
2917 1652 3154 1707 deterius
3176 1691 3192 1717 ,
3236 1666 3355 1719 quze
3396 1649 3601 1705 donum

1998 1741 2237 1817 divinum
2266 1744 2371 1798 tale
2395 1759 2458 1798 ac
2481 1753 2686 1798 tantum
2718 1752 2967 1799 evertere
3003 1743 3212 1814 possit?
3239 1742 3423 1813 Neque
3450 1742 3603 1797 illum

1996 1834 2334 1904 simpliciter,
2384 1836 2475 1891 sed
2502 1836 2671 1891 iratus
2714 1837 2952 1891 tradidit.
2999 1836 3229 1904 Quando
3268 1838 3411 1891 enim
3440 1837 3601 1905 jussit

1998 1927 2147 1982 illum
2173 1928 2355 1994 vendi,
2381 1944 2487 1983 non
2515 1927 2816 1983 irativerba
2842 1935 3035 1995 erant;
3069 1928 3190 1983 ideo
3219 1942 3325 1983 non
3356 1926 3406 1981 id
3439 1927 3557 1981 fecit
3582 1945 3599 1991 ;

1996 2017 2091 2072 sed
2117 2016 2215 2071 hoc
2240 2018 2455 2074 occasio
2484 2018 2702 2089 grandis
2732 2017 3113 2072 misericordia:
3141 2016 3274 2075 fuit:
3304 2030 3446 2072 nunc
3472 2030 3601 2070 vero

1998 2109 2377 2180 indignationis
2408 2125 2613 2181 magna:
2639 2109 2904 2165 sententia
2935 2118 3035 2175 est,
3061 2109 3303 2179 supplicii
3332 2120 3491 2178 atque
3517 2108 3600 2163 ul-

1998 2202 2175 2257 tionis.
2208 2202 2343 2269 Quid
2370 2218 2500 2273 ergo
2526 2200 2627 2257 sibi
2655 2204 2767 2257 vult
2792 2201 3085 2273 parabola?
3112 2203 3200 2257 55.
3236 2200 3327 2256 Sic
3350 2202 3485 2255 vobis
3516 2204 3601 2272 fa-

1995 2293 2089 2345 ciet
2137 2291 2297 2347 Puter
2343 2309 2481 2347 meus
2506 2332 2521 2359 ,
2571 2294 2741 2363 inquit
2766 2335 2781 2360 ,
2811 2294 2907 2347 nisi
2938 2293 3231 2347 remtseritis
3259 2293 3601 2362 unusquisque

1996 2384 2148 2453 fratri
2176 2401 2268 2437 suo
2295 2384 2358 2437 de
2387 2384 2540 2438 corde
2569 2394 2730 2440 oestro
2760 2394 2968 2455 peucata
2997 2384 3246 2454 ipsorum.
3279 2383 3397 2439 Non
3428 2384 3558 2438 dixit
3581 2426 3597 2447 ,

1995 2474 2154 2529 Pater
2202 2486 2416 2538 vester;
2472 2474 2607 2540 sed,
2658 2474 2816 2529 Pater
2869 2491 3027 2530 meus.
3074 2473 3191 2529 Non
3224 2476 3365 2529 enim
3406 2475 3600 2545 dignus

1994 2576 2078 2621 est
2108 2567 2184 2622 sic
2214 2567 2488 2639 improbus
2516 2575 2572 2622 et
2598 2566 2921 2622 inhumanus
2944 2608 2962 2636 ,
2993 2568 3083 2638 qui
3115 2567 3282 2623 Deum
3315 2576 3468 2622 vocet
3493 2566 3597 2623 Pa-

1995 2668 2149 2715 trem.

2065 2754 2117 2808 5.
2157 2754 2267 2807 Duo
2296 2752 2456 2823 igitur
2485 2752 2573 2807 hic
2604 2752 2814 2823 qumrit,
2841 2761 2898 2806 ut
2926 2762 3145 2823 peccata
3173 2762 3353 2807 nostra
3378 2751 3598 2806 damnc-

1994 2860 2134 2907 mus.
2160 2857 2208 2899 et
2234 2845 2351 2898 aliis
2375 2844 2753 2910 remittamus;
2786 2853 2840 2899 et
2867 2846 2968 2899 hoc
2996 2854 3221 2914 propter
3248 2845 3398 2911 illud,
3430 2858 3487 2898 ut
3519 2843 3595 2897 fa-

1992 2938 2146 2991 cilius
2187 2936 2313 2991 itlud
2341 2936 2410 2989 sit
2445 2936 2592 3004 (nam
2620 2936 2711 3006 qui
2740 2936 2939 3005 cogitat
2970 2946 3186 3004 peceata
3228 2950 3323 2989 sua
3350 2975 3364 2999 ,
3408 2934 3599 2989 indul-

1990 3029 2200 3099 gentior
2234 3030 2335 3082 erit
2363 3026 2704 3094 conservo);
2736 3040 2910 3093 neque
2948 3025 3127 3081 solum
3157 3038 3252 3078 ore
3276 3066 3290 3090 ,
3315 3026 3407 3078 scd
3435 3024 3600 3079 corde

1992 3120 2368 3177 dimittendum
2398 3128 2500 3183 est,
2532 3133 2600 3173 ne
2628 3127 2814 3174 contra
2839 3132 2937 3172 nos
2961 3117 3197 3187 gladium
3226 3117 3501 3188 alligamus
3527 3117 3598 3170 ob

1992 3214 2308 3283 iniuriarum
2356 3210 2694 3265 memoriam.
2738 3209 2875 3277 Quid
2914 3209 3056 3263 enim
3092 3210 3184 3263 tibi
3222 3219 3429 3263 tantum
3469 3209 3597 3265 mali

1992 3307 2169 3361 intulit
2194 3305 2283 3376 qui
2325 3302 2547 3359 oilendit
2569 3303 2587 3335 ί
2611 3344 2626 3369 ,
2667 3311 2926 3372 quantum
2955 3300 3048 3356 tibi
3080 3300 3244 3356 infers
3268 3342 3282 3366 ,
3313 3316 3432 3355 cum
3459 3302 3594 3356 iram

1988 3399 2169 3453 animo
2212 3411 2393 3451 versas
2416 3436 2431 3461 ,
2461 3404 2513 3450 et
2553 3393 2874 3449 sententiam
2918 3393 3011 3449 Del
3043 3402 3095 3448 te
3122 3392 3467 3458 damnantem
3500 3394 3593 3449 tibi

1987 3489 2218 3544 attrahis
2240 3489 2263 3540 Ἰ
2288 3485 2496 3542 Namsi
2527 3494 2582 3540 tu
2605 3485 2792 3555 vigiles
2819 3494 2870 3539 et
2894 3483 3284 3554 philosopheris
3303 3526 3319 3549 ,
3354 3485 3403 3539 in
3432 3493 3597 3553 caput

1988 3583 2129 3637 illius
2161 3580 2357 3633 malum
2390 3585 2685 3648 torquetur,
2716 3587 2769 3631 et
2796 3577 2839 3630 is
2868 3576 2981 3645 ipse
3005 3580 3108 3631 erit
3136 3578 3225 3647 qui
3253 3577 3395 3631 male
3421 3577 3593 3647 patie-

1990 3682 2111 3727 tur:
2160 3670 2242 3725 sin
2285 3680 2338 3724 tu
2389 3683 2704 3739 perseveres
2752 3667 2979 3722 moleste
3007 3676 3061 3721 et
3090 3668 3325 3739 graviter
3369 3667 3587 3734 ferens,

1987 3765 2135 3819 solus
2164 3762 2416 3817 damnum
2448 3760 2688 3826 referes,
2725 3776 2829 3815 non
2856 3761 2925 3813 ab
2951 3760 3045 3815 illo
3068 3802 3083 3828 ,
3114 3760 3208 3816 sed
3235 3775 3264 3814 a
3295 3761 3488 3831 teipso.
3514 3760 3591 3818 Ne

1987 3854 2185 3908 dixeris
2218 3868 2368 3923 ergo,
2399 3852 2482 3906 Me
2506 3851 2833 3905 contumelia
2861 3849 3035 3905 affecit
3054 3892 3069 3917 ,
3102 3851 3457 3906 calumniatus
3484 3861 3589 3917 est,

1988 3945 2267 3999 innumera
2313 3944 2491 3997 intulit
2532 3942 2668 3997 mala
2696 3960 2711 3997 :
2749 3952 2952 4012 quanto
2981 3942 3127 3997 enim
3167 3943 3318 4013 plura
3344 3942 3546 3998 dixeris
3569 3984 3591 4011 ,

1989 4048 2137 4093 tanto
2183 4035 2351 4109 magis
2384 4038 2683 4092 beneficum
2730 4035 2878 4090 illum
2928 4034 3191 4091 ostendis.
3236 4036 3589 4091 Occasionem

1986 4133 2182 4202 quippe
2212 4131 2304 4184 tibi
2335 4129 2482 4185 dedit
2510 4138 2725 4198 peccata
2776 4128 3119 4198 deponendi;
3168 4130 3237 4183 ita
3285 4138 3341 4182 ut
3385 4138 3590 4198 quanto

1987 4222 2156 4291 magis
2186 4234 2236 4276 te
2265 4220 2462 4275 laeserit
2488 4262 2502 4283 ,
2536 4229 2681 4274 tanto
2710 4220 2970 4290 majorem
3001 4227 3343 4291 peccatorum
3378 4221 3470 4275 tibi
3504 4235 3590 4275 re-

1986 4315 2296 4370 missionem
2342 4313 2670 4373 conciliahit.
2710 4313 2843 4368 Nam
2887 4314 2931 4367 si
2978 4313 3239 4381 velimus,
3288 4329 3447 4369 nemo
3490 4331 3590 4372 nos

1987 4409 2185 4463 latdcre
2226 4407 2420 4477 poterit
2449 4407 2529 4477 (a)
2562 4425 2574 4460 :
2605 4408 2697 4463 sed
2726 4418 2779 4462 et
2818 4407 2917 4477 ipsi
2944 4408 3141 4462 inimici
3174 4408 3325 4463 nobis
3350 4410 3588 4467 maxime

1985 4513 2228 4571 prosunt.
2261 4500 2467 4570 Ecquid
2501 4500 2568 4555 de
2613 4500 2922 4556 hominibus
2951 4501 3185 4571 loquor?
3226 4502 3346 4571 Ipso
3372 4503 3589 4558 diabolo

1984 4596 2111 4666 quid
2152 4595 2462 4650 sceleratius
2491 4596 2615 4649 est?
2654 4599 2902 4651 Attamen
2930 4596 2999 4649 ab
3033 4596 3128 4651 illo
3168 4612 3412 4665 magnam
3449 4596 3588 4652 bene

1985 4688 2176 4758 agendi
2205 4688 2544 4742 occasionem
2576 4699 2917 4752 mutuamur,
2946 4696 3003 4742 ut
3031 4686 3131 4743 Job
3153 4690 3484 4757 comprobat.
3530 4689 3586 4745 Si

1985 4795 2146 4850 porro
2184 4780 2427 4833 diabolus
2458 4779 2671 4834 occasio
2699 4791 2781 4835 est
2819 4794 3160 4846 coronarum,
3192 4796 3289 4835 cur
3312 4782 3587 4838 inimicum

1986 4872 2183 4928 times?
2213 4871 2347 4927 Vide
2382 4881 2578 4942 quanta
2612 4872 2835 4927 lucreris
2858 4915 2870 4938 ,
2905 4872 3032 4927 dum
3075 4874 3415 4929 inimicorum
3466 4892 3583 4929 mo-

1984 4965 2165 5021 lestias
2194 4965 2303 5021 fers
2344 4967 2625 5035 patienter.
2657 4966 2837 5020 Primo
2867 4965 3081 5035 quidem
3109 5006 3125 5031 ,
3157 4966 3209 5021 id
3236 4968 3376 5037 quod
3408 4970 3584 5023 maxi-

1986 5073 2130 5112 mum
2160 5066 2243 5113 est
2266 5098 2280 5123 ,
2322 5066 2659 5126 peccatorum
2689 5057 3099 5123 remissionem;
3129 5060 3366 5115 secundo
3408 5077 3591 5130 [terse-

1984 5150 2279 5203 verantiam
2311 5162 2361 5204 et
2410 5150 2718 5219 patientiam
2747 5191 2759 5211 ,
2813 5153 2973 5204 tertio
2994 5192 3007 5215 ,
3039 5154 3504 5208 mansuetudinem
3534 5165 3588 5210 et

1986 5244 2389 5313 benignitatem.
2419 5242 2519 5309 Qui
2545 5242 2688 5296 enim
2716 5243 2886 5297 nescit
2912 5243 3069 5297 irasci
3096 5244 3352 5299 adversus
3383 5260 3474 5299 cos
3495 5247 3590 5316 qui

1987 5350 2047 5390 se
2094 5334 2412 5401 oilcndunt,
2461 5333 2826 5404 multomagis
2872 5350 2997 5404 erga
3036 5333 3239 5390 amicos
3284 5338 3426 5390 mitis
3465 5339 3588 5390 t-t'il.

1988 5430 2219 5496 Quarto,
2250 5428 2392 5495 quod
2416 5440 2631 5495 semper
2659 5427 2734 5479 ira
2768 5425 2918 5479 vacui
2949 5426 3140 5495 simus,
3166 5428 3255 5481 ‘cui
3288 5428 3427 5481 bono
3460 5430 3590 5482 nihil

2052 5538 2264 5610 {_Sat'il.,
2293 5538 2416 5599 Quid
2439 5537 2569 5587 enim
2592 5538 2796 5601 oﬂ‘ensor
2829 5537 2915 5589 tibi
2945 5545 3132 5589 tantum
3156 5540 3273 5592 mall
3296 5538 3479 5603 biferrc
3503 5554 3589 5604 po-

2161 5661 2386 5734 Solemrte
2410 5663 2591 5734 dictum
2638 5663 2982 5734 Chrysostp'mi,
3034 5671 3180 5713 Nemo
3224 5664 3425 5734 intuitur
3441 5665 3590 5734 nisi}

1988 5724 2161 5837 me.
2186 5733 2283 5785 Qua
2307 5725 2372 5778 de
2395 5737 2453 5775 re
2480 5726 2654 5775 l:brum
2674 5724 2845 5776 edidit.
2864 5724 3086 5790 V.supra
3109 5734 3258 5778 'l‘omo
3281 5730 3326 5787 ὅ,
3354 5728 3447 5777 col.
3482 5729 3590 5779 559'
