4174 6332
575 354 680 412 595

575 492 676 545 par
701 489 817 529 esse
848 474 1028 544 possit.
1063 470 1192 526 Nam
1239 470 1330 540 qui
1363 481 1646 539 numquam
1686 463 1966 527 irascitur,
2002 461 2148 516 nullo

581 581 810 622 mmrore
838 566 1110 635 mentitur,
1137 571 1201 619 ut
1232 562 1486 633 liquidum
1509 570 1610 625 est,
1641 571 1814 626 neque
1844 557 2001 610 vitam
2030 564 2150 624 aget

568 659 627 713 in
668 659 812 712 vanis
855 655 1124 712 laboribus
1175 654 1597 722 doloribusque:
1648 649 1737 720 qui
1764 648 1919 702 enim
1970 645 2150 701 odisse

575 747 764 811 nescit,
789 761 888 801 nec
913 745 1099 801 dolore
1121 742 1365 808 afﬁcitur,
1386 742 1479 798 sed
1499 741 1703 796 deliciis
1729 739 1978 809 milleque
1996 737 2149 793 bonis

575 838 778 892 fruitur.
806 836 984 906 Itaque
1007 851 1104 891 nos
1121 835 1264 904 ipsos
1279 831 1540 903 supplicio
1566 829 1847 891 afﬁcimus,
1866 827 1992 881 dum
2015 827 2149 881 alios

574 929 698 985 odio
719 928 1020 994 habemus;
1045 928 1182 984 sicut
1208 934 1264 981 et
1302 925 1454 980 nobis
1485 921 1738 978 beneﬁcia
1780 920 2106 975 conferimus
2127 958 2142 981 ,

573 1019 697 1074 dum
733 1019 1028 1089 diligimus.
1076 1016 1154 1073 Ad
1198 1017 1351 1082 lucc,
1394 1013 1708 1070 venerabilis
1751 1012 1878 1082 ipsis
1920 1007 2147 1063 inimicis

571 1112 678 1168 eris
702 1152 716 1176 ,
749 1109 956 1166 etiarnsi
981 1108 1252 1164 dmmones
1278 1114 1459 1162 essent
1484 1123 1498 1172 ;
1526 1105 1634 1159 imo
1654 1104 1828 1174 potius
1846 1141 1862 1167 ,
1895 1100 1937 1156 si
1975 1100 2044 1154 ita
2073 1098 2146 1152 sis

571 1204 790 1261 allectus
814 1245 827 1270 ,
861 1216 1016 1259 nemo
1042 1201 1141 1256 tibi
1182 1199 1427 1255 inimicus
1458 1198 1558 1253 erit
1586 1214 1600 1251 :
1649 1193 1785 1265 quod
1825 1201 2000 1247 autem
2021 1205 2142 1246 om-

573 1299 719 1352 nium
761 1294 1048 1366 maximum
1078 1292 1412 1363 primumque
1441 1297 1558 1354 est,
1589 1287 1684 1344 Dei
1725 1283 2145 1341 misericordiam

575 1390 666 1443 tibi
695 1386 952 1441 attrahis:
982 1393 1140 1456 atque
1162 1382 1369 1439 etiamsi
1402 1378 1723 1451 peccaveris,
1746 1377 1953 1433 veniam
1980 1375 2147 1445 impe-

572 1479 774 1542 trabis;
823 1477 867 1531 si
907 1477 1043 1532 bene
1073 1475 1244 1545 egeris
1286 1471 1544 1542 majorem
1585 1482 1830 1525 assumes
1877 1465 2141 1521 ﬁduciam.

572 1568 701 1624 illud
723 1584 849 1639 ergo
875 1581 1241 1636 assequamur,
1271 1565 1535 1619 neminem
1567 1561 1690 1616 odio
1719 1559 1936 1626 habere,
1967 1567 2026 1612 ut
2049 1571 2146 1612 nos

573 1662 709 1716 Deus
735 1667 914 1715 amet:
943 1668 1000 1715 ut
1022 1658 1229 1713 etiamsi
1248 1657 1430 1712 decem
1456 1655 1678 1710 millium
1711 1651 2030 1707 talentorum
2060 1649 2146 1704 de-

573 1754 771 1808 bitores
808 1755 1002 1817 simus,
1033 1752 1198 1805 nostri
1228 1751 1566 1804 misereatur.
1592 1744 1696 1802 Sed
1722 1745 1878 1799 lmsus
1905 1741 2050 1796 fuisti
2079 1741 2146 1795 ab

570 1845 708 1901 illo?
735 1845 982 1899 Miser-are
1013 1843 1160 1898 illum
1187 1882 1202 1906 ,
1245 1855 1346 1895 nec
1378 1839 1512 1895 ‘odio
1541 1837 1736 1894 habeas
1760 1853 1775 1902 ;
1806 1838 1926 1906 lnge
1955 1835 2100 1888 illum
2126 1874 2140 1897 ,

570 1951 669 1991 nec
699 1934 976 1990 averseris.
1011 1933 1123 1988 Non
1152 1933 1293 1988 enim
1316 1939 1370 1985 tu
1396 1929 1662 1986 oﬁ‘endisti
1694 1929 1880 1994 Deum,
1905 1926 1998 1982 sed
2019 1925 2140 1989 ille;

570 2035 625 2079 tu
671 2039 798 2080 vero
837 2023 999 2093 probe
1048 2037 1159 2079 rem
1195 2020 1446 2093 gessisti,
1487 2021 1532 2076 si
1564 2021 1822 2091 patienter
1853 2017 2054 2073 tuleris.
2086 2017 2141 2072 lu

569 2124 797 2171 mentem
827 2129 1038 2179 revoca,
1069 2113 1339 2168 Christum
1357 2153 1372 2179 ,
1401 2127 1523 2168 cum
1548 2121 1690 2168 esset
1716 2108 2102 2181 cruciﬁgendus
2125 2149 2142 2171 .

573 2223 668 2277 pro
695 2207 871 2276 seipse
896 2204 1142 2277 gavisam
1165 2248 1180 2273 ,
1211 2214 1264 2260 et
1288 2220 1387 2275 pro
1416 2204 1847 2275 cruciﬁgentibus
1887 2203 2147 2273 lacryma—

570 2307 680 2354 tum
704 2298 886 2354 fuisse.
925 2297 1015 2354 Sic
1042 2312 1141 2353 nos
1185 2304 1396 2367 oportet
1437 2309 1558 2351 esse
1579 2293 1836 2351 aﬁ‘ectos:
1876 2301 2144 2363 etquanto

569 2391 738 2462 magis
782 2391 1059 2457 lzedimur,
1099 2397 1248 2444 tanto
1282 2387 1448 2457 magis
1474 2386 1730 2442 debemus
1753 2400 1850 2440 nos
1892 2385 2145 2440 lmdentes

568 2483 786 2539 deﬂere.
818 2480 978 2537 Nobis
1017 2481 1160 2535 enim
1191 2479 1354 2534 multa
1384 2477 1509 2533 inde
1547 2477 1686 2533 bona
1717 2476 2012 2540 accedunt;
2040 2476 2143 2530 illis

570 2589 697 2630 vero
727 2583 931 2629 contra.
978 2570 1083 2627 Sed
1113 2585 1292 2626 coram
1321 2570 1568 2624 omnibus
1595 2567 1934 2624 contumeliis
1970 2567 2146 2623 aﬁ'ecit

575 2677 632 2722 et
655 2664 990 2721 verberavit?
1009 2662 1150 2733 Ergo
1170 2676 1348 2716 coram
1365 2660 1614 2716 omnibus
1640 2675 1757 2715 sese
1780 2659 2076 2728 deturpavit
2093 2668 2146 2713 et

568 2755 937 2812 dehonestavit
960 2795 975 2818 ,
1006 2762 1059 2809 et
1085 2751 1230 2807 mille
1261 2759 1625 2807 accusatorum
1652 2765 1744 2804 ora
1766 2750 2001 2819 aperuit,
2029 2751 2144 2819 plu-

571 2861 761 2917 resque
779 2844 874 2900 tibi
901 2843 1075 2899 texuit
1095 2856 1319 2898 coronas
1343 2881 1358 2906 ,
1387 2840 1581 2896 multos
1604 2840 1871 2909 patientia:
1892 2850 1994 2895 tum
2015 2857 2145 2912 prte-

569 2952 733 2994 cones
755 2935 989 3006 collegit.
1016 2933 1122 2990 Sed
1147 2931 1284 3002 apud
1315 2930 1447 2985 alios
1466 2945 1551 2985 me
1577 2930 1928 2986 calumniatus
1954 2939 2056 2987 est.
2079 2932 2143 2988 Et

572 3030 694 3100 quid
718 3029 822 3085 hoc
840 3069 854 3092 ,
882 3042 1003 3083 cum
1036 3027 1176 3082 Deus
1205 3025 1274 3079 sit
1303 3023 1374 3079 de
1403 3023 1486 3078 his
1513 3024 1745 3080 rationes
1771 3025 2100 3095 expetiturus
2122 3067 2138 3092 ,

573 3137 677 3175 non
702 3128 878 3174 autem
917 3117 993 3172 illi
1018 3117 1106 3187 qui
1131 3114 1456 3170 audierunt?
1492 3115 1604 3170 Sibi
1634 3130 1864 3185 namque
1890 3115 1986 3185 ipsi
2013 3131 2142 3186 sup-

570 3212 709 3282 plicii
746 3223 959 3264 causam
982 3207 1218 3272 curavit,
1243 3214 1300 3260 nt
1327 3219 1431 3260 non
1460 3203 1622 3260 modo
1648 3206 1716 3260 de
1754 3206 1865 3259 suis
1893 3205 2101 3261 delictis
2121 3249 2138 3273 ,

1279 345 1335 399 Β.
1380 342 1656 401 ΞΟᾹΝΝΙΕ
1689 340 2156 400 ϐἰῐιῖῗΞνΟΞΤΟΜΙ
2198 341 2512 400 AIlCHlEP.
2554 341 3090 403 CONSTANTINOP.

3727 348 3836 408 593

2258 462 2349 517 sed
2377 461 2441 516 de
2471 463 2532 517 iis
2564 463 2719 518 etiam
2742 504 2755 527 ,
2785 477 2904 533 qua:
2945 471 3129 519 contra
3159 476 3216 518 se
3242 461 3490 532 loquutus
3519 470 3599 517 est
3626 505 3640 528 ,
3669 467 3822 522 ratio-

2254 569 2375 610 nem
2396 556 2465 610 sit
2485 556 2806 611 redditurus.
2840 557 2914 612 Te
2937 556 3026 612 ille
3055 555 3195 628 apud
3218 555 3459 612 homines
3481 555 3837 614 calumniatus

2252 656 2366 715 est,
2395 648 2506 718 ipse
2529 663 2658 705 vero
2672 645 2820 719 apud
2852 649 3016 703 Deum
3044 657 3127 703 est
3152 657 3450 703 accusatus.
3489 646 3544 704 Si
3573 662 3700 703 vero
3718 647 3838 703 lucc

2255 738 2347 794 tibi
2379 754 2482 792 non
2503 739 2610 793 sint
2639 741 2790 804 satis,
2819 739 2992 810 cogita
3021 738 3301 793 Dominum
3333 753 3549 809 quoque
3567 745 3716 793 tuum
3739 755 3824 795 ca-

2252 831 2462 886 lumniis
2487 829 2781 900 impolitum
2803 828 2991 896 fuisse,
3008 839 3067 886 et
3086 845 3117 884 a
3140 837 3323 884 satana
3343 838 3398 885 et
3417 829 3484 883 ab
3497 829 3834 898 hominibus,

2251 930 2410 991 atque
2436 920 2574 992 apud
2593 934 2687 976 eos
2717 935 2849 991 quos
2877 920 3109 976 maxime
3129 920 3418 990 diligebat;
3453 920 3593 976 illius
3621 937 3838 992 quoque

2250 1011 2561 1082 Unigenitus
2605 1011 2869 1067 similiter.
2910 1011 3035 1067 Ideo
3082 1011 3327 1067 dicebat:
3364 1011 3425 1068 Si
3458 1022 3652 1085 patrem
3681 1013 3837 1084 fami-

2250 1104 2345 1158 lias
2365 1103 2638 1159 Beelzebub
2666 1112 2987 1170 vocaverunt,
3026 1103 3181 1158 multo
3213 1104 3373 1176 magis
3402 1103 3698 1160 domesticos
3722 1107 3839 1175 ejus

2250 1194 2462 1265 (Matth.
2490 1195 2712 1267 10.25).
2742 1195 2925 1264 Neque
2968 1195 3138 1251 solum
3176 1195 3527 1252 calumniatus
3569 1197 3719 1252 illum
3751 1208 3839 1255 est

2248 1286 2510 1357 malignus
2560 1286 2801 1355 daemon,
2830 1286 2925 1342 sed
2973 1285 3104 1342 ﬁdes
3137 1286 3217 1342 illi
3255 1287 3490 1342 adhibita
3533 1295 3615 1343 est
3638 1306 3652 1342 :
3679 1288 3836 1345 calu-

2248 1378 2585 1448 mniatnsque
2607 1386 2708 1442 est,
2729 1393 2834 1432 non
2857 1377 2923 1432 de
2941 1378 3100 1432 rebus
3117 1377 3288 1444 nihili,
3305 1377 3398 1433 sed
3416 1377 3483 1433 de
3502 1380 3708 1449 magnis
3722 1380 3834 1435 cri-

2248 1469 2499 1525 minibus.
2525 1469 2656 1524 Nam
2693 1478 2746 1525 et
2785 1469 3170 1526 ducmoniacum
3211 1470 3360 1524 illurn
3387 1472 3626 1538 vocavit,
3658 1482 3711 1526 ct
3739 1472 3836 1529 de-

2247 1569 2519 1628 ceptorem
2551 1569 2608 1615 et
2627 1559 2737 1616 Deo
2762 1561 3145 1617 adversarium.
3173 1561 3245 1614 At
3267 1569 3544 1632 postquam
3570 1562 3833 1619 beneﬁcia

2248 1653 2518 1708 contulisti
2541 1694 2556 1719 ,
2593 1654 2730 1708 male
2761 1669 2949 1724 passus
2970 1654 3072 1710 es?
3100 1651 3332 1722 Ideoque
3356 1655 3588 1711 maxime
3623 1671 3723 1726 pro
3743 1657 3830 1712 in-

2245 1747 2438 1816 iuriam
2469 1746 2728 1803 infercnte
2755 1747 2876 1817 lnge
2901 1789 2916 1813 ,
2947 1761 3045 1817 pro
3076 1745 3245 1816 teipse
3268 1747 3460 1816 gaude,
3492 1748 3615 1818 quia
3642 1751 3834 1806 similis

2251 1839 2359 1893 Deo
2382 1838 2549 1894 factus
2574 1853 2632 1894 es
2657 1881 2671 1904 ,
2703 1838 2804 1906 Qui
2826 1838 2983 1894 solent
3010 1854 3157 1893 suum
3186 1836 3310 1891 oriri
3338 1842 3462 1914 facit
3483 1857 3636 1912 super
3669 1843 3834 1898 malos

2243 1941 2294 1984 et
2315 1928 2471 1985 bonos
2500 1931 2711 2002 (Matth.
2735 1933 2790 1986 5.
2821 1932 2935 2004 ιδ).
2968 1933 3121 2003 Quod
3147 1936 3191 1990 si
3221 1935 3387 1992 Deum
3427 1936 3626 1991 imitari
3666 1951 3829 2005 supra

2245 2021 2386 2077 vires
2412 2030 2528 2077 tuas
2553 2037 2671 2078 esse
2694 2023 2968 2079 videatur:
2995 2039 3313 2096 quamquam
3349 2026 3594 2082 studioso
3630 2027 3681 2081 id
3723 2043 3830 2082 non

2243 2113 2465 2170 difﬁcile
2489 2115 2558 2168 sit
2583 2131 2596 2168 :
2620 2124 2852 2169 attamen
2869 2115 2913 2170 si
2942 2114 2992 2169 id
3011 2115 3108 2171 tibi
3131 2115 3408 2172 sublimius
3433 2131 3553 2172 esse
3569 2116 3829 2185 videatur,

2245 2219 2363 2272 age,
2393 2211 2446 2258 te
2470 2203 2536 2259 ad
2562 2219 2850 2260 conservos
2877 2205 3170 2262 ducamus:
3194 2207 3260 2262 ad
3280 2206 3594 2277 Josephum,
3623 2209 3715 2279 qui
3744 2209 3831 2264 in—

2250 2311 2464 2350 numera
2509 2312 2734 2366 passus,
2785 2297 2975 2354 fratres
3026 2313 3152 2355 suos
3195 2299 3491 2369 beneﬁciis,
3519 2301 3731 2367 all'ecit;
3764 2303 3832 2358 ad

2249 2386 2488 2458 Moysen,
2521 2388 2611 2458 qui
2641 2397 2760 2458 post
2789 2389 2935 2446 mille
2959 2390 3203 2456 insidias,
3237 2406 3335 2461 pro
3360 2385 3559 2446 Judaeis
3583 2402 3832 2461 precatus

2246 2489 2329 2533 est
2354 2494 2368 2538 :
2401 2478 2467 2534 ad
2499 2479 2710 2534 beatum
2733 2481 2979 2547 Paulum,
3007 2481 3096 2551 qui
3125 2497 3244 2552 quae
3265 2497 3454 2552 passus
3474 2483 3541 2538 ab
3562 2482 3666 2538 illis
3689 2493 3832 2539 esset

2247 2584 2560 2624 enumerare
2587 2584 2691 2623 non
2733 2578 2973 2639 poterat,
3004 2579 3058 2626 et
3087 2580 3263 2626 tamen
3293 2573 3511 2641 optabat
3539 2573 3825 2628 anathema

2245 2673 2365 2714 esse
2391 2675 2483 2729 pro
2512 2660 2614 2715 illis
2639 2661 2812 2731 (Rom.
2837 2661 2894 2717 9.
2916 2662 3068 2732 5);ad
3094 2661 3426 2736 Stephanum
3456 2666 3547 2736 qui
3569 2665 3833 2736 lapidatus

2244 2761 2342 2816 est,
2369 2759 2422 2806 et
2449 2753 2653 2821 rogavit
2681 2763 2738 2807 ut
2780 2753 2882 2809 hoc
2912 2764 3187 2824 peccatum
3237 2757 3600 2812 remitteretur
3628 2757 3727 2812 eis.
3764 2756 3835 2812 Et

2247 2839 2360 2897 [nec
2375 2843 2551 2897 omnia
2579 2843 2835 2913 cogitans,
2868 2843 2999 2900 iram
3018 2859 3232 2900 omnem
3255 2845 3412 2915 ejice,
3436 2853 3493 2900 ut
3513 2846 3652 2902 Deus
3670 2846 3829 2901 nobis

2245 2932 2422 2987 omnia
2453 2943 2666 3002 peccata
2683 2934 2940 3000 remittat,
2969 2936 3135 3006 gratia
3159 2944 3213 2990 et
3230 2936 3593 2992 misericordia
3621 2937 3835 2993 Domini

2245 3024 2413 3079 nostri
2442 3024 2568 3080 Iesu
2592 3022 2787 3081 Christi
2813 3069 2827 3091 ,
2858 3026 3074 3095 quicum
3111 3027 3257 3081 Patri
3286 3036 3342 3083 et
3372 3026 3599 3096 Spiritui
3643 3037 3837 3084 sancto

2244 3117 2431 3187 gloria,
2455 3117 2756 3187 imperium,
2777 3117 2973 3188 honor,
3000 3133 3141 3174 nunc
3160 3127 3214 3175 et
3236 3127 3542 3191 scmper,et
3563 3119 3616 3176 in
3633 3122 3836 3177 sarcula

2245 3208 2585 3263 seculorum.
2614 3210 2806 3263 Amen.

571 3309 3835 3364 Mm

1753 3413 2096 3475 HOMILIA
2138 3411 2334 3474 LXII.
2380 3415 2465 3476 al.
2503 3414 2727 3476 LXIII.

567 3541 690 3600 Car.
729 3543 811 3599 19.
841 3559 896 3598 v.
927 3544 977 3597 1.
1007 3541 1070 3597 Et
1096 3546 1282 3614 factum
1311 3549 1381 3595 est
1403 3579 1420 3605 ,
1450 3554 1562 3593 cum
1607 3547 1998 3592 consummasset
2048 3537 2142 3591 Je-

637 3651 722 3687 sus
749 3634 838 3687 hos
865 3648 1135 3697 sermones,
1162 3630 1391 3702 migravit
1415 3646 1446 3682 α
1472 3626 1707 3694 Catilina,
1732 3638 1778 3682 et
1797 3629 1926 3681 venit
1947 3629 1997 3680 in
2018 3629 2144 3697 ﬁnes

636 3726 832 3780 Indica
857 3735 995 3779 trans
1021 3722 1318 3778 Iordanem.

639 3819 690 3871 l.
735 3815 865 3871 Cum
903 3813 976 3869 ob
1014 3814 1219 3870 illorum
1256 3811 1507 3868 invidiam
1553 3809 1859 3880 frequenter
1901 3807 2142 3865 ludar-am

567 3909 882 3979 reliquisset,
908 3921 1046 3961 nunc
1069 3905 1277 3960 tandem
1307 3906 1357 3959 in
1382 3920 1447 3960 ea
1474 3905 1805 3968 immoratur,
1828 3901 1950 3972 quia
1979 3916 2143 3971 pr0pe

567 4008 681 4053 erat
703 3998 958 4069 passionis
980 4006 1188 4065 tempus
1212 4013 1225 4050 :
1245 4010 1340 4050 nec
1364 4003 1538 4048 tamen
1561 3993 1944 4063 Jerosolymam
1967 4007 2144 4046 ascen-

567 4089 666 4158 dit,
697 4089 788 4146 sed
822 4089 872 4143 in
903 4089 1094 4143 ﬁnibus
1126 4086 1323 4143 Iudaea:
1356 4095 1614 4141 versatur.
1657 4085 1722 4140 Et
1761 4085 2058 4139 venientem
2085 4083 2140 4138 2.

571 4178 811 4252 Sagunto:
833 4188 948 4234 sunt
973 4195 1085 4233 eum
1113 4179 1269 4233 turbat
1294 4178 1498 4244 multis,
1531 4189 1575 4232 et
1605 4179 1799 4232 curavit
1821 4193 1924 4232 eos.
1961 4176 2143 4246 Neque

565 4270 822 4325 doctrinae
850 4268 1118 4324 tradendae
1135 4310 1150 4334 ,
1183 4283 1355 4338 neque
1384 4267 1547 4338 signis
1571 4267 1789 4323 edendis
1815 4282 2028 4338 semper
2056 4268 2140 4322 in-

564 4361 802 4426 cumbit;
830 4361 922 4416 sed
953 4359 1111 4415 modo
1141 4360 1258 4427 hoc,
1293 4360 1451 4415 modo
1479 4359 1603 4417 illud
1631 4359 1756 4429 agit,
1785 4368 1843 4414 ut
1879 4360 2030 4416 saluti
2057 4374 2142 4416 se-

565 4453 836 4523 quentium
867 4462 921 4508 et
950 4452 1259 4507 hcerentium
1298 4450 1396 4506 sibi
1427 4450 1570 4505 varie
1598 4451 1920 4520 provideret,
1945 4466 2050 4522 quo
2077 4468 2144 4506 ex

569 4547 730 4615 signis
760 4544 864 4600 ﬁde
901 4544 1089 4615 dignus
1130 4543 1382 4614 magister
1412 4543 1463 4597 in
1497 4542 1558 4597 iis
1587 4559 1705 4614 quae
1742 4543 1955 4599 dicebat
1991 4559 2142 4598 com-

569 4635 902 4705 probaretur,
933 4651 996 4689 ex
1022 4634 1261 4689 doctrina
1293 4649 1420 4689 vero
1447 4633 1719 4703 signorum
1747 4635 1954 4690 lucrum
1985 4649 2145 4705 augeo

567 4737 668 4781 ret.
701 4725 812 4781 Hoc
839 4734 1015 4781 autem
1042 4734 1157 4780 erat
1191 4726 1310 4780 illos
1348 4724 1413 4780 ad
1455 4724 1547 4780 Dei
1578 4725 1932 4795 cognitionem
1972 4725 2142 4780 addu-

564 4833 706 4871 cere.
743 4816 819 4870 'l'u
856 4831 983 4870 vero
1022 4815 1148 4870 mibi
1184 4816 1342 4872 etiam
1381 4815 1505 4870 illud
1547 4817 1849 4887 perpende,
1879 4817 2145 4886 quomodo

566 4910 750 4978 plebes
799 4908 1031 4978 integras
1073 4924 1178 4963 uno
1222 4908 1382 4962 verbo
1427 4917 1836 4977 prmtercurrant
1867 4909 2139 4979 discipuli,

562 5016 669 5054 non
696 5000 1006 5055 nominatim
1028 4998 1262 5068 singulos
1282 4997 1372 5069 qui
1401 4999 1566 5052 sanati
1597 4999 1803 5054 fuerant
1833 4997 2141 5054 referentes.

564 5090 679 5145 Non
712 5091 960 5147 dicebant
984 5090 1146 5155 enim,
1181 5089 1276 5144 llic
1315 5098 1368 5145 et
1409 5087 1514 5154 hic,
1548 5090 1661 5158 sed,
1695 5090 1862 5156 Multi,
1894 5089 2146 5146 docentes

565 5193 619 5236 ut
653 5200 680 5238 a
715 5184 853 5238 fastu
879 5197 1177 5238 caveamus.
1211 5181 1444 5238 Sanabat
1469 5191 1641 5237 autem
1672 5182 1917 5240 Christus
1950 5194 2004 5238 ut
2044 5185 2146 5240 illis

570 5272 930 5338 benefacerct,
961 5288 1024 5327 ac
1055 5289 1144 5343 per
1186 5273 1304 5326 illos
1350 5271 1467 5326 aliis
1511 5273 1710 5327 multis.
1740 5273 1870 5327 Nam
1899 5275 2024 5329 dum
2057 5275 2090 5329 ii
2115 5290 2145 5329 a

570 5364 767 5418 morbis
795 5373 1108 5418 curarentur
1128 5403 1141 5427 ,
1173 5363 1290 5417 aliis
1321 5362 1437 5417 haec
1475 5363 1683 5417 occasio
1712 5375 1862 5432 erat,
1896 5374 1953 5419 ut
1983 5365 2148 5423 Deum

565 5465 985 5526 cognoscerent;
1015 5456 1108 5512 scd
1140 5471 1243 5511 non
1271 5456 1553 5511 Pltarismis
1579 5473 1593 5522 ;
1627 5457 1734 5510 imo
1760 5458 1832 5512 illi
1871 5467 2148 5529 pr0pterca

568 5549 736 5620 magis
763 5548 1071 5612 efferantur,
1102 5557 1154 5603 et
1179 5547 1437 5603 accedunt
1463 5548 1526 5602 ad
1553 5563 1672 5603 eum
1704 5549 1940 5604 tentandi
1968 5566 2146 5606 causa.

568 5642 702 5708 Quia
747 5640 887 5695 enim
933 5655 1050 5709 qua:
1094 5639 1228 5695 facta
1270 5637 1478 5695 fuerant
1508 5654 1700 5711 capere
1732 5657 1834 5696 non
1867 5652 2146 5710 poterant,

573 5732 898 5800 problemata
932 5729 1029 5800 ipsi
1071 5741 1393 5803 proponunt.
1425 5731 1554 5786 Nam
1583 5731 1896 5789 accedentes
1933 5732 1996 5789 ad
2033 5749 2152 5790 cum

2247 3546 2304 3592 et
2332 3545 2596 3593 tentantes
2619 3536 2865 3593 dicebant
2888 3557 2900 3592 :
2923 3538 2976 3594 3.
3001 3539 3063 3595 Si
3088 3540 3199 3596 licet
3225 3542 3416 3598 honuni
3439 3559 3752 3615 quacumque
3770 3563 3837 3603 es

2247 3644 2400 3682 eam
2446 3645 2652 3683 uxorem
2698 3629 2964 3685 dimittere.
3015 3630 3061 3686 0
3108 3633 3424 3689 stultitiam!
3470 3635 3731 3694 Putabant
3773 3655 3835 3695 se

2246 3733 2404 3788 posse
2431 3719 2813 3789 quaestionibus
2842 3721 2951 3776 suis
2981 3722 3078 3792 ipsi
3105 3737 3167 3778 os
3192 3723 3463 3791 claudere,
3484 3727 3693 3783 etiamsi
3717 3728 3834 3800 jam

2245 3812 2612 3882 experimento
2641 3812 2951 3869 didicissent
2975 3823 3232 3885 quantum
3272 3816 3323 3871 in
3364 3818 3447 3873 bis
3487 3819 3646 3876 rebus
3687 3822 3839 3876 vale-

2245 3910 2347 3956 ret.
2366 3901 2496 3956 Cum
2515 3903 2710 3958 scilicet
2732 3903 2797 3957 de
2813 3904 3033 3959 sabbato
3053 3905 3211 3960 multa
3229 3906 3592 3978 disseruerunt
3613 3909 3834 3981 (Matth.

2248 3993 2387 4059 12);
2415 4009 2534 4050 cum
2575 3994 2858 4059 dixerunt,
2890 3994 3217 4067 Blasphemat
3252 3998 3478 4067 (Matth.
3511 4000 3563 4056 9.
3605 4002 3678 4071 5)
3703 4045 3718 4068 ,
3746 4007 3836 4061 vel

2247 4085 2460 4154 quando
2488 4085 2769 4150 dicebant,
2816 4071 3132 4141 bwntom'um
3179 4091 3324 4143 liabet
3354 4090 3544 4160 (Joan.
3579 4092 3666 4149 10.
3696 4094 3834 4163 20);

2246 4189 2366 4229 cum
2394 4175 2679 4246 discipulos
2706 4176 3048 4246 increpabant
3071 4179 3209 4248 quod
3243 4195 3338 4248 per
3361 4191 3475 4237 sata
3500 4182 3834 4250 incederent,

2246 4280 2366 4320 cum
2396 4265 2462 4320 de
2491 4265 2649 4320 illotis
2676 4267 2919 4323 manibus
2959 4268 3163 4338 loquuti
3202 4283 3328 4326 sunt
3357 4272 3580 4343 (Matth.
3612 4274 3699 4331 l2.
3727 4275 3794 4344 2)
3817 4318 3836 4344 ,

2248 4356 2442 4425 ubique
2468 4357 2584 4412 illos
2614 4360 2931 4427 reprimens,
2963 4360 3432 4433 impudentemque
3472 4366 3704 4436 linguam
3735 4370 3836 4425 ob-

2247 4456 2477 4510 struens,
2510 4447 2585 4500 sic
2611 4450 2815 4505 remisit
2845 4465 2937 4505 eos
2964 4450 3152 4522 (Marc.
3189 4453 3239 4509 7.
3269 4455 3347 4522 5).
3382 4457 3624 4512 Attamen
3657 4474 3840 4529 neque

2248 4539 2319 4593 ita
2349 4540 2659 4596 abscedunt.
2686 4541 2826 4598 Talis
2851 4546 3048 4615 quippe
3067 4555 3152 4601 est
3179 4549 3434 4618 nequitia,
3464 4551 3580 4605 talis
3610 4552 3837 4620 invidia,

2249 4633 2526 4702 impudens
2561 4651 2751 4705 nempe
2784 4647 2942 4707 atque
2970 4639 3253 4708 petulans:
3279 4640 3488 4697 etiarnsi
3519 4643 3712 4701 millies
3743 4661 3841 4703 re-

2250 4726 2525 4795 primatur,
2555 4727 2748 4783 millies
2774 4743 2982 4783 rursum
3012 4730 3195 4786 instat.

2297 4816 2701 4874 ePharisarorum
2737 4823 2945 4877 astutia.
2972 4853 3042 4862 —
3067 4822 3145 4878 Tu
3188 4839 3314 4879 vero
3354 4825 3482 4880 mihi
3523 4829 3842 4888 consideres

2249 4909 2406 4963 velim
2450 4910 2878 4982 interrogationis
2918 4913 3318 4984 malignitatem.
3353 4916 3467 4972 Non
3498 4919 3638 4973 enim
3679 4920 3839 4976 dixe-

2252 4999 2375 5056 runt
2399 5003 2445 5057 ei
2479 5022 2489 5056 :
2523 5003 2730 5058 Jussisti
2762 5021 2977 5060 uxorem
3005 5022 3109 5061 non
3137 5007 3437 5075 dimittere;
3466 5011 3573 5081 jam
3597 5013 3738 5067 enim
3765 5016 3841 5071 tle

2253 5095 2351 5149 hac
2378 5094 2493 5166 lae
2521 5095 2845 5152 disseruerat
2874 5118 2886 5152 :
2912 5107 3143 5155 attamen
3176 5101 3461 5158 verborum
3491 5104 3700 5161 illorum
3724 5123 3841 5165 non

2252 5190 2628 5255 meminerunt,
2662 5191 2754 5246 sed
2786 5191 2908 5246 inde
2936 5191 3157 5262 profecti
3187 5207 3347 5262 sunt;
3377 5211 3564 5252 verum
3589 5208 3843 5267 putantes

2253 5293 2313 5334 se
2341 5280 2566 5349 majores
2594 5281 2810 5336 insidias
2846 5294 3126 5353 paraturos
3153 5299 3276 5340 esse
3295 5331 3309 5350 ,
3338 5303 3458 5341 cum
3487 5289 3685 5344 vellent
3710 5307 3845 5348 eum

2253 5370 2345 5423 illo
2371 5371 2612 5441 redigere
2638 5382 2694 5427 ut
2721 5383 2904 5429 contra
2937 5375 3101 5445 legem
3135 5376 3460 5447 loqueretur,
3495 5397 3598 5434 non
3629 5383 3845 5448 dicunt.

2254 5459 2362 5514 Cur
2392 5461 2491 5517 hoc
2519 5471 2573 5517 et
2602 5463 2702 5518 hoc
2730 5466 2999 5520 statuisti?
3029 5467 3119 5522 sed
3147 5471 3298 5538 quasi
3338 5470 3469 5525 nihil
3511 5472 3711 5528 dictum
3750 5491 3844 5530 ut-

2255 5562 2356 5620 set,
2390 5553 2735 5625 interrogant,
2767 5556 2822 5612 Si
2853 5558 3027 5625 liceat,
3058 5572 3334 5629 sperantes
3365 5563 3511 5617 illum
3541 5579 3599 5618 se
3625 5565 3727 5621 hoc
3755 5566 3850 5622 di-

2255 5645 2398 5700 xisse
2427 5660 2531 5701 non
2571 5647 2971 5703 recordaturum
2997 5665 3115 5707 esse
3139 5670 3154 5714 ;
3187 5668 3412 5725 cumque
3439 5656 3606 5725 parati
3632 5669 3846 5727 essent,

2259 5739 2303 5794 si
2345 5739 2584 5807 diceret,
2616 5741 2775 5798 licere
2812 5742 3080 5801 dimittere
3103 5788 3119 5816 ,
3153 5747 3227 5802 illi
3265 5763 3535 5820 opponere
3568 5767 3686 5820 qua:
3724 5751 3852 5822 ipso
