4174 6332
219 403 299 460 5⁸η
1062 418 1119 465 [πί
1163 385 1224 439 IN
1268 378 1674 436 MAT'I‘lIASUM
1722 375 1951 431 IiOSIlL.
1994 375 2153 431 LXII.
2192 376 2263 430 al.
2310 375 2495 430 LXIII.

216 520 419 575 dixerat,
446 509 523 563 his
551 507 729 565 verbis
759 524 771 559 :
799 503 910 557 Cur
946 498 1210 555 contraria
1248 494 1468 549 dixisti?
1496 493 1541 547 si
1570 489 1757 545 eadem

216 620 367 663 rursus
388 617 494 673 quze
518 599 668 669 prius
688 599 914 661 diceret,
936 591 1171 662 Moysen:
1196 589 1448 657 objicere.
1473 585 1608 654 Quid
1633 598 1761 651 ergo

216 700 319 754 ille?
352 696 451 751 Non
488 692 619 747 dicit
653 707 665 740 :
694 686 800 743 Cur
837 701 918 739 me
954 682 1156 737 lentatis
1179 724 1194 747 ,
1226 680 1550 751 hypocrita”
1573 676 1758 731 Matth.

213 792 284 847 i2.
315 786 442 859 l8)?
470 784 519 840 id
561 780 703 853 quod
755 790 936 849 postea
974 774 1152 829 dixit:
1195 770 1287 826 sed
1330 771 1416 823 hic
1458 783 1564 823 non
1611 767 1757 821 item.

212 882 396 951 Quare?
421 878 483 936 Ut
518 892 643 931 cum
675 872 910 945 potentia
937 883 1033 923 sua
1059 862 1523 922 mansuetudinem
1550 875 1764 931 quoque

213 973 492 1030 ostenderet.
518 968 704 1039 Neque
727 966 866 1021 enim
896 976 1109 1029 semper
1138 966 1298 1023 tacet,
1324 973 1391 1011 ne
1416 962 1601 1026 putent
1629 952 1677 1006 id
1705 967 1764 1006 se

212 1068 375 1130 latere;
403 1076 571 1133 neque
596 1074 811 1129 semper
837 1055 1127 1125 redarguit,
1154 1062 1213 1107 ut
1241 1065 1339 1105 nos
1367 1049 1559 1104 doceat
1583 1048 1765 1100 omnia

212 1166 448 1212 mansuete
470 1168 596 1209 esse
635 1150 873 1210 ferenda.
911 1144 1192 1217 Quomodo
1220 1160 1349 1215 ergo
1389 1141 1495 1197 illis
1536 1154 1762 1209 respon-

210 1251 318 1306 det?
337 1251 386 1305 ι.
416 1246 533 1302 Non
561 1246 782 1315 legistis,
812 1243 931 1314 quia
971 1241 1058 1312 qui
1100 1239 1219 1305 fecit
1249 1238 1531 1299 hominem,
1564 1249 1766 1287 mascu-

208 1342 297 1397 lum
322 1349 363 1393 et
388 1338 622 1410 [auinam
662 1336 780 1407 fecit
820 1333 949 1391 eos!
979 1331 1047 1386 Et
1086 1330 1218 1385 dixit
1246 1344 1263 1382 :
1291 1329 1344 1383 5.
1380 1326 1659 1397 Propterea
1682 1341 1765 1379 re-

209 1433 368 1501 linquet
383 1431 527 1484 homo
551 1438 747 1497 patrem
765 1442 911 1481 suum
929 1434 978 1479 et
998 1433 1209 1478 matrem
1228 1436 1395 1486 suam,
1426 1428 1472 1473 et
1493 1416 1766 1471 adluerebit

208 1530 331 1579 uxori
364 1536 480 1587 sua,
507 1534 559 1580 et
602 1533 747 1577 erunt
774 1524 877 1578 duo
903 1521 956 1574 in
988 1535 1139 1574 carne
1163 1534 1268 1572 una
1293 1516 1445 1591 (Gen.
1475 1516 1529 1570 9..
1561 1514 1675 1587 ἳιί).
1710 1514 1762 1569 6.

208 1619 363 1690 Itaque
377 1622 484 1690 jam
505 1635 611 1673 non
630 1627 747 1672 sunt
770 1616 891 1678 duo,
912 1615 1003 1669 sed
1028 1631 1131 1668 una
1149 1629 1292 1667 caro.
1318 1610 1469 1679 Quod
1488 1626 1605 1680 ergo
1630 1606 1768 1661 Deus

205 1711 454 1781 conjunxit,
500 1709 654 1762 homo
689 1724 788 1762 non
826 1714 1041 1778 separet.
1069 1703 1205 1759 Vide
1242 1702 1556 1772 sapientiam
1597 1700 1762 1768 magi—

206 1802 305 1856 stri.
341 1801 691 1871 Interrogatus
728 1797 899 1862 enim,
935 1796 996 1852 Si
1039 1795 1175 1857 licet,
1225 1808 1330 1848 non
1374 1791 1557 1846 statim
1603 1790 1760 1856 dicit,

204 1890 301 1948 Non
324 1893 470 1957 licet,
499 1907 573 1947 ne
603 1890 1081 1961 perturbarentur;
1110 1886 1203 1940 sed
1231 1894 1515 1953 antequam
1546 1892 1766 1936 senten-

203 1983 312 2037 tiam
339 1983 532 2038 diceret
550 2025 565 2047 ,
595 1998 690 2052 per
717 1989 1029 2051 apparatum
1060 1978 1209 2032 illum
1236 1976 1288 2031 id
1320 1974 1520 2045 liquido
1546 1974 1728 2029 statuit
1750 2012 1765 2036 ,

199 2073 462 2129 intendens
488 2073 662 2129 Patris
691 2072 772 2128 sui
798 2086 920 2127 esse
961 2076 1287 2139 praeceptum
1305 2106 1323 2131 ,
1354 2080 1452 2121 nec
1476 2063 1644 2135 Moysi
1670 2063 1768 2117 ad-

204 2176 446 2219 versatum
471 2179 530 2219 se
563 2164 665 2217 hoc
694 2160 1035 2233 prmcepisse.
1067 2157 1447 2213 Animadverte
1485 2164 1663 2210 autem
1702 2154 1769 2209 il-

202 2256 294 2311 lum
324 2273 421 2311 non
447 2273 478 2310 a
505 2255 781 2311 creatione
817 2253 994 2308 solum
1031 2250 1163 2306 illud
1201 2249 1468 2303 afllrmare
1491 2288 1505 2313 ,
1537 2245 1631 2301 sed
1657 2254 1714 2300 et
1739 2259 1769 2297 a

201 2359 441 2416 pracepto
475 2347 615 2416 ejus.
654 2344 770 2401 Non
808 2342 952 2399 enim
980 2340 1148 2408 dixit,
1180 2341 1353 2410 ipsum
1384 2338 1578 2394 fecisse
1602 2351 1768 2391 unum

198 2448 378 2493 tantum
404 2439 675 2493 hominem
704 2450 969 2505 unamque
997 2432 1309 2497 mulierem;
1333 2427 1429 2485 sed
1451 2429 1614 2485 etiam
1636 2443 1771 2497 prae-

200 2530 415 2599 cepisse,
440 2542 496 2584 ut
526 2543 666 2583 unus
697 2526 788 2581 uni
802 2506 1174 2595 copularetur.
1207 2520 1263 2578 Si
1293 2519 1550 2575 voluisset
1591 2527 1769 2573 autem

196 2618 319 2678 hanc
342 2621 556 2686 dimitti,
586 2620 745 2676 aliam
771 2618 916 2683 duci,
945 2632 1069 2673 cum
1109 2629 1273 2671 unum
1322 2613 1593 2668 hominem
1622 2610 1768 2675 fecit,

199 2714 369 2769 multas
412 2714 628 2770 fecisset
674 2710 950 2767 mulieres.
998 2707 1151 2764 Nunc
1190 2715 1368 2760 autem
1406 2713 1463 2760 et
1499 2719 1565 2759 ex
1610 2702 1772 2758 modo

192 2808 458 2863 creationis
494 2817 551 2863 et
586 2821 661 2861 ex
700 2804 873 2859 forma
908 2802 1039 2873 legis
1078 2798 1347 2866 ostendit,
1381 2812 1545 2853 unum
1573 2795 1772 2852 debere

195 2914 388 2969 semper
411 2915 535 2954 cum
578 2912 679 2953 una
722 2895 963 2950 habitare
983 2934 1000 2958 ,
1032 2907 1205 2963 neque
1233 2906 1484 2961 umquam
1511 2888 1771 2959 separari.

195 2988 251 3043 Et
276 2990 387 3045 vide
411 2989 683 3061 quomodo
711 2987 851 3043 dicat
878 3003 894 3040 :
927 2984 1027 3051 Qui
1059 2984 1177 3053 fecit
1206 3000 1239 3035 a
1268 2979 1537 3053 principio,
1572 2995 1774 3033 mascu-

189 3080 285 3132 lum
313 3090 356 3133 et
380 3080 625 3151 feminam
649 3078 767 3148 fecit
794 3090 912 3137 eos;
942 3074 1044 3129 hoc
1069 3082 1181 3138 est,
1205 3088 1270 3127 ex
1302 3086 1404 3125 una
1437 3068 1617 3125 radice
1647 3066 1772 3123 facti

192 3179 331 3235 sunt,
358 3180 413 3225 et.
450 3172 505 3226 in
538 3184 703 3225 unum
733 3182 927 3239 corpus
967 3174 1354 3221 convenerunt.
1396 3159 1563 3215 Erunt
1589 3159 1769 3227 enim,

191 3260 375 3331 inquit,
403 3263 511 3315 duo
535 3262 589 3315 in
616 3258 777 3313 carne"
805 3275 925 3311 una.
966 3256 1167 3311 Deinde
1207 3252 1499 3308 ostendens
1532 3260 1771 3308 tremen-

188 3353 299 3408 dum
328 3371 448 3410 esse
481 3356 621 3410 hanc
648 3354 817 3423 legem
848 3364 1123 3417 accusare,
1153 3348 1431 3418 ipsamque
1459 3346 1632 3417 legem
1664 3353 1773 3398 sta-

190 3456 348 3507 tuens,
380 3461 489 3499 non
520 3444 675 3506 dixit,
704 3442 783 3498 Ne
808 3441 1125 3512 disjungntis
1156 3439 1334 3510 igitur,
1368 3454 1435 3492 ne
1466 3436 1726 3505 separetis
1753 3451 1769 3488 :

189 3536 271 3590 sed
301 3538 423 3607 quid
442 3542 466 3590 ?
499 3536 649 3603 Quod
677 3536 816 3591 Deus
847 3534 1133 3606 conjunxit,
1162 3534 1312 3587 homo
1342 3548 1443 3586 non
1468 3541 1682 3602 separet.
1715 3529 1771 3583 Si

188 3627 407 3701 Moysen]
435 3644 701 3701 opponas,
724 3643 824 3698 ego
845 3628 935 3681 tibi
966 3627 1162 3697 bloysis
1186 3625 1468 3680 Dominum
1492 3623 1709 3679 afferam
1730 3624 1770 3689 ί,

154 3719 407 3792 'itemque
435 3738 468 3778 a
504 3733 745 3790 tempore
783 3719 1027 3774 firmabo.
1074 3716 1209 3772 Nam
1256 3716 1399 3771 Deus
1440 3732 1468 3767 a
1514 3714 1773 3785 principio

186 3816 470 3870 masculum
498 3826 555 3870 ct
583 3815 834 3869 feminam
864 3813 987 3867 fecit
1010 3827 1107 3866 eos
1134 3809 1303 3881 (Gen.
1334 3812 1385 3864 1.
1411 3809 1479 3863 27
1502 3811 1519 3879 )
1545 3827 1557 3862 :
1588 3825 1650 3864 ac
1672 3824 1774 3863 γε·-

189 3908 465 3962 tustissima
500 3908 584 3961 lex
617 3916 701 3961 cst
723 3948 737 3971 ,
772 3905 893 3961 licet
930 3902 1171 3957 videatur
1200 3916 1343 3956 nunc
1366 3916 1395 3956 a
1426 3916 1512 3956 me
1545 3902 1771 3970 primum

185 3994 371 4061 induci,
396 4009 456 4053 et
480 3996 881 4051 accuratissime
905 4004 1103 4049 statuta
1131 3994 1245 4047 fuit.
1273 3992 1457 4062 Neque
1481 3995 1622 4047 enim
1647 3993 1775 4047 sim-

186 4088 385 4157 pliciter
411 4089 701 4146 mulierem
730 4089 793 4142 ad
828 4089 994 4140 virum
1021 4084 1262 4149 adduxit,
1287 4084 1380 4139 sed
1407 4084 1566 4154 jussit
1589 4093 1643 4139 et
1664 4099 1775 4138 ma-

184 4189 310 4236 trem
339 4192 396 4237 et
424 4191 640 4255 patrem
686 4181 1004 4257 relinqui-re.
1053 4179 1238 4249 Neque
1267 4177 1331 4232 ad
1365 4178 1643 4233 mulierem
1675 4193 1779 4232 ao—

186 4272 368 4329 cedere
396 4284 612 4330 tantum
637 4274 828 4343 jussit,
854 4272 948 4327 sed
978 4282 1030 4327 et
1070 4271 1145 4326 illi
1180 4271 1457 4324 adhaerere
1479 4310 1494 4336 ,
1523 4285 1590 4325 ex
1618 4268 1779 4323 modo

181 4364 383 4422 dicundi
410 4366 652 4437 disjungi
697 4380 802 4421 non
842 4381 1001 4436 posse
1031 4364 1332 4419 declarans.
1361 4362 1544 4433 Neque
1573 4361 1623 4417 id
1651 4362 1779 4416 satis

184 4455 389 4523 habuit,
422 4459 524 4514 sed
557 4468 611 4512 et
637 4458 797 4511 aliam
835 4458 1091 4524 majorem
1120 4454 1557 4523 conjunctionem
1587 4454 1778 4523 exqui-

181 4550 331 4606 sivit:
362 4550 538 4607 Erunt
567 4551 667 4605 duo
694 4552 747 4603 in
771 4566 921 4603 carne
947 4566 1066 4609 una,
1099 4548 1286 4618 inquit.

245 4641 295 4695 Ξ.
332 4642 550 4698 Deinde
593 4642 763 4712 prisca
807 4642 1024 4695 recitata
1067 4642 1181 4710 lege
1206 4682 1219 4702 ,
1250 4654 1369 4709 qua:
1402 4648 1454 4693 et
1493 4638 1653 4693 rebus
1675 4640 1695 4669 ²
1730 4646 1785 4693 et

184 4735 349 4791 teritis
388 4735 612 4791 inducta
650 4733 782 4799 fuit,
815 4743 1098 4806 postquam
1139 4731 1281 4785 illam
1330 4730 1436 4785 ﬁde
1471 4730 1685 4800 dignam
1717 4745 1781 4784 ex

181 4826 517 4897 Lrgislatore
548 4828 966 4887 demonstravit,
1001 4841 1119 4877 cum
1149 4832 1413 4892 potestate
1444 4821 1589 4876 illam
1616 4820 1782 4874 inter—

181 4929 434 4988 pretatur,
468 4932 527 4975 et
556 4918 726 4989 legem
757 4917 927 4972 sancit
954 4917 1136 4970 dicens
1162 4933 1174 4967 :
1204 4914 1525 4985 Quapmpter
1546 4914 1659 4983 jam
1684 4928 1784 4966 non

178 5022 284 5064 sunt
311 5011 445 5080 duo,
474 5014 568 5065 sed
597 5027 701 5064 una
725 5027 865 5064 caro.
891 5007 1041 5063 Sicut
1069 5022 1195 5076 ergo
1221 5022 1437 5060 carnem
1463 5021 1643 5060 secare
1671 5019 1787 5057 sce-

180 5101 370 5157 lestum
402 5113 531 5167 est,
558 5103 628 5155 ita
668 5112 723 5156 et
762 5116 982 5155 uxorem
1024 5098 1277 5152 dirimere
1319 5097 1575 5165 iniquum.
1604 5095 1786 5166 Neque

180 5192 260 5247 hic
284 5196 466 5258 stetit,
498 5194 592 5248 sed
623 5194 787 5247 Deum
815 5206 1026 5263 quoque
1049 5189 1228 5244 attulit
1250 5188 1434 5244 dicens
1460 5207 1473 5242 :
1501 5189 1651 5257 Quod
1670 5207 1787 5259 ergo

182 5285 311 5341 θεαί
339 5288 617 5358 conjunxit
638 5327 652 5345 ,
681 5286 831 5338 homo
859 5299 960 5337 non
988 5289 1224 5351 separet;
1254 5280 1547 5335 ostendens
1576 5281 1704 5335 illud
1734 5293 1787 5335 et

176 5390 359 5431 contra
412 5388 665 5431 naturam
707 5386 760 5430 ct
801 5385 984 5428 contra
1026 5373 1196 5442 legem
1226 5387 1348 5427 esse
1376 5390 1389 5424 :
1418 5383 1605 5425 contra
1634 5382 1779 5425 natu-

180 5484 287 5524 ram
307 5511 326 5534 ,
360 5470 497 5541 quia
533 5483 635 5521 una
670 5483 797 5522 caro
828 5466 1164 5527 dissecatnr;
1194 5473 1378 5519 comra
1426 5463 1595 5531 legem
1621 5503 1635 5527 ,
1665 5464 1785 5529 quin

178 5576 305 5616 cum
326 5563 487 5617 Deus
511 5558 849 5630 eoujunxerit
875 5599 889 5621 ,
918 5570 967 5612 et
993 5556 1214 5627 jusserit
1243 5572 1347 5610 non
1377 5570 1628 5624 separare
1647 5596 1661 5619 ,
1696 5569 1788 5607 vos

237 5716 260 5782 '_
291 5712 508 5782 Alii,_sn
532 5721 741 5777 Moysem
758 5724 991 5775 oppones,
1016 5723 1105 5775 ego
1142 5700 1430 5774 nonmer
1454 5710 1538 5761 tibi
1564 5721 1786 5775 .tioysrm,

179 5776 260 5829 sed
286 5774 574 5826 D'oniimmn

239 5861 260 5891 ‘
296 5868 439 5910 nmis
459 5859 630 5917 habet,
657 5858 829 5921 literis,
857 5872 962 5922 pro,
990 5856 1145 5909 rebus.

506 5956 779 6014 Parnm.
836 5956 877 6015 i3
894 5975 949 6013 η.
1002 5952 1223 6013 LVIII.

3367 377 3469 433 titul

1868 488 1920 545 id
1968 489 2142 545 faCerc
2186 489 2423 548 tentatis.
2464 487 2605 557 Quid
2641 488 2799 558 igitur
2845 502 2967 558 post
3012 488 3126 543 h.ec
3166 490 3469 545 iaciendum

1866 580 2016 636 erat?
2056 596 2232 636 nonne
2271 581 2652 650 quiescendum
2679 594 2923 645 ,enonne
2964 580 3225 635 laudanda
3258 597 3319 635 ea
3352 597 3473 652 qnte

1866 672 2006 727 dicta
2034 670 2227 748 erant?
2256 688 2435 726 nonne
2461 672 2717 726 admirari
2747 671 3031 743 oportebat
3070 671 3217 727 illam
3257 674 3463 744 sapien-

1870 765 2037 819 tiam?
2065 781 2243 818 nonne
2271 766 2656 835 obstupescere
2679 764 2748 819 de
2777 773 2919 818 tanta
2946 779 3069 818 cum
3096 764 3254 821 Patre
3277 780 3470 822 conso-

1868 856 2087 912 nantia?
2117 856 2224 913 Sed
2257 856 2385 912 nihil
2415 856 2606 912 borum
2642 856 2861 922 faciunt,
2888 866 2939 911 et
2961 857 3113 927 quasi
3139 858 3474 915 contentiose

1868 949 2017 1004 aiunt
2048 966 2061 1003 :
2095 949 2146 1003 7.
2182 948 2450 1016 Quomodo
2488 964 2608 1019 ergo
2654 947 2859 1019 Moyses
2888 947 3048 1019 jussit
3085 948 3210 1001 dare
3247 949 3475 1004 libellum

1868 1044 2101 1114 repudii,
2130 1054 2177 1098 et
2207 1043 2459 1097 dimittere
2497 1044 2642 1097 illaut
2673 1043 2863 1113 (Dent.
2901 1043 2990 1099 24.
3023 1043 3084 1115 1)
3109 1045 3133 1098 ?
3161 1044 3272 1102 Hoc
3314 1063 3476 1119 porro

1869 1150 1975 1187 non
2006 1134 2078 1188 illi
2105 1133 2377 1190 debebant
2394 1134 2651 1204 objicere,
2677 1136 2773 1189 sed
2797 1134 3044 1191 Christus
3070 1136 3174 1191 illis
3203 1148 3473 1204 :attamen

1872 1243 1976 1282 non
2003 1228 2175 1296 carpit
2201 1229 2338 1295 illos,
2371 1243 2544 1299 neque
2567 1229 2696 1283 dicit
2719 1229 2819 1295 eis,
2842 1229 2887 1284 N
2911 1229 2985 1285 hil
3007 1229 3111 1285 hoc
3135 1228 3202 1284 ad
3231 1246 3352 1296 me;
3375 1235 3473 1289 sed

1872 1322 2011 1376 hanc
2051 1320 2410 1393 objectionem
2452 1322 2634 1376 solvit.
2683 1322 2843 1392 Atqui
2893 1323 2935 1377 si
2975 1323 3254 1392 oppositus
3292 1323 3473 1380 Veteri

1871 1416 2218 1472 Testamento
2249 1414 2471 1479 fuisset,
2503 1432 2607 1470 non
2640 1431 2738 1485 pro
2768 1416 2951 1488 Moyse
2985 1416 3350 1485 dis-putasset;
3384 1434 3475 1472 tte-

1871 1522 1977 1578 que
2002 1523 2067 1563 ex
2102 1509 2166 1562 iis
2192 1524 2311 1577 qua:
2341 1508 2508 1563 semel
2541 1510 2611 1562 ab
2651 1509 2804 1562 initio
2834 1508 2971 1577 facta
3014 1517 3174 1575 sunt,
3206 1508 3349 1565 dicta
3382 1524 3476 1565 sua

1872 1600 2282 1668 confirmasset,
2322 1615 2497 1670 neque
2539 1601 2826 1655 ostendere
2872 1600 3169 1657 studuisset
3213 1616 3309 1656 sua
3352 1618 3477 1657 cum

1873 1693 2062 1761 priscis
2106 1692 2214 1747 illis
2255 1693 2581 1748 consentire.
2618 1692 2727 1746 Etsi
2764 1707 2894 1748 vero
2932 1694 3097 1748 multa
3132 1694 3234 1749 alia
3266 1694 3479 1767 Moyses

1868 1786 2108 1853 jusserit,
2144 1794 2255 1839 tum
2282 1784 2350 1840 de
2374 1783 2528 1849 cibis,
2562 1793 2673 1839 tum
2698 1783 2765 1839 de
2789 1784 3026 1842 sabbatis
3050 1802 3065 1852 ;
3092 1801 3190 1840 cur
3216 1800 3479 1857 nusquam

1874 1876 2019 1931 illum
2049 1876 2150 1946 ipsi
2185 1884 2483 1947 opponunt,
2508 1886 2573 1930 .ut
2602 1874 2703 1931 hoc
2729 1877 2889 1932 loco?
2915 1876 3049 1943 Quia
3088 1876 3139 1931 id
3167 1876 3479 1945 studebant,

1876 1976 1932 2021 ut
1972 1967 2207 2022 virorum
2247 1967 2644 2022 multitudinem
2688 1977 2875 2023 contra
2926 1968 3076 2023 illum
3120 1970 3477 2026 concitarent.

1876 2059 2007 2114 Nam
2037 2058 2167 2114 illud
2187 2057 2358 2114 Judaei
2387 2059 2755 2115 indifferenter
2781 2059 3159 2129 observabant,
3186 2076 3483 2133 omnesque

1875 2151 1927 2206 id
1956 2152 2113 2222 vulgo
2142 2150 2473 2207 factitabant.
2511 2150 2634 2207 Ideo
2656 2168 2777 2206 cum
2814 2153 2981 2208 multa
3008 2155 3061 2209 in
3094 2165 3277 2210 monte
3304 2148 3483 2211 disse-

1876 2245 2086 2311 ruisset,
2123 2244 2282 2314 hujus
2310 2255 2514 2300 tantum
2548 2246 2784 2300 mandati
2814 2261 2958 2301 nunc
2985 2247 3311 2302 mentionem
3340 2247 3484 2303 fece-

1876 2348 2018 2392 runt.
2049 2338 2298 2392 Attamen
2331 2335 2615 2393 ineffaliilis
2641 2337 2729 2391 illa
2755 2337 3029 2408 Sapientia
3058 2353 3156 2407 pro
3182 2338 3266 2394 his
3295 2338 3485 2395 defen-

1874 2430 2081 2486 sionem
2127 2439 2280 2500 parat
2317 2437 2373 2485 et
2410 2428 2540 2484 dicit
2573 2447 2587 2484 :
2620 2428 2672 2485 8.
2706 2430 2977 2496 ,Quoniam
3009 2428 3213 2502 Moyses
3238 2429 3309 2483 ad
3334 2431 3482 2484 duri-

1870 2528 1998 2577 tiam
2027 2524 2197 2577 cordis
2225 2522 2377 2577 vestri
2406 2522 2478 2577 ita
2511 2523 2621 2593 lege
2661 2522 2921 2592 pracepit.
2965 2519 3149 2592 Neque
3180 2522 3326 2577 illum
3355 2521 3485 2577 sinit

1876 2615 2217 2671 accusatione
2254 2614 2439 2685 impoti
2469 2632 2484 2667 :
2514 2630 2637 2670 nam
2672 2614 2785 2685 ipse
2815 2626 2931 2669 erat
2957 2614 3047 2685 qui
3078 2616 3247 2687 legem
3279 2615 3355 2670 illi
3385 2615 3483 2670 do-

1875 2705 2065 2773 derat;
2104 2706 2200 2762 sed
2245 2706 2392 2761 illum
2428 2722 2459 2760 a
2494 2707 2651 2777 culpa
2695 2705 2923 2772 liberat,
2950 2715 3003 2761 et
3032 2714 3200 2762 totum
3233 2722 3288 2761 In
3324 2718 3486 2777 caput

1877 2798 2091 2854 illorum
2118 2800 2419 2864 convertit;
2448 2798 2591 2869 quod
2617 2798 2779 2855 etiam
2806 2798 3003 2869 ubique
3030 2797 3175 2852 facit.
3203 2796 3336 2853 Nam
3358 2814 3482 2854 cum

1875 2890 2168 2961 discipulos
2197 2893 2375 2962 spicas
2398 2892 2656 2948 vellentes
2682 2891 3123 2958 criminarentur,
3154 2893 3300 2963 ipsos
3323 2907 3485 2948 accu-

1879 2993 2089 3039 satores
2130 2985 2183 3038 in
2229 2984 2385 3053 culpa
2428 2998 2553 3039 esse
2594 2983 2832 3039 ostendit
2862 3002 2875 3038 :
2907 2993 2965 3041 et
3000 2999 3123 3040 cum
3168 2968 3486 3039 incusabant

1876 3077 2019 3149 quod
2060 3078 2221 3133 illotis
2256 3076 2500 3134 nianihus
2529 3078 2946 3144 manducareut,
2981 3078 3127 3148 ipsos
3154 3092 3278 3133 esse
3310 3088 3487 3133 trans-

1876 3185 2156 3241 gressores
2199 3168 2584 3239 comprobabat
2607 3210 2625 3235 ,
2654 3177 2710 3224 et
2750 3186 2873 3225 cum
2913 3169 2982 3225 de
3023 3169 3288 3237 sabbato,
3322 3180 3487 3240 atque

1878 3261 2107 3332 ubique,
2149 3270 2205 3315 ut
2249 3260 2353 3315 hoc
2392 3259 2533 3315 loco.
2583 3258 2789 3315 Deinde
2827 3259 2952 3330 quia
3002 3258 3053 3313 id
3096 3258 3237 3329 quod
3276 3258 3489 3315 dixerat

1876 3367 2166 3408 onerosum
2192 3361 2327 3419 erat,
2356 3351 2752 3422 admodumque
2793 3351 2913 3407 ilics
2936 3352 3213 3421 carpebat,
3241 3351 3308 3407 ad
3334 3361 3487 3409 vete-

1877 3459 1991 3499 rem
2022 3458 2210 3498 rursus
2238 3443 2409 3518 lcgem
2441 3457 2747 3498 sermonem
2776 3442 2885 3497 cito
2917 3442 3210 3510 transfert,
3238 3452 3489 3515 repetens

1879 3535 1932 3591 id
1963 3536 2105 3606 quod
2143 3550 2306 3605 supra
2337 3534 2473 3589 dixit
2498 3552 2510 3587 :
2541 3536 2585 3587 Α
2623 3534 2878 3604 principio
2919 3544 3087 3588 autem
3118 3550 3219 3589 non
3248 3534 3346 3604 fuit
3374 3535 3487 3602 sic;

1879 3628 1931 3684 id
1963 3638 2045 3685 est
2064 3671 2079 3694 ,
2112 3644 2177 3683 ex
2205 3628 2368 3683 rebus
2394 3627 2525 3697 ipsis
2552 3627 2823 3681 contraria
2855 3627 2999 3684 Deus
3027 3642 3056 3679 a
3088 3626 3350 3697 principio
3376 3636 3489 3682 sta-

1882 3724 2000 3779 tuit.
2038 3721 2118 3778 Ne
2159 3721 2400 3777 dicerent
2436 3720 2581 3776 enim
2615 3732 2630 3773 :
2662 3718 2817 3776 Unde
2864 3719 3035 3790 palam
3084 3719 3239 3774 nobis
3277 3721 3384 3775 erit
3420 3721 3491 3775 ob

1879 3814 2131 3871 duritiam
2176 3822 2415 3870 nostram
2464 3816 2567 3869 hoc
2610 3813 2813 3868 dixisse
2859 3813 3143 3885 Moysem?
3195 3814 3319 3870 hinc
3368 3815 3491 3870 illos

1881 3923 2096 3963 rursum
2125 3907 2450 3977 comprimit.
2484 3905 2617 3961 Nam
2659 3905 2704 3961 si
2745 3905 2863 3960 Itwc
2902 3907 2984 3961 lex
3019 3907 3284 3976 praecipua
3314 3907 3490 3962 utilis-

1883 4014 1985 4070 que
2015 3998 2222 4064 fuisset,
2253 4014 2358 4052 non
2392 3997 2481 4053 illa
2505 3998 2609 4051 alia
2635 4013 2664 4049 a
2697 3997 2959 4067 principio
2987 3996 3109 4051 data
3138 3996 3323 4053 fuisset
3349 4014 3363 4051 :
3388 4012 3491 4052 nec

1885 4093 1961 4148 sic
1986 4092 2326 4147 efforma‘sset
2360 4091 2521 4157 Deus,
2554 4106 2730 4161 neque
2756 4091 2878 4145 talia
2907 4091 3112 4145 diceret
3138 4108 3151 4145 :
3180 4090 3234 4146 9.
3265 4089 3377 4163 Ego
3396 4106 3491 4145 au-

1884 4197 1982 4240 tem
2005 4187 2118 4240 dico
2147 4186 2305 4251 vobis,
2332 4187 2453 4254 quia
2479 4184 2782 4251 quicumque
2809 4184 3059 4238 dimiserit
3080 4200 3293 4239 uxorem
3320 4200 3487 4246 suam,

1884 4295 2090 4349 excepta
2112 4294 2265 4332 causa
2289 4276 2657 4349 fornicationis,
2686 4285 2733 4331 et
2761 4276 2917 4329 aliam
2941 4276 3163 4341 duxerit,
3190 4275 3489 4331 moechatur.

1885 4370 2172 4441 Postquam
2196 4371 2316 4424 illos
2337 4370 2403 4424 ad
2429 4369 2701 4431 silentium
2725 4368 3004 4438 compulit,
3027 4382 3150 4421 cum
3174 4368 3494 4423 auctoritate

1888 4464 2058 4537 legent
2081 4464 2287 4530 statuit,
2317 4474 2371 4517 ut
2395 4478 2518 4518 cum
2544 4462 2610 4517 de
2632 4461 2787 4527 cibis,
2813 4471 2869 4516 et
2891 4476 3014 4516 cum
3036 4461 3103 4515 de
3125 4460 3348 4515 sabbato
3368 4475 3494 4532 age-

1887 4566 1990 4612 ret.
2022 4555 2153 4611 Nam
2182 4556 2249 4611 de
2279 4555 2414 4610 cibis
2433 4596 2447 4618 .
2481 4565 2763 4625 postquam
2795 4553 2916 4607 illos
2939 4551 3343 4620 confutaverat,
3370 4567 3490 4609 cum

1890 4650 2060 4705 turbis
2089 4649 2358 4713 disseruit,
2391 4649 2597 4710 dicens,
2630 4663 2737 4701 non
2769 4645 2819 4699 id
2848 4645 2992 4715 quod
3021 4645 3319 4715 ingreditur
3345 4643 3494 4700 coin-

1890 4743 2111 4811 quinare
2133 4741 2405 4796 hominem
2427 4740 2644 4808 (Matth.
2673 4739 2757 4794 15.
2784 4736 2872 4806 il)
2894 4754 2910 4802 ;
2935 4747 2989 4791 et
3013 4737 3081 4792 de
3100 4736 3345 4803 sabbato,
3370 4751 3493 4791 cum

1892 4836 2008 4887 illos
2038 4834 2441 4898 confutavisset,
2473 4831 2599 4886 dicit
2639 4849 2649 4883 :
2680 4830 2864 4900 Itaque
2893 4830 3007 4884 licet
3034 4830 3086 4883 in
3112 4828 3319 4884 sabbato
3345 4826 3498 4881 bene.

1892 4928 2061 4995 facere
2085 4923 2297 4995 (Matth.
2334 4923 2414 4978 l9...
2446 4925 2533 4994 15)
2560 4941 2572 4975 :
2606 4922 2691 4976 hic
2721 4937 2934 4992 quoque
2957 4921 3147 4976 eodem
3174 4918 3355 4975 modo.
3386 4918 3493 4973 Sed

1891 5017 2033 5086 quod
2078 5017 2149 5072 ibi
2193 5016 2415 5080 accidit,
2458 5014 2544 5068 hic
2586 5030 2796 5083 quoque
2826 5014 3022 5069 evenit.
3057 5012 3207 5067 Sicut
3240 5012 3381 5066 enim
3425 5013 3495 5066 ihi

1892 5108 2092 5164 Judzeis
2121 5107 2384 5173 refutatis,
2414 5107 2659 5177 discipuli
2699 5105 2894 5160 turbati
2926 5114 3070 5171 sunt,
3100 5115 3155 5161 et
3180 5104 3498 5159 accedentes

1893 5200 1958 5255 ad
1983 5217 2105 5256 eum
2132 5216 2253 5254 cum
2285 5200 2444 5254 Petro
2469 5199 2719 5255 dixerunt
2747 5218 2760 5252 :
2794 5197 3008 5269 Expone
3032 5198 3176 5254 nobis
3202 5198 3499 5267 p’arabolam

1895 5295 2025 5348 hanc
2054 5292 2282 5362 (Matth.
2312 5295 2397 5348 15.
2429 5290 2536 5364 56)
2565 5310 2577 5344 :
2606 5292 2686 5347 sic
2713 5305 2855 5346 nunc
2879 5306 3097 5364 quoque
3123 5290 3317 5345 turbati
3348 5289 3499 5346 dice.

1894 5386 2023 5440 bant
2050 5401 2065 5433 :
2097 5385 2183 5441 10.
2214 5384 2273 5441 Si
2296 5385 2366 5439 ita
2390 5395 2461 5438 est
2490 5399 2647 5437 causa
2668 5382 2910 5448 hominis,
2942 5380 3495 5454 ezpedilnonnabere.

1898 5478 2104 5533 Etenim
2134 5492 2274 5532 nunc
2300 5461 2492 5531 melius
2512 5490 2677 5546 quam
2694 5486 2849 5530 antea
2871 5476 3072 5529 dictum
3094 5473 3495 5530 intellexerunt.

1899 5568 2129 5639 Ideoque
2158 5578 2282 5623 tunc
2311 5570 2573 5623 siluerunt
2600 5586 2614 5633 ;
2646 5584 2787 5623 nunc
2814 5580 2963 5634 vero,
2994 5566 3117 5639 quia
3150 5566 3381 5637 objectio
3410 5580 3499 5620 te-

1898 5665 2222 5733 sponsioque
2250 5663 2479 5732 prodiit,
2507 5672 2559 5718 et
2592 5662 2941 5733 interrogatio
2968 5672 3091 5717 cum
3121 5649 3497 5731 eipllcatione,

1900 5759 2088 5826 lquue
2115 5757 2311 5812 clarior
2342 5757 2475 5811 facta
2517 5765 2633 5821 est,
2666 5766 2999 5827 Interrogant
3043 5756 3192 5809 illum
3231 5763 3285 5808 et
3320 5752 3499 5823 palam

1900 5848 2268 5905 contradicere
2294 5864 2397 5903 non
2431 5852 2631 5905 audent
2662 5848 2841 5919 :quod
2868 5860 3046 5903 autem
3078 5864 3137 5902 ea
3169 5848 3217 5897 in
3250 5860 3306 5899 re
3336 5858 3501 5914 grave

3126 5948 3165 6008 9
