  <div class='ocr_page' id='page_1' title='image "/cluster/home/n/w/nwhite01/storage/ocr_20150623/58/pst.000005712571/141.png"; bbox 0 0 4174 6332; ppageno 0'>
   <div class='ocr_carea' id='block_1_1' title="bbox 705 395 806 450">
    <p class='ocr_par' dir='ltr' id='par_1_1' title="bbox 705 395 806 450">
     <span class='ocr_line' id='line_1_1' title="bbox 705 395 806 450; baseline 0 -1"><span class='ocrx_word' id='word_1_1' title='bbox 705 395 806 450; x_wconf 76' lang='lat'><strong>599</strong></span> 
     </span>
    </p>
   </div>
   <div class='ocr_carea' id='block_1_2' title="bbox 703 494 2276 566">
    <p class='ocr_par' dir='ltr' id='par_1_2' title="bbox 703 494 2276 566">
     <span class='ocr_line' id='line_1_2' title="bbox 703 494 2276 566; baseline -0.007 -8"><span class='ocrx_word' id='word_1_2' title='bbox 703 519 751 558; x_wconf 80' lang='lat' dir='ltr'><strong>et</strong></span> <span class='ocrx_word' id='word_1_3' title='bbox 781 520 1061 561; x_wconf 89' lang='lat' dir='ltr'><strong>onerosum</strong></span> <span class='ocrx_word' id='word_1_4' title='bbox 1095 503 1318 566; x_wconf 86' lang='lat' dir='ltr'><strong>videtur,</strong></span> <span class='ocrx_word' id='word_1_5' title='bbox 1347 503 1397 556; x_wconf 91' lang='lat' dir='ltr'><strong>in</strong></span> <span class='ocrx_word' id='word_1_6' title='bbox 1424 497 1965 556; x_wconf 76' lang='lat' dir='ltr'><strong>ntediunradducunt,</strong></span> <span class='ocrx_word' id='word_1_7' title='bbox 1994 494 2233 550; x_wconf 87' lang='lat' dir='ltr'><strong>dicentes</strong></span> <span class='ocrx_word' id='word_1_8' title='bbox 2264 511 2276 547; x_wconf 91' lang='lat'><strong>:</strong></span> 
     </span>
    </p>
   </div>
   <div class='ocr_carea' id='block_1_3' title="bbox 702 586 2277 659">
    <p class='ocr_par' dir='ltr' id='par_1_3' title="bbox 702 586 2277 659">
     <span class='ocr_line' id='line_1_3' title="bbox 702 586 2277 659; baseline -0.011 -4"><span class='ocrx_word' id='word_1_9' title='bbox 702 598 765 659; x_wconf 81' lang='lat' dir='ltr'><strong>St</strong></span> <span class='ocrx_word' id='word_1_10' title='bbox 794 599 863 651; x_wconf 87' lang='lat' dir='ltr'><strong>itu</strong></span> <span class='ocrx_word' id='word_1_11' title='bbox 883 611 952 653; x_wconf 77' lang='lat' dir='ltr'><strong>est</strong></span> <span class='ocrx_word' id='word_1_12' title='bbox 975 613 1126 650; x_wconf 80' lang='lat' dir='ltr'><strong>causa</strong></span> <span class='ocrx_word' id='word_1_13' title='bbox 1148 594 1364 648; x_wconf 80' lang='lat' dir='ltr'><strong>heminis</strong></span> <span class='ocrx_word' id='word_1_14' title='bbox 1386 608 1497 646; x_wconf 88' lang='lat' dir='ltr'><strong>cum</strong></span> <span class='ocrx_word' id='word_1_15' title='bbox 1524 607 1696 656; x_wconf 76' lang='lat' dir='ltr'><strong>mre,</strong></span> <span class='ocrx_word' id='word_1_16' title='bbox 1727 605 1825 643; x_wconf 89' lang='lat' dir='ltr'><strong>non</strong></span> <span class='ocrx_word' id='word_1_17' title='bbox 1853 588 2052 657; x_wconf 70' lang='lat' dir='ltr'><strong>expedit</strong></span> <span class='ocrx_word' id='word_1_18' title='bbox 2077 586 2277 640; x_wconf 75' lang='lat' dir='ltr'><strong>nubere.</strong></span> 
     </span>
    </p>
   </div>
   <div class='ocr_carea' id='block_1_4' title="bbox 703 677 2279 752">
    <p class='ocr_par' dir='ltr' id='par_1_4' title="bbox 703 677 2279 752">
     <span class='ocr_line' id='line_1_4' title="bbox 703 677 2279 752; baseline -0.013 -1"><span class='ocrx_word' id='word_1_19' title='bbox 703 697 832 752; x_wconf 82' lang='lat' dir='ltr'><strong>Nam</strong></span> <span class='ocrx_word' id='word_1_20' title='bbox 861 691 1013 745; x_wconf 91' lang='lat' dir='ltr'><strong>valde</strong></span> <span class='ocrx_word' id='word_1_21' title='bbox 1037 703 1322 742; x_wconf 77' lang='lat' dir='ltr'><strong>onerosum</strong></span> <span class='ocrx_word' id='word_1_22' title='bbox 1342 685 1617 740; x_wconf 74' lang='lat' dir='ltr'><strong>videbatur</strong></span> <span class='ocrx_word' id='word_1_23' title='bbox 1641 697 1858 736; x_wconf 83' lang='lat' dir='ltr'><strong>uxorem</strong></span> <span class='ocrx_word' id='word_1_24' title='bbox 1880 681 2021 734; x_wconf 91' lang='lat' dir='ltr'><strong>omni</strong></span> <span class='ocrx_word' id='word_1_25' title='bbox 2048 677 2279 748; x_wconf 75' lang='lat' dir='ltr'><strong>nequitia</strong></span> 
     </span>
    </p>
   </div>
   <div class='ocr_carea' id='block_1_5' title="bbox 705 764 2280 856">
    <p class='ocr_par' dir='ltr' id='par_1_5' title="bbox 705 764 2280 856">
     <span class='ocr_line' id='line_1_5' title="bbox 705 764 2280 856; baseline -0.008 -20"><span class='ocrx_word' id='word_1_26' title='bbox 705 787 912 856; x_wconf 86' lang='lat' dir='ltr'><strong>plenam</strong></span> <span class='ocrx_word' id='word_1_27' title='bbox 941 781 1157 845; x_wconf 88' lang='lat' dir='ltr'><strong>habere,</strong></span> <span class='ocrx_word' id='word_1_28' title='bbox 1185 789 1240 835; x_wconf 92' lang='lat' dir='ltr'><strong>et</strong></span> <span class='ocrx_word' id='word_1_29' title='bbox 1270 779 1514 842; x_wconf 91' lang='lat' dir='ltr'><strong>tolerare,</strong></span> <span class='ocrx_word' id='word_1_30' title='bbox 1546 764 1964 844; x_wconf 74' lang='lat' dir='ltr'><strong>indomitamque</strong></span> <span class='ocrx_word' id='word_1_31' title='bbox 1994 771 2160 826; x_wconf 77' lang='lat' dir='ltr'><strong>feram</strong></span> <span class='ocrx_word' id='word_1_32' title='bbox 2197 773 2280 824; x_wconf 89' lang='lat' dir='ltr'><strong>in-</strong></span> 
     </span>
    </p>
   </div>
   <div class='ocr_carea' id='block_1_6' title="bbox 704 864 1406 930">
    <p class='ocr_par' dir='ltr' id='par_1_6' title="bbox 704 864 1406 930">
     <span class='ocr_line' id='line_1_6' title="bbox 704 864 1406 930; baseline -0.006 0"><span class='ocrx_word' id='word_1_33' title='bbox 704 889 786 930; x_wconf 74' lang='lat' dir='ltr'><strong>ltts</strong></span> <span class='ocrx_word' id='word_1_34' title='bbox 816 889 1051 929; x_wconf 89' lang='lat' dir='ltr'><strong>servare.</strong></span> <span class='ocrx_word' id='word_1_35' title='bbox 1402 864 1406 867; x_wconf 59' lang='grc'><em>’</em></span> 
     </span>
    </p>
   </div>
   <div class='ocr_carea' id='block_1_7' title="bbox 773 956 2276 1037">
    <p class='ocr_par' dir='ltr' id='par_1_7' title="bbox 773 956 2276 1037">
     <span class='ocr_line' id='line_1_7' title="bbox 773 956 2276 1037; baseline -0.009 -15"><span class='ocrx_word' id='word_1_36' title='bbox 773 969 826 1022; x_wconf 78' lang='lat'><strong>3.</strong></span> <span class='ocrx_word' id='word_1_37' title='bbox 871 966 1212 1037; x_wconf 72' lang='lat' dir='ltr'><strong>Virginitatem</strong></span> <span class='ocrx_word' id='word_1_38' title='bbox 1256 961 1485 1018; x_wconf 89' lang='lat' dir='ltr'><strong>Christus</strong></span> <span class='ocrx_word' id='word_1_39' title='bbox 1527 960 1720 1015; x_wconf 82' lang='lat' dir='ltr'><strong>occulte</strong></span> <span class='ocrx_word' id='word_1_40' title='bbox 1756 957 2005 1030; x_wconf 84' lang='lat' dir='ltr'><strong>quomodo</strong></span> <span class='ocrx_word' id='word_1_41' title='bbox 2050 956 2276 1011; x_wconf 82' lang='lat' dir='ltr'><strong>suadeat.</strong></span> 
     </span>
    </p>
   </div>
   <div class='ocr_carea' id='block_1_8' title="bbox 705 1051 2283 1127">
    <p class='ocr_par' dir='ltr' id='par_1_8' title="bbox 705 1051 2283 1127">
     <span class='ocr_line' id='line_1_8' title="bbox 705 1051 2283 1127; baseline -0.01 -11"><span class='ocrx_word' id='word_1_42' title='bbox 705 1061 870 1116; x_wconf 86' lang='lat' dir='ltr'><strong>Suum</strong></span> <span class='ocrx_word' id='word_1_43' title='bbox 901 1059 1134 1112; x_wconf 69' lang='lat' dir='ltr'><strong>mutilata</strong></span> <span class='ocrx_word' id='word_1_44' title='bbox 1157 1073 1338 1127; x_wconf 86' lang='lat' dir='ltr'><strong>corpus</strong></span> <span class='ocrx_word' id='word_1_45' title='bbox 1366 1059 1526 1126; x_wconf 64' lang='lat' dir='ltr'><strong>nefas.</strong></span> <span class='ocrx_word' id='word_1_46' title='bbox 1553 1052 1794 1107; x_wconf 78' lang='lat' dir='ltr'><strong>Doctrina</strong></span> <span class='ocrx_word' id='word_1_47' title='bbox 1821 1051 1883 1104; x_wconf 83' lang='lat' dir='ltr'><strong>de</strong></span> <span class='ocrx_word' id='word_1_48' title='bbox 1907 1051 2013 1120; x_wconf 80' lang='lat' dir='ltr'><strong>{ato</strong></span> <span class='ocrx_word' id='word_1_49' title='bbox 2043 1059 2088 1103; x_wconf 86' lang='lat' dir='ltr'><strong>et</strong></span> <span class='ocrx_word' id='word_1_50' title='bbox 2116 1065 2283 1102; x_wconf 78' lang='lat' dir='ltr'><strong>ncces-</strong></span> 
     </span>
    </p>
   </div>
   <div class='ocr_carea' id='block_1_9' title="bbox 670 1130 2278 1222">
    <p class='ocr_par' dir='ltr' id='par_1_9' title="bbox 670 1130 2278 1222">
     <span class='ocr_line' id='line_1_9' title="bbox 670 1130 2278 1222; baseline -0.008 -16"><span class='ocrx_word' id='word_1_51' title='bbox 670 1170 674 1174; x_wconf 75' lang='lat'><strong><em>&#39;</em></strong></span> <span class='ocrx_word' id='word_1_52' title='bbox 701 1130 848 1206; x_wconf 81' lang='lat' dir='ltr'><strong>sitate</strong></span> <span class='ocrx_word' id='word_1_53' title='bbox 875 1150 1172 1222; x_wconf 80' lang='lat' dir='ltr'><strong>perniciosa.</strong></span> <span class='ocrx_word' id='word_1_54' title='bbox 1205 1175 1277 1186; x_wconf 90' lang='lat'><strong>-—-</strong></span> <span class='ocrx_word' id='word_1_55' title='bbox 1303 1146 1364 1199; x_wconf 85' lang='lat' dir='ltr'><strong>Et</strong></span> <span class='ocrx_word' id='word_1_56' title='bbox 1393 1155 1450 1199; x_wconf 91' lang='lat' dir='ltr'><strong>ut</strong></span> <span class='ocrx_word' id='word_1_57' title='bbox 1477 1145 1650 1198; x_wconf 87' lang='lat' dir='ltr'><strong>discas</strong></span> <span class='ocrx_word' id='word_1_58' title='bbox 1671 1183 1685 1208; x_wconf 93' lang='lat'><strong>,</strong></span> <span class='ocrx_word' id='word_1_59' title='bbox 1716 1142 1819 1196; x_wconf 93' lang='lat' dir='ltr'><strong>hoc</strong></span> <span class='ocrx_word' id='word_1_60' title='bbox 1845 1141 1966 1195; x_wconf 84' lang='lat' dir='ltr'><strong>illos</strong></span> <span class='ocrx_word' id='word_1_61' title='bbox 1993 1139 2278 1194; x_wconf 80' lang='lat' dir='ltr'><strong>admodum</strong></span> 
     </span>
    </p>
   </div>
   <div class='ocr_carea' id='block_1_10' title="bbox 704 1230 2278 1306">
    <p class='ocr_par' dir='ltr' id='par_1_10' title="bbox 704 1230 2278 1306">
     <span class='ocr_line' id='line_1_10' title="bbox 704 1230 2278 1306; baseline -0.01 -9"><span class='ocrx_word' id='word_1_62' title='bbox 704 1245 947 1298; x_wconf 85' lang='lat' dir='ltr'><strong>turbasse</strong></span> <span class='ocrx_word' id='word_1_63' title='bbox 970 1283 985 1306; x_wconf 93' lang='lat'><strong>,</strong></span> <span class='ocrx_word' id='word_1_64' title='bbox 1011 1241 1218 1294; x_wconf 84' lang='lat' dir='ltr'><strong>Marcus</strong></span> <span class='ocrx_word' id='word_1_65' title='bbox 1247 1236 1557 1293; x_wconf 74' lang='lat' dir='ltr'><strong>referendus</strong></span> <span class='ocrx_word' id='word_1_66' title='bbox 1595 1246 1677 1291; x_wconf 87' lang='lat' dir='ltr'><strong>est</strong></span> <span class='ocrx_word' id='word_1_67' title='bbox 1703 1233 1883 1288; x_wconf 90' lang='lat' dir='ltr'><strong>dicens</strong></span> <span class='ocrx_word' id='word_1_68' title='bbox 1911 1233 2028 1286; x_wconf 88' lang='lat' dir='ltr'><strong>illos</strong></span> <span class='ocrx_word' id='word_1_69' title='bbox 2057 1230 2278 1285; x_wconf 87' lang='lat' dir='ltr'><strong>seorsim</strong></span> 
     </span>
    </p>
   </div>
   <div class='ocr_carea' id='block_1_11' title="bbox 702 1323 2280 1404">
    <p class='ocr_par' dir='ltr' id='par_1_11' title="bbox 702 1323 2280 1404">
     <span class='ocr_line' id='line_1_11' title="bbox 702 1323 2280 1404; baseline -0.01 -14"><span class='ocrx_word' id='word_1_70' title='bbox 702 1335 806 1404; x_wconf 88' lang='lat' dir='ltr'><strong>ipsi</strong></span> <span class='ocrx_word' id='word_1_71' title='bbox 833 1335 1080 1404; x_wconf 80' lang='lat' dir='ltr'><strong>loquutus</strong></span> <span class='ocrx_word' id='word_1_72' title='bbox 1099 1347 1235 1386; x_wconf 90' lang='lat' dir='ltr'><strong>esse.</strong></span> <span class='ocrx_word' id='word_1_73' title='bbox 1267 1329 1402 1396; x_wconf 84' lang='lat' dir='ltr'><strong>Quid</strong></span> <span class='ocrx_word' id='word_1_74' title='bbox 1429 1339 1526 1393; x_wconf 89' lang='lat' dir='ltr'><strong>est,</strong></span> <span class='ocrx_word' id='word_1_75' title='bbox 1564 1329 1625 1384; x_wconf 87' lang='lat' dir='ltr'><strong>Si</strong></span> <span class='ocrx_word' id='word_1_76' title='bbox 1659 1328 1730 1381; x_wconf 86' lang='lat' dir='ltr'><strong>ita</strong></span> <span class='ocrx_word' id='word_1_77' title='bbox 1766 1336 1838 1380; x_wconf 80' lang='lat' dir='ltr'><strong>est</strong></span> <span class='ocrx_word' id='word_1_78' title='bbox 1881 1341 2034 1378; x_wconf 84' lang='lat' dir='ltr'><strong>causa</strong></span> <span class='ocrx_word' id='word_1_79' title='bbox 2065 1323 2280 1378; x_wconf 88' lang='lat' dir='ltr'><strong>hominis</strong></span> 
     </span>
    </p>
   </div>
   <div class='ocr_carea' id='block_1_12' title="bbox 703 1419 2268 1495">
    <p class='ocr_par' dir='ltr' id='par_1_12' title="bbox 703 1419 2268 1495">
     <span class='ocr_line' id='line_1_12' title="bbox 703 1419 2268 1495; baseline -0.01 -10"><span class='ocrx_word' id='word_1_80' title='bbox 703 1447 820 1486; x_wconf 82' lang='lat' dir='ltr'><strong>cum</strong></span> <span class='ocrx_word' id='word_1_81' title='bbox 838 1445 998 1483; x_wconf 74' lang='lat' dir='ltr'><strong>uxore</strong></span> <span class='ocrx_word' id='word_1_82' title='bbox 1015 1429 1206 1494; x_wconf 86' lang='lat' dir='ltr'><strong>(Marc.</strong></span> <span class='ocrx_word' id='word_1_83' title='bbox 1227 1424 1312 1479; x_wconf 72' lang='lat'><strong>{0.</strong></span> <span class='ocrx_word' id='word_1_84' title='bbox 1339 1423 1404 1478; x_wconf 75' lang='grc'><strong>10</strong></span> <span class='ocrx_word' id='word_1_85' title='bbox 1421 1422 1531 1495; x_wconf 58' lang='grc' dir='ltr'><strong>πω</strong></span> <span class='ocrx_word' id='word_1_86' title='bbox 1548 1419 1718 1487; x_wconf 89' lang='lat' dir='ltr'><strong>est,Si</strong></span> <span class='ocrx_word' id='word_1_87' title='bbox 1737 1423 1809 1476; x_wconf 88' lang='lat' dir='ltr'><strong>ita</strong></span> <span class='ocrx_word' id='word_1_88' title='bbox 1823 1420 2098 1490; x_wconf 90' lang='lat' dir='ltr'><strong>conjuncti</strong></span> <span class='ocrx_word' id='word_1_89' title='bbox 2117 1427 2268 1481; x_wconf 89' lang='lat' dir='ltr'><strong>sunt,</strong></span> 
     </span>
    </p>
   </div>
   <div class='ocr_carea' id='block_1_13' title="bbox 706 1510 2270 1581">
    <p class='ocr_par' dir='ltr' id='par_1_13' title="bbox 706 1510 2270 1581">
     <span class='ocr_line' id='line_1_13' title="bbox 706 1510 2270 1581; baseline -0.01 -5"><span class='ocrx_word' id='word_1_90' title='bbox 706 1533 765 1577; x_wconf 92' lang='lat' dir='ltr'><strong>ut</strong></span> <span class='ocrx_word' id='word_1_91' title='bbox 788 1535 955 1575; x_wconf 90' lang='lat' dir='ltr'><strong>unum</strong></span> <span class='ocrx_word' id='word_1_92' title='bbox 980 1519 1126 1581; x_wconf 88' lang='lat' dir='ltr'><strong>sint;</strong></span> <span class='ocrx_word' id='word_1_93' title='bbox 1153 1517 1255 1579; x_wconf 90' lang='lat' dir='ltr'><strong>vel,</strong></span> <span class='ocrx_word' id='word_1_94' title='bbox 1275 1514 1333 1569; x_wconf 93' lang='lat' dir='ltr'><strong>Si</strong></span> <span class='ocrx_word' id='word_1_95' title='bbox 1366 1516 1466 1569; x_wconf 86' lang='lat' dir='ltr'><strong>hac</strong></span> <span class='ocrx_word' id='word_1_96' title='bbox 1485 1513 1552 1569; x_wconf 91' lang='lat' dir='ltr'><strong>de</strong></span> <span class='ocrx_word' id='word_1_97' title='bbox 1573 1529 1736 1568; x_wconf 87' lang='lat' dir='ltr'><strong>causa</strong></span> <span class='ocrx_word' id='word_1_98' title='bbox 1766 1513 1844 1568; x_wconf 90' lang='lat' dir='ltr'><strong>sic</strong></span> <span class='ocrx_word' id='word_1_99' title='bbox 1862 1513 1945 1564; x_wconf 89' lang='lat' dir='ltr'><strong>vir</strong></span> <span class='ocrx_word' id='word_1_100' title='bbox 1974 1510 2270 1564; x_wconf 83' lang='lat' dir='ltr'><strong>adstrictus</strong></span> 
     </span>
    </p>
   </div>
   <div class='ocr_carea' id='block_1_14' title="bbox 706 1603 2274 1678">
    <p class='ocr_par' dir='ltr' id='par_1_14' title="bbox 706 1603 2274 1678">
     <span class='ocr_line' id='line_1_14' title="bbox 706 1603 2274 1678; baseline -0.008 -11"><span class='ocrx_word' id='word_1_101' title='bbox 706 1623 788 1667; x_wconf 90' lang='lat' dir='ltr'><strong>cst</strong></span> <span class='ocrx_word' id='word_1_102' title='bbox 811 1621 866 1664; x_wconf 94' lang='lat' dir='ltr'><strong>ut</strong></span> <span class='ocrx_word' id='word_1_103' title='bbox 894 1624 1108 1678; x_wconf 84' lang='lat' dir='ltr'><strong>semper</strong></span> <span class='ocrx_word' id='word_1_104' title='bbox 1139 1607 1546 1676; x_wconf 70' lang='lat' dir='ltr'><strong>praevaricetur,</strong></span> <span class='ocrx_word' id='word_1_105' title='bbox 1577 1619 1699 1659; x_wconf 91' lang='lat' dir='ltr'><strong>cum</strong></span> <span class='ocrx_word' id='word_1_106' title='bbox 1725 1603 1905 1672; x_wconf 89' lang='lat' dir='ltr'><strong>ejicit:</strong></span> <span class='ocrx_word' id='word_1_107' title='bbox 1938 1603 2110 1655; x_wconf 90' lang='lat' dir='ltr'><strong>levius</strong></span> <span class='ocrx_word' id='word_1_108' title='bbox 2127 1610 2274 1654; x_wconf 90' lang='lat' dir='ltr'><strong>certe</strong></span> 
     </span>
    </p>
   </div>
   <div class='ocr_carea' id='block_1_15' title="bbox 709 1694 2276 1770">
    <p class='ocr_par' dir='ltr' id='par_1_15' title="bbox 709 1694 2276 1770">
     <span class='ocr_line' id='line_1_15' title="bbox 709 1694 2276 1770; baseline -0.009 -14"><span class='ocrx_word' id='word_1_109' title='bbox 709 1703 1031 1770; x_wconf 78' lang='lat' dir='ltr'><strong>faciliusque</strong></span> <span class='ocrx_word' id='word_1_110' title='bbox 1047 1708 1130 1754; x_wconf 92' lang='lat' dir='ltr'><strong>est</strong></span> <span class='ocrx_word' id='word_1_111' title='bbox 1145 1706 1333 1753; x_wconf 90' lang='lat' dir='ltr'><strong>contra</strong></span> <span class='ocrx_word' id='word_1_112' title='bbox 1351 1707 1556 1749; x_wconf 70' lang='lat' dir='ltr'><strong>natura:</strong></span> <span class='ocrx_word' id='word_1_113' title='bbox 1569 1694 2067 1763; x_wconf 83' lang='lat' dir='ltr'><strong>concupiscentiam</strong></span> <span class='ocrx_word' id='word_1_114' title='bbox 2079 1704 2132 1746; x_wconf 87' lang='lat' dir='ltr'><strong>et</strong></span> <span class='ocrx_word' id='word_1_115' title='bbox 2145 1706 2276 1744; x_wconf 87' lang='lat' dir='ltr'><strong>con-</strong></span> 
     </span>
    </p>
   </div>
   <div class='ocr_carea' id='block_1_16' title="bbox 711 1783 2276 1863">
    <p class='ocr_par' dir='ltr' id='par_1_16' title="bbox 711 1783 2276 1863">
     <span class='ocr_line' id='line_1_16' title="bbox 711 1783 2276 1863; baseline -0.008 -14"><span class='ocrx_word' id='word_1_116' title='bbox 711 1807 792 1849; x_wconf 89' lang='lat' dir='ltr'><strong>tra</strong></span> <span class='ocrx_word' id='word_1_117' title='bbox 811 1794 1051 1863; x_wconf 84' lang='lat' dir='ltr'><strong>seipsum</strong></span> <span class='ocrx_word' id='word_1_118' title='bbox 1091 1800 1321 1856; x_wconf 82' lang='lat' dir='ltr'><strong>certare,</strong></span> <span class='ocrx_word' id='word_1_119' title='bbox 1344 1804 1505 1859; x_wconf 87' lang='lat' dir='ltr'><strong>quam</strong></span> <span class='ocrx_word' id='word_1_120' title='bbox 1529 1797 1714 1843; x_wconf 84' lang='lat' dir='ltr'><strong>contra</strong></span> <span class='ocrx_word' id='word_1_121' title='bbox 1743 1787 2042 1855; x_wconf 79' lang='lat' dir='ltr'><strong>improbam</strong></span> <span class='ocrx_word' id='word_1_122' title='bbox 2079 1783 2276 1838; x_wconf 86' lang='lat' dir='ltr'><strong>mulle-</strong></span> 
     </span>
    </p>
   </div>
   <div class='ocr_carea' id='block_1_17' title="bbox 715 1872 2273 1951">
    <p class='ocr_par' dir='ltr' id='par_1_17' title="bbox 715 1872 2273 1951">
     <span class='ocr_line' id='line_1_17' title="bbox 715 1872 2273 1951; baseline -0.01 -12"><span class='ocrx_word' id='word_1_123' title='bbox 715 1883 1009 1950; x_wconf 85' lang='lat' dir='ltr'><strong>rem.Quid</strong></span> <span class='ocrx_word' id='word_1_124' title='bbox 1031 1882 1194 1951; x_wconf 80' lang='lat' dir='ltr'><strong>igitur</strong></span> <span class='ocrx_word' id='word_1_125' title='bbox 1223 1879 1508 1934; x_wconf 77' lang='lat' dir='ltr'><strong>Christus?</strong></span> <span class='ocrx_word' id='word_1_126' title='bbox 1527 1877 1644 1931; x_wconf 82' lang='lat' dir='ltr'><strong>Non</strong></span> <span class='ocrx_word' id='word_1_127' title='bbox 1674 1878 1829 1943; x_wconf 81' lang='lat' dir='ltr'><strong>dixit,</strong></span> <span class='ocrx_word' id='word_1_128' title='bbox 1855 1875 2029 1930; x_wconf 84' lang='lat' dir='ltr'><strong>Etiam</strong></span> <span class='ocrx_word' id='word_1_129' title='bbox 2059 1872 2273 1928; x_wconf 78' lang='lat' dir='ltr'><strong>facilius</strong></span> 
     </span>
    </p>
   </div>
   <div class='ocr_carea' id='block_1_18' title="bbox 717 1964 2273 2040">
    <p class='ocr_par' dir='ltr' id='par_1_18' title="bbox 717 1964 2273 2040">
     <span class='ocr_line' id='line_1_18' title="bbox 717 1964 2273 2040; baseline -0.007 -11"><span class='ocrx_word' id='word_1_130' title='bbox 717 1985 799 2029; x_wconf 86' lang='lat' dir='ltr'><strong>est</strong></span> <span class='ocrx_word' id='word_1_131' title='bbox 823 1992 837 2037; x_wconf 87' lang='lat'><strong>;</strong></span> <span class='ocrx_word' id='word_1_132' title='bbox 863 1982 912 2029; x_wconf 65' lang='lat' dir='ltr'><strong>et</strong></span> <span class='ocrx_word' id='word_1_133' title='bbox 945 1975 1048 2030; x_wconf 88' lang='lat' dir='ltr'><strong>hoc</strong></span> <span class='ocrx_word' id='word_1_134' title='bbox 1070 1972 1252 2036; x_wconf 77' lang='lat' dir='ltr'><strong>facito,</strong></span> <span class='ocrx_word' id='word_1_135' title='bbox 1279 1986 1344 2025; x_wconf 91' lang='lat' dir='ltr'><strong>ne</strong></span> <span class='ocrx_word' id='word_1_136' title='bbox 1360 1971 1544 2040; x_wconf 62' lang='lat' dir='ltr'><strong>“legem</strong></span> <span class='ocrx_word' id='word_1_137' title='bbox 1573 1968 1702 2022; x_wconf 89' lang='lat' dir='ltr'><strong>illud</strong></span> <span class='ocrx_word' id='word_1_138' title='bbox 1725 1984 1841 2022; x_wconf 90' lang='lat' dir='ltr'><strong>esse</strong></span> <span class='ocrx_word' id='word_1_139' title='bbox 1862 1975 2110 2036; x_wconf 80' lang='lat' dir='ltr'><strong>putarent</strong></span> <span class='ocrx_word' id='word_1_140' title='bbox 2134 1978 2148 2018; x_wconf 90' lang='lat'><strong>:</strong></span> <span class='ocrx_word' id='word_1_141' title='bbox 2181 1964 2273 2020; x_wconf 84' lang='lat' dir='ltr'><strong>sed</strong></span> 
     </span>
    </p>
   </div>
   <div class='ocr_carea' id='block_1_19' title="bbox 698 2054 2273 2124">
    <p class='ocr_par' dir='ltr' id='par_1_19' title="bbox 698 2054 2273 2124">
     <span class='ocr_line' id='line_1_19' title="bbox 698 2054 2273 2124; baseline -0.003 -12"><span class='ocrx_word' id='word_1_142' title='bbox 698 2060 872 2113; x_wconf 83' lang='lat' dir='ltr'><strong>intulit</strong></span> <span class='ocrx_word' id='word_1_143' title='bbox 905 2078 916 2110; x_wconf 89' lang='lat'><strong>:</strong></span> <span class='ocrx_word' id='word_1_144' title='bbox 953 2057 1072 2112; x_wconf 83' lang='lat' dir='ltr'><strong>Non</strong></span> <span class='ocrx_word' id='word_1_145' title='bbox 1120 2074 1291 2112; x_wconf 84' lang='lat' dir='ltr'><strong>omnes</strong></span> <span class='ocrx_word' id='word_1_146' title='bbox 1334 2059 1542 2124; x_wconf 82' lang='lat' dir='ltr'><strong>capiunt</strong></span> <span class='ocrx_word' id='word_1_147' title='bbox 1570 2097 1585 2120; x_wconf 94' lang='lat'><strong>,</strong></span> <span class='ocrx_word' id='word_1_148' title='bbox 1625 2056 1713 2109; x_wconf 83' lang='lat' dir='ltr'><strong>sed</strong></span> <span class='ocrx_word' id='word_1_149' title='bbox 1740 2054 1915 2122; x_wconf 91' lang='lat' dir='ltr'><strong>quibus</strong></span> <span class='ocrx_word' id='word_1_150' title='bbox 1955 2055 2127 2107; x_wconf 79' lang='lat' dir='ltr'><strong>datum</strong></span> <span class='ocrx_word' id='word_1_151' title='bbox 2182 2063 2273 2108; x_wconf 86' lang='lat' dir='ltr'><strong>est.</strong></span> 
     </span>
    </p>
   </div>
   <div class='ocr_carea' id='block_1_20' title="bbox 697 2145 2277 2218">
    <p class='ocr_par' dir='ltr' id='par_1_20' title="bbox 697 2145 2277 2218">
     <span class='ocr_line' id='line_1_20' title="bbox 697 2145 2277 2218; baseline -0.001 -15"><span class='ocrx_word' id='word_1_152' title='bbox 697 2149 827 2204; x_wconf 80' lang='lat' dir='ltr'><strong>Item</strong></span> <span class='ocrx_word' id='word_1_153' title='bbox 847 2149 1070 2211; x_wconf 88' lang='lat' dir='ltr'><strong>extollit,</strong></span> <span class='ocrx_word' id='word_1_154' title='bbox 1094 2160 1145 2203; x_wconf 93' lang='lat' dir='ltr'><strong>et</strong></span> <span class='ocrx_word' id='word_1_155' title='bbox 1167 2164 1406 2218; x_wconf 77' lang='lat' dir='ltr'><strong>magnam</strong></span> <span class='ocrx_word' id='word_1_156' title='bbox 1428 2162 1546 2202; x_wconf 88' lang='lat' dir='ltr'><strong>esse</strong></span> <span class='ocrx_word' id='word_1_157' title='bbox 1573 2145 1790 2210; x_wconf 82' lang='lat' dir='ltr'><strong>indicat,</strong></span> <span class='ocrx_word' id='word_1_158' title='bbox 1809 2155 1966 2217; x_wconf 86' lang='lat' dir='ltr'><strong>atque</strong></span> <span class='ocrx_word' id='word_1_159' title='bbox 2001 2146 2098 2200; x_wconf 91' lang='lat' dir='ltr'><strong>hoc</strong></span> <span class='ocrx_word' id='word_1_160' title='bbox 2121 2147 2277 2201; x_wconf 90' lang='lat' dir='ltr'><strong>modo</strong></span> 
     </span>
    </p>
   </div>
   <div class='ocr_carea' id='block_1_21' title="bbox 697 2237 2272 2294">
    <p class='ocr_par' dir='ltr' id='par_1_21' title="bbox 697 2237 2272 2294">
     <span class='ocr_line' id='line_1_21' title="bbox 697 2237 2272 2294; baseline 0.001 -4"><span class='ocrx_word' id='word_1_161' title='bbox 697 2239 912 2293; x_wconf 83' lang='lat' dir='ltr'><strong>attrahit</strong></span> <span class='ocrx_word' id='word_1_162' title='bbox 943 2249 992 2294; x_wconf 91' lang='lat' dir='ltr'><strong>et</strong></span> <span class='ocrx_word' id='word_1_163' title='bbox 1036 2239 1299 2293; x_wconf 87' lang='lat' dir='ltr'><strong>hortatur.</strong></span> <span class='ocrx_word' id='word_1_164' title='bbox 1325 2238 1429 2294; x_wconf 86' lang='lat' dir='ltr'><strong>Sed</strong></span> <span class='ocrx_word' id='word_1_165' title='bbox 1459 2238 1544 2292; x_wconf 90' lang='lat' dir='ltr'><strong>hic</strong></span> <span class='ocrx_word' id='word_1_166' title='bbox 1569 2237 2042 2293; x_wconf 90' lang='lat' dir='ltr'><strong>contradictionem</strong></span> <span class='ocrx_word' id='word_1_167' title='bbox 2073 2239 2272 2293; x_wconf 82' lang='lat' dir='ltr'><strong>videas.</strong></span> 
     </span>
    </p>
   </div>
   <div class='ocr_carea' id='block_1_22' title="bbox 699 2327 2278 2399">
    <p class='ocr_par' dir='ltr' id='par_1_22' title="bbox 699 2327 2278 2399">
     <span class='ocr_line' id='line_1_22' title="bbox 699 2327 2278 2399; baseline 0 -17"><span class='ocrx_word' id='word_1_168' title='bbox 699 2329 815 2398; x_wconf 81' lang='lat' dir='ltr'><strong>Ipse</strong></span> <span class='ocrx_word' id='word_1_169' title='bbox 848 2331 988 2384; x_wconf 90' lang='lat' dir='ltr'><strong>enim</strong></span> <span class='ocrx_word' id='word_1_170' title='bbox 1031 2345 1277 2399; x_wconf 82' lang='lat' dir='ltr'><strong>maguum</strong></span> <span class='ocrx_word' id='word_1_171' title='bbox 1308 2328 1432 2383; x_wconf 89' lang='lat' dir='ltr'><strong>illud</strong></span> <span class='ocrx_word' id='word_1_172' title='bbox 1468 2344 1586 2383; x_wconf 90' lang='lat' dir='ltr'><strong>esse</strong></span> <span class='ocrx_word' id='word_1_173' title='bbox 1617 2327 1776 2389; x_wconf 88' lang='lat' dir='ltr'><strong>dicit;</strong></span> <span class='ocrx_word' id='word_1_174' title='bbox 1808 2329 1882 2382; x_wconf 91' lang='lat' dir='ltr'><strong>illi</strong></span> <span class='ocrx_word' id='word_1_175' title='bbox 1917 2342 2043 2384; x_wconf 87' lang='lat' dir='ltr'><strong>vero</strong></span> <span class='ocrx_word' id='word_1_176' title='bbox 2073 2329 2278 2382; x_wconf 83' lang='lat' dir='ltr'><strong>levissi-</strong></span> 
     </span>
    </p>
   </div>
   <div class='ocr_carea' id='block_1_23' title="bbox 699 2420 2278 2490">
    <p class='ocr_par' dir='ltr' id='par_1_23' title="bbox 699 2420 2278 2490">
     <span class='ocr_line' id='line_1_23' title="bbox 699 2420 2278 2490; baseline 0.001 -16"><span class='ocrx_word' id='word_1_177' title='bbox 699 2438 842 2475; x_wconf 89' lang='lat' dir='ltr'><strong>mum</strong></span> <span class='ocrx_word' id='word_1_178' title='bbox 871 2441 883 2475; x_wconf 91' lang='lat'><strong>:</strong></span> <span class='ocrx_word' id='word_1_179' title='bbox 917 2432 1199 2490; x_wconf 90' lang='lat' dir='ltr'><strong>utrmnque</strong></span> <span class='ocrx_word' id='word_1_180' title='bbox 1233 2432 1378 2475; x_wconf 90' lang='lat' dir='ltr'><strong>certe</strong></span> <span class='ocrx_word' id='word_1_181' title='bbox 1413 2420 1692 2475; x_wconf 89' lang='lat' dir='ltr'><strong>commode</strong></span> <span class='ocrx_word' id='word_1_182' title='bbox 1737 2420 1968 2484; x_wconf 79' lang='lat' dir='ltr'><strong>factum;</strong></span> <span class='ocrx_word' id='word_1_183' title='bbox 2004 2430 2060 2474; x_wconf 90' lang='lat' dir='ltr'><strong>ut</strong></span> <span class='ocrx_word' id='word_1_184' title='bbox 2086 2432 2136 2475; x_wconf 90' lang='lat' dir='ltr'><strong>et</strong></span> <span class='ocrx_word' id='word_1_185' title='bbox 2164 2422 2278 2490; x_wconf 90' lang='lat' dir='ltr'><strong>ipse</strong></span> 
     </span>
    </p>
   </div>
   <div class='ocr_carea' id='block_1_24' title="bbox 695 2511 2271 2583">
    <p class='ocr_par' dir='ltr' id='par_1_24' title="bbox 695 2511 2271 2583">
     <span class='ocr_line' id='line_1_24' title="bbox 695 2511 2271 2583; baseline -0.001 -16"><span class='ocrx_word' id='word_1_186' title='bbox 695 2513 942 2583; x_wconf 80' lang='lat' dir='ltr'><strong>magnam</strong></span> <span class='ocrx_word' id='word_1_187' title='bbox 972 2513 1226 2568; x_wconf 78' lang='lat' dir='ltr'><strong>fateretur</strong></span> <span class='ocrx_word' id='word_1_188' title='bbox 1253 2527 1372 2566; x_wconf 47' lang='lat' dir='ltr'><strong>eave</strong></span> <span class='ocrx_word' id='word_1_189' title='bbox 1393 2553 1405 2573; x_wconf 88' lang='lat'><strong><em>.</em></strong></span> <span class='ocrx_word' id='word_1_190' title='bbox 1435 2521 1490 2564; x_wconf 94' lang='lat' dir='ltr'><strong>ut</strong></span> <span class='ocrx_word' id='word_1_191' title='bbox 1518 2512 1632 2565; x_wconf 89' lang='lat' dir='ltr'><strong>illos</strong></span> <span class='ocrx_word' id='word_1_192' title='bbox 1654 2511 1988 2567; x_wconf 88' lang='lat' dir='ltr'><strong>ardentiores</strong></span> <span class='ocrx_word' id='word_1_193' title='bbox 2017 2511 2271 2577; x_wconf 67' lang='lat' dir='ltr'><strong>efﬁceret,</strong></span> 
     </span>
    </p>
   </div>
   <div class='ocr_carea' id='block_1_25' title="bbox 697 2603 2278 2675">
    <p class='ocr_par' dir='ltr' id='par_1_25' title="bbox 697 2603 2278 2675">
     <span class='ocr_line' id='line_1_25' title="bbox 697 2603 2278 2675; baseline 0.002 -17"><span class='ocrx_word' id='word_1_194' title='bbox 697 2614 750 2658; x_wconf 90' lang='lat' dir='ltr'><strong>et</strong></span> <span class='ocrx_word' id='word_1_195' title='bbox 789 2620 850 2658; x_wconf 86' lang='lat' dir='ltr'><strong>ex</strong></span> <span class='ocrx_word' id='word_1_196' title='bbox 880 2604 1033 2659; x_wconf 87' lang='lat' dir='ltr'><strong>dictis</strong></span> <span class='ocrx_word' id='word_1_197' title='bbox 1075 2604 1320 2675; x_wconf 86' lang='lat' dir='ltr'><strong>superius</strong></span> <span class='ocrx_word' id='word_1_198' title='bbox 1351 2603 1422 2657; x_wconf 91' lang='lat' dir='ltr'><strong>illi</strong></span> <span class='ocrx_word' id='word_1_199' title='bbox 1453 2603 1779 2658; x_wconf 89' lang='lat' dir='ltr'><strong>levissimum</strong></span> <span class='ocrx_word' id='word_1_200' title='bbox 1823 2604 2187 2670; x_wconf 87' lang='lat' dir='ltr'><strong>ostenderent,</strong></span> <span class='ocrx_word' id='word_1_201' title='bbox 2221 2616 2278 2661; x_wconf 91' lang='lat' dir='ltr'><strong>ut</strong></span> 
     </span>
    </p>
   </div>
   <div class='ocr_carea' id='block_1_26' title="bbox 696 2696 2277 2766">
    <p class='ocr_par' dir='ltr' id='par_1_26' title="bbox 696 2696 2277 2766">
     <span class='ocr_line' id='line_1_26' title="bbox 696 2696 2277 2766; baseline 0.001 -14"><span class='ocrx_word' id='word_1_202' title='bbox 696 2696 798 2752; x_wconf 82' lang='lat' dir='ltr'><strong>hoc</strong></span> <span class='ocrx_word' id='word_1_203' title='bbox 833 2697 992 2752; x_wconf 88' lang='lat' dir='ltr'><strong>modo</strong></span> <span class='ocrx_word' id='word_1_204' title='bbox 1035 2697 1107 2750; x_wconf 89' lang='lat' dir='ltr'><strong>illi</strong></span> <span class='ocrx_word' id='word_1_205' title='bbox 1153 2696 1506 2766; x_wconf 85' lang='lat' dir='ltr'><strong>virginitatem</strong></span> <span class='ocrx_word' id='word_1_206' title='bbox 1556 2705 1611 2751; x_wconf 92' lang='lat' dir='ltr'><strong>et</strong></span> <span class='ocrx_word' id='word_1_207' title='bbox 1654 2696 2032 2751; x_wconf 78' lang='lat' dir='ltr'><strong>Continentiatn</strong></span> <span class='ocrx_word' id='word_1_208' title='bbox 2064 2697 2277 2766; x_wconf 70' lang='lat' dir='ltr'><strong>praeier-</strong></span> 
     </span>
    </p>
   </div>
   <div class='ocr_carea' id='block_1_27' title="bbox 697 2786 2278 2856">
    <p class='ocr_par' dir='ltr' id='par_1_27' title="bbox 697 2786 2278 2856">
     <span class='ocr_line' id='line_1_27' title="bbox 697 2786 2278 2856; baseline 0.002 -14"><span class='ocrx_word' id='word_1_209' title='bbox 697 2799 834 2842; x_wconf 89' lang='lat' dir='ltr'><strong>rent.</strong></span> <span class='ocrx_word' id='word_1_210' title='bbox 859 2786 989 2856; x_wconf 85' lang='lat' dir='ltr'><strong>Quia</strong></span> <span class='ocrx_word' id='word_1_211' title='bbox 1035 2787 1177 2843; x_wconf 90' lang='lat' dir='ltr'><strong>enim</strong></span> <span class='ocrx_word' id='word_1_212' title='bbox 1207 2786 1273 2842; x_wconf 93' lang='lat' dir='ltr'><strong>de</strong></span> <span class='ocrx_word' id='word_1_213' title='bbox 1302 2786 1603 2856; x_wconf 69' lang='lat' dir='ltr'><strong>virginitate</strong></span> <span class='ocrx_word' id='word_1_214' title='bbox 1645 2787 1786 2856; x_wconf 88' lang='lat' dir='ltr'><strong>loqui</strong></span> <span class='ocrx_word' id='word_1_215' title='bbox 1819 2803 2102 2843; x_wconf 87' lang='lat' dir='ltr'><strong>onerosum</strong></span> <span class='ocrx_word' id='word_1_216' title='bbox 2133 2790 2278 2845; x_wconf 91' lang='lat' dir='ltr'><strong>vide-</strong></span> 
     </span>
    </p>
   </div>
   <div class='ocr_carea' id='block_1_28' title="bbox 695 2877 2273 2950">
    <p class='ocr_par' dir='ltr' id='par_1_28' title="bbox 695 2877 2273 2950">
     <span class='ocr_line' id='line_1_28' title="bbox 695 2877 2273 2950; baseline 0.002 -18"><span class='ocrx_word' id='word_1_217' title='bbox 695 2877 854 2933; x_wconf 80' lang='lat' dir='ltr'><strong>batur</strong></span> <span class='ocrx_word' id='word_1_218' title='bbox 879 2894 998 2934; x_wconf 90' lang='lat' dir='ltr'><strong>esse</strong></span> <span class='ocrx_word' id='word_1_219' title='bbox 1026 2920 1040 2944; x_wconf 93' lang='lat'><strong>,</strong></span> <span class='ocrx_word' id='word_1_220' title='bbox 1071 2895 1137 2948; x_wconf 73' lang='lat' dir='ltr'><strong>ex</strong></span> <span class='ocrx_word' id='word_1_221' title='bbox 1170 2878 1299 2933; x_wconf 82' lang='lat' dir='ltr'><strong>dum</strong></span> <span class='ocrx_word' id='word_1_222' title='bbox 1347 2879 1476 2950; x_wconf 86' lang='lat' dir='ltr'><strong>legis</strong></span> <span class='ocrx_word' id='word_1_223' title='bbox 1525 2880 1844 2934; x_wconf 88' lang='lat' dir='ltr'><strong>necessitate</strong></span> <span class='ocrx_word' id='word_1_224' title='bbox 1868 2921 1882 2943; x_wconf 96' lang='lat'><strong>,</strong></span> <span class='ocrx_word' id='word_1_225' title='bbox 1916 2880 2031 2935; x_wconf 91' lang='lat' dir='ltr'><strong>illos</strong></span> <span class='ocrx_word' id='word_1_226' title='bbox 2076 2882 2127 2935; x_wconf 91' lang='lat' dir='ltr'><strong>in</strong></span> <span class='ocrx_word' id='word_1_227' title='bbox 2157 2881 2273 2948; x_wconf 87' lang='lat' dir='ltr'><strong>ejus</strong></span> 
     </span>
    </p>
   </div>
   <div class='ocr_carea' id='block_1_29' title="bbox 693 2968 2274 3040">
    <p class='ocr_par' dir='ltr' id='par_1_29' title="bbox 693 2968 2274 3040">
     <span class='ocr_line' id='line_1_29' title="bbox 693 2968 2274 3040; baseline 0.001 -17"><span class='ocrx_word' id='word_1_228' title='bbox 693 2969 1034 3039; x_wconf 80' lang='lat' dir='ltr'><strong>cupiditatem</strong></span> <span class='ocrx_word' id='word_1_229' title='bbox 1080 2970 1315 3024; x_wconf 80' lang='lat' dir='ltr'><strong>attraxit.</strong></span> <span class='ocrx_word' id='word_1_230' title='bbox 1349 2968 1550 3024; x_wconf 88' lang='lat' dir='ltr'><strong>Deinde</strong></span> <span class='ocrx_word' id='word_1_231' title='bbox 1593 2979 1650 3023; x_wconf 91' lang='lat' dir='ltr'><strong>ut</strong></span> <span class='ocrx_word' id='word_1_232' title='bbox 1699 2980 2080 3025; x_wconf 89' lang='lat' dir='ltr'><strong>commonstret</strong></span> <span class='ocrx_word' id='word_1_233' title='bbox 2117 2985 2274 3040; x_wconf 85' lang='lat' dir='ltr'><strong>posse</strong></span> 
     </span>
    </p>
   </div>
   <div class='ocr_carea' id='block_1_30' title="bbox 693 3058 2274 3129">
    <p class='ocr_par' dir='ltr' id='par_1_30' title="bbox 693 3058 2274 3129">
     <span class='ocr_line' id='line_1_30' title="bbox 693 3058 2274 3129; baseline -0.001 -13"><span class='ocrx_word' id='word_1_234' title='bbox 693 3061 834 3116; x_wconf 89' lang='lat' dir='ltr'><strong>illam</strong></span> <span class='ocrx_word' id='word_1_235' title='bbox 881 3060 1116 3124; x_wconf 87' lang='lat' dir='ltr'><strong>servari,</strong></span> <span class='ocrx_word' id='word_1_236' title='bbox 1143 3058 1258 3114; x_wconf 85' lang='lat' dir='ltr'><strong>ait:</strong></span> <span class='ocrx_word' id='word_1_237' title='bbox 1292 3058 1378 3114; x_wconf 75' lang='grc'><strong>12.</strong></span> <span class='ocrx_word' id='word_1_238' title='bbox 1411 3059 1544 3116; x_wconf 87' lang='lat' dir='ltr'><strong>Sunt</strong></span> <span class='ocrx_word' id='word_1_239' title='bbox 1588 3061 1842 3124; x_wconf 71' lang='lat' dir='ltr'><strong>eunuchi,</strong></span> <span class='ocrx_word' id='word_1_240' title='bbox 1877 3061 1963 3129; x_wconf 83' lang='lat' dir='ltr'><strong>qui</strong></span> <span class='ocrx_word' id='word_1_241' title='bbox 2001 3075 2066 3115; x_wconf 76' lang='lat' dir='ltr'><strong>ea:</strong></span> <span class='ocrx_word' id='word_1_242' title='bbox 2106 3069 2274 3116; x_wconf 76' lang='lat' dir='ltr'><strong>centre</strong></span> 
     </span>
    </p>
   </div>
   <div class='ocr_carea' id='block_1_31' title="bbox 694 3149 2272 3219">
    <p class='ocr_par' dir='ltr' id='par_1_31' title="bbox 694 3149 2272 3219">
     <span class='ocr_line' id='line_1_31' title="bbox 694 3149 2272 3219; baseline 0.004 -19"><span class='ocrx_word' id='word_1_243' title='bbox 694 3151 869 3202; x_wconf 82' lang='lat' dir='ltr'><strong>matris</strong></span> <span class='ocrx_word' id='word_1_244' title='bbox 896 3149 966 3203; x_wconf 89' lang='lat' dir='ltr'><strong>ita</strong></span> <span class='ocrx_word' id='word_1_245' title='bbox 988 3151 1093 3203; x_wconf 89' lang='lat' dir='ltr'><strong>nati</strong></span> <span class='ocrx_word' id='word_1_246' title='bbox 1125 3159 1240 3203; x_wconf 89' lang='lat' dir='ltr'><strong>sunt</strong></span> <span class='ocrx_word' id='word_1_247' title='bbox 1273 3165 1291 3203; x_wconf 84' lang='lat'><strong>.&#39;</strong></span> <span class='ocrx_word' id='word_1_248' title='bbox 1321 3159 1504 3204; x_wconf 78' lang='lat' dir='ltr'><strong>etsunt</strong></span> <span class='ocrx_word' id='word_1_249' title='bbox 1537 3151 1775 3216; x_wconf 79' lang='lat' dir='ltr'><strong>eunuchi,</strong></span> <span class='ocrx_word' id='word_1_250' title='bbox 1806 3152 1893 3219; x_wconf 88' lang='lat' dir='ltr'><strong>qui</strong></span> <span class='ocrx_word' id='word_1_251' title='bbox 1917 3153 2120 3206; x_wconf 73' lang='lat' dir='ltr'><strong>castrati</strong></span> <span class='ocrx_word' id='word_1_252' title='bbox 2156 3163 2272 3206; x_wconf 88' lang='lat' dir='ltr'><strong>sunt</strong></span> 
     </span>
    </p>
   </div>
   <div class='ocr_carea' id='block_1_32' title="bbox 693 3239 2274 3312">
    <p class='ocr_par' dir='ltr' id='par_1_32' title="bbox 693 3239 2274 3312">
     <span class='ocr_line' id='line_1_32' title="bbox 693 3239 2274 3312; baseline 0.004 -21"><span class='ocrx_word' id='word_1_253' title='bbox 693 3241 755 3292; x_wconf 84' lang='lat' dir='ltr'><strong>ub</strong></span> <span class='ocrx_word' id='word_1_254' title='bbox 777 3239 1091 3293; x_wconf 82' lang='lat' dir='ltr'><strong>hominibus.</strong></span> <span class='ocrx_word' id='word_1_255' title='bbox 1128 3250 1173 3294; x_wconf 84' lang='lat' dir='ltr'><strong>ct</strong></span> <span class='ocrx_word' id='word_1_256' title='bbox 1201 3251 1316 3293; x_wconf 83' lang='lat' dir='ltr'><strong>sunt</strong></span> <span class='ocrx_word' id='word_1_257' title='bbox 1341 3241 1579 3306; x_wconf 80' lang='lat' dir='ltr'><strong>eunuchi,</strong></span> <span class='ocrx_word' id='word_1_258' title='bbox 1608 3242 1692 3310; x_wconf 87' lang='lat' dir='ltr'><strong>qui</strong></span> <span class='ocrx_word' id='word_1_259' title='bbox 1719 3259 1772 3294; x_wconf 84' lang='lat' dir='ltr'><strong>se</strong></span> <span class='ocrx_word' id='word_1_260' title='bbox 1798 3251 2134 3295; x_wconf 79' lang='lat' dir='ltr'><strong>castraverunt</strong></span> <span class='ocrx_word' id='word_1_261' title='bbox 2159 3259 2274 3312; x_wconf 80' lang='lat' dir='ltr'><strong>pro-</strong></span> 
     </span>
    </p>
   </div>
   <div class='ocr_carea' id='block_1_33' title="bbox 694 3331 2273 3406">
    <p class='ocr_par' dir='ltr' id='par_1_33' title="bbox 694 3331 2273 3406">
     <span class='ocr_line' id='line_1_33' title="bbox 694 3331 2273 3406; baseline 0.004 -22"><span class='ocrx_word' id='word_1_262' title='bbox 694 3341 802 3400; x_wconf 73' lang='lat' dir='ltr'><strong>pter</strong></span> <span class='ocrx_word' id='word_1_263' title='bbox 824 3348 1032 3402; x_wconf 77' lang='lat' dir='ltr'><strong>regnum</strong></span> <span class='ocrx_word' id='word_1_264' title='bbox 1058 3331 1294 3386; x_wconf 68' lang='lat' dir='ltr'><strong>certorum</strong></span> <span class='ocrx_word' id='word_1_265' title='bbox 1313 3348 1332 3396; x_wconf 79' lang='lat'><strong>,&#39;</strong></span> <span class='ocrx_word' id='word_1_266' title='bbox 1359 3333 1440 3386; x_wconf 88' lang='lat' dir='ltr'><strong>his</strong></span> <span class='ocrx_word' id='word_1_267' title='bbox 1477 3332 1683 3388; x_wconf 85' lang='lat' dir='ltr'><strong>occulte</strong></span> <span class='ocrx_word' id='word_1_268' title='bbox 1717 3334 1836 3388; x_wconf 90' lang='lat' dir='ltr'><strong>illos</strong></span> <span class='ocrx_word' id='word_1_269' title='bbox 1884 3334 1948 3389; x_wconf 88' lang='lat' dir='ltr'><strong>ad</strong></span> <span class='ocrx_word' id='word_1_270' title='bbox 1979 3334 2080 3390; x_wconf 90' lang='lat' dir='ltr'><strong>hoc</strong></span> <span class='ocrx_word' id='word_1_271' title='bbox 2106 3351 2273 3406; x_wconf 85' lang='lat' dir='ltr'><strong>genus</strong></span> 
     </span>
    </p>
   </div>
   <div class='ocr_carea' id='block_1_34' title="bbox 693 3420 2272 3492">
    <p class='ocr_par' dir='ltr' id='par_1_34' title="bbox 693 3420 2272 3492">
     <span class='ocr_line' id='line_1_34' title="bbox 693 3420 2272 3492; baseline 0.007 -20"><span class='ocrx_word' id='word_1_272' title='bbox 693 3422 813 3476; x_wconf 68' lang='lat' dir='ltr'><strong>vitte</strong></span> <span class='ocrx_word' id='word_1_273' title='bbox 838 3420 1174 3492; x_wconf 83' lang='lat' dir='ltr'><strong>deligendum</strong></span> <span class='ocrx_word' id='word_1_274' title='bbox 1212 3423 1468 3478; x_wconf 91' lang='lat' dir='ltr'><strong>inducens</strong></span> <span class='ocrx_word' id='word_1_275' title='bbox 1487 3464 1502 3489; x_wconf 93' lang='lat'><strong>,</strong></span> <span class='ocrx_word' id='word_1_276' title='bbox 1533 3433 1588 3478; x_wconf 89' lang='lat' dir='ltr'><strong>ct</strong></span> <span class='ocrx_word' id='word_1_277' title='bbox 1617 3425 1750 3478; x_wconf 89' lang='lat' dir='ltr'><strong>hanc</strong></span> <span class='ocrx_word' id='word_1_278' title='bbox 1793 3425 2041 3481; x_wconf 86' lang='lat' dir='ltr'><strong>virtutem</strong></span> <span class='ocrx_word' id='word_1_279' title='bbox 2071 3428 2272 3483; x_wconf 87' lang='lat' dir='ltr'><strong>servari</strong></span> 
     </span>
    </p>
   </div>
   <div class='ocr_carea' id='block_1_35' title="bbox 694 3513 2270 3589">
    <p class='ocr_par' dir='ltr' id='par_1_35' title="bbox 694 3513 2270 3589">
     <span class='ocr_line' id='line_1_35' title="bbox 694 3513 2270 3589; baseline 0.004 -22"><span class='ocrx_word' id='word_1_280' title='bbox 694 3529 852 3582; x_wconf 84' lang='lat' dir='ltr'><strong>posse</strong></span> <span class='ocrx_word' id='word_1_281' title='bbox 877 3513 1129 3583; x_wconf 81' lang='lat' dir='ltr'><strong>suadens,</strong></span> <span class='ocrx_word' id='word_1_282' title='bbox 1159 3530 1221 3569; x_wconf 89' lang='lat' dir='ltr'><strong>ac</strong></span> <span class='ocrx_word' id='word_1_283' title='bbox 1254 3516 1296 3570; x_wconf 90' lang='lat' dir='ltr'><strong>si</strong></span> <span class='ocrx_word' id='word_1_284' title='bbox 1327 3515 1529 3572; x_wconf 86' lang='lat' dir='ltr'><strong>diceret</strong></span> <span class='ocrx_word' id='word_1_285' title='bbox 1559 3535 1571 3571; x_wconf 88' lang='lat'>:</span> <span class='ocrx_word' id='word_1_286' title='bbox 1603 3515 1784 3588; x_wconf 79' lang='lat' dir='ltr'><strong>Cogita</strong></span> <span class='ocrx_word' id='word_1_287' title='bbox 1817 3519 1940 3589; x_wconf 90' lang='lat' dir='ltr'><strong>quid</strong></span> <span class='ocrx_word' id='word_1_288' title='bbox 1974 3520 2193 3586; x_wconf 82' lang='lat' dir='ltr'><strong>faceres,</strong></span> <span class='ocrx_word' id='word_1_289' title='bbox 2226 3523 2270 3576; x_wconf 90' lang='lat' dir='ltr'><strong>si</strong></span> 
     </span>
    </p>
   </div>
   <div class='ocr_carea' id='block_1_36' title="bbox 692 3607 2271 3680">
    <p class='ocr_par' dir='ltr' id='par_1_36' title="bbox 692 3607 2271 3680">
     <span class='ocr_line' id='line_1_36' title="bbox 692 3607 2271 3680; baseline 0.001 -18"><span class='ocrx_word' id='word_1_290' title='bbox 692 3623 759 3662; x_wconf 86' lang='lat' dir='ltr'><strong>ex</strong></span> <span class='ocrx_word' id='word_1_291' title='bbox 789 3615 973 3662; x_wconf 87' lang='lat' dir='ltr'><strong>natura</strong></span> <span class='ocrx_word' id='word_1_292' title='bbox 1005 3607 1123 3662; x_wconf 80' lang='lat' dir='ltr'><strong>talis</strong></span> <span class='ocrx_word' id='word_1_293' title='bbox 1149 3622 1315 3672; x_wconf 85' lang='lat' dir='ltr'><strong>esses,</strong></span> <span class='ocrx_word' id='word_1_294' title='bbox 1345 3618 1436 3663; x_wconf 90' lang='lat' dir='ltr'><strong>aut</strong></span> <span class='ocrx_word' id='word_1_295' title='bbox 1466 3609 1509 3663; x_wconf 94' lang='lat' dir='ltr'><strong>si</strong></span> <span class='ocrx_word' id='word_1_296' title='bbox 1538 3608 1763 3678; x_wconf 86' lang='lat' dir='ltr'><strong>idipsum</strong></span> <span class='ocrx_word' id='word_1_297' title='bbox 1793 3626 1884 3680; x_wconf 90' lang='lat' dir='ltr'><strong>per</strong></span> <span class='ocrx_word' id='word_1_298' title='bbox 1911 3611 2012 3664; x_wconf 85' lang='lat' dir='ltr'><strong>vim</strong></span> <span class='ocrx_word' id='word_1_299' title='bbox 2039 3622 2090 3666; x_wconf 91' lang='lat' dir='ltr'><strong>et</strong></span> <span class='ocrx_word' id='word_1_300' title='bbox 2131 3611 2271 3679; x_wconf 84' lang='lat' dir='ltr'><strong>iniu-</strong></span> 
     </span>
    </p>
   </div>
   <div class='ocr_carea' id='block_1_37' title="bbox 691 3697 2272 3770">
    <p class='ocr_par' dir='ltr' id='par_1_37' title="bbox 691 3697 2272 3770">
     <span class='ocr_line' id='line_1_37' title="bbox 691 3697 2272 3770; baseline 0.001 -18"><span class='ocrx_word' id='word_1_301' title='bbox 691 3697 823 3752; x_wconf 87' lang='lat' dir='ltr'><strong>riam</strong></span> <span class='ocrx_word' id='word_1_302' title='bbox 855 3713 1040 3768; x_wconf 86' lang='lat' dir='ltr'><strong>passus</strong></span> <span class='ocrx_word' id='word_1_303' title='bbox 1064 3712 1213 3754; x_wconf 89' lang='lat' dir='ltr'><strong>esses</strong></span> <span class='ocrx_word' id='word_1_304' title='bbox 1232 3699 1255 3751; x_wconf 66' lang='grc' dir='ltr'><strong>ἲ</strong></span> <span class='ocrx_word' id='word_1_305' title='bbox 1276 3699 1400 3768; x_wconf 90' lang='lat' dir='ltr'><strong>quid</strong></span> <span class='ocrx_word' id='word_1_306' title='bbox 1445 3699 1644 3754; x_wconf 84' lang='lat' dir='ltr'><strong>faceres</strong></span> <span class='ocrx_word' id='word_1_307' title='bbox 1671 3714 1789 3754; x_wconf 92' lang='lat' dir='ltr'><strong>cum</strong></span> <span class='ocrx_word' id='word_1_308' title='bbox 1819 3701 2077 3770; x_wconf 89' lang='lat' dir='ltr'><strong>ejusmodi</strong></span> <span class='ocrx_word' id='word_1_309' title='bbox 2109 3703 2272 3756; x_wconf 87' lang='lat' dir='ltr'><strong>volu—</strong></span> 
     </span>
    </p>
   </div>
   <div class='ocr_carea' id='block_1_38' title="bbox 691 3787 2272 3862">
    <p class='ocr_par' dir='ltr' id='par_1_38' title="bbox 691 3787 2272 3862">
     <span class='ocr_line' id='line_1_38' title="bbox 691 3787 2272 3862; baseline 0.005 -22"><span class='ocrx_word' id='word_1_310' title='bbox 691 3797 834 3857; x_wconf 84' lang='lat' dir='ltr'><strong>ptate</strong></span> <span class='ocrx_word' id='word_1_311' title='bbox 861 3787 1096 3856; x_wconf 85' lang='lat' dir='ltr'><strong>privatus</strong></span> <span class='ocrx_word' id='word_1_312' title='bbox 1120 3827 1135 3853; x_wconf 92' lang='lat'><strong>,</strong></span> <span class='ocrx_word' id='word_1_313' title='bbox 1168 3789 1364 3842; x_wconf 91' lang='lat' dir='ltr'><strong>nullam</strong></span> <span class='ocrx_word' id='word_1_314' title='bbox 1398 3789 1521 3844; x_wconf 92' lang='lat' dir='ltr'><strong>hinc</strong></span> <span class='ocrx_word' id='word_1_315' title='bbox 1553 3791 1849 3846; x_wconf 88' lang='lat' dir='ltr'><strong>mercedem</strong></span> <span class='ocrx_word' id='word_1_316' title='bbox 1889 3794 2272 3862; x_wconf 83' lang='lat' dir='ltr'><strong>exspectares?</strong></span> 
     </span>
    </p>
   </div>
   <div class='ocr_carea' id='block_1_39' title="bbox 690 3877 2272 3951">
    <p class='ocr_par' dir='ltr' id='par_1_39' title="bbox 690 3877 2272 3951">
     <span class='ocr_line' id='line_1_39' title="bbox 690 3877 2272 3951; baseline 0.003 -17"><span class='ocrx_word' id='word_1_317' title='bbox 690 3877 900 3934; x_wconf 83' lang='lat' dir='ltr'><strong>Gratias</strong></span> <span class='ocrx_word' id='word_1_318' title='bbox 929 3878 1085 3947; x_wconf 77' lang='lat' dir='ltr'><strong>igitur</strong></span> <span class='ocrx_word' id='word_1_319' title='bbox 1115 3895 1252 3933; x_wconf 92' lang='lat' dir='ltr'><strong>nunc</strong></span> <span class='ocrx_word' id='word_1_320' title='bbox 1298 3884 1395 3950; x_wconf 78' lang='lat' dir='ltr'><strong>age</strong></span> <span class='ocrx_word' id='word_1_321' title='bbox 1437 3880 1545 3935; x_wconf 90' lang='lat' dir='ltr'><strong>Deo</strong></span> <span class='ocrx_word' id='word_1_322' title='bbox 1569 3921 1582 3942; x_wconf 86' lang='lat'><strong>,</strong></span> <span class='ocrx_word' id='word_1_323' title='bbox 1611 3881 1751 3951; x_wconf 88' lang='lat' dir='ltr'><strong>quod</strong></span> <span class='ocrx_word' id='word_1_324' title='bbox 1797 3896 1892 3950; x_wconf 91' lang='lat' dir='ltr'><strong>pro</strong></span> <span class='ocrx_word' id='word_1_325' title='bbox 1935 3883 2183 3937; x_wconf 86' lang='lat' dir='ltr'><strong>mercede</strong></span> <span class='ocrx_word' id='word_1_326' title='bbox 2221 3894 2272 3938; x_wconf 89' lang='lat' dir='ltr'><strong>et</strong></span> 
     </span>
    </p>
   </div>
   <div class='ocr_carea' id='block_1_40' title="bbox 689 3971 2268 4044">
    <p class='ocr_par' dir='ltr' id='par_1_40' title="bbox 689 3971 2268 4044">
     <span class='ocr_line' id='line_1_40' title="bbox 689 3971 2268 4044; baseline 0.001 -18"><span class='ocrx_word' id='word_1_327' title='bbox 689 3972 902 4026; x_wconf 84' lang='lat' dir='ltr'><strong>coronis</strong></span> <span class='ocrx_word' id='word_1_328' title='bbox 923 3971 1049 4026; x_wconf 90' lang='lat' dir='ltr'><strong>illud</strong></span> <span class='ocrx_word' id='word_1_329' title='bbox 1073 3973 1460 4043; x_wconf 86' lang='lat' dir='ltr'><strong>patiaris,quod</strong></span> <span class='ocrx_word' id='word_1_330' title='bbox 1493 3973 1606 4028; x_wconf 86' lang='lat' dir='ltr'><strong>sine</strong></span> <span class='ocrx_word' id='word_1_331' title='bbox 1635 3975 1847 4028; x_wconf 88' lang='lat' dir='ltr'><strong>coronis</strong></span> <span class='ocrx_word' id='word_1_332' title='bbox 1869 3975 2137 4044; x_wconf 88' lang='lat' dir='ltr'><strong>patiuntur</strong></span> <span class='ocrx_word' id='word_1_333' title='bbox 2163 3975 2268 4041; x_wconf 86' lang='lat' dir='ltr'><strong>illi;</strong></span> 
     </span>
    </p>
   </div>
   <div class='ocr_carea' id='block_1_41' title="bbox 690 4064 2267 4136">
    <p class='ocr_par' dir='ltr' id='par_1_41' title="bbox 690 4064 2267 4136">
     <span class='ocr_line' id='line_1_41' title="bbox 690 4064 2267 4136; baseline 0.001 -16"><span class='ocrx_word' id='word_1_334' title='bbox 690 4064 797 4120; x_wconf 79' lang='lat' dir='ltr'><strong>lino</strong></span> <span class='ocrx_word' id='word_1_335' title='bbox 825 4081 952 4120; x_wconf 87' lang='lat' dir='ltr'><strong>vero</strong></span> <span class='ocrx_word' id='word_1_336' title='bbox 997 4066 1122 4120; x_wconf 87' lang='lat' dir='ltr'><strong>illud</strong></span> <span class='ocrx_word' id='word_1_337' title='bbox 1153 4083 1256 4120; x_wconf 91' lang='lat' dir='ltr'><strong>non</strong></span> <span class='ocrx_word' id='word_1_338' title='bbox 1303 4066 1371 4120; x_wconf 91' lang='lat' dir='ltr'><strong>ita</strong></span> <span class='ocrx_word' id='word_1_339' title='bbox 1397 4064 1586 4120; x_wconf 89' lang='lat' dir='ltr'><strong>durum</strong></span> <span class='ocrx_word' id='word_1_340' title='bbox 1605 4107 1618 4130; x_wconf 91' lang='lat'><strong>,</strong></span> <span class='ocrx_word' id='word_1_341' title='bbox 1647 4065 1739 4120; x_wconf 89' lang='lat' dir='ltr'><strong>sed</strong></span> <span class='ocrx_word' id='word_1_342' title='bbox 1765 4066 1919 4136; x_wconf 89' lang='lat' dir='ltr'><strong>longe</strong></span> <span class='ocrx_word' id='word_1_343' title='bbox 1949 4067 2117 4121; x_wconf 91' lang='lat' dir='ltr'><strong>levius</strong></span> <span class='ocrx_word' id='word_1_344' title='bbox 2143 4079 2225 4121; x_wconf 92' lang='lat' dir='ltr'><strong>est</strong></span> <span class='ocrx_word' id='word_1_345' title='bbox 2255 4085 2267 4121; x_wconf 95' lang='lat'>:</span> 
     </span>
    </p>
   </div>
   <div class='ocr_carea' id='block_1_42' title="bbox 690 4157 2269 4227">
    <p class='ocr_par' dir='ltr' id='par_1_42' title="bbox 690 4157 2269 4227">
     <span class='ocr_line' id='line_1_42' title="bbox 690 4157 2269 4227; baseline 0.003 -16"><span class='ocrx_word' id='word_1_346' title='bbox 690 4172 813 4212; x_wconf 91' lang='lat' dir='ltr'><strong>nam</strong></span> <span class='ocrx_word' id='word_1_347' title='bbox 859 4166 910 4212; x_wconf 90' lang='lat' dir='ltr'><strong>et</strong></span> <span class='ocrx_word' id='word_1_348' title='bbox 959 4172 1053 4227; x_wconf 86' lang='lat' dir='ltr'><strong>spe</strong></span> <span class='ocrx_word' id='word_1_349' title='bbox 1112 4157 1313 4226; x_wconf 61' lang='lat' dir='ltr'><strong>pra&#39;mii</strong></span> <span class='ocrx_word' id='word_1_350' title='bbox 1344 4198 1359 4221; x_wconf 93' lang='lat'><strong>,</strong></span> <span class='ocrx_word' id='word_1_351' title='bbox 1406 4166 1659 4211; x_wconf 77' lang='lat' dir='ltr'><strong>ettanta:</strong></span> <span class='ocrx_word' id='word_1_352' title='bbox 1703 4159 1910 4212; x_wconf 88' lang='lat' dir='ltr'><strong>virtutis</strong></span> <span class='ocrx_word' id='word_1_353' title='bbox 1948 4161 2269 4215; x_wconf 86' lang='lat' dir='ltr'><strong>conscientia</strong></span> 
     </span>
    </p>
   </div>
   <div class='ocr_carea' id='block_1_43' title="bbox 691 4249 2269 4321">
    <p class='ocr_par' dir='ltr' id='par_1_43' title="bbox 691 4249 2269 4321">
     <span class='ocr_line' id='line_1_43' title="bbox 691 4249 2269 4321; baseline 0.004 -19"><span class='ocrx_word' id='word_1_354' title='bbox 691 4250 961 4319; x_wconf 82' lang='lat' dir='ltr'><strong>mitigatur</strong></span> <span class='ocrx_word' id='word_1_355' title='bbox 987 4291 1002 4316; x_wconf 93' lang='lat'><strong>,</strong></span> <span class='ocrx_word' id='word_1_356' title='bbox 1032 4265 1201 4318; x_wconf 90' lang='lat' dir='ltr'><strong>neque</strong></span> <span class='ocrx_word' id='word_1_357' title='bbox 1232 4250 1390 4303; x_wconf 89' lang='lat' dir='ltr'><strong>tantis</strong></span> <span class='ocrx_word' id='word_1_358' title='bbox 1429 4249 1730 4318; x_wconf 82' lang='lat' dir='ltr'><strong>cupiditatis</strong></span> <span class='ocrx_word' id='word_1_359' title='bbox 1757 4249 1999 4304; x_wconf 81' lang='lat' dir='ltr'><strong>fluctibus</strong></span> <span class='ocrx_word' id='word_1_360' title='bbox 2018 4252 2269 4321; x_wconf 88' lang='lat' dir='ltr'><strong>jaetatur.</strong></span> 
     </span>
    </p>
   </div>
   <div class='ocr_carea' id='block_1_44' title="bbox 693 4339 2272 4409">
    <p class='ocr_par' dir='ltr' id='par_1_44' title="bbox 693 4339 2272 4409">
     <span class='ocr_line' id='line_1_44' title="bbox 693 4339 2272 4409; baseline 0.004 -17"><span class='ocrx_word' id='word_1_361' title='bbox 693 4339 805 4394; x_wconf 69' lang='lat' dir='ltr'><strong>Non</strong></span> <span class='ocrx_word' id='word_1_362' title='bbox 835 4341 975 4394; x_wconf 89' lang='lat' dir='ltr'><strong>enim</strong></span> <span class='ocrx_word' id='word_1_363' title='bbox 1022 4341 1131 4408; x_wconf 89' lang='lat' dir='ltr'><strong>ipsa</strong></span> <span class='ocrx_word' id='word_1_364' title='bbox 1165 4339 1388 4394; x_wconf 83' lang='lat' dir='ltr'><strong>membri</strong></span> <span class='ocrx_word' id='word_1_365' title='bbox 1413 4341 1702 4409; x_wconf 87' lang='lat' dir='ltr'><strong>amputatio</strong></span> <span class='ocrx_word' id='word_1_366' title='bbox 1732 4341 1800 4394; x_wconf 88' lang='lat' dir='ltr'><strong>ita</strong></span> <span class='ocrx_word' id='word_1_367' title='bbox 1828 4341 2018 4395; x_wconf 80' lang='lat' dir='ltr'><strong>ﬂuctus</strong></span> <span class='ocrx_word' id='word_1_368' title='bbox 2044 4344 2160 4397; x_wconf 92' lang='lat' dir='ltr'><strong>illos</strong></span> <span class='ocrx_word' id='word_1_369' title='bbox 2187 4360 2272 4399; x_wconf 90' lang='lat' dir='ltr'><strong>sc-</strong></span> 
     </span>
    </p>
   </div>
   <div class='ocr_carea' id='block_1_45' title="bbox 691 4430 2268 4500">
    <p class='ocr_par' dir='ltr' id='par_1_45' title="bbox 691 4430 2268 4500">
     <span class='ocr_line' id='line_1_45' title="bbox 691 4430 2268 4500; baseline 0.004 -18"><span class='ocrx_word' id='word_1_370' title='bbox 691 4430 819 4486; x_wconf 91' lang='lat' dir='ltr'><strong>dare</strong></span> <span class='ocrx_word' id='word_1_371' title='bbox 846 4440 898 4485; x_wconf 93' lang='lat' dir='ltr'><strong>et</strong></span> <span class='ocrx_word' id='word_1_372' title='bbox 929 4431 1359 4500; x_wconf 85' lang='lat' dir='ltr'><strong>tranquillitatem</strong></span> <span class='ocrx_word' id='word_1_373' title='bbox 1391 4446 1577 4499; x_wconf 88' lang='lat' dir='ltr'><strong>parere</strong></span> <span class='ocrx_word' id='word_1_374' title='bbox 1605 4431 1768 4495; x_wconf 88' lang='lat' dir='ltr'><strong>solet.</strong></span> <span class='ocrx_word' id='word_1_375' title='bbox 1797 4441 1854 4486; x_wconf 91' lang='lat' dir='ltr'><strong>ut</strong></span> <span class='ocrx_word' id='word_1_376' title='bbox 1897 4434 2117 4488; x_wconf 87' lang='lat' dir='ltr'><strong>rationis</strong></span> <span class='ocrx_word' id='word_1_377' title='bbox 2158 4433 2268 4488; x_wconf 88' lang='lat' dir='ltr'><strong>fre-</strong></span> 
     </span>
    </p>
   </div>
   <div class='ocr_carea' id='block_1_46' title="bbox 690 4521 2270 4593">
    <p class='ocr_par' dir='ltr' id='par_1_46' title="bbox 690 4521 2270 4593">
     <span class='ocr_line' id='line_1_46' title="bbox 690 4521 2270 4593; baseline 0.002 -15"><span class='ocrx_word' id='word_1_378' title='bbox 690 4539 852 4593; x_wconf 87' lang='lat' dir='ltr'><strong>num;</strong></span> <span class='ocrx_word' id='word_1_379' title='bbox 910 4523 1017 4577; x_wconf 90' lang='lat' dir='ltr'><strong>imo</strong></span> <span class='ocrx_word' id='word_1_380' title='bbox 1066 4523 1219 4592; x_wconf 80' lang='lat' dir='ltr'><strong>longe</strong></span> <span class='ocrx_word' id='word_1_381' title='bbox 1276 4523 1444 4593; x_wconf 80' lang='lat' dir='ltr'><strong>magis</strong></span> <span class='ocrx_word' id='word_1_382' title='bbox 1495 4523 1594 4576; x_wconf 91' lang='lat' dir='ltr'><strong>hoc</strong></span> <span class='ocrx_word' id='word_1_383' title='bbox 1648 4521 1800 4577; x_wconf 85' lang='lat' dir='ltr'><strong>freno</strong></span> <span class='ocrx_word' id='word_1_384' title='bbox 1860 4525 2095 4580; x_wconf 87' lang='lat' dir='ltr'><strong>sedatur.</strong></span> <span class='ocrx_word' id='word_1_385' title='bbox 2145 4526 2270 4581; x_wconf 92' lang='lat' dir='ltr'><strong>ldeo</strong></span> 
     </span>
    </p>
   </div>
   <div class='ocr_carea' id='block_1_47' title="bbox 691 4615 2268 4688">
    <p class='ocr_par' dir='ltr' id='par_1_47' title="bbox 691 4615 2268 4688">
     <span class='ocr_line' id='line_1_47' title="bbox 691 4615 2268 4688; baseline 0.002 -19"><span class='ocrx_word' id='word_1_386' title='bbox 691 4617 848 4688; x_wconf 85' lang='lat' dir='ltr'><strong>igitur</strong></span> <span class='ocrx_word' id='word_1_387' title='bbox 898 4616 1014 4672; x_wconf 90' lang='lat' dir='ltr'><strong>illos</strong></span> <span class='ocrx_word' id='word_1_388' title='bbox 1061 4616 1366 4680; x_wconf 78' lang='lat' dir='ltr'><strong>recensuit,</strong></span> <span class='ocrx_word' id='word_1_389' title='bbox 1393 4625 1449 4669; x_wconf 92' lang='lat' dir='ltr'><strong>ut</strong></span> <span class='ocrx_word' id='word_1_390' title='bbox 1478 4615 1574 4669; x_wconf 91' lang='lat' dir='ltr'><strong>hos</strong></span> <span class='ocrx_word' id='word_1_391' title='bbox 1606 4616 2029 4671; x_wconf 84' lang='lat' dir='ltr'><strong>incitaret:nam</strong></span> <span class='ocrx_word' id='word_1_392' title='bbox 2073 4619 2116 4672; x_wconf 92' lang='lat' dir='ltr'><strong>si</strong></span> <span class='ocrx_word' id='word_1_393' title='bbox 2163 4634 2268 4672; x_wconf 92' lang='lat' dir='ltr'><strong>non</strong></span> 
     </span>
    </p>
   </div>
   <div class='ocr_carea' id='block_1_48' title="bbox 698 4706 2268 4775">
    <p class='ocr_par' dir='ltr' id='par_1_48' title="bbox 698 4706 2268 4775">
     <span class='ocr_line' id='line_1_48' title="bbox 698 4706 2268 4775; baseline 0.001 -13"><span class='ocrx_word' id='word_1_394' title='bbox 698 4707 798 4762; x_wconf 87' lang='lat' dir='ltr'><strong>huc</strong></span> <span class='ocrx_word' id='word_1_395' title='bbox 827 4708 1104 4771; x_wconf 86' lang='lat' dir='ltr'><strong>tenderet,</strong></span> <span class='ocrx_word' id='word_1_396' title='bbox 1134 4706 1256 4775; x_wconf 92' lang='lat' dir='ltr'><strong>quid</strong></span> <span class='ocrx_word' id='word_1_397' title='bbox 1301 4707 1398 4760; x_wconf 85' lang='lat' dir='ltr'><strong>sibi</strong></span> <span class='ocrx_word' id='word_1_398' title='bbox 1447 4707 1606 4760; x_wconf 90' lang='lat' dir='ltr'><strong>vellet</strong></span> <span class='ocrx_word' id='word_1_399' title='bbox 1650 4707 1736 4760; x_wconf 88' lang='lat' dir='ltr'><strong>illa</strong></span> <span class='ocrx_word' id='word_1_400' title='bbox 1785 4710 2148 4763; x_wconf 84' lang='lat' dir='ltr'><strong>cunuchorum</strong></span> <span class='ocrx_word' id='word_1_401' title='bbox 2181 4725 2268 4763; x_wconf 90' lang='lat' dir='ltr'><strong>re-</strong></span> 
     </span>
    </p>
   </div>
   <div class='ocr_carea' id='block_1_49' title="bbox 689 4798 2268 4867">
    <p class='ocr_par' dir='ltr' id='par_1_49' title="bbox 689 4798 2268 4867">
     <span class='ocr_line' id='line_1_49' title="bbox 689 4798 2268 4867; baseline 0.001 -15"><span class='ocrx_word' id='word_1_402' title='bbox 689 4799 917 4854; x_wconf 76' lang='lat' dir='ltr'><strong>censio?</strong></span> <span class='ocrx_word' id='word_1_403' title='bbox 941 4800 1069 4853; x_wconf 82' lang='lat' dir='ltr'><strong>Cum</strong></span> <span class='ocrx_word' id='word_1_404' title='bbox 1109 4809 1284 4852; x_wconf 88' lang='lat' dir='ltr'><strong>autem</strong></span> <span class='ocrx_word' id='word_1_405' title='bbox 1316 4798 1474 4862; x_wconf 89' lang='lat' dir='ltr'><strong>dicit,</strong></span> <span class='ocrx_word' id='word_1_406' title='bbox 1506 4798 1712 4867; x_wconf 82' lang='lat' dir='ltr'><strong>Seipsos</strong></span> <span class='ocrx_word' id='word_1_407' title='bbox 1759 4809 2133 4867; x_wconf 82' lang='lat' dir='ltr'><strong>castraverunt,</strong></span> <span class='ocrx_word' id='word_1_408' title='bbox 2165 4816 2268 4855; x_wconf 91' lang='lat' dir='ltr'><strong>non</strong></span> 
     </span>
    </p>
   </div>
   <div class='ocr_carea' id='block_1_50' title="bbox 691 4888 2270 4960">
    <p class='ocr_par' dir='ltr' id='par_1_50' title="bbox 691 4888 2270 4960">
     <span class='ocr_line' id='line_1_50' title="bbox 691 4888 2270 4960; baseline 0.001 -17"><span class='ocrx_word' id='word_1_409' title='bbox 691 4889 1050 4945; x_wconf 87' lang='lat' dir='ltr'><strong>membrorum</strong></span> <span class='ocrx_word' id='word_1_410' title='bbox 1094 4889 1508 4960; x_wconf 88' lang='lat' dir='ltr'><strong>amputationem</strong></span> <span class='ocrx_word' id='word_1_411' title='bbox 1555 4888 1719 4951; x_wconf 89' lang='lat' dir='ltr'><strong>dicit;</strong></span> <span class='ocrx_word' id='word_1_412' title='bbox 1748 4889 1884 4943; x_wconf 89' lang='lat' dir='ltr'><strong>absit</strong></span> <span class='ocrx_word' id='word_1_413' title='bbox 1912 4905 1928 4948; x_wconf 87' lang='lat'><strong>:</strong></span> <span class='ocrx_word' id='word_1_414' title='bbox 1959 4890 2053 4945; x_wconf 90' lang='lat' dir='ltr'><strong>sed</strong></span> <span class='ocrx_word' id='word_1_415' title='bbox 2083 4906 2270 4960; x_wconf 84' lang='lat' dir='ltr'><strong>prava-</strong></span> 
     </span>
    </p>
   </div>
   <div class='ocr_carea' id='block_1_51' title="bbox 692 4980 2267 5052">
    <p class='ocr_par' dir='ltr' id='par_1_51' title="bbox 692 4980 2267 5052">
     <span class='ocr_line' id='line_1_51' title="bbox 692 4980 2267 5052; baseline 0.004 -20"><span class='ocrx_word' id='word_1_416' title='bbox 692 5000 805 5037; x_wconf 83' lang='lat' dir='ltr'><strong>runt</strong></span> <span class='ocrx_word' id='word_1_417' title='bbox 848 4981 1224 5052; x_wconf 77' lang='lat' dir='ltr'><strong>cogitationum</strong></span> <span class='ocrx_word' id='word_1_418' title='bbox 1267 4980 1650 5049; x_wconf 88' lang='lat' dir='ltr'><strong>expulsionem.</strong></span> <span class='ocrx_word' id='word_1_419' title='bbox 1680 4980 1810 5036; x_wconf 85' lang='lat' dir='ltr'><strong>Nam</strong></span> <span class='ocrx_word' id='word_1_420' title='bbox 1837 4983 1925 5052; x_wconf 91' lang='lat' dir='ltr'><strong>qui</strong></span> <span class='ocrx_word' id='word_1_421' title='bbox 1969 4985 2267 5039; x_wconf 90' lang='lat' dir='ltr'><strong>membrum</strong></span> 
     </span>
    </p>
   </div>
   <div class='ocr_carea' id='block_1_52' title="bbox 687 5071 2266 5140">
    <p class='ocr_par' dir='ltr' id='par_1_52' title="bbox 687 5071 2266 5140">
     <span class='ocr_line' id='line_1_52' title="bbox 687 5071 2266 5140; baseline 0.003 -16"><span class='ocrx_word' id='word_1_422' title='bbox 687 5074 912 5140; x_wconf 78' lang='lat' dir='ltr'><strong>excidit,</strong></span> <span class='ocrx_word' id='word_1_423' title='bbox 949 5072 1305 5128; x_wconf 86' lang='lat' dir='ltr'><strong>maledictioni</strong></span> <span class='ocrx_word' id='word_1_424' title='bbox 1356 5071 1618 5126; x_wconf 84' lang='lat' dir='ltr'><strong>obnoxius</strong></span> <span class='ocrx_word' id='word_1_425' title='bbox 1670 5081 1784 5137; x_wconf 91' lang='lat' dir='ltr'><strong>est,</strong></span> <span class='ocrx_word' id='word_1_426' title='bbox 1815 5082 1870 5126; x_wconf 92' lang='lat' dir='ltr'><strong>ut</strong></span> <span class='ocrx_word' id='word_1_427' title='bbox 1914 5072 2103 5126; x_wconf 86' lang='lat' dir='ltr'><strong>Paulus</strong></span> <span class='ocrx_word' id='word_1_428' title='bbox 2151 5076 2266 5130; x_wconf 86' lang='lat' dir='ltr'><strong>ait:</strong></span> 
     </span>
    </p>
   </div>
   <div class='ocr_carea' id='block_1_53' title="bbox 692 5162 2266 5237">
    <p class='ocr_par' dir='ltr' id='par_1_53' title="bbox 692 5162 2266 5237">
     <span class='ocr_line' id='line_1_53' title="bbox 692 5162 2266 5237; baseline 0 -18"><span class='ocrx_word' id='word_1_429' title='bbox 692 5163 895 5219; x_wconf 78' lang='lat' dir='ltr'><strong>Utinam</strong></span> <span class='ocrx_word' id='word_1_430' title='bbox 932 5162 1290 5219; x_wconf 75' lang='lat' dir='ltr'><strong>abscinduntur</strong></span> <span class='ocrx_word' id='word_1_431' title='bbox 1308 5165 1391 5234; x_wconf 89' lang='lat' dir='ltr'><strong>qui</strong></span> <span class='ocrx_word' id='word_1_432' title='bbox 1421 5180 1504 5218; x_wconf 80' lang='lat' dir='ltr'><strong>vos</strong></span> <span class='ocrx_word' id='word_1_433' title='bbox 1531 5165 1823 5219; x_wconf 83' lang='lat' dir='ltr'><strong>conturbant</strong></span> <span class='ocrx_word' id='word_1_434' title='bbox 1852 5164 1870 5236; x_wconf 96' lang='lat'>(</span> <span class='ocrx_word' id='word_1_435' title='bbox 1899 5164 2014 5218; x_wconf 75' lang='lat' dir='ltr'><strong>Gal.</strong></span> <span class='ocrx_word' id='word_1_436' title='bbox 2049 5166 2101 5219; x_wconf 82' lang='lat'><strong>5.</strong></span> <span class='ocrx_word' id='word_1_437' title='bbox 2130 5166 2194 5218; x_wconf 69' lang='lat' dir='ltr'><strong>l2</strong></span> <span class='ocrx_word' id='word_1_438' title='bbox 2223 5168 2266 5237; x_wconf 73' lang='lat' dir='ltr'><strong>j.</strong></span> 
     </span>
    </p>
   </div>
   <div class='ocr_carea' id='block_1_54' title="bbox 691 5257 2269 5329">
    <p class='ocr_par' dir='ltr' id='par_1_54' title="bbox 691 5257 2269 5329">
     <span class='ocr_line' id='line_1_54' title="bbox 691 5257 2269 5329; baseline 0 -16"><span class='ocrx_word' id='word_1_439' title='bbox 691 5261 766 5313; x_wconf 85' lang='lat' dir='ltr'><strong>Ae</strong></span> <span class='ocrx_word' id='word_1_440' title='bbox 787 5258 906 5329; x_wconf 90' lang='lat' dir='ltr'><strong>jure</strong></span> <span class='ocrx_word' id='word_1_441' title='bbox 947 5259 1167 5322; x_wconf 90' lang='lat' dir='ltr'><strong>merito;</strong></span> <span class='ocrx_word' id='word_1_442' title='bbox 1202 5273 1321 5310; x_wconf 91' lang='lat' dir='ltr'><strong>nam</strong></span> <span class='ocrx_word' id='word_1_443' title='bbox 1353 5259 1439 5326; x_wconf 89' lang='lat' dir='ltr'><strong>qui</strong></span> <span class='ocrx_word' id='word_1_444' title='bbox 1473 5257 1592 5312; x_wconf 86' lang='lat' dir='ltr'><strong>talis</strong></span> <span class='ocrx_word' id='word_1_445' title='bbox 1618 5268 1720 5321; x_wconf 88' lang='lat' dir='ltr'><strong>est,</strong></span> <span class='ocrx_word' id='word_1_446' title='bbox 1752 5259 1936 5312; x_wconf 89' lang='lat' dir='ltr'><strong>eadem</strong></span> <span class='ocrx_word' id='word_1_447' title='bbox 1967 5258 2269 5327; x_wconf 81' lang='lat' dir='ltr'><strong>aggreditur</strong></span> 
     </span>
    </p>
   </div>
   <div class='ocr_carea' id='block_1_55' title="bbox 690 5345 2267 5422">
    <p class='ocr_par' dir='ltr' id='par_1_55' title="bbox 690 5345 2267 5422">
     <span class='ocr_line' id='line_1_55' title="bbox 690 5345 2267 5422; baseline 0.002 -23"><span class='ocrx_word' id='word_1_448' title='bbox 690 5363 806 5418; x_wconf 73' lang='lat' dir='ltr'><strong>quae</strong></span> <span class='ocrx_word' id='word_1_449' title='bbox 837 5345 1115 5402; x_wconf 72' lang='lat' dir='ltr'><strong>homicida:</strong></span> <span class='ocrx_word' id='word_1_450' title='bbox 1135 5389 1150 5415; x_wconf 93' lang='lat'><strong>,</strong></span> <span class='ocrx_word' id='word_1_451' title='bbox 1179 5356 1232 5402; x_wconf 88' lang='lat' dir='ltr'><strong>et</strong></span> <span class='ocrx_word' id='word_1_452' title='bbox 1258 5347 1322 5400; x_wconf 86' lang='lat' dir='ltr'><strong>iis</strong></span> <span class='ocrx_word' id='word_1_453' title='bbox 1347 5348 1434 5416; x_wconf 93' lang='lat' dir='ltr'><strong>qui</strong></span> <span class='ocrx_word' id='word_1_454' title='bbox 1465 5349 1555 5402; x_wconf 89' lang='lat' dir='ltr'><strong>Dei</strong></span> <span class='ocrx_word' id='word_1_455' title='bbox 1586 5349 1908 5402; x_wconf 84' lang='lat' dir='ltr'><strong>creationem</strong></span> <span class='ocrx_word' id='word_1_456' title='bbox 1939 5349 2267 5422; x_wconf 79' lang='lat' dir='ltr'><strong>calmnnian-</strong></span> 
     </span>
    </p>
   </div>
   <div class='ocr_carea' id='block_1_56' title="bbox 690 5437 2269 5506">
    <p class='ocr_par' dir='ltr' id='par_1_56' title="bbox 690 5437 2269 5506">
     <span class='ocr_line' id='line_1_56' title="bbox 690 5437 2269 5506; baseline 0 -12"><span class='ocrx_word' id='word_1_457' title='bbox 690 5449 775 5495; x_wconf 88' lang='lat' dir='ltr'><strong>tur</strong></span> <span class='ocrx_word' id='word_1_458' title='bbox 803 5437 889 5496; x_wconf 81' lang='lat' dir='ltr'><strong>dat</strong></span> <span class='ocrx_word' id='word_1_459' title='bbox 911 5439 1246 5494; x_wconf 79' lang='lat' dir='ltr'><strong>occasionem</strong></span> <span class='ocrx_word' id='word_1_460' title='bbox 1272 5478 1287 5503; x_wconf 95' lang='lat'><strong>,</strong></span> <span class='ocrx_word' id='word_1_461' title='bbox 1320 5437 1842 5506; x_wconf 69' lang='lat' dir='ltr'><strong>Maniebmormnque</strong></span> <span class='ocrx_word' id='word_1_462' title='bbox 1868 5454 1960 5492; x_wconf 86' lang='lat' dir='ltr'><strong>ora</strong></span> <span class='ocrx_word' id='word_1_463' title='bbox 1984 5441 2175 5505; x_wconf 89' lang='lat' dir='ltr'><strong>aperit,</strong></span> <span class='ocrx_word' id='word_1_464' title='bbox 2208 5454 2269 5494; x_wconf 86' lang='lat' dir='ltr'><strong>ae</strong></span> 
     </span>
    </p>
   </div>
   <div class='ocr_carea' id='block_1_57' title="bbox 688 5529 2265 5599">
    <p class='ocr_par' dir='ltr' id='par_1_57' title="bbox 688 5529 2265 5599">
     <span class='ocr_line' id='line_1_57' title="bbox 688 5529 2265 5599; baseline 0.003 -20"><span class='ocrx_word' id='word_1_465' title='bbox 688 5530 908 5599; x_wconf 76' lang='lat' dir='ltr'><strong>perinde</strong></span> <span class='ocrx_word' id='word_1_466' title='bbox 941 5539 1120 5598; x_wconf 84' lang='lat' dir='ltr'><strong>peccat</strong></span> <span class='ocrx_word' id='word_1_467' title='bbox 1147 5539 1305 5599; x_wconf 89' lang='lat' dir='ltr'><strong>atque</strong></span> <span class='ocrx_word' id='word_1_468' title='bbox 1331 5529 1364 5582; x_wconf 91' lang='lat' dir='ltr'><strong>ii</strong></span> <span class='ocrx_word' id='word_1_469' title='bbox 1387 5529 1523 5598; x_wconf 90' lang='lat' dir='ltr'><strong>apud</strong></span> <span class='ocrx_word' id='word_1_470' title='bbox 1550 5530 1793 5596; x_wconf 76' lang='lat' dir='ltr'><strong>gentiles,</strong></span> <span class='ocrx_word' id='word_1_471' title='bbox 1821 5530 1911 5598; x_wconf 85' lang='lat' dir='ltr'><strong>qui</strong></span> <span class='ocrx_word' id='word_1_472' title='bbox 1941 5529 2265 5584; x_wconf 85' lang='lat' dir='ltr'><strong>mutilantur.</strong></span> 
     </span>
    </p>
   </div>
   <div class='ocr_carea' id='block_1_58' title="bbox 690 5620 2270 5690">
    <p class='ocr_par' dir='ltr' id='par_1_58' title="bbox 690 5620 2270 5690">
     <span class='ocr_line' id='line_1_58' title="bbox 690 5620 2270 5690; baseline 0.001 -15"><span class='ocrx_word' id='word_1_473' title='bbox 690 5622 920 5681; x_wconf 77' lang='lat' dir='ltr'><strong>Membra</strong></span> <span class='ocrx_word' id='word_1_474' title='bbox 953 5623 1090 5677; x_wconf 89' lang='lat' dir='ltr'><strong>enim</strong></span> <span class='ocrx_word' id='word_1_475' title='bbox 1119 5629 1390 5690; x_wconf 85' lang='lat' dir='ltr'><strong>amputare</strong></span> <span class='ocrx_word' id='word_1_476' title='bbox 1418 5620 1694 5675; x_wconf 69' lang='lat' dir='ltr'><strong>diabolicze</strong></span> <span class='ocrx_word' id='word_1_477' title='bbox 1721 5631 1802 5676; x_wconf 89' lang='lat' dir='ltr'><strong>est</strong></span> <span class='ocrx_word' id='word_1_478' title='bbox 1830 5624 2153 5690; x_wconf 85' lang='lat' dir='ltr'><strong>operationis</strong></span> <span class='ocrx_word' id='word_1_479' title='bbox 2174 5665 2186 5684; x_wconf 86' lang='lat'><strong>,</strong></span> <span class='ocrx_word' id='word_1_480' title='bbox 2217 5632 2270 5677; x_wconf 91' lang='lat' dir='ltr'><strong>et</strong></span> 
     </span>
    </p>
   </div>
   <div class='ocr_carea' id='block_1_59' title="bbox 687 5711 2265 5780">
    <p class='ocr_par' dir='ltr' id='par_1_59' title="bbox 687 5711 2265 5780">
     <span class='ocr_line' id='line_1_59' title="bbox 687 5711 2265 5780; baseline 0 -15"><span class='ocrx_word' id='word_1_481' title='bbox 687 5726 1040 5772; x_wconf 79' lang='lat' dir='ltr'><strong>satantcarum</strong></span> <span class='ocrx_word' id='word_1_482' title='bbox 1075 5713 1382 5767; x_wconf 81' lang='lat' dir='ltr'><strong>insidiarum</strong></span> <span class='ocrx_word' id='word_1_483' title='bbox 1426 5727 1560 5780; x_wconf 88' lang='lat' dir='ltr'><strong>opus</strong></span> <span class='ocrx_word' id='word_1_484' title='bbox 1609 5711 1703 5766; x_wconf 81' lang='lat' dir='ltr'><strong>fult</strong></span> <span class='ocrx_word' id='word_1_485' title='bbox 1730 5714 1799 5766; x_wconf 92' lang='lat' dir='ltr'><strong>ab</strong></span> <span class='ocrx_word' id='word_1_486' title='bbox 1848 5714 2035 5776; x_wconf 87' lang='lat' dir='ltr'><strong>initio;</strong></span> <span class='ocrx_word' id='word_1_487' title='bbox 2081 5722 2135 5766; x_wconf 92' lang='lat' dir='ltr'><strong>ut</strong></span> <span class='ocrx_word' id='word_1_488' title='bbox 2175 5713 2265 5766; x_wconf 86' lang='lat' dir='ltr'><strong>Dei</strong></span> 
     </span>
    </p>
   </div>
   <div class='ocr_carea' id='block_1_60' title="bbox 687 5805 2262 5878">
    <p class='ocr_par' dir='ltr' id='par_1_60' title="bbox 687 5805 2262 5878">
     <span class='ocr_line' id='line_1_60' title="bbox 687 5805 2262 5878; baseline 0.001 -20"><span class='ocrx_word' id='word_1_489' title='bbox 687 5805 954 5878; x_wconf 53' lang='lat' dir='ltr'><strong>cumulum</strong></span> <span class='ocrx_word' id='word_1_490' title='bbox 981 5805 1372 5863; x_wconf 87' lang='lat' dir='ltr'><strong>calutnnicutur</strong></span> <span class='ocrx_word' id='word_1_491' title='bbox 1399 5823 1413 5872; x_wconf 89' lang='lat'><strong>;</strong></span> <span class='ocrx_word' id='word_1_492' title='bbox 1446 5815 1605 5875; x_wconf 88' lang='lat' dir='ltr'><strong>utque</strong></span> <span class='ocrx_word' id='word_1_493' title='bbox 1647 5821 1674 5859; x_wconf 86' lang='lat' dir='ltr'><strong>a</strong></span> <span class='ocrx_word' id='word_1_494' title='bbox 1708 5805 1813 5861; x_wconf 90' lang='lat' dir='ltr'><strong>Dco</strong></span> <span class='ocrx_word' id='word_1_495' title='bbox 1844 5805 2038 5860; x_wconf 80' lang='lat' dir='ltr'><strong>factum</strong></span> <span class='ocrx_word' id='word_1_496' title='bbox 2071 5805 2262 5860; x_wconf 86' lang='lat' dir='ltr'><strong>animal</strong></span> 
     </span>
    </p>
   </div>
   <div class='ocr_carea' id='block_1_61' title="bbox 1341 376 3160 446">
    <p class='ocr_par' dir='ltr' id='par_1_61' title="bbox 1341 376 3160 446">
     <span class='ocr_line' id='line_1_61' title="bbox 1341 376 3160 446; baseline -0.006 -4"><span class='ocrx_word' id='word_1_497' title='bbox 1341 391 1395 442; x_wconf 87' lang='lat' dir='ltr'><strong>S.</strong></span> <span class='ocrx_word' id='word_1_498' title='bbox 1438 385 1713 446; x_wconf 65' lang='lat' dir='ltr'><strong>JOANNIS</strong></span> <span class='ocrx_word' id='word_1_499' title='bbox 1751 380 2226 440; x_wconf 78' lang='lat' dir='ltr'><strong>CllRYSOSTOMl</strong></span> <span class='ocrx_word' id='word_1_500' title='bbox 2268 376 2582 434; x_wconf 71' lang='lat' dir='ltr'><strong>ARCIIIEP.</strong></span> <span class='ocrx_word' id='word_1_501' title='bbox 2627 376 3160 434; x_wconf 71' lang='lat' dir='ltr'><strong>CUNSTANTINOP.</strong></span> 
     </span>
    </p>
   </div>
   <div class='ocr_carea' id='block_1_62' title="bbox 3871 384 3976 440">
    <p class='ocr_par' dir='ltr' id='par_1_62' title="bbox 3871 384 3976 440">
     <span class='ocr_line' id='line_1_62' title="bbox 3871 384 3976 440; baseline 0 -1"><span class='ocrx_word' id='word_1_502' title='bbox 3871 384 3976 440; x_wconf 77' lang='lat'><strong>600</strong></span> 
     </span>
    </p>
   </div>
   <div class='ocr_carea' id='block_1_63' title="bbox 2393 489 3979 562">
    <p class='ocr_par' dir='ltr' id='par_1_63' title="bbox 2393 489 3979 562">
     <span class='ocr_line' id='line_1_63' title="bbox 2393 489 3979 562; baseline 0.006 -19"><span class='ocrx_word' id='word_1_503' title='bbox 2393 489 2708 544; x_wconf 83' lang='lat' dir='ltr'><strong>labefactent</strong></span> <span class='ocrx_word' id='word_1_504' title='bbox 2735 506 2752 554; x_wconf 85' lang='lat'><strong>;</strong></span> <span class='ocrx_word' id='word_1_505' title='bbox 2780 498 2836 543; x_wconf 92' lang='lat' dir='ltr'><strong>ut</strong></span> <span class='ocrx_word' id='word_1_506' title='bbox 2867 504 2969 544; x_wconf 92' lang='lat' dir='ltr'><strong>non</strong></span> <span class='ocrx_word' id='word_1_507' title='bbox 3010 491 3284 562; x_wconf 88' lang='lat' dir='ltr'><strong>proposito</strong></span> <span class='ocrx_word' id='word_1_508' title='bbox 3325 491 3610 551; x_wconf 81' lang='lat' dir='ltr'><strong>voluntatis</strong></span> <span class='ocrx_word' id='word_1_509' title='bbox 3635 536 3649 560; x_wconf 90' lang='lat'><strong>,</strong></span> <span class='ocrx_word' id='word_1_510' title='bbox 3679 495 3770 552; x_wconf 89' lang='lat' dir='ltr'><strong>sed</strong></span> <span class='ocrx_word' id='word_1_511' title='bbox 3805 514 3979 553; x_wconf 84' lang='lat' dir='ltr'><strong>mem-</strong></span> 
     </span>
    </p>
   </div>
   <div class='ocr_carea' id='block_1_64' title="bbox 2390 584 3977 652">
    <p class='ocr_par' dir='ltr' id='par_1_64' title="bbox 2390 584 3977 652">
     <span class='ocr_line' id='line_1_64' title="bbox 2390 584 3977 652; baseline 0.004 -14"><span class='ocrx_word' id='word_1_512' title='bbox 2390 584 2605 638; x_wconf 89' lang='lat' dir='ltr'><strong>brorum</strong></span> <span class='ocrx_word' id='word_1_513' title='bbox 2645 593 2847 637; x_wconf 81' lang='lat' dir='ltr'><strong>naturae</strong></span> <span class='ocrx_word' id='word_1_514' title='bbox 2873 592 3038 650; x_wconf 87' lang='lat' dir='ltr'><strong>totum</strong></span> <span class='ocrx_word' id='word_1_515' title='bbox 3081 587 3376 642; x_wconf 85' lang='lat' dir='ltr'><strong>tribuentes</strong></span> <span class='ocrx_word' id='word_1_516' title='bbox 3405 630 3418 652; x_wconf 90' lang='lat'><strong>,</strong></span> <span class='ocrx_word' id='word_1_517' title='bbox 3447 588 3525 643; x_wconf 85' lang='lat' dir='ltr'><strong>sic</strong></span> <span class='ocrx_word' id='word_1_518' title='bbox 3564 591 3714 643; x_wconf 91' lang='lat' dir='ltr'><strong>multi</strong></span> <span class='ocrx_word' id='word_1_519' title='bbox 3760 591 3877 646; x_wconf 85' lang='lat' dir='ltr'><strong>sine</strong></span> <span class='ocrx_word' id='word_1_520' title='bbox 3912 593 3977 644; x_wconf 84' lang='lat' dir='ltr'><strong>ti-</strong></span> 
     </span>
    </p>
   </div>
   <div class='ocr_carea' id='block_1_65' title="bbox 2392 679 3978 747">
    <p class='ocr_par' dir='ltr' id='par_1_65' title="bbox 2392 679 3978 747">
     <span class='ocr_line' id='line_1_65' title="bbox 2392 679 3978 747; baseline 0.003 -15"><span class='ocrx_word' id='word_1_521' title='bbox 2392 693 2538 732; x_wconf 87' lang='lat' dir='ltr'><strong>more</strong></span> <span class='ocrx_word' id='word_1_522' title='bbox 2560 685 2860 746; x_wconf 86' lang='lat' dir='ltr'><strong>peecarenl,</strong></span> <span class='ocrx_word' id='word_1_523' title='bbox 2888 679 3035 747; x_wconf 87' lang='lat' dir='ltr'><strong>quasi</strong></span> <span class='ocrx_word' id='word_1_524' title='bbox 3065 681 3324 732; x_wconf 89' lang='lat' dir='ltr'><strong>rationem</strong></span> <span class='ocrx_word' id='word_1_525' title='bbox 3349 696 3452 735; x_wconf 90' lang='lat' dir='ltr'><strong>non</strong></span> <span class='ocrx_word' id='word_1_526' title='bbox 3475 691 3654 735; x_wconf 85' lang='lat' dir='ltr'><strong>essent</strong></span> <span class='ocrx_word' id='word_1_527' title='bbox 3683 683 3978 737; x_wconf 90' lang='lat' dir='ltr'><strong>reddituri:</strong></span> 
     </span>
    </p>
   </div>
   <div class='ocr_carea' id='block_1_66' title="bbox 2388 766 3980 842">
    <p class='ocr_par' dir='ltr' id='par_1_66' title="bbox 2388 766 3980 842">
     <span class='ocr_line' id='line_1_66' title="bbox 2388 766 3980 842; baseline 0.003 -19"><span class='ocrx_word' id='word_1_528' title='bbox 2388 784 2451 824; x_wconf 86' lang='lat' dir='ltr'><strong>ac</strong></span> <span class='ocrx_word' id='word_1_529' title='bbox 2479 769 2758 837; x_wconf 89' lang='lat' dir='ltr'><strong>dupliciter</strong></span> <span class='ocrx_word' id='word_1_530' title='bbox 2787 766 2890 822; x_wconf 92' lang='lat' dir='ltr'><strong>hoc</strong></span> <span class='ocrx_word' id='word_1_531' title='bbox 2917 769 3113 824; x_wconf 89' lang='lat' dir='ltr'><strong>animal</strong></span> <span class='ocrx_word' id='word_1_532' title='bbox 3145 769 3395 824; x_wconf 76' lang='lat' dir='ltr'><strong>lccdercnt</strong></span> <span class='ocrx_word' id='word_1_533' title='bbox 3421 813 3433 834; x_wconf 92' lang='lat'><strong>,</strong></span> <span class='ocrx_word' id='word_1_534' title='bbox 3467 783 3574 826; x_wconf 92' lang='lat' dir='ltr'><strong>tum</strong></span> <span class='ocrx_word' id='word_1_535' title='bbox 3621 774 3760 842; x_wconf 86' lang='lat' dir='ltr'><strong>quod</strong></span> <span class='ocrx_word' id='word_1_536' title='bbox 3808 789 3980 827; x_wconf 88' lang='lat' dir='ltr'><strong>mem-</strong></span> 
     </span>
    </p>
   </div>
   <div class='ocr_carea' id='block_1_67' title="bbox 2389 862 3982 932">
    <p class='ocr_par' dir='ltr' id='par_1_67' title="bbox 2389 862 3982 932">
     <span class='ocr_line' id='line_1_67' title="bbox 2389 862 3982 932; baseline 0.004 -16"><span class='ocrx_word' id='word_1_537' title='bbox 2389 862 2483 916; x_wconf 92' lang='lat' dir='ltr'><strong>bra</strong></span> <span class='ocrx_word' id='word_1_538' title='bbox 2507 871 2859 931; x_wconf 88' lang='lat' dir='ltr'><strong>amputarent,</strong></span> <span class='ocrx_word' id='word_1_539' title='bbox 2891 873 2997 916; x_wconf 91' lang='lat' dir='ltr'><strong>tum</strong></span> <span class='ocrx_word' id='word_1_540' title='bbox 3022 863 3162 932; x_wconf 90' lang='lat' dir='ltr'><strong>quod</strong></span> <span class='ocrx_word' id='word_1_541' title='bbox 3189 865 3474 919; x_wconf 88' lang='lat' dir='ltr'><strong>voluntatis</strong></span> <span class='ocrx_word' id='word_1_542' title='bbox 3499 866 3733 920; x_wconf 91' lang='lat' dir='ltr'><strong>studium</strong></span> <span class='ocrx_word' id='word_1_543' title='bbox 3759 883 3787 921; x_wconf 89' lang='lat' dir='ltr'><strong>a</strong></span> <span class='ocrx_word' id='word_1_544' title='bbox 3823 867 3982 922; x_wconf 88' lang='lat' dir='ltr'><strong>bonis</strong></span> 
     </span>
    </p>
   </div>
   <div class='ocr_carea' id='block_1_68' title="bbox 2388 954 3981 1030">
    <p class='ocr_par' dir='ltr' id='par_1_68' title="bbox 2388 954 3981 1030">
     <span class='ocr_line' id='line_1_68' title="bbox 2388 954 3981 1030; baseline 0.001 -21"><span class='ocrx_word' id='word_1_545' title='bbox 2388 956 2699 1009; x_wconf 80' lang='lat' dir='ltr'><strong>exliibcndis</strong></span> <span class='ocrx_word' id='word_1_546' title='bbox 2748 954 3084 1022; x_wconf 83' lang='lat' dir='ltr'><strong>impedirent.</strong></span> <span class='ocrx_word' id='word_1_547' title='bbox 3127 956 3275 1010; x_wconf 86' lang='lat' dir='ltr'><strong>Hanc</strong></span> <span class='ocrx_word' id='word_1_548' title='bbox 3311 973 3467 1027; x_wconf 90' lang='lat' dir='ltr'><strong>porro</strong></span> <span class='ocrx_word' id='word_1_549' title='bbox 3507 958 3753 1014; x_wconf 89' lang='lat' dir='ltr'><strong>diabolus</strong></span> <span class='ocrx_word' id='word_1_550' title='bbox 3799 961 3981 1030; x_wconf 86' lang='lat' dir='ltr'><strong>legem</strong></span> 
     </span>
    </p>
   </div>
   <div class='ocr_carea' id='block_1_69' title="bbox 2385 1047 3970 1119">
    <p class='ocr_par' dir='ltr' id='par_1_69' title="bbox 2385 1047 3970 1119">
     <span class='ocr_line' id='line_1_69' title="bbox 2385 1047 3970 1119; baseline 0 -17"><span class='ocrx_word' id='word_1_551' title='bbox 2385 1049 2699 1113; x_wconf 88' lang='lat' dir='ltr'><strong>constituit;</strong></span> <span class='ocrx_word' id='word_1_552' title='bbox 2731 1058 2924 1116; x_wconf 71' lang='lat' dir='ltr'><strong>prwter</strong></span> <span class='ocrx_word' id='word_1_553' title='bbox 2963 1047 3102 1101; x_wconf 87' lang='lat' dir='ltr'><strong>dicta</strong></span> <span class='ocrx_word' id='word_1_554' title='bbox 3143 1057 3319 1102; x_wconf 89' lang='lat' dir='ltr'><strong>autem</strong></span> <span class='ocrx_word' id='word_1_555' title='bbox 3366 1050 3507 1104; x_wconf 84' lang='lat' dir='ltr'><strong>aliud</strong></span> <span class='ocrx_word' id='word_1_556' title='bbox 3548 1053 3836 1119; x_wconf 86' lang='lat' dir='ltr'><strong>pessimum</strong></span> <span class='ocrx_word' id='word_1_557' title='bbox 3881 1053 3970 1104; x_wconf 84' lang='lat' dir='ltr'><strong>do-</strong></span> 
     </span>
    </p>
   </div>
   <div class='ocr_carea' id='block_1_70' title="bbox 2385 1138 3980 1208">
    <p class='ocr_par' dir='ltr' id='par_1_70' title="bbox 2385 1138 3980 1208">
     <span class='ocr_line' id='line_1_70' title="bbox 2385 1138 3980 1208; baseline 0.001 -16"><span class='ocrx_word' id='word_1_558' title='bbox 2385 1154 2502 1208; x_wconf 88' lang='lat' dir='ltr'><strong>gma</strong></span> <span class='ocrx_word' id='word_1_559' title='bbox 2533 1138 2808 1196; x_wconf 88' lang='lat' dir='ltr'><strong>inducens.</strong></span> <span class='ocrx_word' id='word_1_560' title='bbox 2828 1153 3018 1207; x_wconf 85' lang='lat' dir='ltr'><strong>nempe</strong></span> <span class='ocrx_word' id='word_1_561' title='bbox 3046 1139 3113 1192; x_wconf 89' lang='lat' dir='ltr'><strong>de</strong></span> <span class='ocrx_word' id='word_1_562' title='bbox 3141 1139 3248 1194; x_wconf 85' lang='lat' dir='ltr'><strong>fato</strong></span> <span class='ocrx_word' id='word_1_563' title='bbox 3274 1152 3324 1195; x_wconf 92' lang='lat' dir='ltr'><strong>et</strong></span> <span class='ocrx_word' id='word_1_564' title='bbox 3353 1144 3692 1205; x_wconf 88' lang='lat' dir='ltr'><strong>necessitate,</strong></span> <span class='ocrx_word' id='word_1_565' title='bbox 3717 1143 3816 1197; x_wconf 84' lang='lat' dir='ltr'><strong>hac</strong></span> <span class='ocrx_word' id='word_1_566' title='bbox 3849 1159 3980 1198; x_wconf 86' lang='lat' dir='ltr'><strong>vero</strong></span> 
     </span>
    </p>
   </div>
   <div class='ocr_carea' id='block_1_71' title="bbox 2385 1228 3978 1297">
    <p class='ocr_par' dir='ltr' id='par_1_71' title="bbox 2385 1228 3978 1297">
     <span class='ocr_line' id='line_1_71' title="bbox 2385 1228 3978 1297; baseline 0.003 -18"><span class='ocrx_word' id='word_1_567' title='bbox 2385 1239 2564 1297; x_wconf 90' lang='lat' dir='ltr'><strong>parata</strong></span> <span class='ocrx_word' id='word_1_568' title='bbox 2604 1228 2708 1291; x_wconf 88' lang='lat' dir='ltr'><strong>via,</strong></span> <span class='ocrx_word' id='word_1_569' title='bbox 2749 1228 3045 1282; x_wconf 85' lang='lat' dir='ltr'><strong>libertatem</strong></span> <span class='ocrx_word' id='word_1_570' title='bbox 3079 1228 3234 1294; x_wconf 86' lang='lat' dir='ltr'><strong>nobis</strong></span> <span class='ocrx_word' id='word_1_571' title='bbox 3263 1245 3291 1282; x_wconf 89' lang='lat' dir='ltr'><strong>a</strong></span> <span class='ocrx_word' id='word_1_572' title='bbox 3326 1230 3433 1286; x_wconf 87' lang='lat' dir='ltr'><strong>Deo</strong></span> <span class='ocrx_word' id='word_1_573' title='bbox 3457 1231 3634 1286; x_wconf 85' lang='lat' dir='ltr'><strong>datam</strong></span> <span class='ocrx_word' id='word_1_574' title='bbox 3665 1233 3978 1296; x_wconf 77' lang='lat' dir='ltr'><strong>labefactat,</strong></span> 
     </span>
    </p>
   </div>
   <div class='ocr_carea' id='block_1_72' title="bbox 2384 1318 3979 1391">
    <p class='ocr_par' dir='ltr' id='par_1_72' title="bbox 2384 1318 3979 1391">
     <span class='ocr_line' id='line_1_72' title="bbox 2384 1318 3979 1391; baseline 0.003 -19"><span class='ocrx_word' id='word_1_575' title='bbox 2384 1318 2611 1372; x_wconf 85' lang='lat' dir='ltr'><strong>suadens</strong></span> <span class='ocrx_word' id='word_1_576' title='bbox 2641 1318 2763 1371; x_wconf 86' lang='lat' dir='ltr'><strong>vitia</strong></span> <span class='ocrx_word' id='word_1_577' title='bbox 2795 1333 2913 1372; x_wconf 89' lang='lat' dir='ltr'><strong>esse</strong></span> <span class='ocrx_word' id='word_1_578' title='bbox 2958 1319 3214 1374; x_wconf 89' lang='lat' dir='ltr'><strong>naturalia</strong></span> <span class='ocrx_word' id='word_1_579' title='bbox 3240 1336 3253 1383; x_wconf 94' lang='lat'><strong>;</strong></span> <span class='ocrx_word' id='word_1_580' title='bbox 3285 1320 3557 1391; x_wconf 88' lang='lat' dir='ltr'><strong>multaque</strong></span> <span class='ocrx_word' id='word_1_581' title='bbox 3584 1323 3686 1378; x_wconf 87' lang='lat' dir='ltr'><strong>alia</strong></span> <span class='ocrx_word' id='word_1_582' title='bbox 3719 1324 3842 1380; x_wconf 91' lang='lat' dir='ltr'><strong>inde</strong></span> <span class='ocrx_word' id='word_1_583' title='bbox 3868 1327 3979 1378; x_wconf 81' lang='lat' dir='ltr'><strong>do-</strong></span> 
     </span>
    </p>
   </div>
   <div class='ocr_carea' id='block_1_73' title="bbox 2382 1411 3976 1487">
    <p class='ocr_par' dir='ltr' id='par_1_73' title="bbox 2382 1411 3976 1487">
     <span class='ocr_line' id='line_1_73' title="bbox 2382 1411 3976 1487; baseline 0.004 -25"><span class='ocrx_word' id='word_1_584' title='bbox 2382 1423 2557 1481; x_wconf 81' lang='lat' dir='ltr'><strong>gmata</strong></span> <span class='ocrx_word' id='word_1_585' title='bbox 2589 1426 2745 1479; x_wconf 86' lang='lat' dir='ltr'><strong>prava</strong></span> <span class='ocrx_word' id='word_1_586' title='bbox 2782 1411 3138 1467; x_wconf 90' lang='lat' dir='ltr'><strong>disseminans</strong></span> <span class='ocrx_word' id='word_1_587' title='bbox 3159 1455 3174 1477; x_wconf 93' lang='lat'><strong>,</strong></span> <span class='ocrx_word' id='word_1_588' title='bbox 3206 1415 3411 1469; x_wconf 89' lang='lat' dir='ltr'><strong>etiamsi</strong></span> <span class='ocrx_word' id='word_1_589' title='bbox 3443 1416 3491 1470; x_wconf 89' lang='lat' dir='ltr'><strong>id</strong></span> <span class='ocrx_word' id='word_1_590' title='bbox 3532 1431 3636 1470; x_wconf 89' lang='lat' dir='ltr'><strong>non</strong></span> <span class='ocrx_word' id='word_1_591' title='bbox 3668 1429 3852 1487; x_wconf 88' lang='lat' dir='ltr'><strong>aperte</strong></span> <span class='ocrx_word' id='word_1_592' title='bbox 3898 1419 3976 1469; x_wconf 80' lang='lat' dir='ltr'><strong>fa-</strong></span> 
     </span>
    </p>
   </div>
   <div class='ocr_carea' id='block_1_74' title="bbox 2382 1503 3974 1576">
    <p class='ocr_par' dir='ltr' id='par_1_74' title="bbox 2382 1503 3974 1576">
     <span class='ocr_line' id='line_1_74' title="bbox 2382 1503 3974 1576; baseline 0.004 -20"><span class='ocrx_word' id='word_1_593' title='bbox 2382 1503 2504 1556; x_wconf 90' lang='lat' dir='ltr'><strong>ciat.</strong></span> <span class='ocrx_word' id='word_1_594' title='bbox 2557 1503 2699 1556; x_wconf 85' lang='lat' dir='ltr'><strong>Talia</strong></span> <span class='ocrx_word' id='word_1_595' title='bbox 2755 1504 2952 1573; x_wconf 91' lang='lat' dir='ltr'><strong>quippe</strong></span> <span class='ocrx_word' id='word_1_596' title='bbox 3003 1515 3126 1558; x_wconf 89' lang='lat' dir='ltr'><strong>sunt</strong></span> <span class='ocrx_word' id='word_1_597' title='bbox 3174 1504 3369 1561; x_wconf 88' lang='lat' dir='ltr'><strong>diaboli</strong></span> <span class='ocrx_word' id='word_1_598' title='bbox 3424 1508 3718 1576; x_wconf 61' lang='lat' dir='ltr'><strong>perniciosa</strong></span> <span class='ocrx_word' id='word_1_599' title='bbox 3772 1509 3974 1564; x_wconf 53' lang='lat' dir='ltr'><strong>toxi&#39;a.</strong></span> 
     </span>
    </p>
   </div>
   <div class='ocr_carea' id='block_1_75' title="bbox 2383 1593 3975 1671">
    <p class='ocr_par' dir='ltr' id='par_1_75' title="bbox 2383 1593 3975 1671">
     <span class='ocr_line' id='line_1_75' title="bbox 2383 1593 3975 1671; baseline 0.008 -25"><span class='ocrx_word' id='word_1_600' title='bbox 2383 1593 2714 1663; x_wconf 83' lang='lat' dir='ltr'><strong>Quapmpter</strong></span> <span class='ocrx_word' id='word_1_601' title='bbox 2743 1611 2891 1665; x_wconf 82' lang='lat' dir='ltr'><strong>rogo,</strong></span> <span class='ocrx_word' id='word_1_602' title='bbox 2923 1595 3059 1651; x_wconf 90' lang='lat' dir='ltr'><strong>hanc</strong></span> <span class='ocrx_word' id='word_1_603' title='bbox 3085 1596 3346 1667; x_wconf 80' lang='lat' dir='ltr'><strong>fugiamus</strong></span> <span class='ocrx_word' id='word_1_604' title='bbox 3385 1601 3735 1671; x_wconf 87' lang='lat' dir='ltr'><strong>iniquitatem.</strong></span> <span class='ocrx_word' id='word_1_605' title='bbox 3768 1603 3975 1658; x_wconf 74' lang='lat' dir='ltr'><strong>l‘ra-ter</strong></span> 
     </span>
    </p>
   </div>
   <div class='ocr_carea' id='block_1_76' title="bbox 2383 1685 3971 1763">
    <p class='ocr_par' dir='ltr' id='par_1_76' title="bbox 2383 1685 3971 1763">
     <span class='ocr_line' id='line_1_76' title="bbox 2383 1685 3971 1763; baseline 0.005 -25"><span class='ocrx_word' id='word_1_606' title='bbox 2383 1699 2444 1738; x_wconf 89' lang='lat' dir='ltr'><strong>ea</strong></span> <span class='ocrx_word' id='word_1_607' title='bbox 2471 1685 2611 1739; x_wconf 90' lang='lat' dir='ltr'><strong>enim</strong></span> <span class='ocrx_word' id='word_1_608' title='bbox 2641 1702 2760 1756; x_wconf 70' lang='lat' dir='ltr'><strong>qua:</strong></span> <span class='ocrx_word' id='word_1_609' title='bbox 2786 1687 3015 1741; x_wconf 78' lang='lat' dir='ltr'><strong>diximus</strong></span> <span class='ocrx_word' id='word_1_610' title='bbox 3037 1731 3051 1753; x_wconf 93' lang='lat'><strong>,</strong></span> <span class='ocrx_word' id='word_1_611' title='bbox 3084 1703 3186 1742; x_wconf 89' lang='lat' dir='ltr'><strong>non</strong></span> <span class='ocrx_word' id='word_1_612' title='bbox 3219 1690 3489 1759; x_wconf 84' lang='lat' dir='ltr'><strong>mitigatur</strong></span> <span class='ocrx_word' id='word_1_613' title='bbox 3517 1693 3638 1747; x_wconf 91' lang='lat' dir='ltr'><strong>inde</strong></span> <span class='ocrx_word' id='word_1_614' title='bbox 3668 1694 3929 1763; x_wconf 72' lang='lat' dir='ltr'><strong>cupiditas</strong></span> <span class='ocrx_word' id='word_1_615' title='bbox 3957 1738 3971 1757; x_wconf 92' lang='lat'><strong>,</strong></span> 
     </span>
    </p>
   </div>
   <div class='ocr_carea' id='block_1_77' title="bbox 2383 1773 3976 1850">
    <p class='ocr_par' dir='ltr' id='par_1_77' title="bbox 2383 1773 3976 1850">
     <span class='ocr_line' id='line_1_77' title="bbox 2383 1773 3976 1850; baseline 0.006 -24"><span class='ocrx_word' id='word_1_616' title='bbox 2383 1773 2490 1827; x_wconf 91' lang='lat' dir='ltr'><strong>imo</strong></span> <span class='ocrx_word' id='word_1_617' title='bbox 2518 1777 2573 1828; x_wconf 89' lang='lat' dir='ltr'><strong>lit</strong></span> <span class='ocrx_word' id='word_1_618' title='bbox 2601 1777 2876 1831; x_wconf 80' lang='lat' dir='ltr'><strong>ardentior</strong></span> <span class='ocrx_word' id='word_1_619' title='bbox 2901 1794 2912 1830; x_wconf 89' lang='lat'><strong>:</strong></span> <span class='ocrx_word' id='word_1_620' title='bbox 2940 1792 3148 1848; x_wconf 88' lang='lat' dir='ltr'><strong>sperma</strong></span> <span class='ocrx_word' id='word_1_621' title='bbox 3178 1795 3404 1850; x_wconf 87' lang='lat' dir='ltr'><strong>namque</strong></span> <span class='ocrx_word' id='word_1_622' title='bbox 3433 1782 3646 1837; x_wconf 91' lang='lat' dir='ltr'><strong>aliunde</strong></span> <span class='ocrx_word' id='word_1_623' title='bbox 3677 1786 3850 1838; x_wconf 75' lang='lat' dir='ltr'><strong>fontes</strong></span> <span class='ocrx_word' id='word_1_624' title='bbox 3875 1785 3976 1839; x_wconf 74' lang='lat' dir='ltr'><strong>lu-</strong></span> 
     </span>
    </p>
   </div>
   <div class='ocr_carea' id='block_1_78' title="bbox 2383 1863 3974 1940">
    <p class='ocr_par' dir='ltr' id='par_1_78' title="bbox 2383 1863 3974 1940">
     <span class='ocr_line' id='line_1_78' title="bbox 2383 1863 3974 1940; baseline 0.009 -22"><span class='ocrx_word' id='word_1_625' title='bbox 2383 1863 2491 1928; x_wconf 85' lang='lat' dir='ltr'><strong>bet,</strong></span> <span class='ocrx_word' id='word_1_626' title='bbox 2515 1877 2566 1919; x_wconf 87' lang='lat' dir='ltr'><strong>et</strong></span> <span class='ocrx_word' id='word_1_627' title='bbox 2605 1866 2816 1921; x_wconf 86' lang='lat' dir='ltr'><strong>aliunde</strong></span> <span class='ocrx_word' id='word_1_628' title='bbox 2851 1867 3096 1922; x_wconf 81' lang='lat' dir='ltr'><strong>fluctibus</strong></span> <span class='ocrx_word' id='word_1_629' title='bbox 3135 1871 3381 1940; x_wconf 77' lang='lat' dir='ltr'><strong>agitatur.</strong></span> <span class='ocrx_word' id='word_1_630' title='bbox 3410 1872 3508 1925; x_wconf 83' lang='lat' dir='ltr'><strong>Alii</strong></span> <span class='ocrx_word' id='word_1_631' title='bbox 3537 1875 3675 1927; x_wconf 88' lang='lat' dir='ltr'><strong>enim</strong></span> <span class='ocrx_word' id='word_1_632' title='bbox 3707 1891 3769 1928; x_wconf 88' lang='lat' dir='ltr'><strong>ex</strong></span> <span class='ocrx_word' id='word_1_633' title='bbox 3815 1891 3974 1931; x_wconf 84' lang='lat' dir='ltr'><strong>cerc-</strong></span> 
     </span>
    </p>
   </div>
   <div class='ocr_carea' id='block_1_79' title="bbox 2383 1957 3974 2036">
    <p class='ocr_par' dir='ltr' id='par_1_79' title="bbox 2383 1957 3974 2036">
     <span class='ocr_line' id='line_1_79' title="bbox 2383 1957 3974 2036; baseline 0.008 -25"><span class='ocrx_word' id='word_1_634' title='bbox 2383 1957 2498 2021; x_wconf 88' lang='lat' dir='ltr'><strong>bro,</strong></span> <span class='ocrx_word' id='word_1_635' title='bbox 2531 1958 2619 2012; x_wconf 86' lang='lat' dir='ltr'><strong>alii</strong></span> <span class='ocrx_word' id='word_1_636' title='bbox 2649 1975 2711 2013; x_wconf 85' lang='lat' dir='ltr'><strong>ex</strong></span> <span class='ocrx_word' id='word_1_637' title='bbox 2741 1960 2932 2014; x_wconf 89' lang='lat' dir='ltr'><strong>lumbis</strong></span> <span class='ocrx_word' id='word_1_638' title='bbox 2960 1974 3180 2016; x_wconf 70' lang='lat' dir='ltr'><strong>(nstrum</strong></span> <span class='ocrx_word' id='word_1_639' title='bbox 3212 1965 3339 2017; x_wconf 90' lang='lat' dir='ltr'><strong>oriri</strong></span> <span class='ocrx_word' id='word_1_640' title='bbox 3380 1965 3583 2020; x_wconf 89' lang='lat' dir='ltr'><strong>dicunt.</strong></span> <span class='ocrx_word' id='word_1_641' title='bbox 3617 1970 3681 2021; x_wconf 75' lang='lat' dir='ltr'><strong>At</strong></span> <span class='ocrx_word' id='word_1_642' title='bbox 3718 1985 3817 2036; x_wconf 79' lang='lat' dir='ltr'><strong>ego</strong></span> <span class='ocrx_word' id='word_1_643' title='bbox 3863 1987 3974 2025; x_wconf 73' lang='lat' dir='ltr'><strong>non</strong></span> 
     </span>
    </p>
   </div>
   <div class='ocr_carea' id='block_1_80' title="bbox 2379 2047 3972 2127">
    <p class='ocr_par' dir='ltr' id='par_1_80' title="bbox 2379 2047 3972 2127">
     <span class='ocr_line' id='line_1_80' title="bbox 2379 2047 3972 2127; baseline 0.006 -25"><span class='ocrx_word' id='word_1_644' title='bbox 2379 2047 2589 2104; x_wconf 75' lang='lat' dir='ltr'><strong>aliunde</strong></span> <span class='ocrx_word' id='word_1_645' title='bbox 2615 2049 2840 2106; x_wconf 82' lang='lat' dir='ltr'><strong>dixerim</strong></span> <span class='ocrx_word' id='word_1_646' title='bbox 2869 2067 3025 2122; x_wconf 89' lang='lat' dir='ltr'><strong>quam</strong></span> <span class='ocrx_word' id='word_1_647' title='bbox 3054 2054 3120 2107; x_wconf 89' lang='lat' dir='ltr'><strong>ab</strong></span> <span class='ocrx_word' id='word_1_648' title='bbox 3145 2055 3325 2108; x_wconf 89' lang='lat' dir='ltr'><strong>animo</strong></span> <span class='ocrx_word' id='word_1_649' title='bbox 3347 2056 3545 2110; x_wconf 86' lang='lat' dir='ltr'><strong>lascivo</strong></span> <span class='ocrx_word' id='word_1_650' title='bbox 3570 2099 3582 2120; x_wconf 94' lang='lat'><strong>,</strong></span> <span class='ocrx_word' id='word_1_651' title='bbox 3609 2067 3659 2112; x_wconf 88' lang='lat' dir='ltr'><strong>et</strong></span> <span class='ocrx_word' id='word_1_652' title='bbox 3687 2062 3972 2127; x_wconf 76' lang='lat' dir='ltr'><strong>rogitatio-</strong></span> 
     </span>
    </p>
   </div>
   <div class='ocr_carea' id='block_1_81' title="bbox 2379 2143 3971 2221">
    <p class='ocr_par' dir='ltr' id='par_1_81' title="bbox 2379 2143 3971 2221">
     <span class='ocr_line' id='line_1_81' title="bbox 2379 2143 3971 2221; baseline 0.008 -27"><span class='ocrx_word' id='word_1_653' title='bbox 2379 2155 2503 2194; x_wconf 90' lang='lat' dir='ltr'><strong>num</strong></span> <span class='ocrx_word' id='word_1_654' title='bbox 2536 2143 2776 2221; x_wconf 81' lang='lat' dir='ltr'><strong>neglectu</strong></span> <span class='ocrx_word' id='word_1_655' title='bbox 2809 2163 2820 2198; x_wconf 94' lang='lat'><strong>:</strong></span> <span class='ocrx_word' id='word_1_656' title='bbox 2851 2145 2892 2198; x_wconf 93' lang='lat' dir='ltr'><strong>si</strong></span> <span class='ocrx_word' id='word_1_657' title='bbox 2936 2146 3145 2199; x_wconf 91' lang='lat' dir='ltr'><strong>animus</strong></span> <span class='ocrx_word' id='word_1_658' title='bbox 3175 2156 3482 2218; x_wconf 89' lang='lat' dir='ltr'><strong>temperans</strong></span> <span class='ocrx_word' id='word_1_659' title='bbox 3518 2150 3620 2214; x_wconf 90' lang='lat' dir='ltr'><strong>sit,</strong></span> <span class='ocrx_word' id='word_1_660' title='bbox 3647 2150 3851 2202; x_wconf 89' lang='lat' dir='ltr'><strong>nullum</strong></span> <span class='ocrx_word' id='word_1_661' title='bbox 3904 2169 3971 2207; x_wconf 87' lang='lat' dir='ltr'><strong>ex</strong></span> 
     </span>
    </p>
   </div>
   <div class='ocr_carea' id='block_1_82' title="bbox 2381 2231 3975 2302">
    <p class='ocr_par' dir='ltr' id='par_1_82' title="bbox 2381 2231 3975 2302">
     <span class='ocr_line' id='line_1_82' title="bbox 2381 2231 3975 2302; baseline -0.002 -13"><span class='ocrx_word' id='word_1_662' title='bbox 2381 2236 2725 2290; x_wconf 87' lang='lat' dir='ltr'><strong>naturalibus</strong></span> <span class='ocrx_word' id='word_1_663' title='bbox 2751 2236 2991 2289; x_wconf 85' lang='lat' dir='ltr'><strong>motibus</strong></span> <span class='ocrx_word' id='word_1_664' title='bbox 3027 2237 3292 2287; x_wconf 85' lang='lat' dir='ltr'><strong>damnum</strong></span> <span class='ocrx_word' id='word_1_665' title='bbox 3325 2242 3520 2286; x_wconf 87' lang='lat' dir='ltr'><strong>orttur.</strong></span> <span class='ocrx_word' id='word_1_666' title='bbox 3550 2231 3623 2286; x_wconf 84' lang='lat' dir='ltr'><strong>De</strong></span> <span class='ocrx_word' id='word_1_667' title='bbox 3664 2233 3771 2287; x_wconf 85' lang='lat' dir='ltr'><strong>illis</strong></span> <span class='ocrx_word' id='word_1_668' title='bbox 3806 2234 3975 2302; x_wconf 71' lang='lat' dir='ltr'><strong>igitur</strong></span> 
     </span>
    </p>
   </div>
   <div class='ocr_carea' id='block_1_83' title="bbox 2377 2323 3970 2395">
    <p class='ocr_par' dir='ltr' id='par_1_83' title="bbox 2377 2323 3970 2395">
     <span class='ocr_line' id='line_1_83' title="bbox 2377 2323 3970 2395; baseline -0.001 -13"><span class='ocrx_word' id='word_1_669' title='bbox 2377 2327 2643 2382; x_wconf 70' lang='lat' dir='ltr'><strong>cunucltis</strong></span> <span class='ocrx_word' id='word_1_670' title='bbox 2671 2327 2907 2391; x_wconf 90' lang='lat' dir='ltr'><strong>locutus,</strong></span> <span class='ocrx_word' id='word_1_671' title='bbox 2938 2328 3030 2395; x_wconf 90' lang='lat' dir='ltr'><strong>qni</strong></span> <span class='ocrx_word' id='word_1_672' title='bbox 3068 2325 3267 2380; x_wconf 81' lang='lat' dir='ltr'><strong>frustra</strong></span> <span class='ocrx_word' id='word_1_673' title='bbox 3293 2323 3533 2380; x_wconf 66' lang='lat' dir='ltr'><strong>eunuchi</strong></span> <span class='ocrx_word' id='word_1_674' title='bbox 3558 2333 3708 2386; x_wconf 90' lang='lat' dir='ltr'><strong>sunt,</strong></span> <span class='ocrx_word' id='word_1_675' title='bbox 3737 2326 3840 2378; x_wconf 88' lang='lat' dir='ltr'><strong>nisi</strong></span> <span class='ocrx_word' id='word_1_676' title='bbox 3869 2328 3903 2395; x_wconf 80' lang='grc' dir='ltr'><strong>ἱι</strong></span> <span class='ocrx_word' id='word_1_677' title='bbox 3925 2327 3970 2380; x_wconf 86' lang='lat' dir='ltr'><strong>si</strong></span> 
     </span>
    </p>
   </div>
   <div class='ocr_carea' id='block_1_84' title="bbox 2380 2415 3968 2488">
    <p class='ocr_par' dir='ltr' id='par_1_84' title="bbox 2380 2415 3968 2488">
     <span class='ocr_line' id='line_1_84' title="bbox 2380 2415 3968 2488; baseline -0.001 -16"><span class='ocrx_word' id='word_1_678' title='bbox 2380 2427 2560 2472; x_wconf 90' lang='lat' dir='ltr'><strong>mente</strong></span> <span class='ocrx_word' id='word_1_679' title='bbox 2618 2428 2670 2472; x_wconf 91' lang='lat' dir='ltr'><strong>et</strong></span> <span class='ocrx_word' id='word_1_680' title='bbox 2716 2419 2901 2473; x_wconf 82' lang='lat' dir='ltr'><strong>animo</strong></span> <span class='ocrx_word' id='word_1_681' title='bbox 2953 2427 3314 2488; x_wconf 77' lang='lat' dir='ltr'><strong>temperantes</strong></span> <span class='ocrx_word' id='word_1_682' title='bbox 3378 2415 3484 2470; x_wconf 85' lang='lat' dir='ltr'><strong>sint</strong></span> <span class='ocrx_word' id='word_1_683' title='bbox 3514 2451 3527 2470; x_wconf 84' lang='lat'><strong>.</strong></span> <span class='ocrx_word' id='word_1_684' title='bbox 3559 2416 3716 2470; x_wconf 85' lang='lat' dir='ltr'><strong>etde</strong></span> <span class='ocrx_word' id='word_1_685' title='bbox 3773 2417 3842 2471; x_wconf 79' lang='lat' dir='ltr'><strong>iis</strong></span> <span class='ocrx_word' id='word_1_686' title='bbox 3876 2419 3968 2486; x_wconf 92' lang='lat' dir='ltr'><strong>qui</strong></span> 
     </span>
    </p>
   </div>
   <div class='ocr_carea' id='block_1_85' title="bbox 2377 2508 3967 2580">
    <p class='ocr_par' dir='ltr' id='par_1_85' title="bbox 2377 2508 3967 2580">
     <span class='ocr_line' id='line_1_85' title="bbox 2377 2508 3967 2580; baseline -0.001 -18"><span class='ocrx_word' id='word_1_687' title='bbox 2377 2520 2598 2578; x_wconf 87' lang='lat' dir='ltr'><strong>propter</strong></span> <span class='ocrx_word' id='word_1_688' title='bbox 2633 2524 2856 2579; x_wconf 84' lang='lat' dir='ltr'><strong>regnum</strong></span> <span class='ocrx_word' id='word_1_689' title='bbox 2887 2510 3148 2564; x_wconf 76' lang='lat' dir='ltr'><strong>caelorum</strong></span> <span class='ocrx_word' id='word_1_690' title='bbox 3181 2508 3559 2580; x_wconf 75' lang='lat' dir='ltr'><strong>virginitatem</strong></span> <span class='ocrx_word' id='word_1_691' title='bbox 3593 2511 3967 2574; x_wconf 79' lang='lat' dir='ltr'><strong>servant,jam</strong></span> 
     </span>
    </p>
   </div>
   <div class='ocr_carea' id='block_1_86' title="bbox 2378 2600 3973 2671">
    <p class='ocr_par' dir='ltr' id='par_1_86' title="bbox 2378 2600 3973 2671">
     <span class='ocr_line' id='line_1_86' title="bbox 2378 2600 3973 2671; baseline -0.001 -17"><span class='ocrx_word' id='word_1_692' title='bbox 2378 2609 2594 2670; x_wconf 83' lang='lat' dir='ltr'><strong>pererat</strong></span> <span class='ocrx_word' id='word_1_693' title='bbox 2627 2600 2713 2656; x_wconf 90' lang='lat' dir='ltr'><strong>his</strong></span> <span class='ocrx_word' id='word_1_694' title='bbox 2740 2602 2921 2655; x_wconf 85' lang='lat' dir='ltr'><strong>verbis</strong></span> <span class='ocrx_word' id='word_1_695' title='bbox 2949 2619 2962 2655; x_wconf 89' lang='lat'>:</span> <span class='ocrx_word' id='word_1_696' title='bbox 2991 2602 3097 2665; x_wconf 76' lang='lat' dir='ltr'><strong>Qui</strong></span> <span class='ocrx_word' id='word_1_697' title='bbox 3125 2602 3314 2670; x_wconf 83' lang='lat' dir='ltr'><strong>poterit</strong></span> <span class='ocrx_word' id='word_1_698' title='bbox 3329 2617 3540 2671; x_wconf 76' lang='lat' dir='ltr'><strong>capere,</strong></span> <span class='ocrx_word' id='word_1_699' title='bbox 3561 2601 3779 2668; x_wconf 70' lang='lat' dir='ltr'><strong>capiat:</strong></span> <span class='ocrx_word' id='word_1_700' title='bbox 3812 2601 3973 2654; x_wconf 89' lang='lat' dir='ltr'><strong>hinc-</strong></span> 
     </span>
    </p>
   </div>
   <div class='ocr_carea' id='block_1_87' title="bbox 2377 2691 3971 2762">
    <p class='ocr_par' dir='ltr' id='par_1_87' title="bbox 2377 2691 3971 2762">
     <span class='ocr_line' id='line_1_87' title="bbox 2377 2691 3971 2762; baseline -0.001 -17"><span class='ocrx_word' id='word_1_701' title='bbox 2377 2708 2483 2761; x_wconf 89' lang='lat' dir='ltr'><strong>que</strong></span> <span class='ocrx_word' id='word_1_702' title='bbox 2500 2693 2733 2749; x_wconf 87' lang='lat' dir='ltr'><strong>validius</strong></span> <span class='ocrx_word' id='word_1_703' title='bbox 2761 2692 3088 2758; x_wconf 84' lang='lat' dir='ltr'><strong>inflammat,</strong></span> <span class='ocrx_word' id='word_1_704' title='bbox 3111 2693 3256 2762; x_wconf 92' lang='lat' dir='ltr'><strong>quod</strong></span> <span class='ocrx_word' id='word_1_705' title='bbox 3285 2709 3402 2748; x_wconf 88' lang='lat' dir='ltr'><strong>rem</strong></span> <span class='ocrx_word' id='word_1_706' title='bbox 3431 2691 3705 2762; x_wconf 81' lang='lat' dir='ltr'><strong>insignem</strong></span> <span class='ocrx_word' id='word_1_707' title='bbox 3733 2700 3782 2744; x_wconf 91' lang='lat' dir='ltr'><strong>et</strong></span> <span class='ocrx_word' id='word_1_708' title='bbox 3803 2707 3971 2756; x_wconf 72' lang='lat' dir='ltr'><strong>gran-</strong></span> 
     </span>
    </p>
   </div>
   <div class='ocr_carea' id='block_1_88' title="bbox 2375 2783 3969 2854">
    <p class='ocr_par' dir='ltr' id='par_1_88' title="bbox 2375 2783 3969 2854">
     <span class='ocr_line' id='line_1_88' title="bbox 2375 2783 3969 2854; baseline -0.002 -17"><span class='ocrx_word' id='word_1_709' title='bbox 2375 2785 2496 2838; x_wconf 86' lang='lat' dir='ltr'><strong>dem</strong></span> <span class='ocrx_word' id='word_1_710' title='bbox 2523 2799 2641 2839; x_wconf 88' lang='lat' dir='ltr'><strong>csse</strong></span> <span class='ocrx_word' id='word_1_711' title='bbox 2665 2785 3026 2851; x_wconf 89' lang='lat' dir='ltr'><strong>demonstret,</strong></span> <span class='ocrx_word' id='word_1_712' title='bbox 3063 2800 3161 2838; x_wconf 91' lang='lat' dir='ltr'><strong>nec</strong></span> <span class='ocrx_word' id='word_1_713' title='bbox 3191 2801 3302 2839; x_wconf 89' lang='lat' dir='ltr'><strong>rem</strong></span> <span class='ocrx_word' id='word_1_714' title='bbox 3330 2786 3471 2840; x_wconf 89' lang='lat' dir='ltr'><strong>intra</strong></span> <span class='ocrx_word' id='word_1_715' title='bbox 3506 2786 3639 2854; x_wconf 78' lang='lat' dir='ltr'><strong>legis</strong></span> <span class='ocrx_word' id='word_1_716' title='bbox 3659 2783 3969 2839; x_wconf 80' lang='lat' dir='ltr'><strong>necessita-</strong></span> 
     </span>
    </p>
   </div>
   <div class='ocr_carea' id='block_1_89' title="bbox 2376 2877 3964 2943">
    <p class='ocr_par' dir='ltr' id='par_1_89' title="bbox 2376 2877 3964 2943">
     <span class='ocr_line' id='line_1_89' title="bbox 2376 2877 3964 2943; baseline 0 -13"><span class='ocrx_word' id='word_1_717' title='bbox 2376 2886 2481 2931; x_wconf 90' lang='lat' dir='ltr'><strong>tem</strong></span> <span class='ocrx_word' id='word_1_718' title='bbox 2520 2877 2770 2943; x_wconf 88' lang='lat' dir='ltr'><strong>includit,</strong></span> <span class='ocrx_word' id='word_1_719' title='bbox 2799 2877 2870 2932; x_wconf 88' lang='lat' dir='ltr'><strong>ob</strong></span> <span class='ocrx_word' id='word_1_720' title='bbox 2897 2877 3230 2931; x_wconf 67' lang='lat' dir='ltr'><strong>ineffabilem</strong></span> <span class='ocrx_word' id='word_1_721' title='bbox 3266 2880 3736 2933; x_wconf 87' lang='lat' dir='ltr'><strong>mansuetudinem</strong></span> <span class='ocrx_word' id='word_1_722' title='bbox 3775 2892 3964 2932; x_wconf 75' lang='lat' dir='ltr'><strong>Suam.</strong></span> 
     </span>
    </p>
   </div>
   <div class='ocr_carea' id='block_1_90' title="bbox 2374 2966 3970 3041">
    <p class='ocr_par' dir='ltr' id='par_1_90' title="bbox 2374 2966 3970 3041">
     <span class='ocr_line' id='line_1_90' title="bbox 2374 2966 3970 3041; baseline 0.003 -21"><span class='ocrx_word' id='word_1_723' title='bbox 2374 2966 2440 3022; x_wconf 84' lang='lat' dir='ltr'><strong>Et</strong></span> <span class='ocrx_word' id='word_1_724' title='bbox 2479 2969 2578 3024; x_wconf 90' lang='lat' dir='ltr'><strong>hoc</strong></span> <span class='ocrx_word' id='word_1_725' title='bbox 2608 2969 2768 3034; x_wconf 91' lang='lat' dir='ltr'><strong>dixit,</strong></span> <span class='ocrx_word' id='word_1_726' title='bbox 2821 2970 3058 3024; x_wconf 89' lang='lat' dir='ltr'><strong>maxime</strong></span> <span class='ocrx_word' id='word_1_727' title='bbox 3099 2985 3216 3026; x_wconf 86' lang='lat' dir='ltr'><strong>rem</strong></span> <span class='ocrx_word' id='word_1_728' title='bbox 3256 2986 3378 3026; x_wconf 82' lang='lat' dir='ltr'><strong>esse</strong></span> <span class='ocrx_word' id='word_1_729' title='bbox 3416 2971 3731 3041; x_wconf 88' lang='lat' dir='ltr'><strong>possibilem</strong></span> <span class='ocrx_word' id='word_1_730' title='bbox 3769 2981 3970 3024; x_wconf 66' lang='lat' dir='ltr'><strong>ostem</strong></span> 
     </span>
    </p>
   </div>
   <div class='ocr_carea' id='block_1_91' title="bbox 2370 3059 3922 3130">
    <p class='ocr_par' dir='ltr' id='par_1_91' title="bbox 2370 3059 3922 3130">
     <span class='ocr_line' id='line_1_91' title="bbox 2370 3059 3922 3130; baseline 0.001 -17"><span class='ocrx_word' id='word_1_731' title='bbox 2370 3059 2529 3122; x_wconf 82' lang='lat' dir='ltr'><strong>deus,</strong></span> <span class='ocrx_word' id='word_1_732' title='bbox 2565 3069 2622 3113; x_wconf 90' lang='lat' dir='ltr'><strong>ut</strong></span> <span class='ocrx_word' id='word_1_733' title='bbox 2651 3062 2825 3130; x_wconf 87' lang='lat' dir='ltr'><strong>tnajor</strong></span> <span class='ocrx_word' id='word_1_734' title='bbox 2853 3062 2978 3114; x_wconf 89' lang='lat' dir='ltr'><strong>inde</strong></span> <span class='ocrx_word' id='word_1_735' title='bbox 3020 3064 3294 3128; x_wconf 80' lang='lat' dir='ltr'><strong>cupiditas</strong></span> <span class='ocrx_word' id='word_1_736' title='bbox 3321 3063 3587 3116; x_wconf 88' lang='lat' dir='ltr'><strong>voluntati</strong></span> <span class='ocrx_word' id='word_1_737' title='bbox 3619 3073 3922 3116; x_wconf 73' lang='lat' dir='ltr'><strong>accrescat.</strong></span> 
     </span>
    </p>
   </div>
   <div class='ocr_carea' id='block_1_92' title="bbox 2445 3147 3969 3224">
    <p class='ocr_par' dir='ltr' id='par_1_92' title="bbox 2445 3147 3969 3224">
     <span class='ocr_line' id='line_1_92' title="bbox 2445 3147 3969 3224; baseline 0.006 -19"><span class='ocrx_word' id='word_1_738' title='bbox 2445 3151 2498 3205; x_wconf 66' lang='grc'><strong>4.</strong></span> <span class='ocrx_word' id='word_1_739' title='bbox 2546 3147 2734 3221; x_wconf 73' lang='lat' dir='ltr'><strong>Magna</strong></span> <span class='ocrx_word' id='word_1_740' title='bbox 2762 3153 2938 3222; x_wconf 72' lang='lat' dir='ltr'><strong>gratia:</strong></span> <span class='ocrx_word' id='word_1_741' title='bbox 2975 3168 3068 3223; x_wconf 81' lang='lat' dir='ltr'><strong>0pc</strong></span> <span class='ocrx_word' id='word_1_742' title='bbox 3093 3164 3201 3224; x_wconf 80' lang='lat' dir='ltr'><strong>eget</strong></span> <span class='ocrx_word' id='word_1_743' title='bbox 3234 3154 3514 3224; x_wconf 78' lang='lat' dir='ltr'><strong>virginitas.</strong></span> <span class='ocrx_word' id='word_1_744' title='bbox 3547 3185 3621 3194; x_wconf 74' lang='grc' dir='ltr'><strong>ο-</strong></span> <span class='ocrx_word' id='word_1_745' title='bbox 3645 3154 3748 3210; x_wconf 87' lang='lat' dir='ltr'><strong>Sed</strong></span> <span class='ocrx_word' id='word_1_746' title='bbox 3788 3157 3834 3209; x_wconf 77' lang='lat' dir='ltr'><strong>si</strong></span> <span class='ocrx_word' id='word_1_747' title='bbox 3877 3173 3969 3214; x_wconf 78' lang='lat' dir='ltr'><strong>res</strong></span> 
     </span>
    </p>
   </div>
   <div class='ocr_carea' id='block_1_93' title="bbox 2374 3244 3965 3319">
    <p class='ocr_par' dir='ltr' id='par_1_93' title="bbox 2374 3244 3965 3319">
     <span class='ocr_line' id='line_1_93' title="bbox 2374 3244 3965 3319; baseline 0.004 -21"><span class='ocrx_word' id='word_1_748' title='bbox 2374 3257 2438 3298; x_wconf 90' lang='lat' dir='ltr'><strong>ex</strong></span> <span class='ocrx_word' id='word_1_749' title='bbox 2466 3244 2737 3298; x_wconf 84' lang='lat' dir='ltr'><strong>voluntate</strong></span> <span class='ocrx_word' id='word_1_750' title='bbox 2762 3255 2863 3309; x_wconf 88' lang='lat' dir='ltr'><strong>est,</strong></span> <span class='ocrx_word' id='word_1_751' title='bbox 2885 3246 3116 3316; x_wconf 86' lang='lat' dir='ltr'><strong>inquies.</strong></span> <span class='ocrx_word' id='word_1_752' title='bbox 3139 3245 3408 3316; x_wconf 90' lang='lat' dir='ltr'><strong>quomodo</strong></span> <span class='ocrx_word' id='word_1_753' title='bbox 3431 3248 3482 3302; x_wconf 90' lang='lat' dir='ltr'><strong>in</strong></span> <span class='ocrx_word' id='word_1_754' title='bbox 3507 3247 3765 3319; x_wconf 86' lang='lat' dir='ltr'><strong>principio</strong></span> <span class='ocrx_word' id='word_1_755' title='bbox 3791 3249 3965 3304; x_wconf 73' lang='lat' dir='ltr'><strong>dixit:</strong></span> 
     </span>
    </p>
   </div>
   <div class='ocr_carea' id='block_1_94' title="bbox 2379 3330 3971 3407">
    <p class='ocr_par' dir='ltr' id='par_1_94' title="bbox 2379 3330 3971 3407">
     <span class='ocr_line' id='line_1_94' title="bbox 2379 3330 3971 3407; baseline 0.006 -19"><span class='ocrx_word' id='word_1_756' title='bbox 2379 3330 2497 3388; x_wconf 82' lang='lat' dir='ltr'><strong>Non</strong></span> <span class='ocrx_word' id='word_1_757' title='bbox 2526 3351 2694 3388; x_wconf 82' lang='lat' dir='ltr'><strong>omnes</strong></span> <span class='ocrx_word' id='word_1_758' title='bbox 2729 3338 2954 3404; x_wconf 85' lang='lat' dir='ltr'><strong>capiunt,</strong></span> <span class='ocrx_word' id='word_1_759' title='bbox 2981 3336 3068 3389; x_wconf 80' lang='lat' dir='ltr'><strong>sed</strong></span> <span class='ocrx_word' id='word_1_760' title='bbox 3103 3336 3282 3407; x_wconf 82' lang='lat' dir='ltr'><strong>quibus</strong></span> <span class='ocrx_word' id='word_1_761' title='bbox 3309 3338 3486 3390; x_wconf 79' lang='lat' dir='ltr'><strong>datum</strong></span> <span class='ocrx_word' id='word_1_762' title='bbox 3524 3339 3639 3394; x_wconf 72' lang='lat' dir='ltr'><strong>est?</strong></span> <span class='ocrx_word' id='word_1_763' title='bbox 3677 3338 3744 3395; x_wconf 89' lang='lat' dir='ltr'><strong>Ut</strong></span> <span class='ocrx_word' id='word_1_764' title='bbox 3785 3341 3971 3398; x_wconf 80' lang='lat' dir='ltr'><strong>discas</strong></span> 
     </span>
    </p>
   </div>
   <div class='ocr_carea' id='block_1_95' title="bbox 2377 3431 3974 3501">
    <p class='ocr_par' dir='ltr' id='par_1_95' title="bbox 2377 3431 3974 3501">
     <span class='ocr_line' id='line_1_95' title="bbox 2377 3431 3974 3501; baseline 0.006 -20"><span class='ocrx_word' id='word_1_765' title='bbox 2377 3442 2623 3496; x_wconf 89' lang='lat' dir='ltr'><strong>magnum</strong></span> <span class='ocrx_word' id='word_1_766' title='bbox 2655 3443 2773 3482; x_wconf 89' lang='lat' dir='ltr'><strong>esse</strong></span> <span class='ocrx_word' id='word_1_767' title='bbox 2803 3439 3096 3491; x_wconf 90' lang='lat' dir='ltr'><strong>certamen,</strong></span> <span class='ocrx_word' id='word_1_768' title='bbox 3121 3443 3224 3482; x_wconf 89' lang='lat' dir='ltr'><strong>non</strong></span> <span class='ocrx_word' id='word_1_769' title='bbox 3256 3439 3313 3483; x_wconf 92' lang='lat' dir='ltr'><strong>ut</strong></span> <span class='ocrx_word' id='word_1_770' title='bbox 3337 3441 3535 3485; x_wconf 86' lang='lat' dir='ltr'><strong>sortem</strong></span> <span class='ocrx_word' id='word_1_771' title='bbox 3557 3431 3844 3501; x_wconf 90' lang='lat' dir='ltr'><strong>quamdam</strong></span> <span class='ocrx_word' id='word_1_772' title='bbox 3875 3451 3974 3490; x_wconf 85' lang='lat' dir='ltr'><strong>ne-</strong></span> 
     </span>
    </p>
   </div>
   <div class='ocr_carea' id='block_1_96' title="bbox 2375 3519 3972 3591">
    <p class='ocr_par' dir='ltr' id='par_1_96' title="bbox 2375 3519 3972 3591">
     <span class='ocr_line' id='line_1_96' title="bbox 2375 3519 3972 3591; baseline 0.004 -18"><span class='ocrx_word' id='word_1_773' title='bbox 2375 3519 2661 3573; x_wconf 87' lang='lat' dir='ltr'><strong>cessariam</strong></span> <span class='ocrx_word' id='word_1_774' title='bbox 2687 3519 3013 3588; x_wconf 81' lang='lat' dir='ltr'><strong>imagincris.</strong></span> <span class='ocrx_word' id='word_1_775' title='bbox 3040 3519 3106 3572; x_wconf 90' lang='lat' dir='ltr'><strong>lis</strong></span> <span class='ocrx_word' id='word_1_776' title='bbox 3131 3520 3272 3573; x_wconf 91' lang='lat' dir='ltr'><strong>enim</strong></span> <span class='ocrx_word' id='word_1_777' title='bbox 3316 3520 3494 3573; x_wconf 87' lang='lat' dir='ltr'><strong>datum</strong></span> <span class='ocrx_word' id='word_1_778' title='bbox 3534 3531 3615 3576; x_wconf 88' lang='lat' dir='ltr'><strong>est</strong></span> <span class='ocrx_word' id='word_1_779' title='bbox 3645 3523 3734 3591; x_wconf 90' lang='lat' dir='ltr'><strong>qui</strong></span> <span class='ocrx_word' id='word_1_780' title='bbox 3777 3525 3972 3580; x_wconf 85' lang='lat' dir='ltr'><strong>voine-</strong></span> 
     </span>
    </p>
   </div>
   <div class='ocr_carea' id='block_1_97' title="bbox 2376 3609 3972 3684">
    <p class='ocr_par' dir='ltr' id='par_1_97' title="bbox 2376 3609 3972 3684">
     <span class='ocr_line' id='line_1_97' title="bbox 2376 3609 3972 3684; baseline 0.005 -21"><span class='ocrx_word' id='word_1_781' title='bbox 2376 3610 2500 3663; x_wconf 92' lang='lat' dir='ltr'><strong>rint.</strong></span> <span class='ocrx_word' id='word_1_782' title='bbox 2529 3610 2616 3664; x_wconf 90' lang='lat' dir='ltr'><strong>Sic</strong></span> <span class='ocrx_word' id='word_1_783' title='bbox 2645 3625 2808 3679; x_wconf 87' lang='lat' dir='ltr'><strong>porro</strong></span> <span class='ocrx_word' id='word_1_784' title='bbox 2846 3609 3012 3676; x_wconf 90' lang='lat' dir='ltr'><strong>dixit,</strong></span> <span class='ocrx_word' id='word_1_785' title='bbox 3041 3618 3098 3664; x_wconf 88' lang='lat' dir='ltr'><strong>ut</strong></span> <span class='ocrx_word' id='word_1_786' title='bbox 3126 3609 3434 3666; x_wconf 89' lang='lat' dir='ltr'><strong>ostenderet</strong></span> <span class='ocrx_word' id='word_1_787' title='bbox 3483 3626 3673 3682; x_wconf 83' lang='lat' dir='ltr'><strong>magno</strong></span> <span class='ocrx_word' id='word_1_788' title='bbox 3714 3630 3972 3684; x_wconf 71' lang='lat' dir='ltr'><strong>superate</strong></span> 
     </span>
    </p>
   </div>
   <div class='ocr_carea' id='block_1_98' title="bbox 2374 3698 3973 3772">
    <p class='ocr_par' dir='ltr' id='par_1_98' title="bbox 2374 3698 3973 3772">
     <span class='ocr_line' id='line_1_98' title="bbox 2374 3698 3973 3772; baseline 0.006 -21"><span class='ocrx_word' id='word_1_789' title='bbox 2374 3699 2556 3770; x_wconf 68' lang='lat' dir='ltr'><strong>gratia:</strong></span> <span class='ocrx_word' id='word_1_790' title='bbox 2582 3700 2778 3754; x_wconf 74' lang='lat' dir='ltr'><strong>auxilio</strong></span> <span class='ocrx_word' id='word_1_791' title='bbox 2815 3713 2947 3769; x_wconf 85' lang='lat' dir='ltr'><strong>npus</strong></span> <span class='ocrx_word' id='word_1_792' title='bbox 2978 3698 3176 3754; x_wconf 88' lang='lat' dir='ltr'><strong>habere</strong></span> <span class='ocrx_word' id='word_1_793' title='bbox 3219 3716 3339 3754; x_wconf 91' lang='lat' dir='ltr'><strong>eum</strong></span> <span class='ocrx_word' id='word_1_794' title='bbox 3380 3702 3469 3772; x_wconf 91' lang='lat' dir='ltr'><strong>qui</strong></span> <span class='ocrx_word' id='word_1_795' title='bbox 3515 3701 3616 3757; x_wconf 91' lang='lat' dir='ltr'><strong>hoc</strong></span> <span class='ocrx_word' id='word_1_796' title='bbox 3656 3703 3752 3757; x_wconf 91' lang='lat' dir='ltr'><strong>init</strong></span> <span class='ocrx_word' id='word_1_797' title='bbox 3789 3715 3973 3760; x_wconf 81' lang='lat' dir='ltr'><strong>certa-</strong></span> 
     </span>
    </p>
   </div>
   <div class='ocr_carea' id='block_1_99' title="bbox 2377 3791 3971 3869">
    <p class='ocr_par' dir='ltr' id='par_1_99' title="bbox 2377 3791 3971 3869">
     <span class='ocr_line' id='line_1_99' title="bbox 2377 3791 3971 3869; baseline 0.005 -25"><span class='ocrx_word' id='word_1_798' title='bbox 2377 3807 2520 3855; x_wconf 87' lang='lat' dir='ltr'><strong>tneu,</strong></span> <span class='ocrx_word' id='word_1_799' title='bbox 2553 3806 2657 3860; x_wconf 89' lang='lat' dir='ltr'><strong>quo</strong></span> <span class='ocrx_word' id='word_1_800' title='bbox 2682 3791 2836 3860; x_wconf 87' lang='lat' dir='ltr'><strong>plane</strong></span> <span class='ocrx_word' id='word_1_801' title='bbox 2866 3791 3068 3847; x_wconf 79' lang='lat' dir='ltr'><strong>fruetur</strong></span> <span class='ocrx_word' id='word_1_802' title='bbox 3092 3793 3330 3863; x_wconf 88' lang='lat' dir='ltr'><strong>quisquis</strong></span> <span class='ocrx_word' id='word_1_803' title='bbox 3357 3793 3605 3850; x_wconf 83' lang='lat' dir='ltr'><strong>voluerit.</strong></span> <span class='ocrx_word' id='word_1_804' title='bbox 3637 3795 3782 3851; x_wconf 86' lang='lat' dir='ltr'><strong>Solet</strong></span> <span class='ocrx_word' id='word_1_805' title='bbox 3804 3802 3971 3869; x_wconf 88' lang='lat' dir='ltr'><strong>quip-</strong></span> 
     </span>
    </p>
   </div>
   <div class='ocr_carea' id='block_1_100' title="bbox 2379 3881 3969 3957">
    <p class='ocr_par' dir='ltr' id='par_1_100' title="bbox 2379 3881 3969 3957">
     <span class='ocr_line' id='line_1_100' title="bbox 2379 3881 3969 3957; baseline 0.004 -22"><span class='ocrx_word' id='word_1_806' title='bbox 2379 3896 2443 3950; x_wconf 88' lang='lat' dir='ltr'><strong>pe</strong></span> <span class='ocrx_word' id='word_1_807' title='bbox 2468 3881 2565 3935; x_wconf 91' lang='lat' dir='ltr'><strong>hac</strong></span> <span class='ocrx_word' id='word_1_808' title='bbox 2593 3883 2664 3936; x_wconf 91' lang='lat' dir='ltr'><strong>uti</strong></span> <span class='ocrx_word' id='word_1_809' title='bbox 2699 3897 2826 3937; x_wconf 83' lang='lat' dir='ltr'><strong>voce</strong></span> <span class='ocrx_word' id='word_1_810' title='bbox 2855 3881 3161 3952; x_wconf 85' lang='lat' dir='ltr'><strong>quandode</strong></span> <span class='ocrx_word' id='word_1_811' title='bbox 3191 3899 3378 3954; x_wconf 81' lang='lat' dir='ltr'><strong>magna</strong></span> <span class='ocrx_word' id='word_1_812' title='bbox 3405 3885 3653 3954; x_wconf 87' lang='lat' dir='ltr'><strong>quapiam</strong></span> <span class='ocrx_word' id='word_1_813' title='bbox 3682 3901 3740 3941; x_wconf 88' lang='lat' dir='ltr'><strong>re</strong></span> <span class='ocrx_word' id='word_1_814' title='bbox 3765 3889 3969 3957; x_wconf 78' lang='lat' dir='ltr'><strong>agitur,</strong></span> 
     </span>
    </p>
   </div>
   <div class='ocr_carea' id='block_1_101' title="bbox 2375 3971 3972 4048">
    <p class='ocr_par' dir='ltr' id='par_1_101' title="bbox 2375 3971 3972 4048">
     <span class='ocr_line' id='line_1_101' title="bbox 2375 3971 3972 4048; baseline 0.007 -24"><span class='ocrx_word' id='word_1_815' title='bbox 2375 3983 2432 4025; x_wconf 88' lang='lat' dir='ltr'><strong>nt</strong></span> <span class='ocrx_word' id='word_1_816' title='bbox 2455 3973 2665 4040; x_wconf 89' lang='lat' dir='ltr'><strong>quando</strong></span> <span class='ocrx_word' id='word_1_817' title='bbox 2685 3973 2813 4027; x_wconf 89' lang='lat' dir='ltr'><strong>dicit</strong></span> <span class='ocrx_word' id='word_1_818' title='bbox 2841 3990 2853 4025; x_wconf 94' lang='lat'><strong>:</strong></span> <span class='ocrx_word' id='word_1_819' title='bbox 2894 3971 3040 4027; x_wconf 80' lang='lat' dir='ltr'><strong>Vobis</strong></span> <span class='ocrx_word' id='word_1_820' title='bbox 3070 3973 3244 4026; x_wconf 88' lang='lat' dir='ltr'><strong>datum</strong></span> <span class='ocrx_word' id='word_1_821' title='bbox 3281 3985 3352 4028; x_wconf 82' lang='lat' dir='ltr'><strong>est</strong></span> <span class='ocrx_word' id='word_1_822' title='bbox 3383 3979 3784 4048; x_wconf 81' lang='lat' dir='ltr'><strong>nossemysteriu</strong></span> <span class='ocrx_word' id='word_1_823' title='bbox 3813 3978 3972 4047; x_wconf 71' lang='lat' dir='ltr'><strong>(Luc.</strong></span> 
     </span>
    </p>
   </div>
   <div class='ocr_carea' id='block_1_102' title="bbox 2375 4063 3973 4137">
    <p class='ocr_par' dir='ltr' id='par_1_102' title="bbox 2375 4063 3973 4137">
     <span class='ocr_line' id='line_1_102' title="bbox 2375 4063 3973 4137; baseline 0.004 -20"><span class='ocrx_word' id='word_1_824' title='bbox 2375 4063 2425 4117; x_wconf 92' lang='lat'><strong>8.</strong></span> <span class='ocrx_word' id='word_1_825' title='bbox 2457 4065 2563 4133; x_wconf 81' lang='lat' dir='ltr'><strong>l0).</strong></span> <span class='ocrx_word' id='word_1_826' title='bbox 2591 4064 2741 4130; x_wconf 86' lang='lat' dir='ltr'><strong>Quod</strong></span> <span class='ocrx_word' id='word_1_827' title='bbox 2769 4073 2943 4118; x_wconf 91' lang='lat' dir='ltr'><strong>autem</strong></span> <span class='ocrx_word' id='word_1_828' title='bbox 2977 4063 3079 4119; x_wconf 89' lang='lat' dir='ltr'><strong>hoc</strong></span> <span class='ocrx_word' id='word_1_829' title='bbox 3105 4065 3173 4118; x_wconf 91' lang='lat' dir='ltr'><strong>sit</strong></span> <span class='ocrx_word' id='word_1_830' title='bbox 3204 4081 3386 4120; x_wconf 89' lang='lat' dir='ltr'><strong>verum</strong></span> <span class='ocrx_word' id='word_1_831' title='bbox 3414 4108 3429 4131; x_wconf 93' lang='lat'><strong>,</strong></span> <span class='ocrx_word' id='word_1_832' title='bbox 3460 4081 3524 4122; x_wconf 78' lang='lat' dir='ltr'><strong>ex</strong></span> <span class='ocrx_word' id='word_1_833' title='bbox 3569 4069 3816 4137; x_wconf 70' lang='lat' dir='ltr'><strong>praesenti</strong></span> <span class='ocrx_word' id='word_1_834' title='bbox 3847 4070 3973 4125; x_wconf 81' lang='lat' dir='ltr'><strong>loco</strong></span> 
     </span>
    </p>
   </div>
   <div class='ocr_carea' id='block_1_103' title="bbox 2377 4155 3970 4226">
    <p class='ocr_par' dir='ltr' id='par_1_103' title="bbox 2377 4155 3970 4226">
     <span class='ocr_line' id='line_1_103' title="bbox 2377 4155 3970 4226; baseline 0.004 -20"><span class='ocrx_word' id='word_1_835' title='bbox 2377 4165 2541 4224; x_wconf 87' lang='lat' dir='ltr'><strong>patet.</strong></span> <span class='ocrx_word' id='word_1_836' title='bbox 2589 4155 2719 4209; x_wconf 69' lang='lat' dir='ltr'><strong>Nam</strong></span> <span class='ocrx_word' id='word_1_837' title='bbox 2763 4157 2806 4209; x_wconf 89' lang='lat' dir='ltr'><strong>si</strong></span> <span class='ocrx_word' id='word_1_838' title='bbox 2855 4169 3143 4224; x_wconf 88' lang='lat' dir='ltr'><strong>supernum</strong></span> <span class='ocrx_word' id='word_1_839' title='bbox 3185 4157 3521 4211; x_wconf 90' lang='lat' dir='ltr'><strong>solummodo</strong></span> <span class='ocrx_word' id='word_1_840' title='bbox 3559 4168 3699 4213; x_wconf 86' lang='lat' dir='ltr'><strong>esset</strong></span> <span class='ocrx_word' id='word_1_841' title='bbox 3738 4159 3970 4226; x_wconf 87' lang='lat' dir='ltr'><strong>donum,</strong></span> 
     </span>
    </p>
   </div>
   <div class='ocr_carea' id='block_1_104' title="bbox 2377 4244 3970 4318">
    <p class='ocr_par' dir='ltr' id='par_1_104' title="bbox 2377 4244 3970 4318">
     <span class='ocr_line' id='line_1_104' title="bbox 2377 4244 3970 4318; baseline 0.006 -21"><span class='ocrx_word' id='word_1_842' title='bbox 2377 4244 2614 4313; x_wconf 87' lang='lat' dir='ltr'><strong>nihilque</strong></span> <span class='ocrx_word' id='word_1_843' title='bbox 2643 4245 2709 4297; x_wconf 90' lang='lat' dir='ltr'><strong>de</strong></span> <span class='ocrx_word' id='word_1_844' title='bbox 2737 4260 2833 4297; x_wconf 86' lang='lat' dir='ltr'><strong>suo</strong></span> <span class='ocrx_word' id='word_1_845' title='bbox 2861 4244 3112 4300; x_wconf 76' lang='lat' dir='ltr'><strong>afferrent</strong></span> <span class='ocrx_word' id='word_1_846' title='bbox 3155 4247 3186 4300; x_wconf 93' lang='lat' dir='ltr'><strong>ii</strong></span> <span class='ocrx_word' id='word_1_847' title='bbox 3229 4247 3317 4317; x_wconf 88' lang='lat' dir='ltr'><strong>qtti</strong></span> <span class='ocrx_word' id='word_1_848' title='bbox 3359 4250 3714 4318; x_wconf 86' lang='lat' dir='ltr'><strong>virginitatem</strong></span> <span class='ocrx_word' id='word_1_849' title='bbox 3742 4251 3928 4305; x_wconf 78' lang='lat' dir='ltr'><strong>colunt</strong></span> <span class='ocrx_word' id='word_1_850' title='bbox 3955 4295 3970 4314; x_wconf 88' lang='lat'><strong>,</strong></span> 
     </span>
    </p>
   </div>
   <div class='ocr_carea' id='block_1_105' title="bbox 2375 4335 3974 4408">
    <p class='ocr_par' dir='ltr' id='par_1_105' title="bbox 2375 4335 3974 4408">
     <span class='ocr_line' id='line_1_105' title="bbox 2375 4335 3974 4408; baseline 0.006 -21"><span class='ocrx_word' id='word_1_851' title='bbox 2375 4348 2521 4404; x_wconf 71' lang='lat' dir='ltr'><strong>Super</strong></span> <span class='ocrx_word' id='word_1_852' title='bbox 2540 4336 2640 4388; x_wconf 88' lang='lat' dir='ltr'><strong>llue</strong></span> <span class='ocrx_word' id='word_1_853' title='bbox 2669 4335 2797 4403; x_wconf 88' lang='lat' dir='ltr'><strong>ipsis</strong></span> <span class='ocrx_word' id='word_1_854' title='bbox 2825 4350 3044 4405; x_wconf 83' lang='lat' dir='ltr'><strong>regnum</strong></span> <span class='ocrx_word' id='word_1_855' title='bbox 3067 4336 3317 4391; x_wconf 76' lang='lat' dir='ltr'><strong>etelorutn</strong></span> <span class='ocrx_word' id='word_1_856' title='bbox 3345 4341 3696 4408; x_wconf 83' lang='lat' dir='ltr'><strong>promitteret,</strong></span> <span class='ocrx_word' id='word_1_857' title='bbox 3721 4356 3822 4394; x_wconf 84' lang='lat' dir='ltr'><strong>nec</strong></span> <span class='ocrx_word' id='word_1_858' title='bbox 3853 4358 3974 4397; x_wconf 63' lang='grc' dir='ltr'>ιιιὼ</span> 
     </span>
    </p>
   </div>
   <div class='ocr_carea' id='block_1_106' title="bbox 2375 4428 3974 4500">
    <p class='ocr_par' dir='ltr' id='par_1_106' title="bbox 2375 4428 3974 4500">
     <span class='ocr_line' id='line_1_106' title="bbox 2375 4428 3974 4500; baseline 0.003 -18"><span class='ocrx_word' id='word_1_859' title='bbox 2375 4429 2478 4482; x_wconf 92' lang='lat' dir='ltr'><strong>rito</strong></span> <span class='ocrx_word' id='word_1_860' title='bbox 2509 4428 2626 4482; x_wconf 88' lang='lat' dir='ltr'><strong>illos</strong></span> <span class='ocrx_word' id='word_1_861' title='bbox 2668 4443 2696 4482; x_wconf 92' lang='lat' dir='ltr'><strong>a</strong></span> <span class='ocrx_word' id='word_1_862' title='bbox 2745 4431 2951 4484; x_wconf 78' lang='lat' dir='ltr'><strong>ca-teris</strong></span> <span class='ocrx_word' id='word_1_863' title='bbox 2995 4430 3254 4484; x_wconf 83' lang='lat' dir='ltr'><strong>eunuchis</strong></span> <span class='ocrx_word' id='word_1_864' title='bbox 3306 4431 3675 4500; x_wconf 82' lang='lat' dir='ltr'><strong>distingueret.</strong></span> <span class='ocrx_word' id='word_1_865' title='bbox 3709 4433 3787 4486; x_wconf 76' lang='lat' dir='ltr'><strong>&#39;l‘u</strong></span> <span class='ocrx_word' id='word_1_866' title='bbox 3839 4449 3974 4488; x_wconf 86' lang='lat' dir='ltr'><strong>vero</strong></span> 
     </span>
    </p>
   </div>
   <div class='ocr_carea' id='block_1_107' title="bbox 2375 4521 3969 4595">
    <p class='ocr_par' dir='ltr' id='par_1_107' title="bbox 2375 4521 3969 4595">
     <span class='ocr_line' id='line_1_107' title="bbox 2375 4521 3969 4595; baseline 0.003 -21"><span class='ocrx_word' id='word_1_867' title='bbox 2375 4521 2503 4574; x_wconf 88' lang='lat' dir='ltr'><strong>mihi</strong></span> <span class='ocrx_word' id='word_1_868' title='bbox 2533 4521 2833 4590; x_wconf 82' lang='lat' dir='ltr'><strong>perpende,</strong></span> <span class='ocrx_word' id='word_1_869' title='bbox 2874 4522 3141 4591; x_wconf 89' lang='lat' dir='ltr'><strong>quomodo</strong></span> <span class='ocrx_word' id='word_1_870' title='bbox 3185 4522 3325 4576; x_wconf 88' lang='lat' dir='ltr'><strong>unde</strong></span> <span class='ocrx_word' id='word_1_871' title='bbox 3365 4523 3454 4577; x_wconf 92' lang='lat' dir='ltr'><strong>alii</strong></span> <span class='ocrx_word' id='word_1_872' title='bbox 3488 4523 3718 4590; x_wconf 72' lang='lat' dir='ltr'><strong>maligne</strong></span> <span class='ocrx_word' id='word_1_873' title='bbox 3762 4536 3969 4595; x_wconf 80' lang='lat' dir='ltr'><strong>agunt,</strong></span> 
     </span>
    </p>
   </div>
   <div class='ocr_carea' id='block_1_108' title="bbox 2374 4613 3971 4679">
    <p class='ocr_par' dir='ltr' id='par_1_108' title="bbox 2374 4613 3971 4679">
     <span class='ocr_line' id='line_1_108' title="bbox 2374 4613 3971 4679; baseline 0.004 -13"><span class='ocrx_word' id='word_1_874' title='bbox 2374 4614 2462 4666; x_wconf 90' lang='lat' dir='ltr'><strong>alii</strong></span> <span class='ocrx_word' id='word_1_875' title='bbox 2493 4615 2778 4667; x_wconf 89' lang='lat' dir='ltr'><strong>luerentur.</strong></span> <span class='ocrx_word' id='word_1_876' title='bbox 2813 4613 2942 4668; x_wconf 84' lang='lat' dir='ltr'><strong>Nam</strong></span> <span class='ocrx_word' id='word_1_877' title='bbox 2970 4614 3160 4679; x_wconf 70' lang='lat' dir='ltr'><strong>Judmi,</strong></span> <span class='ocrx_word' id='word_1_878' title='bbox 3190 4629 3308 4668; x_wconf 89' lang='lat' dir='ltr'><strong>cum</strong></span> <span class='ocrx_word' id='word_1_879' title='bbox 3340 4615 3469 4669; x_wconf 89' lang='lat' dir='ltr'><strong>nihil</strong></span> <span class='ocrx_word' id='word_1_880' title='bbox 3497 4616 3838 4678; x_wconf 85' lang='lat' dir='ltr'><strong>didicissent,</strong></span> <span class='ocrx_word' id='word_1_881' title='bbox 3869 4618 3971 4672; x_wconf 86' lang='lat' dir='ltr'><strong>ab-</strong></span> 
     </span>
    </p>
   </div>
   <div class='ocr_carea' id='block_1_109' title="bbox 2376 4705 3967 4774">
    <p class='ocr_par' dir='ltr' id='par_1_109' title="bbox 2376 4705 3967 4774">
     <span class='ocr_line' id='line_1_109' title="bbox 2376 4705 3967 4774; baseline 0.003 -17"><span class='ocrx_word' id='word_1_882' title='bbox 2376 4705 2548 4758; x_wconf 88' lang='lat' dir='ltr'><strong>ierunt</strong></span> <span class='ocrx_word' id='word_1_883' title='bbox 2579 4723 2590 4758; x_wconf 90' lang='lat'><strong>:</strong></span> <span class='ocrx_word' id='word_1_884' title='bbox 2621 4723 2722 4758; x_wconf 91' lang='lat' dir='ltr'><strong>non</strong></span> <span class='ocrx_word' id='word_1_885' title='bbox 2765 4707 2902 4759; x_wconf 89' lang='lat' dir='ltr'><strong>enim</strong></span> <span class='ocrx_word' id='word_1_886' title='bbox 2933 4715 2988 4759; x_wconf 92' lang='lat' dir='ltr'><strong>ut</strong></span> <span class='ocrx_word' id='word_1_887' title='bbox 3027 4706 3295 4759; x_wconf 80' lang='lat' dir='ltr'><strong>discerent</strong></span> <span class='ocrx_word' id='word_1_888' title='bbox 3335 4705 3770 4774; x_wconf 87' lang='lat' dir='ltr'><strong>interrogabant;</strong></span> <span class='ocrx_word' id='word_1_889' title='bbox 3800 4708 3967 4762; x_wconf 67' lang='lat' dir='ltr'><strong>disi-io</strong></span> 
     </span>
    </p>
   </div>
   <div class='ocr_carea' id='block_1_110' title="bbox 2375 4795 3972 4864">
    <p class='ocr_par' dir='ltr' id='par_1_110' title="bbox 2375 4795 3972 4864">
     <span class='ocr_line' id='line_1_110' title="bbox 2375 4795 3972 4864; baseline 0.006 -17"><span class='ocrx_word' id='word_1_890' title='bbox 2375 4795 2480 4864; x_wconf 90' lang='lat' dir='ltr'><strong>puli</strong></span> <span class='ocrx_word' id='word_1_891' title='bbox 2506 4812 2634 4849; x_wconf 82' lang='lat' dir='ltr'><strong>vero</strong></span> <span class='ocrx_word' id='word_1_892' title='bbox 2663 4797 2782 4850; x_wconf 89' lang='lat' dir='ltr'><strong>inde</strong></span> <span class='ocrx_word' id='word_1_893' title='bbox 2811 4797 3013 4850; x_wconf 92' lang='lat' dir='ltr'><strong>lucrum</strong></span> <span class='ocrx_word' id='word_1_894' title='bbox 3045 4797 3362 4851; x_wconf 89' lang='lat' dir='ltr'><strong>retulerunt.</strong></span> <span class='ocrx_word' id='word_1_895' title='bbox 3387 4799 3468 4852; x_wconf 73' lang='grc'><strong>15.</strong></span> <span class='ocrx_word' id='word_1_896' title='bbox 3499 4796 3642 4852; x_wconf 84' lang='lat' dir='ltr'><strong>Tunc</strong></span> <span class='ocrx_word' id='word_1_897' title='bbox 3671 4800 3827 4853; x_wconf 82' lang='lat' dir='ltr'><strong>oblati</strong></span> <span class='ocrx_word' id='word_1_898' title='bbox 3848 4813 3972 4856; x_wconf 81' lang='lat' dir='ltr'><strong>sunt</strong></span> 
     </span>
    </p>
   </div>
   <div class='ocr_carea' id='block_1_111' title="bbox 2375 4880 3974 4962">
    <p class='ocr_par' dir='ltr' id='par_1_111' title="bbox 2375 4880 3974 4962">
     <span class='ocr_line' id='line_1_111' title="bbox 2375 4880 3974 4962; baseline 0.004 -22"><span class='ocrx_word' id='word_1_899' title='bbox 2375 4890 2421 4940; x_wconf 86' lang='lat' dir='ltr'><strong>ei</strong></span> <span class='ocrx_word' id='word_1_900' title='bbox 2451 4890 2666 4957; x_wconf 85' lang='lat' dir='ltr'><strong>pueruli,</strong></span> <span class='ocrx_word' id='word_1_901' title='bbox 2695 4899 2748 4941; x_wconf 88' lang='lat' dir='ltr'><strong>ut</strong></span> <span class='ocrx_word' id='word_1_902' title='bbox 2782 4906 2959 4942; x_wconf 84' lang='lat' dir='ltr'><strong>manus</strong></span> <span class='ocrx_word' id='word_1_903' title='bbox 2998 4891 3269 4960; x_wconf 80' lang='lat' dir='ltr'><strong>imponeret</strong></span> <span class='ocrx_word' id='word_1_904' title='bbox 3301 4890 3389 4954; x_wconf 82' lang='lat' dir='ltr'><strong>eis,</strong></span> <span class='ocrx_word' id='word_1_905' title='bbox 3417 4901 3463 4943; x_wconf 87' lang='lat' dir='ltr'><strong>et</strong></span> <span class='ocrx_word' id='word_1_906' title='bbox 3489 4880 3674 4944; x_wconf 69' lang='lat' dir='ltr'><strong>oraret.</strong></span> <span class='ocrx_word' id='word_1_907' title='bbox 3706 4889 3974 4962; x_wconf 71' lang='lat' dir='ltr'><strong>Discipuli</strong></span> 
     </span>
    </p>
   </div>
   <div class='ocr_carea' id='block_1_112' title="bbox 2373 4977 3974 5048">
    <p class='ocr_par' dir='ltr' id='par_1_112' title="bbox 2373 4977 3974 5048">
     <span class='ocr_line' id='line_1_112' title="bbox 2373 4977 3974 5048; baseline 0.003 -17"><span class='ocrx_word' id='word_1_908' title='bbox 2373 4990 2538 5031; x_wconf 80' lang='lat' dir='ltr'><strong>autem</strong></span> <span class='ocrx_word' id='word_1_909' title='bbox 2580 4981 2957 5048; x_wconf 72' lang='lat' dir='ltr'><strong>increpavcrunt</strong></span> <span class='ocrx_word' id='word_1_910' title='bbox 2983 4995 3081 5033; x_wconf 87' lang='lat' dir='ltr'><strong>cos.</strong></span> <span class='ocrx_word' id='word_1_911' title='bbox 3114 4980 3200 5033; x_wconf 74' lang='grc' dir='ltr'><strong>Μ.</strong></span> <span class='ocrx_word' id='word_1_912' title='bbox 3235 4977 3332 5032; x_wconf 77' lang='lat' dir='ltr'><strong>Ille</strong></span> <span class='ocrx_word' id='word_1_913' title='bbox 3354 4995 3468 5032; x_wconf 77' lang='lat' dir='ltr'><strong>vero</strong></span> <span class='ocrx_word' id='word_1_914' title='bbox 3499 4981 3626 5034; x_wconf 75' lang='lat' dir='ltr'><strong>dixit</strong></span> <span class='ocrx_word' id='word_1_915' title='bbox 3656 4981 3725 5033; x_wconf 84' lang='lat' dir='ltr'><strong>eis</strong></span> <span class='ocrx_word' id='word_1_916' title='bbox 3752 4997 3770 5034; x_wconf 88' lang='lat'><strong><em>:</em></strong></span> <span class='ocrx_word' id='word_1_917' title='bbox 3799 4981 3974 5036; x_wconf 79' lang='lat' dir='ltr'><strong>Sinite</strong></span> 
     </span>
    </p>
   </div>
   <div class='ocr_carea' id='block_1_113' title="bbox 2375 5073 3971 5142">
    <p class='ocr_par' dir='ltr' id='par_1_113' title="bbox 2375 5073 3971 5142">
     <span class='ocr_line' id='line_1_113' title="bbox 2375 5073 3971 5142; baseline 0.003 -19"><span class='ocrx_word' id='word_1_918' title='bbox 2375 5075 2608 5140; x_wconf 84' lang='lat' dir='ltr'><strong>parvulos</strong></span> <span class='ocrx_word' id='word_1_919' title='bbox 2646 5073 2811 5125; x_wconf 71' lang='lat' dir='ltr'><strong>uenire</strong></span> <span class='ocrx_word' id='word_1_920' title='bbox 2835 5074 2902 5124; x_wconf 80' lang='lat' dir='ltr'><strong>ad</strong></span> <span class='ocrx_word' id='word_1_921' title='bbox 2944 5088 3061 5135; x_wconf 88' lang='lat' dir='ltr'><strong>me;</strong></span> <span class='ocrx_word' id='word_1_922' title='bbox 3093 5073 3268 5125; x_wconf 85' lang='lat' dir='ltr'><strong>talium</strong></span> <span class='ocrx_word' id='word_1_923' title='bbox 3295 5083 3366 5125; x_wconf 78' lang='lat' dir='ltr'><strong>est</strong></span> <span class='ocrx_word' id='word_1_924' title='bbox 3405 5073 3536 5126; x_wconf 77' lang='lat' dir='ltr'><strong>enim</strong></span> <span class='ocrx_word' id='word_1_925' title='bbox 3565 5089 3774 5142; x_wconf 82' lang='lat' dir='ltr'><strong>regnum</strong></span> <span class='ocrx_word' id='word_1_926' title='bbox 3807 5075 3971 5127; x_wconf 68' lang='lat' dir='ltr'><strong>ca&#39;fo-</strong></span> 
     </span>
    </p>
   </div>
   <div class='ocr_carea' id='block_1_114' title="bbox 2372 5161 3970 5231">
    <p class='ocr_par' dir='ltr' id='par_1_114' title="bbox 2372 5161 3970 5231">
     <span class='ocr_line' id='line_1_114' title="bbox 2372 5161 3970 5231; baseline 0.003 -16"><span class='ocrx_word' id='word_1_927' title='bbox 2372 5180 2504 5222; x_wconf 84' lang='lat' dir='ltr'><strong>rum.</strong></span> <span class='ocrx_word' id='word_1_928' title='bbox 2536 5164 2620 5216; x_wconf 72' lang='grc'><strong>15.</strong></span> <span class='ocrx_word' id='word_1_929' title='bbox 2658 5161 2721 5214; x_wconf 82' lang='lat' dir='ltr'><strong>Et</strong></span> <span class='ocrx_word' id='word_1_930' title='bbox 2745 5180 2859 5216; x_wconf 87' lang='lat' dir='ltr'><strong>cum</strong></span> <span class='ocrx_word' id='word_1_931' title='bbox 2886 5163 3200 5231; x_wconf 80' lang='lat' dir='ltr'><strong>imposuisset</strong></span> <span class='ocrx_word' id='word_1_932' title='bbox 3227 5163 3296 5216; x_wconf 76' lang='lat' dir='ltr'><strong>eis</strong></span> <span class='ocrx_word' id='word_1_933' title='bbox 3320 5180 3521 5228; x_wconf 81' lang='lat' dir='ltr'><strong>manus,</strong></span> <span class='ocrx_word' id='word_1_934' title='bbox 3548 5164 3668 5216; x_wconf 81' lang='lat' dir='ltr'><strong>abiit</strong></span> <span class='ocrx_word' id='word_1_935' title='bbox 3688 5163 3825 5218; x_wconf 82' lang='lat' dir='ltr'><strong>inde.</strong></span> <span class='ocrx_word' id='word_1_936' title='bbox 3853 5165 3970 5219; x_wconf 84' lang='lat' dir='ltr'><strong>Cur</strong></span> 
     </span>
    </p>
   </div>
   <div class='ocr_carea' id='block_1_115' title="bbox 2373 5255 3968 5324">
    <p class='ocr_par' dir='ltr' id='par_1_115' title="bbox 2373 5255 3968 5324">
     <span class='ocr_line' id='line_1_115' title="bbox 2373 5255 3968 5324; baseline 0.001 -15"><span class='ocrx_word' id='word_1_937' title='bbox 2373 5257 2614 5324; x_wconf 86' lang='lat' dir='ltr'><strong>discipuli</strong></span> <span class='ocrx_word' id='word_1_938' title='bbox 2659 5272 2852 5324; x_wconf 86' lang='lat' dir='ltr'><strong>pueros</strong></span> <span class='ocrx_word' id='word_1_939' title='bbox 2906 5255 3220 5324; x_wconf 83' lang='lat' dir='ltr'><strong>abigebant?</strong></span> <span class='ocrx_word' id='word_1_940' title='bbox 3271 5255 3551 5323; x_wconf 81' lang='lat' dir='ltr'><strong>Dignitatis</strong></span> <span class='ocrx_word' id='word_1_941' title='bbox 3590 5269 3772 5308; x_wconf 84' lang='lat' dir='ltr'><strong>causa.</strong></span> <span class='ocrx_word' id='word_1_942' title='bbox 3823 5257 3968 5323; x_wconf 87' lang='lat' dir='ltr'><strong>Quid</strong></span> 
     </span>
    </p>
   </div>
   <div class='ocr_carea' id='block_1_116' title="bbox 2370 5345 3971 5420">
    <p class='ocr_par' dir='ltr' id='par_1_116' title="bbox 2370 5345 3971 5420">
     <span class='ocr_line' id='line_1_116' title="bbox 2370 5345 3971 5420; baseline 0.002 -21"><span class='ocrx_word' id='word_1_943' title='bbox 2370 5361 2500 5415; x_wconf 74' lang='lat' dir='ltr'><strong>ergo</strong></span> <span class='ocrx_word' id='word_1_944' title='bbox 2543 5347 2663 5400; x_wconf 90' lang='lat' dir='ltr'><strong>ille?</strong></span> <span class='ocrx_word' id='word_1_945' title='bbox 2693 5347 2756 5402; x_wconf 91' lang='lat' dir='ltr'><strong>Ut</strong></span> <span class='ocrx_word' id='word_1_946' title='bbox 2785 5347 2974 5402; x_wconf 86' lang='lat' dir='ltr'><strong>doceat</strong></span> <span class='ocrx_word' id='word_1_947' title='bbox 3005 5348 3121 5400; x_wconf 89' lang='lat' dir='ltr'><strong>illos</strong></span> <span class='ocrx_word' id='word_1_948' title='bbox 3149 5345 3389 5400; x_wconf 85' lang='lat' dir='ltr'><strong>modeste</strong></span> <span class='ocrx_word' id='word_1_949' title='bbox 3418 5360 3625 5416; x_wconf 85' lang='lat' dir='ltr'><strong>sapere,</strong></span> <span class='ocrx_word' id='word_1_950' title='bbox 3661 5346 3971 5420; x_wconf 84' lang='lat' dir='ltr'><strong>fastmnqne</strong></span> 
     </span>
    </p>
   </div>
   <div class='ocr_carea' id='block_1_117' title="bbox 2374 5438 3970 5508">
    <p class='ocr_par' dir='ltr' id='par_1_117' title="bbox 2374 5438 3970 5508">
     <span class='ocr_line' id='line_1_117' title="bbox 2374 5438 3970 5508; baseline 0.002 -15"><span class='ocrx_word' id='word_1_951' title='bbox 2374 5438 2696 5493; x_wconf 85' lang='lat' dir='ltr'><strong>mundanum</strong></span> <span class='ocrx_word' id='word_1_952' title='bbox 2726 5440 3071 5505; x_wconf 88' lang='lat' dir='ltr'><strong>conculcare,</strong></span> <span class='ocrx_word' id='word_1_953' title='bbox 3104 5452 3158 5493; x_wconf 89' lang='lat' dir='ltr'><strong>et</strong></span> <span class='ocrx_word' id='word_1_954' title='bbox 3200 5439 3419 5508; x_wconf 80' lang='lat' dir='ltr'><strong>suscipit</strong></span> <span class='ocrx_word' id='word_1_955' title='bbox 3460 5450 3513 5494; x_wconf 91' lang='lat' dir='ltr'><strong>et</strong></span> <span class='ocrx_word' id='word_1_956' title='bbox 3558 5440 3697 5493; x_wconf 83' lang='lat' dir='ltr'><strong>ulnis</strong></span> <span class='ocrx_word' id='word_1_957' title='bbox 3727 5443 3970 5508; x_wconf 78' lang='lat' dir='ltr'><strong>comple-</strong></span> 
     </span>
    </p>
   </div>
   <div class='ocr_carea' id='block_1_118' title="bbox 2373 5529 3970 5600">
    <p class='ocr_par' dir='ltr' id='par_1_118' title="bbox 2373 5529 3970 5600">
     <span class='ocr_line' id='line_1_118' title="bbox 2373 5529 3970 5600; baseline 0.003 -18"><span class='ocrx_word' id='word_1_958' title='bbox 2373 5529 2564 5593; x_wconf 89' lang='lat' dir='ltr'><strong>ctitur,</strong></span> <span class='ocrx_word' id='word_1_959' title='bbox 2612 5531 2905 5599; x_wconf 88' lang='lat' dir='ltr'><strong>talibusque</strong></span> <span class='ocrx_word' id='word_1_960' title='bbox 2953 5546 3174 5599; x_wconf 83' lang='lat' dir='ltr'><strong>regnum</strong></span> <span class='ocrx_word' id='word_1_961' title='bbox 3230 5531 3484 5584; x_wconf 30' lang='lat' dir='ltr'><strong>castorum</strong></span> <span class='ocrx_word' id='word_1_962' title='bbox 3537 5532 3859 5600; x_wconf 77' lang='lat' dir='ltr'><strong>pollicetur;</strong></span> <span class='ocrx_word' id='word_1_963' title='bbox 3917 5534 3970 5587; x_wconf 87' lang='lat' dir='ltr'><strong>id</strong></span> 
     </span>
    </p>
   </div>
   <div class='ocr_carea' id='block_1_119' title="bbox 2373 5621 3973 5692">
    <p class='ocr_par' dir='ltr' id='par_1_119' title="bbox 2373 5621 3973 5692">
     <span class='ocr_line' id='line_1_119' title="bbox 2373 5621 3973 5692; baseline 0.004 -20"><span class='ocrx_word' id='word_1_964' title='bbox 2373 5622 2512 5692; x_wconf 88' lang='lat' dir='ltr'><strong>quod</strong></span> <span class='ocrx_word' id='word_1_965' title='bbox 2545 5623 2702 5675; x_wconf 90' lang='lat' dir='ltr'><strong>etiam</strong></span> <span class='ocrx_word' id='word_1_966' title='bbox 2737 5622 2861 5676; x_wconf 80' lang='lat' dir='ltr'><strong>dixit</strong></span> <span class='ocrx_word' id='word_1_967' title='bbox 2894 5624 3158 5692; x_wconf 88' lang='lat' dir='ltr'><strong>superius.</strong></span> <span class='ocrx_word' id='word_1_968' title='bbox 3192 5621 3258 5676; x_wconf 83' lang='lat' dir='ltr'><strong>Et</strong></span> <span class='ocrx_word' id='word_1_969' title='bbox 3289 5638 3386 5675; x_wconf 90' lang='lat' dir='ltr'><strong>nos</strong></span> <span class='ocrx_word' id='word_1_970' title='bbox 3417 5623 3612 5691; x_wconf 86' lang='lat' dir='ltr'><strong>itaque,</strong></span> <span class='ocrx_word' id='word_1_971' title='bbox 3641 5624 3683 5676; x_wconf 91' lang='lat' dir='ltr'><strong>si</strong></span> <span class='ocrx_word' id='word_1_972' title='bbox 3721 5626 3973 5679; x_wconf 83' lang='lat' dir='ltr'><strong>voltunus</strong></span> 
     </span>
    </p>
   </div>
   <div class='ocr_carea' id='block_1_120' title="bbox 2377 5714 3972 5783">
    <p class='ocr_par' dir='ltr' id='par_1_120' title="bbox 2377 5714 3972 5783">
     <span class='ocr_line' id='line_1_120' title="bbox 2377 5714 3972 5783; baseline 0.004 -18"><span class='ocrx_word' id='word_1_973' title='bbox 2377 5714 2599 5767; x_wconf 85' lang='lat' dir='ltr'><strong>heredes</strong></span> <span class='ocrx_word' id='word_1_974' title='bbox 2624 5729 2742 5768; x_wconf 89' lang='lat' dir='ltr'><strong>esse</strong></span> <span class='ocrx_word' id='word_1_975' title='bbox 2772 5715 3020 5768; x_wconf 72' lang='lat' dir='ltr'><strong>C&#39;J&#39;lOl&#39;lltt‘l</strong></span> <span class='ocrx_word' id='word_1_976' title='bbox 3049 5759 3060 5778; x_wconf 85' lang='lat'><strong>,</strong></span> <span class='ocrx_word' id='word_1_977' title='bbox 3095 5716 3229 5769; x_wconf 85' lang='lat' dir='ltr'><strong>Itane</strong></span> <span class='ocrx_word' id='word_1_978' title='bbox 3263 5717 3507 5769; x_wconf 87' lang='lat' dir='ltr'><strong>virtutem</strong></span> <span class='ocrx_word' id='word_1_979' title='bbox 3539 5731 3659 5770; x_wconf 90' lang='lat' dir='ltr'><strong>cum</strong></span> <span class='ocrx_word' id='word_1_980' title='bbox 3689 5717 3972 5783; x_wconf 59' lang='lat' dir='ltr'><strong>diligentia</strong></span> 
     </span>
    </p>
   </div>
   <div class='ocr_carea' id='block_1_121' title="bbox 2379 5806 3946 5878">
    <p class='ocr_par' dir='ltr' id='par_1_121' title="bbox 2379 5806 3946 5878">
     <span class='ocr_line' id='line_1_121' title="bbox 2379 5806 3946 5878; baseline 0.004 -19"><span class='ocrx_word' id='word_1_981' title='bbox 2379 5820 2565 5878; x_wconf 83' lang='lat' dir='ltr'><strong>magna</strong></span> <span class='ocrx_word' id='word_1_982' title='bbox 2594 5816 2878 5863; x_wconf 78' lang='lat' dir='ltr'><strong>SCL’lClllUl‘.</strong></span> <span class='ocrx_word' id='word_1_983' title='bbox 2913 5806 3021 5863; x_wconf 82' lang='lat' dir='ltr'><strong>Hoc</strong></span> <span class='ocrx_word' id='word_1_984' title='bbox 3060 5817 3140 5861; x_wconf 87' lang='lat' dir='ltr'><strong>est</strong></span> <span class='ocrx_word' id='word_1_985' title='bbox 3169 5808 3309 5861; x_wconf 88' lang='lat' dir='ltr'><strong>enim</strong></span> <span class='ocrx_word' id='word_1_986' title='bbox 3349 5806 3696 5878; x_wconf 69' lang='lat' dir='ltr'><strong>pbiiosopltiar</strong></span> <span class='ocrx_word' id='word_1_987' title='bbox 3728 5809 3946 5865; x_wconf 73' lang='lat' dir='ltr'><strong>culmen</strong></span> 
     </span>
    </p>
   </div>
  </div>
