4174 6332
185 373 257 430 σοι

182 487 419 561 simplicem
439 489 557 536 esse
580 487 704 531 cum
732 466 1038 542 prudentia:
1059 464 1172 518 lucc
1199 462 1306 561 vita
1336 451 1707 561 est-angelica.

184 548 334 641 Aniiua
366 576 492 634 enim
537 566 764 641 puerulo
807 560 1054 616 omnibus
1090 553 1253 609 animi
1300 548 1502 604 morbis
1547 556 1711 646 vacua

413 633 721 721 memoriam
749 655 939 712 retinet
969 649 1302 740 injuriarnm,
1335 641 1429 697 sed
1460 651 1553 693 eas

183 727 326 824 remes
358 758 455 815 adit
500 763 560 809 ut
601 752 803 806 amicos
823 789 835 810 ,
869 762 930 800 ac
959 745 1001 798 si
1033 741 1160 796 nihil
1206 738 1403 793 factum
1454 737 1617 786 esset.
1649 727 1713 780 Et

180 918 332 1020 quierit
350 988 362 1009 ,
387 952 435 999 et
461 937 708 995 omnibus
733 930 1027 1002 anteponit.
1055 927 1111 982 Si
1140 924 1378 993 reginam
1403 918 1502 988 ipsi
1529 924 1712 1020 oste-no.

180 1013 257 1097 das
302 1037 580 1093 diademate
633 1037 910 1085 ornatam,
941 1036 1046 1075 ι.ι)η
1097 1016 1344 1088 prae-feret
1388 1024 1506 1066 eam
1554 1013 1713 1061 matri

178 1129 332 1203 pannis
368 1125 566 1182 detritis
606 1117 845 1182 vestiue,
868 1113 1132 1181 tualetque
1182 1106 1326 1162 illam
1358 1101 1610 1203 incultam
1639 1099 1716 1203 vi:

178 1187 284 1278 dere
305 1260 319 1287 ,
345 1230 488 1290 quam
515 1211 752 1280 reginam
785 1203 1063 1276 magniﬁce
1107 1199 1377 1254 amictum.
1410 1193 1547 1290 Nam
1571 1187 1713 1290 quod

175 1283 322 1379 suum,
349 1283 478 1381 quod
505 1305 737 1359 alienum
770 1307 872 1363 est,
901 1311 1008 1352 non
1033 1310 1098 1348 ex
1130 1297 1440 1362 paupertate
1468 1286 1549 1381 vel
1575 1283 1713 1338 divi-

179 1411 263 1473 tils,
287 1379 449 1460 sedex
474 1412 659 1454 amore
705 1393 972 1449 :estimare
1017 1389 1153 1443 solet
1183 1404 1195 1440 :
1228 1394 1281 1440 et
1319 1381 1448 1437 nihil
1479 1379 1595 1449 plus
1625 1390 1714 1431 re-

174 1498 306 1566 quirit
327 1536 340 1559 ,
362 1507 510 1564 quam
544 1485 865 1547 necessaria,
900 1490 1059 1549 atque
1081 1487 1139 1532 ut
1165 1478 1299 1530 lacte
1337 1473 1572 1566 repletus
1597 1474 1712 1527 est.

176 1563 322 1644 statim
350 1563 578 1639 abscedit
604 1595 634 1632 a
670 1589 919 1631 mamma.
948 1572 1062 1627 Non
1094 1568 1280 1624 iisdem
1309 1605 1325 1631 ,
1354 1563 1545 1634 quibus
1586 1573 1713 1624 nos,

172 1679 385 1734 :rrumnis
438 1673 696 1744 premitur
758 1665 1047 1738 parvulus,
1099 1676 1206 1715 non
1249 1655 1592 1728 pecuniarum
1622 1650 1718 1744 ja-

173 1781 293 1828 ctura
315 1813 327 1834 ,
358 1743 615 1835 rebusque
659 1758 961 1822 similibus;
1007 1769 1106 1810 nec
1148 1751 1217 1806 de
1264 1748 1450 1804 iisdem
1473 1786 1489 1809 ,
1521 1743 1718 1815 quibus

172 1879 268 1926 nos,
293 1861 436 1917 tluxis
460 1858 620 1913 rebus
647 1855 876 1917 lzetatur,
909 1863 1080 1920 neque
1107 1857 1395 1916 corporum
1425 1836 1722 1909 pulchritu-

171 1955 320 2009 dinem
369 1951 607 2005 miratur.
653 1946 776 2002 Ideo
822 1943 1070 1999 dicebat:
1101 1937 1310 1992 Talium
1355 1942 1427 1987 est
1471 1930 1601 1984 enim
1639 1943 1720 1981 re-

169 2064 297 2120 gnum
322 2046 554 2100 coriorum
585 2060 604 2096 .-
637 2050 694 2094 ut
734 2055 799 2094 ex
832 2035 1104 2107 proposito
1133 2028 1423 2084 voluntatis
1459 2024 1547 2120 illa
1588 2036 1719 2120 ope-

170 2114 354 2205 iemur,
396 2153 510 2210 qua:
566 2144 755 2190 natura
799 2146 893 2186 sua
943 2126 1092 2200 pueri
1141 2123 1360 2179 faciunt.
1392 2117 1525 2186 Quia
1575 2114 1719 2210 enim

168 2231 386 2290 Pltaris'ei
415 2205 528 2284 tuon
559 2224 796 2290 aliunde,
825 2236 984 2292 quam
1011 2234 1039 2272 a
1070 2213 1301 2286 nequitia
1333 2221 1384 2266 et
1417 2205 1731 2277 arrogantia.

167 2323 218 2377 ad
242 2321 486 2392 agendum
513 2316 827 2372 ferebantur
849 2354 864 2376 ,
897 2310 1018 2364 ideo
1049 2308 1243 2376 ubique
1272 2300 1563 2371 discipulos
1595 2311 1723 2392 suos

164 2388 403 2481 simplices
444 2424 566 2465 esse
603 2405 794 2476 jubet,
829 2403 1053 2470 illosque
1079 2395 1380 2453 subindicat
1406 2434 1419 2456 ,
1452 2392 1578 2445 dum
1623 2388 1723 2442 hos

167 2504 380 2559 instituit.
401 2501 542 2556 Nihil
567 2498 711 2551 enim
739 2497 809 2549 ita
833 2491 1135 2562 superbiam
1166 2489 1298 2558 parit
1326 2528 1340 2551 ,
1374 2494 1432 2539 ut
1460 2481 1725 2552 principa-

166 2608 234 2651 tus
265 2607 314 2652 et
343 2593 492 2665 primi
536 2602 844 2646 consessus.
875 2583 1136 2652 Quoniam
1172 2581 1329 2650 igitur
1357 2573 1600 2645 discipuli
1629 2587 1725 2642 per

164 2698 307 2744 totum
331 2698 587 2742 terrarum
619 2683 801 2737 orbem
830 2679 1053 2734 multum
1083 2675 1303 2729 honoris
1343 2667 1722 2739 consequuturi

163 2789 310 2846 erant,
337 2779 574 2850 ipsorum
596 2774 804 2829 animos
828 2767 1106 2842 pratvenit,
1139 2780 1240 2821 nec
1260 2764 1388 2818 sinit
1410 2775 1505 2816 eos
1533 2759 1724 2814 Imma-

163 2885 274 2925 num
287 2871 408 2942 quid
428 2870 564 2940 pati,
585 2882 685 2922 nec
699 2865 961 2920 honorem
978 2877 1008 2916 a
1026 2864 1186 2930 vulgo
1197 2864 1472 2927 expetere,
1491 2852 1575 2907 vel
1595 2857 1722 2905 ante

163 2960 269 3016 illos
283 2978 398 3016 sese
409 2956 780 3017 eﬂ'erre-Nam
795 2953 1011 3012 etiamsi
1026 2953 1140 3006 haec
1157 2965 1322 3021 parva
1335 2946 1624 3001 videantur
1641 2959 1729 2999 es.

165 3067 224 3119 se,
249 3063 298 3108 at
311 3054 465 3108 malis
495 3049 812 3122 ingentibus
828 3062 1050 3102 causam
1072 3044 1332 3114 praebent.
1359 3038 1452 3094 Sic
1475 3039 1620 3091 enim
1639 3037 1724 3090 in-

163 3144 314 3199 stituti
329 3143 590 3200 Pharisaei
611 3144 664 3197 iu
701 3141 972 3196 malorum
999 3137 1216 3192 culmen
1234 3131 1622 3193 ascenderunt,
1637 3143 1728 3181 sa-

162 3231 455 3299 lutatioues,
485 3232 700 3303 primos
737 3242 1033 3285 consessus
1050 3235 1104 3280 et
1139 3225 1390 3278 incessus
1411 3218 1623 3274 medios
1640 3231 1730 3270 re-

161 3328 407 3394 quirentes
431 3344 445 3378 :
472 3324 601 3380 hinc
633 3323 684 3375 in
713 3320 990 3376 ardentem
1013 3314 1193 3385 gloria:
1218 3310 1583 3382 cupiditatem,
1604 3309 1729 3364 inde

159 3435 266 3473 vero
306 3419 356 3474 in
399 3419 730 3485 impietatem
763 3412 894 3483 lapsi
938 3417 1081 3465 sunt.
1109 3406 1313 3463 Idcirco
1343 3405 1417 3459 illi
1446 3412 1727 3474 postquam

161 3512 388 3566 tentando
436 3507 782 3565 maledictum
812 3503 911 3559 sibi
937 3508 1297 3564 attraxerant,
1342 3506 1683 3554 recesserunt
1713 3515 1726 3550 ε

158 3603 287 3669 pueri
313 3618 443 3658 vero
474 3599 906 3656 benedicuonem
932 3595 1185 3659 habuere,
1220 3601 1406 3661 utpote
1429 3590 1534 3646 illis
1556 3591 1731 3645 omni-

159 3693 240 3748 bus
267 3696 552 3750 imtnunes.
587 3691 768 3747 Simus
807 3703 935 3759 ergo
978 3701 1076 3742 nos
1122 3696 1176 3739 ut
1225 3684 1406 3753 pueri,
1434 3692 1488 3738 et
1529 3681 1730 3736 malitia

156 3785 377 3841 infantes.
410 3785 604 3855 Neque
633 3783 774 3837 enim
804 3792 1109 3849 possumus,
1138 3793 1242 3830 non
1275 3789 1560 3844 possumus
1586 3782 1732 3827 certe

155 3880 242 3933 alio
265 3878 421 3934 modo
449 3877 651 3933 cadum
673 3873 853 3929 videre
888 3890 899 3924 :
934 3869 1029 3925 sed
1062 3882 1282 3923 necesse
1315 3879 1533 3934 prorsus
1564 3866 1614 3919 in
1641 3879 1734 3934 ge-

156 3968 360 4028 hennam
394 3969 644 4025 incidere
673 3981 794 4021 eum
833 3963 921 4034 qui
954 3963 1022 4016 sit
1050 3959 1418 4015 fraudulentus
1455 3966 1508 4012 et
1533 3957 1734 4026 impro-

155 4061 250 4115 bus.
281 4063 389 4117 Imo
413 4071 548 4116 ante
577 4059 877 4131 gehennam
914 4055 1000 4109 hic
1025 4066 1237 4123 queque
1280 4061 1518 4105 extrema
1561 4049 1732 4118 patie-

153 4168 270 4207 mur.
292 4152 425 4208 Nam
457 4152 524 4208 Si
548 4151 711 4204 malus
739 4149 915 4218 (lteris,
949 4145 1138 4214 inquit,
1171 4145 1307 4196 solus
1336 4143 1537 4195 luturies
1563 4139 1733 4204 mala;

153 4248 186 4297 si
207 4258 363 4300 autem
389 4249 559 4300 bonus
577 4287 591 4311 ,
622 4253 668 4297 et
710 4242 799 4296 tibi
829 4251 875 4295 et
908 4240 1141 4308 proximo.
1168 4239 1326 4291 bonus
1346 4238 1443 4290 eris
1471 4233 1652 4302 (Prov.
1678 4233 1732 4285 9.

153 4336 258 4408 I2).
292 4337 711 4393 Animadvertas
757 4334 934 4393 enim,
969 4332 1037 4384 ita
1081 4343 1292 4398 quaque
1338 4328 1512 4396 prisce
1556 4333 1732 4380 actum

150 4443 268 4484 esse.
299 4429 441 4484 Nihil
487 4427 641 4482 enim
670 4424 941 4480 scelestius
984 4421 1143 4476 Saule
1170 4419 1295 4483 fuit,
1329 4432 1503 4484 neque
1527 4415 1737 4485 simpli-

148 4519 244 4573 cius
274 4519 504 4575 Davide.
539 4518 671 4585 Quis
700 4530 826 4583 ergo
853 4513 1040 4567 fortior
1067 4510 1216 4590 fuit?
1246 4510 1438 4564 Annon
1469 4509 1551 4562 bis
1582 4508 1734 4562 illum

150 4626 241 4677 pne
269 4613 522 4666 manibus
556 4609 740 4664 habuit
781 4605 944 4661 David
969 4647 982 4667 .
1014 4615 1068 4660 et
1098 4618 1218 4657 cum
1249 4609 1430 4671 posset
1455 4599 1734 4664 occidere,

147 4702 425 4758 abstinuit?
451 4717 642 4757 annon
685 4700 830 4754 illum
859 4697 1010 4768 quasi
1049 4711 1246 4766 sagena
1281 4703 1335 4749 et
1363 4707 1578 4748 carcere
1606 4707 1729 4747 con-

147 4793 329 4849 clusum
361 4794 568 4851 habuit
593 4835 608 4859 ,
637 4801 694 4848 et
721 4791 960 4862 pepercit
987 4790 1078 4846 ei?
1117 4787 1336 4843 Etiamsi
1373 4787 1461 4841 alii
1501 4787 1738 4841 concita-

147 4895 250 4940 rent
272 4885 483 4958 ipsum,
515 4884 732 4941 etiamsi
765 4883 853 4938 ille
903 4882 1209 4937 innumeras
1233 4879 1583 4950 querimoniae
1611 4893 1737 4931 cau-

146 4990 217 5030 sas
242 4978 495 5045 haberet,
516 4984 760 5032 attamen
787 4975 994 5029 salvum
1015 4974 1236 5031 dimisit.
1255 4972 1587 5041 Quamquam
1609 4970 1737 5026 Sat'tl

147 5067 296 5138 ipsum
323 5087 452 5127 cum
483 5080 608 5124 toto
625 5069 864 5124 exercitu
888 5067 1287 5136 insequebatur,
1320 5063 1590 5135 Davidque
1613 5079 1735 5118 cum

145 5163 305 5229 paucis
333 5163 590 5235 fugitivis
611 5162 757 5216 omni
799 5174 894 5230 spe
939 5159 1208 5215 destitutis
1246 5156 1462 5212 errabat
1508 5156 1739 5211 interce-

145 5263 276 5322 ptus,
307 5271 339 5311 ι
367 5256 499 5312 loco
539 5240 600 5310 in
639 5253 815 5308 locum
869 5253 1137 5307 transiens
1167 5269 1180 5304 :
1212 5257 1448 5306 attamen
1489 5248 1739 5319 fugitivus

143 5361 300 5416 regem
356 5345 653 5418 superavit
682 5364 696 5401 :
728 5345 850 5416 quia
897 5344 990 5400 ille
1032 5359 1152 5399 eum
1194 5343 1537 5414 simplicitate
1564 5383 1582 5408 ,
1611 5341 1736 5396 Saitl

145 5452 246 5492 cum
267 5440 473 5495 malitia
499 5435 1158 5502 eastrametabatur.Quid
1180 5436 1322 5489 enim
1346 5434 1626 5489 scelestius
1648 5432 1744 5487 illo

142 5529 314 5601 tuerit,
339 5534 438 5604 qui
471 5531 678 5588 ducem
708 5531 976 5586 exercitus
1004 5529 1120 5592 sui,
1151 5529 1240 5599 qui
1272 5528 1448 5582 omnia
1477 5527 1615 5583 bella
1647 5543 1735 5581 re-

145 5631 214 5675 cte
237 5625 483 5694 gerebat,
517 5639 649 5680 cum
683 5622 928 5679 victoriis
955 5631 1011 5678 et
1039 5621 1275 5693 trapetis,
1301 5622 1391 5692 qui
1420 5620 1631 5676 labores
1657 5619 1737 5677 t'e-

145 5715 291 5784 rebat,
319 5728 376 5774 et
404 5730 658 5776 coronas
698 5715 808 5788 regi
840 5704 1080 5788 parabat,
1112 5714 1346 5771 tentabat
1376 5713 1623 5770 occidere
1646 5714 1667 5768 ?

1145 347 1208 403 IN
1246 336 1653 400 MATTIIAZUM
1698 330 1926 388 IIORIIL.
1974 333 2127 392 LXII.
2164 337 2232 391 al.
2278 337 2458 393 LXIII.

3312 343 3414 398 ῦοΞ

1899 450 1951 504 5.
1997 448 2199 504 lui-idin
2242 452 2383 506 bonis
2425 468 2622 522 quoque
2677 453 2782 508 suis
2845 454 3135 509 insidiatur.
3171 470 3245 497 —-‘
3277 459 3419 513 Talis

1819 542 2016 612 quippe
2042 552 2124 598 est
2163 543 2359 598 invidia
2392 561 2405 596 :
2438 544 2593 600 bouis
2620 545 2732 616 ipsa
2778 548 3008 619 propriis
3046 563 3262 621 semper
3290 551 3414 606 insi-

1820 634 2027 703 diatur,
2059 634 2403 708 invidumque
2433 638 2684 694 tabefacit
2705 680 2720 705 ,
2765 649 2822 694 et
2852 641 2998 697 mille
3023 643 3419 699 calamitatibus

1822 730 2058 784 involvit.
2094 731 2255 787 Miser
2279 748 2407 803 ergo
2439 733 2542 797 ille,
2571 732 2741 788 donec
2771 734 2935 790 David
2963 735 3033 790 ab
3062 738 3153 793 illo
3173 740 3416 794 recessit.

1828 825 2189 888 miserabilem
2214 825 2359 882 illam
2385 840 2570 882 vocem
2594 829 2783 898 lugens
2805 843 2912 884 non
2936 830 3114 885 emisit
3147 849 3160 885 :
3187 831 3420 886 Nimium

1820 923 2072 982 ηοω-τιον,
2104 915 2404 987 alienigena:
2429 917 2615 973 bellum
2645 920 2771 974 mihi
2793 920 3056 990 inferunt,
3091 931 3141 976 et
3167 921 3422 979 Dominus

1821 1011 2023 1062 recessit
2042 1026 2074 1062 a
2097 1025 2175 1062 me
2204 1009 2223 1080 (
2252 1009 2301 1065 I.
2341 1009 2467 1082 Reg.
2499 1009 2588 1066 28.
2622 1010 2753 1084 I5).
2784 1014 3086 1082 Antequam
3115 1013 3280 1070 David
3307 1016 3390 1070 dis

1822 1101 2075 1167 cederet,
2109 1118 2216 1157 non
2260 1103 2444 1158 incidit
2494 1105 2545 1159 in
2575 1105 2805 1174 bellum,
2833 1105 2932 1163 sed
2974 1108 3025 1162 in
3057 1109 3343 1165 securitate
3373 1122 3420 1163 it

1824 1192 1875 1247 in
1903 1194 2066 1262 gloria
2093 1194 2352 1265 degebat:
2381 1195 2548 1266 gloria
2576 1197 2772 1269 quippe
2798 1198 2951 1254 ducis
2977 1201 3028 1253 in
3051 1215 3231 1270 regem
3251 1184 3435 1257 trans-7

1823 1286 1949 1340 ibat.
1983 1284 2165 1356 Neque
2190 1286 2333 1341 enim
2368 1298 2624 1360 tyrannus
2645 1299 2760 1344 erat
2780 1289 2974 1359 David,
2999 1307 3174 1361 neque
3196 1293 3367 1364 ipsum
3394 1311 3421 1347 τι

1822 1378 1960 1432 solio
2000 1378 2236 1448 dejicere
2278 1381 2514 1435 tentabat
2558 1397 2572 1447 ;
2608 1380 2702 1436 sed
2743 1397 2842 1452 pro
2881 1382 2975 1438 illo
3017 1386 3275 1453 praeclare
3311 1402 3425 1441 rem

1822 1470 2042 1541 gerebat
2067 1512 2080 1536 ,
2118 1472 2258 1526 bene
2284 1488 2406 1543 erga
2447 1473 2598 1528 illum
2627 1473 2847 1530 aﬂ‘ectus
2873 1491 2888 1531 :
2921 1474 2974 1530 id
3002 1477 3143 1547 quod
3172 1478 3334 1533 etiam
3359 1494 3426 1534 ex

1823 1567 2174 1635 sequentibus
2207 1565 2549 1622 manifestum
2580 1567 2698 1623 fuit.
2731 1568 2865 1624 Nam
2898 1569 3152 1640 quamdiu
3199 1571 3301 1625 sub
3333 1572 3426 1627 illo

1829 1658 2092 1712 militabat
2119 1700 2132 1722 ,
2162 1658 2264 1731 legi
2293 1657 2523 1714 fortasse
2551 1660 2903 1731 subjectionis
2930 1661 3060 1716 iHud
3096 1664 3391 1717 attribuent
3412 1705 3425 1728 ,

1827 1751 1914 1820 qui
1945 1765 2049 1804 non
2077 1759 2326 1805 accurate
2350 1767 2462 1806 rem
2490 1752 2772 1821 explorant
2804 1769 2818 1806 :
2846 1753 2941 1825 sed
2963 1763 3254 1824 postquam
3279 1755 3429 1810 illum

1825 1860 1857 1900 e
1883 1859 2048 1914 regno
2071 1860 2171 1900 suo
2191 1846 2431 1916 expulit,
2456 1846 2582 1917 quid
2616 1846 2763 1901 illum
2795 1847 3153 1917 impediebat,
3180 1848 3306 1918 quid
3355 1848 3431 1903 illi

1829 1935 2088 1994 suadebat
2132 1947 2246 1991 uta
2297 1938 2440 1993 bello
2485 1938 2585 2007 ipsi
2630 1937 2913 1994 inferendo
2957 1940 3294 1996 abstineret?
3325 1940 3433 1995 imo

1829 2048 1977 2099 vero,
2009 2032 2136 2104 quid
2159 2048 2265 2088 non
2293 2033 2548 2089 incitabat
2570 2041 2626 2089 ut
2649 2047 2834 2089 necem
2861 2034 2934 2088 illi
2960 2034 3214 2091 inferret?
3237 2037 3431 2090 Annon

1827 2125 2018 2190 semel,
2076 2125 2158 2179 bis
2209 2134 2262 2180 et
2309 2126 2508 2196 pluries
2554 2125 2656 2195 ipsi
2688 2125 2965 2180 insidiatus
2993 2138 3108 2180 erat
3158 2125 3433 2197 improbus

1831 2219 1958 2274 ille?
2000 2235 2179 2273 annon
2212 2219 2485 2274 beneficiis
2509 2217 2772 2273 allectus?
2810 2234 2987 2274 annon
3019 2236 3144 2286 erga
3167 2221 3432 2274 insontem

1829 2312 1884 2368 id
1915 2313 2139 2382 egerat?
2163 2329 2341 2366 annon
2374 2328 2498 2366 cum
2529 2311 2767 2382 periculo
2794 2326 2892 2367 suo
2918 2312 3044 2368 Saiil
3079 2314 3356 2384 regnabat,
3381 2323 3434 2367 et

1833 2406 2014 2459 salvus
2055 2405 2211 2460 erat?
2243 2419 2422 2458 annon
2455 2405 2548 2459 illo
2577 2404 2790 2460 vivente
2816 2414 2872 2461 et
2918 2406 3218 2475 imperante
3247 2421 3435 2460 erran-

1831 2499 1957 2555 dum
1998 2514 2212 2569 semper
2253 2500 2350 2569 ipsi
2378 2509 2494 2553 erat
2534 2508 2587 2554 et
2618 2498 2924 2568 fugiendum
2951 2541 2967 2567 ,
2995 2514 3060 2554 ac
3086 2499 3154 2553 de
3179 2500 3437 2555 extremis

1835 2593 2286 2664 periclitandum?
2324 2592 2461 2647 Nihil
2503 2602 2678 2647 tamen
2726 2607 2911 2646 eorum
2966 2593 3138 2662 ipsum
3183 2591 3438 2648 inducere

1833 2687 2004 2757 potuit
2022 2695 2078 2740 ut
2094 2685 2326 2757 gladium
2349 2694 2691 2742 cruentaret:
2716 2685 2823 2739 imo
2842 2684 3202 2740 dormientem
3225 2683 3438 2750 videns.

1834 2788 2049 2849 captum
2076 2788 2132 2834 et
2159 2778 2334 2833 solum
2364 2779 2415 2833 in
2442 2777 2621 2834 medio
2665 2794 2887 2833 suorum
2921 2820 2935 2843 ,
2969 2793 3092 2832 cum
3124 2787 3288 2847 caput
3314 2777 3436 2846 ejus

1834 2873 2204 2943 contingeret,
2247 2870 2511 2942 multique
2538 2881 2721 2926 essent
2761 2871 2849 2941 qui
2884 2871 3031 2926 illum
3057 2871 3398 2924 concitabant
3423 2911 3437 2933 ,

1834 2965 2192 3034 dicebantque
2235 2965 2326 3020 Dei
2359 2973 2488 3020 nutu
2533 2965 2690 3020 talem
2736 2965 2835 3020 sibi
2867 2965 3318 3035 opportunitatem
3359 2963 3439 3018 of-

1838 3057 1984 3124 ferri,
2019 3059 2108 3112 ille
2134 3068 2187 3113 et
2215 3059 2500 3114 incitantes
2528 3074 2586 3114 se
2619 3060 2934 3130 increpavit,
2967 3069 3020 3113 et
3047 3076 3075 3112 a
3098 3059 3246 3114 crede
3273 3060 3439 3114 absti-

1837 3153 1986 3218 nuit,
2019 3153 2334 3222 salvumque
2374 3161 2428 3208 et
2468 3167 2659 3208 sanum
2696 3153 2869 3222 ipsum
2915 3152 3169 3223 reliquit:
3202 3167 3266 3207 ac
3291 3154 3450 3223 quasi.

1837 3245 2080 3313 corporis
2106 3243 2220 3312 ejus
2245 3252 2445 3309 custos,
2479 3259 2543 3300 ac
2575 3254 2849 3314 protector
2869 3285 2884 3309 ,
2913 3259 3020 3298 non
3051 3243 3221 3299 hostis
3251 3243 3408 3299 fuerit
3427 3287 3440 3307 ,

1839 3338 1916 3392 sic
1941 3337 2234 3392 exercitum
2265 3337 2536 3391 accusavit
2563 3336 2704 3404 quod
2737 3352 2914 3408 regem
2941 3338 3284 3407 prodidisset.
3307 3339 3444 3408 Quid

1841 3434 1964 3488 huic
1983 3434 2164 3488 animo
2194 3448 2287 3503 par
2307 3432 2504 3503 fuerit?
2523 3448 2641 3501 quae
2663 3433 3018 3487 mansuetudo
3042 3433 3164 3488 huic
3190 3433 3446 3503 aequalis?

1841 3524 1894 3579 Id
1914 3525 2058 3579 enim
2079 3540 2142 3578 ex
2167 3523 2342 3590 dictis,
2365 3524 2637 3593 multoque
2658 3523 2825 3594 magis
2847 3539 2910 3578 ex
2940 3525 3001 3578 iis
3039 3539 3162 3592 qua:
3178 3522 3338 3579 modo
3361 3523 3439 3577 fas

1839 3623 1927 3670 cta
1950 3627 2097 3684 sunt,
2115 3615 2592 3687 conspicerelicet.
2612 3614 2666 3668 Si
2681 3615 2826 3669 enim
2862 3616 3181 3685 pravitatem
3208 3627 3446 3670 nostram

1842 3710 2268 3772 consideremus,
2292 3717 2415 3762 tunc
2439 3708 2630 3762 melius
2650 3719 2956 3764 sanctorum
2982 3710 3229 3765 virtutem
3251 3724 3453 3779 cogno-

1844 3818 2075 3858 scemus.
2110 3803 2450 3873 Quapropter
2496 3802 2721 3856 obsecro
2754 3813 2810 3856 ut
2838 3801 2903 3856 ad
2935 3801 3144 3856 illorum
3196 3803 3449 3856 imitatio-

1847 3910 1968 3950 nem
2001 3909 2302 3949 curramus.
2336 3894 2466 3948 Nam
2509 3894 2549 3948 si
2590 3894 2815 3963 gloriam
2846 3910 2996 3949 amas
3022 3935 3036 3958 ,
3077 3903 3131 3948 et
3162 3893 3284 3949 ideo
3314 3910 3452 3965 pro—-

1844 3987 1990 4042 ximo
2021 3995 2110 4041 tuo
2160 3987 2429 4041 insidiaris
2456 4028 2469 4052 ,
2511 3996 2638 4040 tunc
2685 3986 2919 4041 maxime
2968 3985 3055 4041 illa
3105 3986 3300 4041 frueris
3330 4002 3452 4042 cunt

1844 4079 2067 4149 gloriam
2105 4093 2365 4148 respuens
2386 4118 2400 4143 ,
2430 4077 2498 4132 ab
2528 4076 2735 4131 insidiis
2765 4077 3107 4132 abstinueris.
3135 4077 3284 4133 Sicut
3308 4080 3452 4132 enim

1847 4171 2196 4241 pecuniarum
2242 4178 2582 4239 contemptus
2612 4170 2853 4223 avaritiae
2882 4159 3186 4224 eontrar'itt's
3217 4182 3296 4225 est
3332 4189 3345 4225 :
3378 4170 3454 4224 sie

1847 4264 2071 4335 gloriam
2121 4263 2376 4332 consequi
2423 4272 2476 4317 et
2518 4263 2741 4332 gloriam
2794 4278 2977 4317 amare
3005 4272 3128 4316 sunt
3160 4263 3453 4318 Contraria.

1850 4358 1916 4412 Et
1964 4361 2008 4412 si
2039 4357 2253 4426 placet,
2286 4355 2497 4425 singula
2540 4364 2863 4410 scrutemur.
2905 4354 3038 4423 Quia
3079 4357 3226 4410 enim
3278 4356 3457 4410 nullus

1847 4451 2001 4507 nobis
2030 4451 2166 4506 inest
2188 4448 2447 4521 gehennte
2470 4449 2646 4513 timor,
2681 4461 2853 4518 neque
2877 4449 3023 4517 regni
3052 4446 3304 4502 caelorum
3329 4464 3454 4501 cura

1849 4546 1978 4613 ulla,
2016 4561 2143 4616 age,
2161 4561 2228 4598 ex
2257 4541 2608 4612 praesentibus
2626 4541 2692 4596 ad
2711 4541 2800 4596 illa
2819 4556 2917 4596 vos
2962 4540 3298 4595 inducamus.
3322 4542 3451 4609 Qui-

1850 4655 1993 4702 nam,
2019 4633 2453 4707 quaesogridiculi
2475 4633 2631 4687 sunt?
2652 4632 2881 4687 nonneii
2912 4631 3001 4702 qui
3028 4641 3249 4702 propter
3280 4633 3457 4686 multi-

1853 4730 2052 4786 tudinis
2074 4743 2259 4782 auram
2288 4724 2488 4795 agunt?
2512 4723 2740 4790 Quinam
2759 4736 2887 4777 vero
2915 4721 3202 4777 laudandi?
3221 4738 3399 4777 nonne
3422 4724 3456 4776 ii

1846 4827 1936 4897 qui
1957 4824 2228 4895 vulgarem
2250 4819 2460 4875 laudem
2477 4816 2862 4873 contemnunt?
2881 4816 3020 4887 Ergo
3036 4815 3079 4871 si
3104 4831 3253 4870 vana:
3273 4815 3457 4886 gloriae

1849 4934 2001 4974 amor
2050 4914 2437 4986 vituperandus
2477 4920 2562 4968 est
2588 4952 2603 4976 ,
2638 4921 2691 4965 et
2740 4912 2785 4965 si
2830 4926 2981 4964 vana:
3023 4910 3206 4979 gloria:
3232 4910 3457 4980 cupidus

1851 5026 1958 5066 non
1989 5016 2164 5079 potest
2189 5023 2252 5062 ea
2281 5007 2333 5060 in
2362 5020 2421 5058 re
2463 5004 2633 5058 latere
2659 5044 2673 5069 ,
2711 5001 2867 5071 plane
2910 5000 3296 5072 vituperandus
3323 5001 3451 5064 erit,

1849 5119 2107 5174 amorque
2149 5099 2339 5172 gloria}
2377 5099 2480 5153 erit
2511 5097 2584 5150 illi
2615 5111 2774 5150 causa
2808 5094 3111 5150 dedecoris.
3142 5093 3326 5163 Neque
3356 5093 3454 5146 hac

1850 5200 2023 5255 solum
2054 5196 2124 5250 de
2148 5209 2308 5250 causa
2336 5191 2754 5258 dehonestatur,
2799 5189 2892 5244 sed
2922 5191 3083 5244 etiam
3121 5189 3261 5258 quod
3291 5189 3454 5242 multa

1853 5293 2025 5362 turpia
2057 5299 2110 5346 et
2150 5288 2366 5345 servilia
2408 5285 2588 5340 facere
2636 5292 2878 5353 cogatur.
2907 5281 2998 5338 Sic
3028 5282 3189 5337 etiam
3221 5295 3410 5336 omnes
3436 5323 3450 5346 ,

1851 5387 1943 5456 qui
1975 5386 2124 5441 luem
2165 5398 2266 5438 ceu
2299 5379 2542 5435 furentes
2569 5376 2810 5442 student,
2839 5375 2907 5429 ab
2933 5391 3122 5430 amore
3150 5375 3283 5429 lucri
3311 5387 3454 5442 saepe

1854 5478 1975 5534 Ιπόὶ
2021 5477 2198 5532 solent
2239 5493 2251 5529 :
2296 5472 2492 5528 multas
2549 5471 2748 5540 quippe
2799 5467 3014 5522 fraudes
3062 5466 3350 5530 adhibent,
3401 5475 3454 5519 et

1851 5587 2011 5644 quam
2045 5568 2264 5624 minima
2297 5566 2444 5621 lucra
2475 5578 2664 5633 magna
2698 5563 2911 5632 pariunt
2936 5561 3276 5616 detrimenta.
3310 5556 3453 5626 Qua-

1853 5675 2074 5737 prOpter
2105 5663 2209 5718 hoc
2235 5665 2405 5731 ipsum
2440 5662 2491 5714 in
2535 5659 2879 5729 proverbium
2919 5657 3145 5711 transiit.
3180 5652 3269 5709 Sic
3289 5651 3452 5707 etiam

1855 5759 2052 5816 lascivo
2080 5800 2092 5823 ,
2125 5754 2508 5827 impedimento
2536 5753 2597 5808 ad
2635 5752 2959 5822 voluptatem
3011 5761 3096 5814 est,
3120 5749 3230 5819 ipse
3258 5746 3453 5802 nimius
