4174 6332
230 365 333 423 ωδ

234 493 406 541 autem
452 493 508 536 et
554 481 704 547 dicit,
743 486 798 532 et
844 485 901 531 ttt
939 475 1085 529 illum
1123 467 1374 532 attrahat,
1423 478 1669 531 magnam
1721 464 1822 530 ψει

239 575 542 633 mercedem
559 573 815 634 ostendit,
839 578 1112 636 totumque
1132 562 1248 634 ejus
1266 559 1521 614 voluntati
1549 553 1822 622 relinquit,

237 669 338 723 sub
358 667 548 720 umbra
580 664 808 735 quadam
851 661 1155 728 relinquens
1193 670 1256 709 ca
1281 667 1400 722 qua:
1431 651 1483 704 in
1511 649 1609 702 hac
1638 644 1826 698 admo-

241 762 444 815 nitione
483 760 664 828 gravia
695 772 811 812 esse
841 754 1154 808 videbantur
1192 765 1204 801 :
1251 746 1495 814 ideoque,
1540 750 1826 808 antequam

236 855 516 905 certamen
559 859 613 903 et
663 849 896 902 laborem
926 845 1149 902 diceret,
1192 837 1432 893 bravium
1458 831 1715 913 ostendit,
1741 829 1827 883 di-

235 956 363 995 cens
395 959 409 993 :
439 940 501 994 Si
554 941 626 992 vis
673 940 919 1009 perfectus
964 949 1090 999 esse,
1138 939 1192 985 et
1246 939 1371 982 tunc
1419 924 1622 994 adjicit,
1662 921 1829 976 Vende

234 1032 408 1085 omnia
434 1047 548 1100 qua:
567 1031 738 1094 habes,
768 1038 812 1081 et
843 1028 910 1081 da
940 1009 1244 1096 paupéiiibus
1263 1037 1280 1084 ;
1302 1019 1589 1086 statimque
1611 1014 1824 1084 prannia

235 1125 388 1188 dicit,
438 1123 760 1192 Ilubebisque
787 1122 1075 1175 thesaurum
1115 1117 1168 1170 in
1210 1114 1352 1178 celo,
1385 1122 1431 1166 et
1464 1110 1594 1174 ueni,
1623 1123 1827 1176 sequere

234 1233 333 1269 use.
361 1215 496 1270 Nam
522 1215 600 1270 vel
631 1215 779 1285 sequi
809 1213 974 1274 illum,
1009 1225 1196 1280 magna
1226 1222 1432 1262 merces
1457 1215 1558 1259 est.
1586 1203 1649 1256 Et
1675 1202 1828 1255 liabe-

233 1307 308 1362 bis
339 1307 635 1360 thesaro-um
673 1305 726 1358 in
763 1305 917 1358 caelis.
955 1302 1088 1370 Quia
1112 1301 1254 1356 enim
1281 1298 1348 1353 de
1374 1295 1610 1367 pecuniis
1647 1308 1824 1348 sermo

228 1399 374 1453 erat,
400 1388 666 1458 illumque
689 1391 1028 1456 hortabatur,
1045 1400 1104 1445 ut
1123 1407 1182 1447 se
1199 1391 1455 1446 omnibus
1473 1393 1828 1461 exspoliaret,

228 1482 532 1536 ostendens
545 1467 765 1538 non-sua
784 1483 884 1537 sibi
907 1482 1131 1549 auferri,
1153 1484 1245 1538 sed
1262 1473 1471 1554 augeri,
1491 1487 1653 1538 etiam
1672 1484 1825 1555 plura

227 1570 303 1627 illi
344 1573 464 1636 dat,
490 1587 654 1642 quam
685 1572 799 1642 ipse
823 1574 1066 1642 praebere
1085 1575 1404 1642 juberetur;
1451 1591 1626 1644 neque
1667 1575 1823 1644 plura

233 1658 420 1725 Ittudo,
448 1659 543 1713 sed
573 1669 718 1714 tanto
749 1660 969 1728 majora,
1001 1670 1200 1730 quanto
1240 1658 1411 1730 majus
1444 1659 1634 1713 czelum
1664 1673 1822 1729 quam

232 1760 376 1805 terra
419 1759 525 1815 est,
573 1751 680 1806 imo
708 1750 833 1819 quid
876 1750 1118 1806 ulterius.
1149 1749 1478 1805 Thesaurum
1518 1761 1694 1804 autem
1725 1764 1825 1817 ap-

229 1844 420 1914 pellat,
471 1845 673 1915 praemii
715 1845 1098 1915 prmstantiam,
1147 1843 1514 1909 stabilitatem,
1560 1842 1822 1897 securita-

227 1944 449 2006 temque
476 1936 592 2006 ejus
621 1936 917 2003 declarans,
948 1947 1202 2007 quantum
1241 1951 1337 2006 per
1367 1934 1594 1989 lmmana
1635 1934 1821 1988 subin-

222 2029 412 2084 dicare
444 2038 652 2100 poterat
680 2031 935 2084 audienti.
966 2029 1081 2084 Non
1109 2044 1235 2098 ergo
1265 2031 1393 2082 satis
1432 2037 1514 2083 est
1543 2027 1820 2098 pecuniam

224 2132 611 2184 contemnere;
656 2121 750 2176 sed
795 2131 1005 2192 oportet
1049 2135 1310 2191 pauperes
1367 2121 1545 2181 alere;
1594 2129 1648 2174 et
1697 2130 1821 2175 ante

224 2213 408 2265 omnia
437 2211 708 2267 Christum
737 2215 908 2283 sequi,
946 2213 994 2267 id
1022 2223 1123 2272 est.
1151 2214 1327 2267 omnia
1360 2212 1506 2282 jussa
1533 2212 1648 2280 ejus
1672 2227 1822 2266 con:-

222 2303 397 2374 plere,
427 2318 551 2359 esse
576 2303 814 2374 quotidie
843 2314 1080 2372 paratum
1108 2304 1173 2357 ad
1203 2304 1398 2368 czedes,
1421 2313 1475 2360 et
1495 2303 1560 2358 ad
1592 2313 1816 2358 mortem

221 2394 614 2462 quotidianam.
665 2396 755 2448 Ait
783 2395 922 2449 enim
957 2413 970 2449 :
1006 2394 1067 2450 Si
1109 2396 1221 2466 quis
1250 2396 1354 2448 vult
1382 2404 1493 2465 post
1529 2412 1608 2448 me
1631 2397 1814 2463 venire,

221 2487 435 2557 abneget
462 2490 805 2558 semetipsum,
836 2499 880 2542 et
903 2489 1049 2542 tollat
1078 2505 1272 2542 crucem
1306 2505 1469 2554 suam,
1511 2499 1555 2542 et
1578 2500 1819 2558 sequatur

221 2579 480 2650 me.(Luc.
511 2581 564 2636 9.
597 2579 714 2649 23);
747 2580 886 2651 quod
925 2581 1162 2649 profecto
1193 2583 1496 2636 mandatum
1545 2586 1815 2652 preprium

221 2672 491 2731 fundendi
525 2675 838 2742 sanguinem
886 2679 1056 2743 majus
1083 2684 1183 2736 est.
1214 2691 1372 2744 quam
1403 2677 1642 2745 pecunia:
1681 2691 1816 2730 con—

219 2773 455 2834 temptus
486 2783 499 2818 :
531 2767 620 2836 qui
646 2776 819 2820 tamen
845 2782 947 2820 non
978 2783 1160 2836 parum
1191 2768 1398 2822 confert
1425 2769 1492 2822 ad
1521 2769 1646 2823 illud
1669 2784 1817 2824 asse-

216 2857 517 2927 quendum.
565 2858 656 2914 2‘2.
701 2857 825 2913 Cum
873 2860 1096 2914 audisset
1144 2870 1312 2913 autem
1343 2860 1657 2925 adolescens,
1691 2862 1814 2914 abiit

217 2935 397 3001 tristis.
428 2947 585 3015 Quod
635 2965 740 3002 non
771 2950 886 3002 sine
925 2965 1084 3005 causa
1109 2952 1365 3006 accidisse
1396 2952 1468 3006 illi
1497 2952 1814 3022 significavit

215 3040 543 3108 evangelista
567 3040 748 3094 dicens
787 3057 801 3092 :
833 3038 1055 3094 Habebat
1075 3043 1208 3095 enim
1245 3043 1580 3111 possessiones
1602 3043 1808 3099 multas.

283 3129 482 3185 Divites
511 3131 796 3202 cupidiores
821 3142 936 3186 sunt
959 3149 1110 3196 quam
1129 3134 1212 3204 qui
1237 3134 1433 3187 modica
1457 3135 1684 3206 gaudent
1705 3137 1812 3206 for-

212 3230 355 3276 tuna.
389 3223 634 3278 Avaritia:
653 3225 723 3279 eis
750 3235 958 3292 quanta.
987 3257 1058 3266 —
1083 3227 1199 3281 Non
1226 3228 1302 3281 sic
1328 3227 1470 3282 enim
1503 3227 1811 3284 detinentur

211 3314 271 3380 ii,
305 3316 503 3385 quibus
532 3332 710 3386 pauca:
738 3317 1039 3386 facultates,
1069 3329 1127 3374 ut
1156 3321 1186 3373 ii
1215 3321 1302 3390 qui
1326 3322 1488 3375 multa
1515 3337 1694 3376 rerum
1717 3337 1810 3376 co-

210 3407 300 3476 pia
331 3406 586 3460 fruuntur
615 3422 629 3462 :
657 3417 781 3464 tunc
804 3413 946 3464 enim
967 3412 1246 3465 violentior
1269 3412 1562 3481 cupiditas:
1589 3412 1637 3466 id
1665 3412 1805 3482 quod

209 3496 425 3551 dicendi
469 3496 631 3552 finem
661 3514 766 3555 non
813 3500 1021 3567 faciam,
1069 3517 1260 3572 nempe
1297 3505 1606 3559 accessione
1643 3520 1805 3574 opum

209 3589 472 3658 majorem
493 3592 1013 3656 accendiflammam,
1038 3605 1438 3664 etpossessores
1462 3599 1806 3666 pauperiores

210 3681 372 3748 effici,
408 3684 533 3753 quia
562 3684 802 3753 pluribus
830 3687 1188 3756 corripiuntur
1211 3689 1607 3757 cupiditatibus,
1641 3701 1695 3746 et
1725 3693 1806 3745 in-

209 3774 503 3846 digentiam
547 3779 715 3848 magis
757 3781 1012 3833 sentiunt.
1060 3779 1154 3835 llic
1194 3775 1587 3837 animadvertas
1616 3785 1799 3848 velim,

210 3877 466 3937 quantam
498 3869 713 3925 morbus
740 3871 843 3923 vim
875 3872 1194 3927 exhibuerit.
1225 3873 1376 3929 Illum
1407 3875 1548 3930 enim
1571 3876 1800 3946 quicum

207 3959 405 4028 gaudio
444 3970 500 4014 et
543 3961 816 4018 alacritate
862 3976 1182 4026 accesserat,
1234 3967 1322 4020 ubi
1366 3967 1608 4022 Christus
1644 3970 1805 4038 jussit

208 4052 468 4120 pecunias
497 4052 750 4117 sbjicene,
781 4056 848 4107 ita
877 4055 1053 4110 obruit
1077 4066 1129 4110 et
1160 4056 1368 4123 afﬂixit,
1401 4067 1456 4113 ut
1487 4076 1553 4114 ne
1571 4076 1799 4129 reSpon-

207 4140 420 4195 sionem
463 4142 676 4211 quidem
709 4144 881 4212 daret,
926 4147 1019 4201 sed
1049 4149 1231 4213 silens,
1265 4151 1453 4214 tristis,
1498 4162 1552 4206 et
1581 4166 1803 4208 mmsnts

206 4232 397 4284 abiret.
435 4232 570 4299 Quid
605 4235 762 4304 igitur
785 4233 1066 4292 Christus?
1093 4239 1182 4293 25.
1221 4241 1384 4307 Quam
1409 4243 1608 4312 diﬁicile
1628 4244 1803 4299 divites

207 4327 472 4380 intrabunt
509 4328 562 4380 in
607 4344 815 4399 regnum
867 4331 1139 4385 calorum!
1167 4349 1270 4386 non
1310 4338 1563 4405 pecunias
1592 4338 1802 4407 vitupe-

206 4430 356 4480 rans,
389 4415 487 4471 sed
515 4431 608 4471 eos
634 4419 721 4486 qui
747 4419 1052 4476 detinentur
1073 4421 1140 4476 ab
1165 4422 1312 4491 ipsis;
1337 4426 1390 4480 Si
1414 4426 1631 4484 difficile
1660 4427 1798 4483 divi—

207 4518 307 4571 tes,
335 4509 498 4580 longe
527 4510 794 4566 difficilius
837 4514 1003 4568 avari.
1054 4513 1186 4569 Nam
1231 4518 1274 4570 si
1315 4532 1409 4572 sua
1458 4535 1562 4573 non
1597 4519 1798 4591 largiri.

205 4602 655 4672 impedimentum
700 4614 783 4661 est
821 4605 886 4660 ad
935 4622 1157 4678 regnum
1185 4612 1593 4681 assequendum,
1626 4615 1800 4669 aliena

205 4709 424 4764 rapere,
454 4694 624 4766 cogita
647 4705 902 4766 quantum
932 4699 1104 4767 ignem
1146 4703 1466 4758 accnmulet.
1492 4704 1601 4758 Cur
1622 4713 1799 4760 autem

202 4783 488 4852 discipulis
531 4784 680 4850 dicit,
723 4785 942 4842 difficile
981 4787 1198 4844 divitem
1242 4792 1291 4845 in
1321 4807 1538 4862 regnum
1581 4796 1796 4861 intrare,

201 4874 293 4944 qui
325 4889 590 4943 pauperes
616 4886 788 4941 erant,
823 4876 1061 4950 nihilque
1082 4881 1460 4949 possidebant?
1490 4885 1654 4940 Docet
1683 4885 1803 4942 illos

202 4983 271 5020 ne
292 4966 365 5023 de
393 4976 705 5035 paupertate
727 4969 1067 5038 erubescant,
1096 4982 1151 5027 et
1189 4977 1446 5030 rationem
1481 4977 1672 5045 reddit,
1704 4994 1804 5035 cur

203 5060 342 5114 nihil
371 5072 468 5114 eos
499 5058 696 5114 habere
735 5062 1062 5132 permiserit.
1099 5065 1386 5134 Postquam
1426 5078 1602 5123 autem
1645 5069 1798 5138 dixit,

200 5165 318 5204 rem
348 5163 470 5203 esse
495 5147 789 5217 difficilem,
810 5168 923 5208 rem
947 5170 1052 5207 non
1075 5171 1232 5224 posse
1253 5156 1390 5224 fieri,
1412 5170 1592 5228 postea
1622 5172 1805 5218 osten-

197 5239 301 5304 dit,
337 5254 439 5294 nec
466 5240 628 5296 modo
672 5240 786 5297 fieri
817 5259 923 5298 non
964 5260 1140 5314 posse,
1187 5249 1280 5303 sed
1309 5265 1373 5314 ex
1404 5255 1802 5322 comparatione

200 5328 344 5386 facta
372 5333 563 5386 cameli
588 5343 748 5401 atque
775 5351 921 5401 acus,
952 5338 1148 5407 aliquid
1172 5340 1306 5396 ultra
1330 5341 1527 5400 addere
1553 5347 1800 5403 videtur:

199 5438 328 5477 nam
360 5423 457 5489 ait,
481 5423 572 5478 il.
618 5423 848 5482 Facilius
874 5440 947 5484 est
989 5434 1236 5487 camelum
1280 5453 1370 5504 per
1407 5438 1636 5508 foramen
1680 5458 1800 5496 acus

199 5515 457 5580 transire,
497 5534 649 5586 quam
694 5518 898 5574 diuitem
945 5523 1136 5578 intrare
1185 5527 1238 5580 in
1282 5545 1490 5599 regnum
1537 5515 1800 5591 calortbn.

199 5604 364 5662 Unde
407 5608 711 5663 ostenditur
738 5625 845 5666 non
889 5627 1074 5682 parum
1104 5618 1369 5674 mercedis
1398 5624 1571 5689 parari
1616 5625 1800 5681 diviti.

198 5699 344 5762 bus,
389 5700 478 5765 qui
529 5700 890 5773 philosophari
937 5711 1162 5775 possint.
1193 5708 1331 5766 ideo'
1358 5713 1448 5769 Dei
1489 5730 1627 5786 Optts
1670 5704 1801 5776 illud

199 5807 326 5848 esse
343 5793 596 5861 asseruit,
623 5804 679 5849 ut
699 5795 799 5851 dec
817 5810 1015 5868 araret,
1041 5817 1226 5874 magna
1246 5821 1380 5876 opus
1396 5822 1515 5865 esse
1528 5811 1694 5881 gratia
1723 5813 1794 5882 ei,

1248 356 1310 410 IN
1349 347 1760 408 MATTIIIEUM
1802 344 2032 400 liOMiL.
2075 344 2258 398 LXIII.
2300 344 2372 399 al.
2416 343 2596 398 LXIV.

3435 342 3536 394 606

1937 457 2026 528 qui
2058 456 2108 511 id
2140 467 2486 523 suscepturus
2526 464 2688 510 esset.
2733 454 3063 509 Pcrturbatis
3105 468 3235 524 ergo
3263 448 3537 523 discipulis

1934 547 2110 602 dixit:
2141 545 2231 602 26.
2285 543 2396 600 Hoc
2439 546 2580 613 apud
2627 547 2853 601 homines
2909 545 3223 611 impossibile
3265 556 3358 610 est,
3399 553 3538 617 apud

1935 639 2101 694 Deum
2125 651 2295 694 autem
2323 641 2492 694 omnia
2511 639 2768 709 possibilia
2791 649 2929 694 sunt.
2958 640 3069 693 Cur
3088 649 3265 693 autem
3288 639 3536 709 discipuli

1937 734 2250 798 turbantur,
2299 733 2388 802 qui
2438 747 2735 802 pauperes,
2779 734 2886 786 imo
2929 732 3218 787 admodum
3272 749 3537 804 pauperes

1935 827 2095 882 Sunt?
2119 843 2214 883 cur
2242 843 2370 897 ergo
2401 826 2713 880 turbantur9
2745 826 2818 882 De
2834 827 3120 880 multorum
3139 825 3334 881 amissa
3361 827 3534 885 salute

1933 917 2200 984 dolentes,
2226 919 2315 989 qui
2347 932 2536 988 magna
2575 932 2700 986 erga
2731 931 2920 972 omnes
2943 919 3167 972 caritate
3194 917 3531 988 tenebantur,

1933 1019 1987 1064 et
2009 1009 2118 1079 jam
2143 1011 2516 1078 magistrorum
2535 1009 2738 1063 viscera
2767 1009 3043 1080 gerebant.
3069 1008 3355 1065 Timebztnt
3376 1011 3532 1082 igitur

1934 1101 2337 1170 tremebantque
2362 1115 2459 1171 pro
2487 1109 2599 1154 toto
2627 1100 2778 1165 orbe,
2811 1100 2900 1154 tali
2945 1101 3212 1156 sententia
3253 1103 3529 1167 commoti,

1932 1191 2002 1245 ita
2035 1201 2090 1244 ut
2117 1192 2278 1245 multa
2311 1200 2528 1262 egerent
2553 1191 2940 1246 consolatione.
2969 1190 3082 1258 Qua
3110 1191 3179 1245 de
3205 1207 3365 1247 causa
3388 1203 3532 1260 post-

1930 1297 2088 1352 quam
2141 1283 2287 1352 prius
2327 1283 2633 1352 inSpexerat
2684 1296 2794 1346 eos,
2829 1281 2964 1336 dixit
2993 1299 3006 1336 :
3042 1281 3169 1348 ρυω
3197 1282 3531 1353 impossibilia

1928 1386 2044 1429 sunt
2071 1376 2212 1446 apud
2253 1375 2500 1438 homines,
2542 1375 2805 1446 possibilia
2832 1385 2951 1429 sunt
2991 1375 3136 1445 apud
3167 1374 3333 1429 Deum
3361 1375 3528 1448 (Luc.

1932 1468 2021 1521 18.
2045 1467 2158 1537 27).
2187 1466 2431 1521 Jucundo
2455 1469 2597 1522 enim
2628 1482 2692 1521 ac
2712 1476 2990 1523 mansueto
3012 1478 3232 1538 aspectu
3259 1468 3379 1523 illos
3407 1471 3523 1525 hor-

1929 1574 2053 1612 rore
2097 1559 2260 1612 animi
2309 1569 2494 1629 captos
2545 1559 2692 1629 prius
2729 1559 3056 1624 consolatus,
3086 1570 3142 1615 et
3168 1561 3412 1631 angustia
3443 1562 3528 1617 illa

1929 1649 2102 1703 soluta
2155 1649 2307 1721 (hoc
2363 1650 2508 1704 cnim
2555 1650 2872 1719 signiﬁcavit
2934 1652 3260 1722 evangelista
3317 1653 3528 1719 dicens,

1929 1735 2222 1810 Respiciens
2240 1738 2280 1812 ).
2335 1749 2459 1793 tunc
2503 1740 2680 1794 verbis
2720 1741 2841 1796 illos
2887 1743 3060 1821 erigit,
3109 1742 3204 1798 Dei
3235 1745 3528 1812 potentiam

1929 1831 1981 1885 in
2012 1831 2244 1886 medium
2275 1832 2568 1900 adducens,
2598 1843 2653 1888 et
2673 1834 2750 1890 sic
2779 1833 3025 1889 fiduciam
3057 1835 3268 1890 indidit.
3309 1837 3363 1891 Si
3400 1839 3528 1892 velis

1926 1933 2104 1977 autem
2137 1925 2354 1980 modum
2384 1940 2598 1996 quoque
2621 1924 2883 1993 ediscere,
2914 1935 2968 1980 et
2989 1942 3094 1998 quo
3113 1937 3268 1997 pacto
3294 1929 3366 1996 id,
3386 1931 3526 1999 quod

1929 2015 2256 2085 impossibile
2295 2025 2397 2080 est,
2431 2017 2683 2086 possibile
2717 2018 2826 2082 fiat,
2875 2019 3022 2074 andi.
3086 2019 3201 2074 Non
3229 2027 3374 2076 enim
3407 2023 3528 2078 ideo

1925 2107 2080 2174 dixit,
2132 2125 2249 2179 qua:
2296 2110 2641 2180 impossibilia
2685 2119 2809 2165 sunt
2858 2111 3204 2180 hominibus,
3254 2117 3526 2186 possibilia

1925 2212 2044 2252 esse
2077 2200 2205 2266 Deo,
2240 2211 2296 2255 ut
2326 2202 2507 2256 animo
2531 2203 2805 2269 concidas,
2835 2212 2886 2259 et
2913 2204 2981 2257 ab
3012 2204 3076 2258 iis
3100 2206 3249 2275 quasi
3277 2209 3527 2279 impossi-

1923 2289 2120 2346 bilibus
2157 2293 2406 2361 ahsistas,
2451 2295 2544 2350 sed
2586 2303 2644 2349 ut
2673 2295 2938 2351 intellecta
2976 2297 3227 2353 facinoris
3257 2303 3527 2371 magnituo

1923 2380 2067 2446 dine,
2113 2381 2321 2439 facilius
2362 2399 2476 2440 rem
2523 2386 2886 2456 aggredieris,
2931 2396 2986 2442 et
3028 2388 3277 2445 invocato
3327 2392 3437 2448 Deo
3467 2405 3525 2448 ut

1923 2479 2081 2541 opem
2115 2473 2214 2527 tibi
2245 2474 2298 2526 in
2330 2473 2416 2528 his
2447 2473 2695 2542 pulchris
2738 2478 3138 2536 certaminibus
3168 2491 3414 2552 praestet,
3443 2458 3550 2539 vi;

1920 2572 2032 2618 tam
2063 2567 2454 2636 consequaris.

1992 2653 2047 2708 3.
2087 2653 2369 2721 Quomodo
2397 2656 2556 2725 igitur
2585 2656 2635 2710 id
2669 2658 2783 2713 fieri
2809 2661 3015 2728 possit?
3043 2662 3098 2717 Si
3125 2678 3258 2733 opes
3278 2666 3520 2737 abjicias,

1920 2745 1964 2799 si
1992 2748 2244 2814 peettnias
2269 2762 2513 2812 evacues,
2559 2750 2602 2803 si
2631 2766 2658 2802 a
2686 2752 2824 2806 mala
2865 2757 3296 2825 concupiscentia
3328 2760 3520 2818 absce-

1919 2837 2033 2892 das.
2075 2837 2226 2902 Quod
2269 2841 2411 2895 enim
2460 2842 2508 2895 id
2551 2857 2655 2897 non
2697 2845 2797 2898 soli
2829 2846 2938 2901 Deo
2983 2824 3265 2915 tribuatdr,
3295 2855 3389 2909 sed
3418 2855 3520 2912 hoc

1917 2929 2041 2986 ideo
2060 2930 2273 2996 dixerit,
2301 2942 2360 2988 ut
2396 2935 2472 2989 rei
2516 2935 2888 2994 difficultatem
2931 2945 3274 3011 exprimeret,
3305 2948 3427 3003 andi
3453 2964 3517 3006 ea

1917 3037 2037 3090 qua:
2061 3033 2374 3092 sequuntur.
2404 3026 2567 3081 Petro
2611 3044 2842 3100 namque
2869 3031 3101 3098 dicente,
3142 3037 3234 3091 27.
3265 3036 3396 3094 Ecce
3425 3057 3518 3096 nos

1917 3115 2213 3182 reliquimus
2239 3119 2432 3183 omnia,
2481 3129 2528 3172 et
2551 3123 2749 3190 sequuti
2763 3139 2936 3179 sumus
2955 3134 3020 3190 te,
3048 3135 3103 3182 et
3128 3129 3515 3202 interrogante,

1920 3207 2056 3274 Quid
2080 3225 2201 3279 ergo
2229 3212 2323 3264 erit
2347 3213 2488 3267 nobis
2506 3213 2532 3267 3’
2557 3215 2862 3272 mercedem
2894 3219 2996 3273 illis
3019 3230 3279 3285 statuens.
3302 3226 3516 3296 subjun-

1916 3303 1987 3355 xit
2019 3322 2030 3355 :
2062 3302 2152 3357 29.
2196 3303 2262 3357 Et
2289 3308 2593 3378 quicumque
2625 3310 2882 3379 reliquerit
2912 3313 3120 3367 domum
3141 3315 3220 3371 vel
3242 3334 3415 3388 agros,
3439 3323 3515 3376 vel

1913 3396 2114 3462 fratres,
2146 3396 2224 3449 uel
2251 3412 2465 3463 sorores,
2499 3398 2577 3453 vel
2605 3411 2818 3470 patrem,
2851 3404 2930 3458 vel
2952 3417 3182 3472 matrem,
3223 3413 3514 3482 centuplum

1911 3486 2124 3556 accipiet
2149 3489 2202 3541 in
2227 3490 2468 3559 prmenti
2493 3491 2705 3557 surculo,
2735 3503 2782 3547 et
2810 3494 2964 3549 vitam
3003 3508 3249 3552 cateruam
3281 3505 3512 3567 posside-

1910 3576 2001 3630 bit.
2033 3579 2122 3634 Sic
2165 3580 2308 3649 quod
2335 3579 2666 3651 impossibile
2693 3593 2796 3649 est,
2830 3585 2889 3640 lit
2929 3589 3202 3657 possibile.
3233 3591 3338 3647 Sed
3376 3611 3514 3666 quo-

1910 3671 2092 3735 modo,
2114 3672 2344 3742 inquies,
2364 3674 2479 3730 haec
2505 3677 2813 3747 relinquere
2836 3682 3089 3750 possibile
3105 3687 3222 3740 est?
3243 3691 3514 3755 quomodo

1909 3772 2084 3830 potest
2110 3764 2173 3828 is,
2203 3765 2291 3835 qui
2316 3775 2458 3820 tanta
2483 3771 2828 3841 pecuniarum
2845 3772 3139 3842 cupiditate
3159 3777 3381 3833 obrutus
3404 3790 3509 3849 est,

1910 3857 2089 3912 statim
2119 3861 2438 3929 emergere?
2461 3860 2514 3916 Si
2543 3862 2760 3934 incipiat
2789 3879 2921 3933 opes
2951 3882 3234 3935 evacnarc,
3260 3882 3313 3926 et
3333 3887 3513 3942 super-
3593 3927 3606 3940 ,

1908 3949 2010 4003 flua
2040 3951 2344 4019 przccidere.
2382 3953 2455 4009 Ita
2484 3956 2627 4009 enim
2659 3966 2712 4010 et
2745 3957 2965 4014 ulterius
2991 3962 3266 4030 procedet,
3293 3974 3347 4019 et
3376 3964 3512 4022 faci-

1907 4041 2010 4096 lius
2043 4052 2222 4111 postea
2246 4054 2447 4100 curret.

1979 4135 2173 4189 Avarus
2217 4137 2472 4191 sitibundo
2518 4149 2565 4193 et
2605 4139 2910 4211 febricitanti
2939 4145 3141 4214 similis,
3183 4151 3339 4205 simili
3359 4155 3512 4209 modo

1908 4229 2165 4282 curandus
2195 4239 2286 4284 est.
2312 4230 2482 4286 -—Ne
2523 4233 2702 4303 itaque
2745 4236 2901 4290 simul
2950 4233 3118 4294 totum
3159 4245 3508 4312 aggrediaris,

1907 4320 2002 4376 sed
2052 4322 2250 4376 sensim
2296 4332 2350 4376 et
2395 4323 2646 4393 paulatim
2688 4340 2785 4396 per
2830 4327 2966 4384 hanc
3012 4333 3208 4387 soulam
3249 4339 3507 4407 ascende,

1906 4428 2025 4482 qua:
2039 4413 2105 4467 ad
2128 4414 2315 4468 caelum
2341 4423 2393 4469 te
2420 4414 2655 4479 adducit,
2675 4417 2720 4471 si
2744 4417 2960 4474 difficile
2989 4421 3079 4475 tibi
3105 4423 3317 4479 videtur
3340 4439 3508 4484 totum

1907 4505 2065 4560 simul
2094 4505 2327 4576 assequi.
2360 4505 2821 4574 Quemadmodum
2851 4511 2995 4565 enim
3037 4512 3424 4577 febricitantes.
3455 4532 3510 4576 et

1907 4598 1996 4669 qui
2024 4614 2200 4654 acrem
2236 4598 2398 4655 bilem
2427 4599 2567 4655 intus
2609 4602 2811 4657 habent
2839 4607 3245 4676 exuberantem,
3278 4629 3400 4668 cum
3430 4617 3508 4669 ci-

1907 4688 2032 4744 bum
2059 4700 2115 4746 et
2142 4698 2325 4761 potum
2370 4692 2610 4758 sorbent,
2643 4709 2750 4749 non
2782 4697 2942 4750 modo
2989 4714 3095 4754 non
3126 4702 3267 4756 sitim
3300 4708 3509 4762 exstin-

1905 4791 2094 4853 guuut,
2117 4783 2210 4837 sed
2242 4785 2403 4838 etiam
2428 4782 2698 4840 flammam
2729 4789 3061 4844 succendunt
3093 4809 3107 4845 :
3140 4794 3220 4849 sic
3258 4806 3311 4851 ct
3339 4800 3507 4867 avari,

1907 4899 2028 4940 cum
2058 4885 2179 4941 huic
2206 4901 2384 4957 prava:
2411 4885 2706 4957 cupiditati,
2731 4888 2836 4944 bile
2856 4891 3071 4954 acriori,
3105 4896 3360 4962 pecunias
3376 4897 3508 4953 afl‘e-

1907 4987 2052 5044 runt,
2099 4977 2242 5031 illam
2275 4962 2442 5048 magis
2487 4978 2837 5035 inflammant.
2883 4981 3024 5036 Nihil
3068 4987 3210 5040 enim
3257 4989 3336 5044 sic
3364 4989 3506 5043 illam

1907 5069 2079 5132 sedat,
2114 5079 2174 5124 ut
2202 5072 2246 5123 si
2272 5071 2472 5125 interea
2490 5086 2517 5126 a
2543 5071 2674 5127 lucri
2698 5073 2990 5143 cupiditate
3015 5076 3341 5146 discedatur,
3371 5083 3510 5137 sicut

1907 5165 2068 5217 etiam
2091 5179 2269 5219 acrem
2298 5164 2460 5218 bilem
2483 5165 2637 5221 sedat
2669 5167 2820 5221 cibus
2854 5169 3095 5223 modicus
3123 5179 3178 5225 et
3204 5175 3501 5229 evacuatio.

1906 5255 2011 5311 Sed
2039 5255 2189 5324 illud,
2219 5256 2446 5327 inquies,
2472 5258 2742 5327 quomodo
2766 5259 2896 5314 flet?
2920 5260 2976 5316 Si
3003 5264 3205 5333 cogites
3226 5273 3296 5326 te,
3316 5281 3509 5336 quam-

1907 5347 1995 5401 diu
2027 5347 2225 5403 divitiis
2245 5348 2453 5415 afflues,
2483 5364 2772 5420 numquam
2801 5351 2943 5405 sitim
2970 5356 3311 5423 exstinguere
3326 5371 3509 5426 posse,

1909 5440 1999 5495 sed
2032 5441 2152 5511 plus
2183 5440 2414 5496 habendi
2446 5441 2698 5511 cupidine
2735 5444 2786 5497 in
2821 5443 2996 5500 tabem
3031 5446 3305 5515 lapsorum
3346 5465 3507 5506 esse:

1909 5532 1954 5587 si
2005 5542 2181 5587 autem
2230 5547 2362 5606 opes
2407 5533 2742 5604 deposueris,
2786 5535 2925 5592 hanc
2949 5538 3322 5609 aegritudinem
3350 5556 3508 5612 posse

1908 5626 2196 5697 deponere.
2248 5627 2367 5682 Noli
2410 5642 2538 5697 ergo
2588 5628 2738 5698 plura
2787 5629 2988 5685 circum
3025 5647 3302 5704 aggerere.
3343 5651 3410 5690 ne
3440 5651 3503 5691 es

1910 5720 2248 5790 persequaris
2273 5735 2395 5791 qua:
2420 5736 2529 5775 non
2561 5731 2788 5791 possunt
2822 5723 3173 5794 apprehendi,
3215 5737 3268 5782 et
3284 5727 3509 5784 incurs-

1911 5811 2007 5868 bili
2036 5812 2227 5868 morbo
2255 5811 2488 5882 labores,
2537 5813 2735 5884 talique
2776 5814 2925 5872 rabie
2954 5829 3238 5890 correptus
3267 5821 3508 5879 omnium
