4174 6332
670 359 774 416 607

672 471 1002 529 miserrimus
1022 470 1116 529 sis.
1146 466 1430 538 Responde
1448 466 1581 521 mihi
1613 484 1631 523 :
1660 481 1815 535 quem
1851 464 2091 522 dicamus
2131 474 2245 519 tor-

671 565 819 634 qncri
849 573 901 629 et
938 562 1185 626 cruciari,
1217 570 1408 615 eumne
1429 560 1517 629 qui
1542 560 1739 613 lautum
1762 558 1936 613 cibum
1980 568 2037 613 et
2064 568 2242 628 potum

671 654 866 721 cupiat,
889 667 987 705 nec
1016 651 1182 719 possit
1206 651 1397 720 optatis
1420 650 1523 705 frui
1550 668 1564 706 :
1590 665 1659 703 an
1681 664 1803 706 eum
1831 649 1920 719 qui
1942 647 2243 719 huiusmodi

672 742 1152 811 concupiscentiam
1194 756 1301 796 non
1336 741 1531 796 habet?
1570 740 1757 795 Procul
1795 739 1956 793 dubio
1993 740 2246 809 concupi-

671 850 929 901 sccntcm,
960 836 1049 908 qui
1082 851 1183 891 non
1213 837 1381 907 possit
1403 850 1465 892 ea
1493 850 1611 905 quae
1648 835 1978 904 concupiscit
2012 834 2240 904 assequi.

670 929 800 985 Nam
846 931 916 984 ita
962 931 1213 983 miserum
1262 937 1364 995 est,
1408 928 1873 998 concupiscentem
1922 936 2103 998 optato
2145 926 2246 983 frui

671 1037 776 1075 non
794 1035 971 1090 posse,
1004 1035 1107 1075 nec
1122 1021 1388 1076 sitientem
1416 1020 1619 1084 bibere.
1643 1029 1698 1074 ut
1718 1019 2016 1089 gehennam
2045 1020 2248 1074 descri-

670 1114 813 1168 bere
846 1114 1027 1167 volens
1066 1112 1327 1181 Christus.
1363 1110 1470 1170 hoc
1507 1112 1650 1167 illam
1690 1110 1850 1165 modo
1888 1111 2154 1181 depingat.
2193 1120 2247 1164 et

673 1205 890 1261 divitem
923 1204 1133 1257 inducat
1174 1204 1367 1259 ardore
1406 1204 1717 1267 crueiatum,
1766 1204 1855 1273 qui
1898 1218 2018 1257 cum
2045 1209 2245 1271 guttam

668 1308 821 1361 aqua:
868 1301 1126 1362 posceret.
1174 1307 1273 1361 nec
1309 1292 1396 1348 illa
1448 1292 1546 1346 frui
1595 1301 1792 1363 posset,
1824 1294 1891 1346 ita
1934 1292 2248 1362 puniebatur

669 1382 834 1453 (Lac.
866 1383 977 1452 l6).
1007 1383 1188 1453 itaque
1218 1383 1284 1449 is,
1314 1383 1400 1452 qui
1431 1383 1681 1452 pecunias
1710 1382 1955 1453 despicit,
1986 1382 2246 1451 cupidita-

673 1482 781 1528 tem
808 1474 1045 1540 sedavit;
1072 1460 1158 1543 qui
1177 1483 1350 1527 autem
1379 1472 1641 1528 ditescere
1667 1474 1831 1545 cupit,
1860 1483 1913 1527 et
1939 1474 2088 1542 plura
2114 1488 2247 1526 con-

671 1580 886 1633 gerere,
912 1566 1054 1619 illam
1077 1566 1243 1635 magis
1266 1566 1428 1629 auxit,
1461 1576 1513 1619 et
1542 1580 1825 1635 numquam
1848 1564 2004 1619 finem
2036 1564 2247 1631 assequi

673 1653 812 1709 valet
830 1656 880 1709 ¹;
910 1654 1117 1709 etiamsi
1144 1656 1285 1709 enim
1316 1656 1588 1710 innumera
1617 1655 1812 1709 talenta
1834 1655 2117 1723 acceperit,
2145 1655 2249 1708 alia

672 1747 783 1816 pari
810 1762 1031 1802 numero
1058 1747 1416 1815 concupiscit;
1462 1747 1505 1800 si
1529 1747 1642 1801 hmc
1666 1750 2038 1814 consedaatur,
2065 1761 2250 1802 rursus

669 1838 831 1908 duplo
866 1840 1011 1908 plura
1038 1839 1329 1902 desiderat,
1366 1838 1609 1906 ultraque
1639 1852 1974 1908 progressus,
2018 1847 2248 1903 montes,

672 1939 889 1994 terram,
917 1945 1065 1985 mare
1092 1937 1149 1984 et
1177 1930 1361 1983 omnia
1381 1929 1478 1984 sibi
1509 1944 1697 1983 aurum
1737 1927 1874 1984 effici
1915 1938 2082 1999 optat,
2110 1944 2252 1985 novo

670 2032 724 2076 et
745 2020 962 2076 terribili
1015 2022 1205 2075 furoris
1244 2036 1438 2091 genere
1482 2022 1788 2084 insaniens,
1838 2022 1925 2092 qui
1962 2036 2245 2091 numquam

674 2116 839 2182 passu
858 2114 1141 2183 exstingui.
1170 2116 1339 2183 Atque
1360 2125 1419 2169 ut
1447 2114 1643 2178 discas,
1671 2130 1775 2171 non
1800 2116 2120 2181 accessione,
2152 2116 2246 2172 sed

673 2205 1026 2267 altstractiono
1066 2206 1165 2267 hoc
1192 2206 1385 2260 malum
1416 2206 1529 2262 sisti
1572 2221 1727 2276 posse
1760 2225 1774 2261 :
1806 2207 1851 2262 si
1883 2217 1934 2263 te
1964 2208 2250 2278 aliquando

674 2296 904 2352 absurda
949 2297 1159 2353 volandi
1208 2297 1405 2367 cupido
1445 2299 1754 2364 incesseret,
1803 2301 2070 2369 quomodo
2108 2302 2247 2355 illaut

673 2390 1073 2459 restingueres?
1109 2405 1176 2443 an
1225 2405 1345 2445 cum
1386 2390 1487 2444 alis
1523 2392 1749 2462 aliisque
1791 2393 2155 2449 instrumentis
2184 2394 2248 2449 ad

676 2483 776 2535 hoc
805 2481 1173 2535 concinnatis?
1194 2495 1260 2535 an
1289 2482 1382 2536 tibi
1402 2481 1801 2552 persuadendo.
1829 2499 1940 2538 rem
1968 2500 2071 2539 non
2096 2500 2250 2555 posse

676 2573 811 2636 fieri.
860 2587 959 2628 nec
1005 2573 1143 2626 ultra
1172 2572 1223 2626 id
1265 2571 1571 2627 tentandum
1620 2574 1777 2628 esse?
1806 2572 1913 2630 Hac
1946 2575 2061 2631 sine
2089 2576 2251 2630 dubio

673 2665 940 2721 suasione.
979 2664 1198 2726 Verum,
1243 2663 1471 2734 inquies,
1522 2663 1647 2718 illud
1694 2664 2020 2733 impossibile
2049 2676 2150 2721 est.
2182 2670 2251 2721 At

672 2755 828 2825 longe
854 2754 1229 2823 impossibilius
1264 2763 1347 2809 est
1383 2753 1509 2809 huic
1542 2754 1817 2823 cupiditati
1858 2756 2139 2811 terminum
2168 2760 2249 2810 in-

674 2845 875 2898 venire.
917 2842 1145 2898 Facilius
1183 2843 1377 2912 quippe
1419 2852 1523 2908 est,
1566 2844 1808 2899 homines
1852 2845 2048 2909 volare,
2091 2861 2247 2915 quam

674 2935 980 2993 accessione
1007 2933 1348 3003 cupiditatem
1377 2934 1617 3003 explere.
1658 2934 1881 3000 Quando
1909 2936 2051 2990 enim
2081 2938 2251 3006 possi-

674 3024 793 3079 bilia
824 3024 1208 3089 desideramus,
1252 3038 1348 3093 spe
1404 3024 1611 3079 fruendi
1641 3039 1739 3079 nos
1766 3026 2029 3083 consolari
2065 3041 2250 3096 possu-

676 3133 825 3182 mus;
856 3116 1069 3186 quando
1110 3124 1289 3170 autem
1320 3115 1665 3183 impossibilia
1689 3124 1831 3181 sunt,
1872 3131 2036 3171 unum
2061 3133 2251 3173 curan-

676 3207 800 3261 dum
824 3217 926 3272 est,
956 3215 1059 3261 uta
1084 3206 1371 3275 cupiditate
1398 3205 1485 3261 illa
1512 3221 1609 3261 nos
1639 3206 1981 3275 abducamus,
2002 3223 2121 3264 cum
2146 3209 2249 3265 alia

677 3296 883 3351 ratione
909 3312 1011 3350 non
1038 3296 1299 3365 possimus
1318 3296 1480 3351 animi
1505 3297 1939 3367 tranquillitatem
1974 3300 2248 3369 consequi.

676 3386 752 3443 Nc
792 3388 966 3457 itaque
1008 3387 1063 3443 ltl
1102 3402 1311 3444 cassum
1350 3387 1659 3453 doleamus,
1695 3398 1955 3461 perpetuo
1990 3390 2251 3447 furentem

681 3480 1019 3547 pecuniarum
1061 3494 1319 3542 amorem,
1366 3480 1454 3548 qui
1484 3490 1769 3551 numquam
1811 3482 2026 3551 reprimi
2057 3493 2248 3553 potest,

679 3569 999 3637 rt-jicicntes,
1028 3568 1096 3625 ad
1120 3570 1280 3625 alium
1310 3570 1659 3639 appellamus,
1695 3572 1785 3641 qui
1810 3587 1908 3627 nos
1938 3575 2105 3642 possit
2128 3574 2254 3632 bea-

679 3670 761 3713 tos
801 3658 1033 3721 efﬁcere.
1064 3661 1258 3729 quique
1283 3662 1502 3715 multum
1553 3661 1747 3718 habeat
1794 3662 2131 3729 facilitatem;
2161 3680 2254 3721 suo

682 3766 977 3821 peritosque
1006 3750 1284 3806 thesauros
1311 3752 1769 3822 concupiscamus.
1793 3754 1973 3827 Neque
1993 3758 2132 3812 enim
2164 3758 2251 3815 hic

680 3842 829 3897 labor
855 3852 1053 3909 tantus,
1080 3851 1136 3899 et
1167 3844 1371 3900 lucrtln
1412 3828 1676 3909 inell'ahile
1703 3854 1803 3911 est,
1840 3859 2138 3919 nec,potest
2161 3853 2251 3921 qui

682 3934 873 4003 vigilat
896 3943 969 3989 et.
983 3936 1262 4006 pra-sentis
1292 3936 1534 4007 despicit,
1574 3954 1821 4007 umquam
1848 3956 1877 3993 a
1914 3956 2077 4011 scopo
2098 3942 2253 3997 aber-

678 4040 799 4081 rare
823 4045 837 4082 :
870 4033 927 4082 ut
951 4036 1136 4081 contra
1162 4010 1251 4099 qui
1282 4028 1383 4083 illis
1402 4030 1567 4094 servit
1592 4040 1647 4086 et
1669 4029 1879 4088 deditus
1904 4010 2017 4103 est,
2034 4035 2254 4092 omnino

682 4118 749 4170 ab
779 4116 880 4173 illis
907 4117 1142 4187 excidet.

750 4209 803 4262 ι.
845 4207 970 4264 llrcc
1007 4209 1184 4280 itaque
1221 4209 1399 4265 omnia
1424 4211 1602 4265 animo
1639 4220 1909 4281 reputans,
1941 4214 2133 4269 malam
2163 4230 2253 4286 pe-

677 4299 951 4354 cuniarum
964 4299 1444 4367 concupiscentiam
1464 4302 1532 4355 ab
1553 4302 1732 4356 animo
1754 4312 1843 4357 tuo
1861 4304 2051 4371 abjice.
2072 4305 2255 4377 Neque

678 4389 819 4443 enim
848 4388 1027 4463 dicere
1051 4388 1243 4459 possis,
1274 4389 1417 4444 illam
1448 4390 1584 4446 bona
1612 4394 1891 4461 praesentia
1918 4395 2066 4461 dare,
2087 4410 2250 4468 atque

681 4495 709 4531 a
738 4477 925 4533 futuris
966 4480 1236 4547 spoliare:
1272 4496 1391 4539 nam
1439 4484 1646 4541 etiamsi
1684 4482 1791 4538 hoc
1824 4475 1991 4549 esset,
2015 4497 2253 4545 extrema

682 4580 861 4649 tmnen
880 4569 990 4624 ba'c
1009 4580 1092 4624 est
1119 4582 1457 4642 prematque
1483 4574 1819 4643 supplicium,
1844 4577 1915 4632 At
1939 4572 2051 4633 non
2070 4580 2142 4634 ita
2167 4564 2257 4640 res

682 4678 741 4717 se
771 4663 947 4719 habet.
973 4664 1122 4728 ,Nam
1164 4675 1358 4734 preter
1399 4668 1733 4737 gehennam,
1774 4670 1933 4725 etiam
1972 4681 2255 4741 antequam

683 4755 767 4808 illa
795 4754 1059 4821 adveniat,
1102 4755 1268 4815 hic.te
1310 4759 1360 4811 in
1390 4761 1690 4827 graviorem
1739 4761 1999 4819 ultionem
2015 4766 2256 4834 conjicit.

684 4845 894 4900 Etenim
916 4846 1341 4919 concupiscentia
1360 4848 1449 4913 illa
1470 4850 1662 4911 multas
1685 4850 1871 4911 domos
1887 4856 2098 4919 evertit,
2119 4855 2257 4912 bella

681 4934 860 5005 gravia
887 4935 1157 5001 excitavit,
1179 4945 1237 4993 et
1262 4937 1492 5011 violenta
1514 4951 1682 5015 morte
1708 4943 1905 4999 multos
1922 4942 2082 5014 vitam
2102 4945 2257 5003 linire

683 5027 894 5096 coegit;
942 5026 1049 5081 imo
1094 5036 1231 5087 ante,
1261 5025 1375 5082 haec
1415 5030 1647 5103 pericula
1689 5033 2255 5108 animaruobilitatem

682 5116 986 5185 labefactat.
1016 5134 1263 5190 eumque,
1294 5120 1384 5190 qui
1407 5121 1713 5178 illomorbo
1741 5134 1925 5197 captus
1952 5134 2263 5194 esset,timi-

686 5204 806 5264 dum
833 5218 886 5263 et
930 5210 1235 5285 ignavnm'.
1276 5211 1531 5267 atulacem
1576 5225 1632 5267 et
1672 5215 1978 5273 mendacem
2008 5228 2065 5275 et
2098 5234 2257 5291 syco-

686 5301 961 5369 phantam,
999 5308 1054 5363 et
1098 5312 1459 5373 nptoremet
1482 5318 1721 5369 avarum,
1747 5314 1800 5361 et
1828 5307 2038 5377 quidvis
2074 5319 2255 5367 euroo

686 5406 829 5445 mum
850 5389 1073 5459 dixeris,
1100 5406 1243 5461 saepe
1268 5392 1460 5467 effecit.
1495 5392 1600 5449 Sed
1630 5393 1931 5466 frequenter
1958 5409 2007 5453 te
2032 5398 2258 5456 fortasse

684 5484 951 5540 demulcet
974 5498 1037 5538 ac
1064 5482 1267 5553 decipit
1291 5486 1494 5555 argenti
1538 5486 1811 5556 splendor,
1840 5490 2121 5546 multitudo
2148 5508 2259 5549 ser-

686 5590 891 5641 vorum,
922 5572 1115 5637 mdium
1156 5576 1563 5655 magnificentia,
1611 5587 1666 5633 et
1701 5575 1943 5634 clientela
1977 5582 2063 5637 illa
2098 5598 2257 5656 quam

750 5704 947 5776 tuor-el
986 5705 2085 5776 dathtuumumamorboliberatar.

753 5770 776 5802 ί
806 5769 1027 5831 Quidam,
1062 5782 1255 5821 servum
1291 5776 1334 5820 et
1358 5769 1592 5834 ignamm.

1404 351 1461 409 S.
1494 350 1767 408 JOANNIS
1792 347 2261 407 CllRYSOSTOMl
2299 346 2612 406 ARCHIEP.
2655 346 3185 406 CONSTANTINOP.

3830 352 3936 410 608

2358 464 2413 520 in
2443 465 2557 518 foro
2586 462 2789 520 habes?
2815 464 2966 531 Quod
2994 463 3287 519 remedium
3312 461 3517 519 vulneri
3548 465 3738 519 tanto?
3758 465 3813 521 Si
3839 483 3939 522 co-

2350 559 2598 626 gitaveris
2639 556 2906 627 quomodo
2936 555 3320 613 his.afflciatur
3346 555 3557 609 anima:
3598 572 3757 627 quam
3785 566 3939 613 tene-

2351 648 2591 713 hrosam,
2605 648 3107 717 descrtam,turpent
3127 663 3190 702 ac
3209 648 3500 704 deformem
3521 648 3660 703 illam
3687 650 3938 706 reddant:

2352 739 2396 793 si
2427 749 2601 797 tecum
2632 750 2847 810 reputes
2881 750 3074 809 quanta
3106 739 3240 793 mala
3272 740 3407 794 hanc
3446 740 3939 810 concupiscentiam

2349 833 2668 886 comitentur
2698 872 2715 898 ,
2786 846 2906 888 eum
2968 832 3179 902 quantis
3245 830 3515 887 laboribus
3576 843 3630 887 et
3685 835 3941 901 periculis

2352 922 2588 991 pecunia:
2617 931 2928 987 serventur;
2974 922 3085 977 imo
3140 938 3427 994 numquam
3482 937 3649 993 usque
3672 925 3740 979 ad
3773 924 3938 979 llnem

2350 1025 2663 1081 servantur;
2692 1016 2784 1071 sed
2819 1030 2940 1071 cum
2982 1016 3218 1070 omnium
3245 1026 3469 1071 conatus
3492 1016 3761 1086 effugeris,
3789 1032 3942 1072 mors

2350 1107 2638 1165 adveniens
2683 1108 2735 1161 in
2778 1122 2966 1163 manus
3011 1109 3343 1165 inimicorum
3392 1119 3598 1163 tuorum
3653 1108 3768 1164 haec
3822 1119 3938 1164 tra-

2350 1197 2519 1263 duxit,
2574 1207 2627 1254 te
2674 1213 2803 1255 vero
2842 1198 2910 1253 ab
2937 1199 3020 1253 bis
3048 1199 3315 1255 desertum
3337 1199 3553 1267 abripit,
3585 1201 3716 1255 nihil
3743 1200 3937 1256 borum

2350 1288 2698 1353 auferentem,
2742 1291 2840 1345 nisi
2877 1291 3095 1346 vulnera
3126 1290 3413 1361 ulceraque
3444 1299 3671 1357 tantum,
3696 1308 3817 1361 quae
3846 1308 3935 1348 se-

2352 1394 2472 1433 cum
2520 1378 2758 1435 referens
2802 1381 2978 1435 anima
3023 1380 3147 1436 hinc
3176 1383 3388 1452 migrat.
3416 1381 3548 1436 Cum
3576 1397 3704 1453 ergo
3736 1382 3939 1439 videris

2351 1470 2651 1538 quempiam
2718 1470 3011 1540 magnificis
3072 1472 3308 1526 vestibus
3359 1472 3599 1527 exterius
3644 1465 3935 1543 fulgentem

2353 1560 2625 1629 mnhoque
2640 1561 2891 1628 stipatum
2911 1561 3179 1623 satellitio.
3197 1559 3705 1641 ejusconscientiam
3725 1566 3935 1630 evoive,

2354 1652 2649 1723 multasque
2694 1653 2833 1707 intus
2876 1652 3082 1708 videbis
3120 1669 3362 1719 araneas,
3390 1646 3733 1726 cineremque
3776 1656 3941 1725 pluri-

2353 1757 2518 1797 mum.
2545 1740 2728 1814 Cogita
2760 1744 2976 1799 Paulum
3002 1752 3055 1800 et
3086 1744 3300 1800 Petrum
3331 1763 3346 1799 :
3378 1746 3552 1816 cogita
3594 1746 3854 1808 Joannem
3882 1754 3941 1802 et

2354 1830 2561 1897 Eliam;
2591 1833 2698 1887 imo
2728 1834 2900 1902 potius
2928 1834 3098 1903 ipsum
3128 1835 3225 1889 Dei
3256 1834 3471 1900 Filium,
3494 1836 3585 1905 qtti
3616 1852 3720 1891 non
3750 1836 3939 1891 habuit

2356 1924 2440 1977 ubi
2460 1934 2618 1993 caput
2640 1940 2793 1980 suum
2824 1924 3125 1982 reclinaret.
3156 1926 3282 1993 Ejus
3310 1928 3547 1982 imitator
3564 1939 3701 1994 esto,
3729 1946 3938 1985 necnon

2352 2013 2467 2082 ejus
2493 2029 2789 2077 servorum.
2833 2026 2885 2072 et
2931 2017 3328 2072 inmstimabiles
3356 2018 3473 2073 illas
3499 2018 3710 2075 divitias
3738 2021 3937 2091 cogita.

2351 2103 2501 2170 Quod
2525 2105 2571 2160 si
2594 2113 2871 2175 postquam
2900 2107 3019 2161 illas
3047 2109 3370 2177 respexeris.
3392 2122 3421 2161 a
3442 2110 3793 2166 saecularibus
3820 2112 3939 2167 istis

2352 2196 2550 2251 divitiis
2576 2196 2964 2265 obtenebrcris,
3008 2200 3160 2268 quasi
3210 2199 3261 2254 in
3287 2198 3515 2270 quodam
3545 2200 3823 2274 naufragio
3862 2204 3937 2257 fu-

2355 2298 2503 2344 rente
2534 2297 2868 2357 tempestate,
2906 2289 3031 2344 audi
3057 2290 3375 2345 sententiam
3403 2290 3599 2347 Christi
3646 2292 3939 2360 dicentem,

2356 2380 2683 2449 impossibile
2706 2396 2828 2437 esse
2848 2381 3065 2437 divitem
3094 2382 3294 2438 intrare
3320 2383 3373 2437 in
3403 2399 3624 2453 regnum
3658 2386 3937 2443 canorum.
3962 2376 3965 2391 ”

2354 2469 2433 2523 Ad
2464 2471 2597 2523 hanc
2630 2471 2943 2526 sententiam
2974 2475 3157 2527 confer
3182 2481 3237 2527 tu
3261 2484 3490 2541 montes,
3520 2483 3741 2544 terrent,
3767 2494 3937 2544 mare;

2352 2570 2406 2615 et
2429 2560 2629 2627 omnia,
2662 2561 2706 2615 si
2727 2562 2808 2616 vis
2826 2562 3149 2632 cogitatione
3167 2578 3357 2618 aurum
3372 2565 3554 2632 facito,
3579 2562 3819 2636 nihilque
3846 2583 3941 2638 par

2355 2654 2593 2709 invenies
2612 2654 2930 2710 detrimento
2950 2656 3042 2710 tibi
3064 2656 3189 2711 hinc
3214 2657 3516 2727 importato.
3544 2657 3614 2713 Et
3641 2669 3695 2730 tu
3718 2659 3941 2730 quidem

2354 2753 2430 2800 tot
2460 2761 2724 2801 memoras
2763 2761 2919 2802 terra
2942 2747 3149 2818 jugera,
3182 2718 3373 2803 domos
3386 2748 3595 2813 decem,
3616 2718 3697 2805 vei
3729 2718 3940 2822 viginti,

2355 2836 2540 2891 balnea
2565 2837 2805 2903 totidem,
2830 2852 3013 2892 servos
3040 2838 3205 2903 mille,
3224 2850 3317 2893 aut
3336 2839 3414 2895 bis
3443 2840 3603 2903 mille.
3638 2855 3830 2896 currus
3857 2859 3944 2896 ar-

2351 2929 2557 2999 genteis
2582 2929 2791 2984 laminis
2812 2929 2893 2985 vel
2910 2945 3041 2986 auro
3058 2940 3304 3001 opertos:
3322 2946 3421 3002 ego
3445 2941 3621 2988 autem
3637 2932 3778 3000 dico,
3800 2935 3943 3005 quod

2353 3021 2396 3072 si
2419 3022 2643 3091 quisque
2660 3014 2807 3075 dives
2823 3022 2960 3077 inter
2977 3035 3092 3087 νος,
3113 3021 3210 3077 hac
3228 3022 3410 3077 relicta
3432 3033 3745 3094 paupertate
3787 3024 3805 3095 (
3829 3025 3944 3081 lucc

2352 3114 2495 3168 enim
2528 3125 2809 3185 paupertas
2836 3114 2952 3179 fuit,
2980 3126 3283 3185 comparata
3305 3133 3427 3173 cum
3465 3119 3531 3173 iis
3552 3135 3671 3190 qua:
3693 3120 3944 3179 dicturus

2352 3205 2493 3278 sum)
2507 3215 2673 3260 totum
2687 3206 2982 3276 possideret
2998 3209 3201 3272 orbem,
3225 3207 3270 3262 si
3283 3208 3503 3279 quisque
3521 3220 3596 3263 tot
3610 3209 3826 3266 haberet
3841 3212 3945 3265 ho-

2355 3297 2548 3361 mines,
2579 3306 2710 3367 quot
2732 3308 2861 3353 sunt
2883 3314 2977 3367 per
2991 3308 3162 3353 totam
3192 3310 3387 3355 terram
3409 3309 3466 3356 et
3487 3317 3656 3367 mare,
3679 3305 3723 3359 si
3747 3303 3944 3376 singuli

2356 3397 2555 3444 terram
2584 3399 2640 3444 et
2663 3405 2809 3447 mare
2838 3390 3114 3458 haberent,
3141 3402 3195 3448 et
3216 3394 3411 3463 ubique
3428 3394 3651 3451 aditicia
3671 3408 3737 3452 et.
3755 3398 3943 3465 urbes,

2355 3490 2409 3534 ct
2430 3491 2641 3549 gentes,
2668 3494 2828 3552 atque
2854 3482 3087 3553 undique
3116 3498 3211 3551 pro
3233 3499 3369 3554 aqua
3401 3495 3455 3540 et
3479 3487 3713 3543 fontibus
3751 3504 3945 3546 aurum

2356 3572 2485 3642 ipsis
2514 3572 2723 3638 flueret,
2756 3573 2877 3630 illos
2904 3576 2993 3644 qui
3017 3574 3088 3629 ita
3127 3575 3320 3631 divites
3338 3587 3540 3643 essent,
3571 3581 3809 3651 singulos
3836 3599 3945 3639 non

2356 3664 2511 3733 pretii
2544 3665 2701 3719 trium
2732 3663 3012 3719 obolorum
3041 3680 3159 3721 esse
3189 3667 3465 3734 ducerem,
3509 3668 3554 3722 si
3588 3685 3755 3735 regno
3781 3673 3945 3727 caelo.

2354 3770 2472 3809 rum
2500 3754 2825 3810 exciderent.
2853 3754 2983 3811 Nam
3007 3755 3053 3811 si
3080 3773 3219 3811 nunc
3248 3757 3320 3812 ita
3344 3756 3605 3817 fluxarunt
3636 3760 3946 3819 divitiarum

2354 3846 2531 3917 cupidi
2554 3847 2858 3903 cruciantur
2898 3849 2943 3905 si
2998 3864 3104 3905 non
3142 3851 3441 3921 acquirant,
3502 3852 3547 3906 si
3590 3852 3946 3911 inelﬁnhilinm

2356 3937 2615 3993 bonorum
2646 3940 2879 4009 aliquem
2906 3954 3121 3995 sensum
3151 3941 3399 4005 habeant,
3427 3943 3552 4013 quid
3583 3944 3683 4000 illis
3720 3944 3787 3998 ad
3812 3959 3945 4000 con-

2356 4032 2670 4087 solationem
2716 4035 2846 4087 satis
2884 4034 3025 4088 erit?
3052 4032 3193 4087 Nihil
3222 4044 3386 4089 certe.
3429 4033 3507 4091 Nc
3534 4035 3663 4090 mihi
3691 4051 3822 4107 ergo
3852 4052 3947 4107 pe-

2356 4125 2636 4181 cuniarum
2680 4125 2885 4195 copiam
2938 4140 3255 4193 recenseas;
3314 4126 3406 4181 sed
3454 4128 3627 4198 cogita
3680 4138 3951 4199 quantum

2358 4217 2608 4279 damnum
2638 4218 2758 4272 hinc
2790 4218 3037 4271 hauriant
3060 4218 3269 4273 illarum
3300 4228 3589 4285 amatores,
3620 4221 3709 4290 qui
3738 4236 3837 4291 pro
3880 4222 3950 4277 iis

2357 4311 2517 4366 caelos
2535 4308 2804 4377 amittunt,
2835 4309 3172 4382 idipsumque
3203 4313 3494 4379 patiuntur,
3524 4327 3588 4367 ac
3624 4314 3669 4367 si
3698 4314 3822 4384 quis
3847 4313 3950 4369 bo-

2358 4417 2490 4458 nore
2538 4404 2653 4469 illo,
2705 4403 2795 4473 qui
2840 4402 2892 4458 in
2940 4403 3084 4474 regia
3135 4402 3384 4467 habetur,
3436 4404 3657 4471 amisso,
3686 4410 3951 4463 stercoris

2358 4508 2608 4549 acervum
2638 4494 2918 4564 possidens
2952 4495 3231 4565 glorietur,
3257 4506 3313 4551 et
3332 4496 3497 4551 altum
3531 4498 3600 4553 de
3627 4497 3718 4552 illo
3746 4498 3951 4568 sapiat.

2358 4583 2534 4637 Nihilo
2559 4585 2701 4638 enim
2733 4585 2940 4649 melior,
2980 4586 3087 4640 imo
3126 4587 3276 4656 pejor
3304 4595 3388 4643 est
3414 4588 3721 4643 divitiarum
3750 4603 3951 4644 cumn-

2362 4673 2464 4738 lus,
2492 4690 2651 4744 quam
2668 4674 2763 4730 ille
2786 4689 3028 4730 acervus.
3056 4674 3191 4733 Nam
3217 4687 3425 4732 stercus
3446 4687 3531 4734 est
3557 4677 3624 4733 ad
3653 4679 3954 4748 agricultu-

2361 4781 2473 4820 ram
2521 4766 2671 4833 utilc,
2720 4782 2927 4825 necnon
2968 4766 3036 4835 ad
3081 4766 3269 4835 balnea
3314 4768 3741 4835 calefacimda',
3782 4783 3839 4827 et
3880 4774 3955 4829 ad

2361 4857 2601 4929 quadam
2645 4858 2869 4923 similia;
2899 4874 3087 4913 aurum
3116 4874 3243 4931 vero
3268 4859 3553 4915 suﬂ‘ossum
3581 4862 3649 4916 ad
3678 4861 3809 4917 nihil
3851 4862 3957 4917 hu-

2361 4964 2478 5021 rum
2526 4950 2767 5004 adhiberi
2816 4958 3028 5020 potest:
3058 4958 3219 5021 atque
3260 4951 3461 5005 utinam
3506 4952 3692 5007 inutile
3735 4961 3957 5011 tantum

2362 5050 2535 5105 esset;
2569 5058 2710 5099 nunc
2726 5051 2903 5097 autem
2931 5042 3128 5097 multas
3147 5042 3361 5098 habenti
3382 5044 3657 5115 succendit
3675 5044 3953 5115 furnaces,

2361 5116 2461 5190 nisi
2508 5150 2575 5191 eo
2623 5144 2681 5191 ut
2726 5144 2937 5203 Oportet
2981 5146 3195 5191 utatur:
3228 5136 3371 5191 mille
3414 5137 3611 5207 quippe
3638 5137 3778 5192 mala
3821 5127 3962 5196 hinc.

2360 5227 2627 5280 oriuntur.
2642 5224 2978 5294 Quapropter
2994 5224 3160 5279 exteri
3183 5225 3470 5295 scriptores
3483 5241 3663 5282 arcem
3684 5227 3957 5285 malorum

2362 5318 2635 5387 avaritiam
2678 5317 2911 5384 vocant;
2947 5321 3131 5381 beatus
3158 5334 3285 5375 vero
3311 5320 3529 5386 Paulus,
3558 5320 3714 5391 longe
3750 5322 3958 5379 melius

2363 5420 2417 5467 et
2438 5427 2561 5467 eum
2596 5411 2796 5480 majore
2833 5409 3094 5479 emphasi.
3126 5410 3358 5469 radicem
3402 5410 3665 5467 malorum
3706 5411 3957 5470 omnium

2365 5502 2530 5573 ipsam
2568 5502 2848 5572 appellavit
2876 5501 2965 5574 (l.
2996 5500 3128 5554 Tim.
3155 5501 3210 5556 6.
3240 5501 3309 5557 10
3335 5498 3378 5571 ).
3404 5500 3529 5556 Haec
3557 5502 3733 5573 itaque
3768 5506 3959 5560 omnia

2364 5594 2679 5667 cegitantcs,
2703 5593 3015 5649 aemulemur
3034 5608 3097 5649 ea
3117 5608 3235 5663 qua:
3256 5592 3419 5663 digna
3442 5601 3567 5649 sunt
3580 5592 3957 5652 simulatione:

2362 5713 2623 5834 ὠίεἘέ
2644 5710 2784 5763 savil.
2806 5710 3071 5776 legendum
3115 5717 3267 5774 esset,
3311 5712 3659 5775 preparatus,
3685 5716 3793 5775 tuo,
3824 5715 3969 5762 σακε
