4174 6332
288 456 712 550 nonmagniﬁcu
747 472 992 538 aedilicia,
1041 487 1147 527 non
1194 470 1460 525 uberrima
1505 466 1739 541 praedia;
1789 463 1883 519 sed

286 574 429 627 viros
455 585 547 642 qut
577 582 827 638 magnam
872 566 1013 636 apud
1053 564 1220 621 Deum
1267 561 1514 616 ﬁduciam
1543 558 1759 622 habent,
1788 557 1880 630 qui

286 665 339 720 in
362 664 499 719 emlo
527 662 721 717 divites
745 667 888 724 sunt,
911 659 1001 728 qui
1042 655 1324 711 thesauros
1348 654 1467 708 illos
1498 650 1793 722 possident,
1818 664 1885 703 ac

285 771 417 812 vero
443 752 684 824 opulenti
711 761 857 816 sunt,
882 749 972 821 qui
998 757 1214 820 propter
1235 746 1509 802 Christum
1533 751 1658 798 sunt
1678 756 1880 814 panpe-

292 899 1967 930 ___________________________.

1256 353 1321 409 lN
1361 348 1770 409 MATTIIEUM
1813 348 2043 408 llOMlL.
2086 345 2272 404 LXIV.
2312 347 2384 401 al.
2429 344 2590 401 LXV.

3495 342 3604 398 om

2004 479 2128 529 res;
2160 474 2217 519 ut
2241 474 2442 519 aeterna
2470 462 2608 518 bona
2633 476 3050 533 consequamur,
3087 461 3258 532 gratia
3281 472 3335 518 et
3361 459 3604 532 1)εηίεηὶ-

1997 565 2107 612 tate
2157 555 2366 611 Domini
2417 553 2585 609 nostri
2630 553 2762 609 Jesu
2789 551 3009 621 Christi,
3057 552 3276 624 quicum
3318 551 3466 608 Patri
3498 569 3604 610 una

1991 664 2114 703 eum
2135 647 2334 718 Spiritu
2355 654 2544 701 sancto
2562 645 2752 716 gloria,
2772 643 2966 710 honor,
2993 645 3298 716 imperiunm,
3329 644 3599 712 adoratto,

1990 757 2134 796 nunc
2178 748 2234 794 et
2269 753 2524 810 setnper,
2565 747 2619 793 et
2670 737 2725 793 in
2777 736 2975 794 stecnla
3029 736 3372 793 saeculorum.
3406 739 3600 793 Amen.

1445 976 1782 1042 HOMILIA
1828 974 2054 1072 sxw.
2100 971 2185 1036 al.
2234 970 2432 1033 va.

287 1140 423 1196 Cur.
473 1138 559 1193 i9.
602 1151 658 1189 ν.
698 1134 790 1190 27.
837 1131 990 1188 Tutu:-
1024 1129 1335 1202 respondens
1373 1126 1568 1182 'Petrus
1614 1125 1743 1181 dixit
1786 1124 1835 1178 ei
1869 1139 1890 1178 :

361 1226 500 1282 Ecce
522 1241 616 1280 nos
637 1224 933 1292 reliquimus
947 1221 1137 1286 omnia,
1166 1229 1212 1274 et
1236 1218 1433 1289 sequuti
1454 1232 1632 1272 sumus
1663 1225 1711 1269 te
1731 1211 1890 1284 ;quid

366 1335 488 1389 ergo
509 1317 604 1372 erit
633 1315 775 1372 nobis
802 1315 830 1368 2

362 1412 417 1466 l.
462 1409 717 1478 Qnmnam
747 1405 953 1471 (inania,
975 1403 1134 1461 beate
1157 1402 1316 1458 Petre
1341 1401 1366 1455 ?
1390 1400 1655 1455 calamum
1682 1397 1706 1453 ν
1731 1395 1889 1452 rete?

289 1501 651 1557 naviculam?
707 1496 928 1554 artem?
982 1495 1226 1551 llmccine
1280 1493 1459 1548 omnia
1511 1491 1647 1546 dicis
1705 1488 1890 1544 mihi?

291 1592 502 1658 Etiam,
544 1591 736 1662 inquit.
788 1588 894 1646 Sed
945 1604 1050 1642 non
1094 1603 1188 1656 per
1231 1585 1576 1639 ambitionem
1605 1581 1890 1653 quamdam

298 1685 417 1739 hmo
445 1683 599 1748 dico,
647 1681 742 1738 sed
775 1691 832 1735 ut
869 1696 966 1750 per
1007 1679 1145 1734 hanc
1189 1676 1673 1750 interrogationem
1694 1689 1922 1744 panpey

289 1790 408 1828 rum
447 1772 660 1844 plebem
700 1771 1055 1848 introducam.
1081 1771 1216 1838 Quia
1247 1769 1390 1826 enim
1428 1766 1562 1822 dixit
1581 1755 1844 1822 Dominus
1874 1782 1888 1819 :

288 1864 350 1919 Si
393 1866 469 1919 vis
510 1863 760 1934 perfectus
788 1878 916 1929 esse,
948 1862 1105 1938 vende
1131 1876 1246 1931 qua:
1271 1859 1442 1922 habes,
1471 1869 1518 1912 et
1545 1858 1615 1912 da
1641 1858 1887 1928 pauperi-

288 1959 416 2018 bus,
457 1966 506 2010 et
545 1955 749 2010 habebis
787 1957 1076 2009 thesaurum
1118 1955 1171 2007 in
1214 1952 1340 2007 caelo
1365 1950 1580 2023 (Matth.
1606 1949 1695 2005 19.
1721 1947 1837 2020 21)
1873 1966 1889 2004 :

288 2065 359 2106 ne
387 2050 514 2121 quis
536 2063 831 2120 pauperum
862 2045 1007 2102 dicat
1032 2063 1047 2099 :
1075 2045 1213 2113 Quid
1243 2059 1372 2115 ergo
1397 2042 1422 2096 ἲ
1447 2043 1492 2097 si
1521 2057 1625 2097 non
1659 2041 1884 2096 habeam

294 2142 694 2211 possessionem
716 2181 731 2207 ,
763 2153 870 2194 non
901 2153 1114 2209 possum
1144 2152 1266 2193 esse
1298 2134 1568 2207 perfectus
1593 2134 1617 2188 ?
1651 2134 1886 2189 interro-

290 2242 378 2297 gat
412 2231 610 2286 Petrus
630 2271 644 2291 ,
677 2238 733 2284 ut
771 2237 827 2284 tu
860 2244 1061 2299 panper
1083 2228 1294 2294 discas,
1323 2226 1455 2280 nihil
1487 2233 1537 2280 te
1568 2225 1693 2279 hinc
1713 2225 1889 2279 minus

288 2320 491 2374 habere
511 2308 536 2385 ς’
575 2320 866 2389 interrogat
913 2318 1138 2382 Petrus,
1169 2327 1335 2380 utne,
1359 2315 1403 2369 si
1433 2330 1462 2368 a
1506 2314 1663 2370 Petro
1692 2314 1742 2367 id
1774 2313 1891 2367 edi-

288 2429 447 2478 scas,
498 2412 710 2466 dubites
760 2411 999 2480 (etenim
1042 2407 1385 2478 imperfectus
1428 2406 1601 2462 adhuc
1645 2415 1791 2471 erat,
1839 2415 1893 2460 et

278 2499 494 2574 Spiritu
540 2500 779 2569 vacuus)
807 2541 823 2566 ,
878 2497 974 2555 sed
1025 2508 1084 2552 ut
1130 2515 1159 2552 a
1195 2499 1452 2568 magistro
1484 2497 1623 2552 Petri
1670 2505 1888 2565 accepta

290 2590 583 2657 sententia,
632 2590 890 2646 conﬁdas.
935 2589 1393 2658 Quemadmodum
1438 2589 1581 2644 enim
1613 2603 1711 2642 nos
1756 2587 1888 2641 laci-

289 2698 433 2750 mus,
463 2700 585 2737 cum
614 2697 713 2752 pro
737 2681 856 2737 aliis
876 2681 1208 2751 disputantes
1231 2697 1314 2736 res
1333 2680 1486 2736 nobis
1507 2667 1885 2734 attribnimus:

291 2778 369 2831 sie
397 2786 453 2830 et
493 2775 769 2844 apostolus
792 2775 951 2841 fecit,
978 2790 1099 2830 cum
1137 2790 1232 2844 pro
1279 2774 1409 2830 orbe
1455 2785 1568 2829 toto
1599 2775 1757 2829 talem
1787 2773 1886 2842 ipsi

291 2867 770 2936 interrogationem
822 2865 1032 2920 obtulit.
1095 2866 1225 2920 Nam
1276 2866 1416 2936 quod
1464 2882 1526 2921 ca
1569 2882 1685 2934 qute
1728 2865 1794 2917 ad
1832 2880 1889 2919 se

292 2957 612 3026 spectabant
631 2957 740 3026 jam
770 2956 918 3011 clare
942 2957 1124 3020 sciret,
1161 2957 1332 3026 palam
1353 2966 1434 3010 est
1455 2957 1523 3010 ab
1562 2956 1627 3010 iis
1652 2971 1769 3025 qua:
1799 2971 1889 3010 su-

290 3061 386 3118 pra
440 3046 582 3101 dicta
623 3055 749 3100 sunt
786 3064 800 3101 :
833 3046 1036 3100 etenim
1084 3046 1172 3120 qui
1212 3047 1391 3100 claves
1432 3047 1579 3115 regni
1629 3046 1886 3100 tut-lorum

289 3139 417 3193 inde
439 3139 555 3209 jam
580 3148 900 3209 acceperat,
928 3139 1096 3193 multo
1125 3138 1294 3207 magis
1339 3137 1406 3191 de
1431 3138 1640 3192 exteris
1670 3152 1788 3207 qua:
1833 3136 1884 3192 in

284 3233 425 3287 caelo
485 3241 644 3299 sunt,
699 3230 972 3287 conlidere
1030 3230 1233 3285 debuit.
1277 3229 1659 3284 Animadverte
1705 3240 1885 3284 autem

282 3322 562 3393 quomodo
600 3333 849 3378 accurate
893 3322 1213 3392 reSpondcat
1257 3321 1322 3375 ad
1366 3337 1428 3376 ea
1473 3337 1590 3391 qua:
1635 3321 1883 3376 Christus

283 3415 569 3485 qurerebat
597 3433 610 3467 :
649 3431 771 3469 nam
805 3409 890 3470 ille
918 3430 946 3468 a
971 3415 1133 3469 divite
1173 3414 1282 3468 duo
1313 3413 1425 3467 haec
1460 3413 1774 3482 expetebat,
1824 3423 1883 3468 ιιι

278 3523 379 3561 sua
411 3507 564 3562 daret
596 3508 937 3576 pauperibus,
968 3517 1026 3562 et
1052 3515 1371 3576 sequeretur
1397 3521 1474 3559 se.
1517 3504 1748 3575 Ideoque
1775 3505 1878 3560 Pe-

278 3611 400 3654 trus
433 3605 546 3658 lure
573 3603 680 3658 duo
707 3602 886 3671 p0nil,
913 3610 965 3655 el
993 3599 1136 3671 quod
1162 3599 1509 3670 reliquerint,
1541 3608 1594 3653 et
1624 3598 1764 3669 quod
1798 3614 1886 3654 sc-

282 3704 526 3762 quantnr
557 3710 571 3758 ;
597 3709 718 3747 nam
745 3693 817 3746 ait
845 3712 856 3745 :
885 3690 1020 3744 Ecce
1048 3707 1138 3744 nos
1163 3689 1458 3758 reliquimus
1485 3691 1654 3743 omnia
1676 3732 1691 3756 ,
1722 3701 1770 3744 et
1803 3707 1883 3744 se-

273 3787 424 3855 quuti
459 3801 634 3839 sumus
677 3795 742 3838 te.
775 3783 908 3837 Nam
955 3783 1262 3851 relinquunt
1291 3789 1346 3834 ut
1388 3794 1682 3851 sequantur
1705 3824 1721 3848 ,
1753 3781 1882 3836 laci-

280 3879 500 3948 liusquc
553 3886 669 3932 erat
713 3876 862 3947 sequi
911 3859 1190 3946 postquam
1243 3873 1608 3943 reliquerant,
1658 3883 1713 3928 et
1754 3875 1878 3943 quia

276 3971 612 4039 reliquerant
637 4011 651 4034 ,
685 3968 932 4022 ﬁduciam
992 3967 1120 4036 ipsis
1163 3974 1218 4020 et
1259 3965 1509 4036 gaudium
1551 3965 1874 4020 conciliavit.

273 4061 414 4130 Quid
463 4076 594 4130 ergo
639 4061 727 4116 ille
756 4063 780 4114 ἲ
816 4059 907 4115 28.
950 4059 1106 4112 Amen
1146 4059 1257 4112 dico
1304 4059 1440 4112 vobis
1462 4101 1476 4125 ,
1507 4059 1643 4129 quod
1673 4076 1757 4114 vos
1792 4062 1878 4126 qui

273 4154 474 4222 sequuti
515 4154 632 4206 estis
671 4169 770 4219 me,
810 4154 863 4205 in
888 4154 1286 4223 regeneratione,
1321 4169 1433 4204 cum
1473 4153 1659 4207 sederit
1705 4154 1876 4209 Filius

271 4244 496 4296 hominis
519 4243 571 4295 in
591 4243 770 4296 throno
797 4244 1073 4311 maiestatis
1098 4259 1206 4296 sua:
1233 4281 1250 4307 ,
1279 4244 1510 4299 sedebitis
1536 4255 1582 4298 et
1604 4262 1690 4299 vos
1719 4262 1875 4314 super

270 4336 486 4389 thronos
529 4335 812 4400 duodecim,
849 4336 1138 4407 judicantes
1175 4335 1442 4389 duodecim
1485 4337 1642 4391 tribus
1674 4336 1863 4392 Israel.

266 4425 408 4493 Quid
445 4425 660 4494 igitur?
705 4441 770 4479 an
798 4425 983 4491 Judas,
1041 4425 1285 4497 inquies,
1332 4427 1584 4480 sedebit?
1626 4428 1863 4483 Minime.

272 4516 567 4582 Quomodo
600 4516 759 4586 igitur
787 4517 913 4572 dicit
937 4557 953 4581 ,
999 4513 1066 4569 Et
1091 4532 1176 4570 vos
1201 4534 1356 4587 super
1375 4519 1639 4572 duodecim
1663 4520 1870 4576 thronos

263 4608 509 4662 sedebitis
536 4607 562 4661 .’
595 4607 863 4677 quomodo
895 4609 1179 4677 promissio
1210 4609 1297 4662 illa
1331 4609 1636 4679 implebitur
1665 4611 1689 4663 ?
1730 4612 1865 4666 Audi

259 4696 566 4769 quomodo.
594 4697 701 4752 Lex
729 4707 806 4753 est
844 4714 874 4753 a
919 4699 1027 4752 Deo
1069 4699 1261 4768 posita.
1309 4715 1401 4768 per
1423 4698 1707 4754 Jeremiam
1739 4716 1865 4771 pro-

262 4788 486 4856 phetam
519 4785 722 4843 Judtcis
767 4790 937 4856 lecta,
984 4805 1102 4860 quze
1142 4790 1220 4844 sic
1249 4789 1408 4845 habet
1450 4807 1466 4846 :
1508 4792 1587 4844 Ad
1615 4809 1865 4848 summam

256 4883 449 4948 loquar
475 4896 632 4949 super
677 4892 873 4951 gentem
920 4891 968 4937 et
1003 4899 1157 4952 super
1185 4900 1426 4954 regnum,
1465 4893 1520 4936 ut
1557 4888 1788 4956 auferam
1817 4897 1864 4941 et

258 4974 520 5043 perdam;
546 4984 591 5027 et
619 4975 666 5027 si
707 4991 950 5028 conuersa
974 4977 1127 5046 fuerit
1153 4993 1274 5047 gens
1300 4977 1390 5030 illa
1410 4994 1440 5029 a
1468 4978 1615 5033 malis
1635 4981 1760 5046 suis,
1784 4997 1862 5035 me

251 5085 462 5138 quoque
507 5070 761 5138 paenitebit
793 5071 1077 5135 malorum,
1121 5085 1231 5138 qum
1275 5072 1490 5141 cogitaui
1516 5073 1686 5142 facere
1732 5075 1855 5132 illis.

250 5160 322 5214 Et
349 5160 424 5214 ad
445 5178 693 5215 summam
726 5162 906 5232 loquar
941 5180 1094 5233 super
1120 5173 1316 5232 gentem
1338 5175 1384 5219 et
1409 5183 1639 5236 regnum,
1671 5177 1724 5219 ut
1738 5181 1865 5219 rete.

248 5252 466 5319 diﬁcem
495 5261 543 5306 et
573 5253 796 5322 plantem
832 5271 850 5307 :
880 5264 928 5307 et
966 5255 1010 5308 si
1051 5255 1262 5326 fecerint
1288 5258 1481 5310 malum
1516 5259 1568 5312 in
1591 5269 1856 5329 conspectu

247 5361 388 5408 nico,
423 5355 478 5397 ut
505 5361 606 5399 non
628 5347 842 5400 audiant
870 5361 1038 5401 vocem
1067 5364 1249 5412 meum,
1289 5365 1366 5402 rte
1387 5366 1580 5419 quoque
1610 5353 1859 5420 paenitebit

244 5446 505 5494 bonorum
525 5476 542 5502 ,
571 5453 686 5506 quae
713 5438 909 5493 locutus
934 5455 1046 5493 sum
1070 5449 1124 5492 ut
1155 5443 1372 5510 facerem
1398 5442 1468 5494 eis
1498 5444 1519 5507 (
1538 5440 1648 5494 Jer.
1680 5442 1767 5496 18.
1793 5443 1855 5496 7-

247 5529 364 5597 10).
404 5526 667 5594 ldipsum,
692 5529 883 5599 inquit,
907 5531 1136 5584 servabo
1164 5531 1324 5584 etiam
1350 5532 1400 5585 in
1425 5531 1600 5586 bonis.
1630 5531 1854 5587 Etiamsi

242 5623 396 5675 enim
429 5620 622 5674 dixero
650 5636 738 5675 me
769 5620 1222 5677 remdiﬁeaturum
1269 5638 1388 5678 esse
1410 5666 1423 5687 ,
1467 5625 1510 5679 si
1541 5639 1600 5678 se
1628 5625 1856 5693 promis-

239 5718 404 5769 sione
448 5713 698 5781 indignos
741 5716 1102 5782 reddiderint,
1138 5716 1188 5771 id
1218 5733 1322 5771 non
1356 5718 1563 5772 faciam.
1613 5719 1667 5774 ld
1715 5723 1853 5788 quod

242 5815 408 5864 etiam
459 5809 636 5877 primo
677 5811 875 5864 homini
920 5811 1108 5864 accidit
1142 5831 1150 5861 τ
1185 5809 1394 5863 Tremor
1423 5815 1598 5876 enim,
1642 5811 1844 5881 inquit,

1997 1129 2159 1175 uester
2197 1129 2244 1173 et
2275 1120 2429 1174 timor
2459 1120 2556 1174 erit
2582 1135 2738 1188 super
2765 1120 2902 1191 feras
2937 1117 3097 1190 (Gen.
3125 1119 3180 1176 9.
3207 1119 3268 1192 9)
3288 1132 3494 1193 ;neqne
3523 1131 3605 1178 ta—

1997 1226 2118 1265 men
2141 1209 2190 1265 id
2220 1209 2418 1264 l'actum
2449 1218 2530 1264 est
2563 1227 2579 1265 :
2607 1225 2729 1264 nam
2753 1209 2842 1264 ille
2871 1224 2930 1264 se
2953 1209 3043 1264 tali
3076 1209 3304 1281 imperio
3329 1211 3604 1283 indignum

1999 1301 2273 1367 reddidit;
2307 1300 2760 1371 quemadmodum
2789 1312 2844 1355 et
2871 1299 3060 1357 ludas.
3097 1301 3174 1358 Ne
3202 1303 3346 1358 enim
3379 1319 3442 1358 ex
3472 1320 3606 1377 sup.

2000 1395 2141 1465 plicii
2170 1394 2434 1449 sententia
2466 1395 2821 1464 deSperantes
2851 1395 3070 1465 quidatn
3102 1394 3351 1452 duriores
3379 1396 3604 1466 ﬁerent,

1999 1501 2133 1540 neve
2158 1500 2226 1541 ex
2269 1485 2535 1541 bonorum
2578 1487 2936 1554 promissione
2962 1487 3053 1541 alii
3087 1488 3366 1558 segniores
3406 1490 3604 1548 evade-

1998 1586 2152 1642 rent,
2185 1579 2425 1648 utrisque
2451 1577 2748 1632 remedium
2777 1578 2996 1634 adhibet
3025 1579 3213 1634 dicens
3238 1600 3250 1635 :
3279 1580 3336 1636 Si
3367 1583 3604 1638 minatus

1999 1671 2154 1723 fuero
2174 1710 2189 1732 ,
2221 1684 2288 1723 ne
2313 1669 2570 1738 desperes
2603 1686 2619 1722 :
2665 1677 2819 1740 potes
2845 1669 2995 1739 enim,
3018 1671 3389 1738 penitentiam
3417 1689 3602 1745 agere.

1939 1793 1949 1805 -
1997 1760 2425 1830 sententiamque
2446 1774 2620 1816 meam
2650 1761 2884 1825 solvere,
2917 1773 2971 1815 ut
2999 1760 3246 1817 Ninivitm
3277 1782 3292 1818 :
3319 1774 3375 1819 et
3394 1764 3441 1820 si
3470 1766 3596 1821 boni

1997 1850 2270 1921 quidpiam
2301 1850 2629 1920 promittam,
2665 1869 2731 1906 ne
2747 1852 2930 1923 segnis
2950 1853 3026 1908 sis
3051 1853 3122 1911 ob
3151 1857 3604 1924 promissionem:

1999 1958 2125 1997 nam
2155 1943 2200 1997 si
2229 1942 2482 2014 indignus
2523 1943 2785 2010 reddaris,
2816 1943 2949 1998 nihil
2977 1954 3029 1999 te
3049 1945 3264 2014 juvabit
3293 1949 3602 2018 promissio,

2002 2032 2098 2089 sed
2122 2033 2298 2104 majus
2325 2035 2650 2105 supplicium
2672 2037 2777 2092 erit
2809 2054 2823 2090 :
2846 2052 2949 2107 ego
2977 2037 3123 2094 enim
3156 2041 3411 2108 promitto
3440 2041 3492 2099 ei
3513 2043 3608 2114 qui

1998 2124 2191 2196 dignus
2219 2137 2322 2182 est.
2357 2127 2561 2182 Idcirco
2591 2135 2718 2182 tunc
2741 2142 2956 2198 quoque
2977 2127 3272 2200 discipulos
3295 2131 3600 2204 alloquens,

1999 2232 2108 2272 non
2136 2216 2458 2286 simpliciter
2483 2219 2748 2288 promittit
2772 2235 2788 2282 ;
2822 2235 2929 2273 non
2955 2221 3101 2274 enim
3128 2222 3473 2279 solummodo
3506 2226 3604 2291 ait,

2012 2306 2127 2370 Vos.
2179 2307 2272 2362 sed
2310 2307 2480 2374 addit,
2539 2307 2642 2376 Qui
2671 2309 2874 2377 sequuti
2901 2310 3020 2365 estis
3057 2327 3170 2377 me,
3217 2322 3360 2369 utet
3408 2312 3602 2372 Judam

1998 2400 2238 2468 ejiceret,
2269 2413 2324 2457 et
2373 2416 2470 2456 eos
2521 2401 2612 2471 qui
2653 2412 2836 2470 postea
2887 2403 3046 2458 futuri
3091 2415 3248 2460 erant
3288 2406 3605 2465 attraheret.

1998 2493 2182 2564 Neque
2209 2495 2353 2549 enim
2389 2492 2456 2548 ad
2495 2493 2618 2549 illos
2655 2494 2856 2550 dictum
2885 2504 2968 2550 εει
2995 2496 3164 2561 solos,
3196 2514 3373 2571 neque
3413 2501 3482 2556 ad
3511 2501 3607 2559 Ju-

1998 2585 2122 2641 dam
2144 2628 2158 2650 ,
2191 2587 2280 2656 qui
2326 2601 2386 2641 se
2426 2586 2701 2657 indignum
2754 2587 3007 2643 reddidit.
3039 2590 3324 2662 Discipulis
3353 2607 3483 2664 ergo
3525 2594 3608 2650 fu.

1999 2685 2115 2730 tura
2167 2677 2432 2746 promittit
2486 2676 2718 2732 dicendo
2773 2695 2789 2733 :
2833 2677 3086 2736 Sedebitis
3130 2698 3285 2752 super
3336 2683 3606 2741 duodecim

1996 2771 2207 2822 thronos
2239 2784 2257 2821 :
2285 2767 2629 2823 sublimiores
2665 2768 2810 2823 enim
2852 2769 3028 2825 eﬁ‘ecti
3076 2773 3208 2826 nihil
3260 2776 3604 2843 praesentium

1997 2861 2313 2927 quaerebant
2347 2875 2361 2924 ;
2395 2859 2609 2914 caneris
2639 2870 2819 2916 autem
2867 2865 3153 2932 prmsentia
3199 2881 3414 2937 quoque
3448 2869 3605 2938 polli-

1996 2959 2146 3003 eetur
2176 2950 2360 3004 dicens
2401 2967 2415 3005 :
2467 2949 2559 3005 29.
2604 2951 2925 3023 Quicumque
2957 2954 3206 3008 dimiserit
3245 2961 3466 3027 fratres,
3514 2970 3605 3016 aut

1996 3058 2215 3106 sorores,
2245 3051 2332 3094 aut
2364 3052 2582 3112 patrem,
2627 3049 2717 3096 aut
2743 3054 2976 3110 matrem,
3010 3054 3100 3098 aut
3126 3063 3357 3112 uxorem,
3407 3061 3497 3104 aut
3533 3054 3600 3120 fi-

1995 3131 2110 3195 lios,
2142 3141 2233 3184 aut
2259 3148 2444 3202 agros,
2477 3142 2686 3203 propter
2721 3150 2903 3188 nomen
2935 3151 3123 3201 meum,
3155 3141 3444 3206 centuplum
3470 3145 3604 3198 acci-

1995 3226 2097 3294 piet
2125 3225 2176 3278 in
2216 3225 2319 3279 hoc
2351 3227 2586 3291 steculo,
2629 3235 2676 3279 et
2714 3227 2869 3280 vitam
2900 3237 3142 3282 teternam
3185 3233 3478 3298 possidebit.
3523 3236 3603 3293 Ne

1993 3315 2209 3385 quidam
2245 3317 2399 3372 enini
2423 3317 2578 3381 illud,
2637 3316 2758 3384 Vos,
2806 3318 3114 3383 audientes,
3164 3321 3295 3378 illud
3331 3328 3484 3396 quasi
3533 3329 3603 3385 ad

1991 3407 2285 3478 discipulos
2322 3410 2500 3463 solum
2539 3410 2818 3476 pertinens
2857 3412 3168 3482 acciperent
3210 3412 3322 3488 (de
3353 3419 3602 3477 maximis

1992 3502 2183 3572 loquor
2223 3511 2279 3558 et
2299 3503 2367 3558 de
2398 3503 2584 3574 primis
2610 3503 2830 3560 sedibus
2860 3503 2918 3574 ),
2961 3505 3013 3559 in
3043 3521 3137 3561 eos
3163 3508 3257 3578 qui
3291 3512 3598 3569 mercedem

1989 3597 2258 3664 accepturi
2307 3604 2464 3650 erant
2506 3609 2811 3650 sermonem
2863 3597 3124 3661 extendit,
3178 3608 3234 3655 et
3279 3604 3599 3670 promissio-

1990 3701 2111 3738 nem
2142 3685 2299 3740 latins
2327 3685 2540 3740 diliudit
2570 3687 2622 3739 in
2656 3695 2826 3741 totum
2851 3687 3058 3752 urbem,
3088 3698 3251 3760 atque
3269 3707 3335 3746 ex
3366 3709 3599 3763 praesen-

1990 3776 2130 3830 tibus
2165 3775 2341 3830 futura
2387 3776 2691 3831 conﬁrmat.
2731 3776 3017 3848 Discipulis
3046 3792 3227 3836 autem
3261 3784 3314 3837 in
3341 3784 3594 3855 exordio,

1986 3881 2108 3921 eum
2140 3865 2316 3922 adhuc
2348 3867 2770 3937 imperfectiores
2797 3865 2999 3935 esseni,
3024 3885 3092 3926 ex
3133 3875 3490 3942 praesentibus
3518 3878 3598 3932 lo-

1985 3958 2269 4028 quebatur.
2315 3959 2449 4012 Cum
2501 3960 2652 4021 enim
2696 3959 2922 4014 abduxit
2973 3976 3067 4016 eos
3117 3978 3186 4017 ex
3244 3966 3379 4020 mari
3432 3976 3488 4022 et
3527 3985 3597 4027 ex

1984 4061 2100 4105 arte
2139 4065 2236 4106 sua
2259 4093 2274 4117 ,
2319 4051 2586 4121 jussitque
2614 4051 2916 4106 naviculam
2957 4051 3232 4120 deserere,
3268 4071 3375 4112 non
3404 4059 3591 4127 caries,

1985 4159 2092 4198 non
2124 4143 2347 4199 thronos
2369 4145 2690 4199 memoravit
2722 4161 2737 4210 ;
2765 4144 2860 4199 sed
2893 4161 2980 4200 res
3011 4159 3329 4216 praesentes,
3354 4149 3544 4209 dicens
3575 4173 3589 4208 :

1983 4236 2198 4291 Faciam
2228 4254 2313 4291 uos
2343 4237 2618 4307 piscatores
2648 4239 2909 4290 hominum
2936 4237 3151 4304 (Matth.
3178 4241 3232 4295 4.
3267 4242 3390 4314 19);
3438 4257 3590 4314 post-

1980 4343 2139 4398 quam
2166 4337 2344 4382 autem
2380 4328 2502 4382 illos
2531 4326 2876 4385 sublimiores
2898 4327 3172 4397 eﬁ‘eeerat,
3198 4341 3325 4388 tunc
3369 4334 3581 4392 denum:

1981 4422 2141 4474 etiam
2170 4419 2239 4474 de
2260 4420 2569 4475 cmlestibns
2597 4421 2851 4490 loquitur.

2047 4513 2102 4568 Ξ.
2145 4513 2281 4581 Quid
2310 4513 2411 4567 sibi
2443 4515 2556 4568 vult
2593 4513 2719 4567 illud
2745 4556 2760 4581 ,
2797 4509 3097 4569 Judicantes
3125 4515 3395 4571 duodecim
3426 4523 3586 4578 tribus

1976 4604 2193 4660 Israel?
2239 4606 2294 4660 ld
2340 4615 2444 4670 est,
2476 4605 2919 4662 condemnantes.
2963 4607 3148 4678 Neque
3186 4611 3327 4665 enim
3353 4622 3413 4667 ut
3437 4614 3586 4682 judi-

1975 4713 2066 4752 ces
2110 4698 2375 4753 sedebunt
2410 4715 2421 4753 :
2464 4699 2558 4753 sed
2587 4700 2723 4753 sicut
2757 4701 2998 4769 reginam
3027 4701 3207 4756 Austri
3230 4705 3571 4762 condemna-

1976 4800 2146 4844 turam
2189 4800 2403 4861 gentem
2448 4791 2593 4846 illam
2641 4790 2891 4858 dicebat,
2945 4800 3001 4847 et
3048 4793 3311 4850 Ninivitas
3356 4812 3576 4869 quoque

1971 4884 2422 4939 condemnaturos
2471 4898 2594 4939 esse
2647 4883 2879 4954 (Matth.
2932 4884 3022 4938 12.
3074 4886 3168 4941 42.
3212 4889 3275 4942 41
3305 4886 3324 4957 )
3354 4907 3365 4941 :
3400 4891 3480 4945 sie
3525 4903 3580 4946 et

1969 4977 2194 5047 apostoli
2224 4977 2677 5032 condemnabunt.
2707 4977 2937 5048 Ideoque
2968 4993 3074 5034 non
3101 4978 3264 5046 dixit,
3296 4981 3497 5038 Gentes
3525 4995 3580 5040 et

1965 5070 2154 5123 orbem
2174 5110 2188 5134 ,
2221 5068 2314 5122 sed
2340 5110 2356 5136 ,
2387 5067 2568 5122 Tribus
2595 5067 2780 5123 Israel.
2810 5069 2946 5136 Quia
2977 5070 3121 5125 enim
3163 5069 3216 5126 in
3254 5072 3446 5128 iisdem
3478 5092 3576 5129 nu-

1970 5162 2079 5216 triti
2123 5172 2276 5217 erant
2314 5171 2368 5216 et
2417 5161 2623 5232 legibus
2662 5171 2716 5216 et
2764 5162 3011 5216 moribus
3062 5173 3116 5217 et
3155 5163 3412 5220 institutis
3465 5178 3572 5222 tam

1966 5254 2133 5308 Judmi
2169 5269 2326 5323 quam
2372 5254 2639 5322 apostoli,
2682 5268 2804 5307 cum
2834 5252 3004 5308 Judaei
3041 5253 3314 5320 dicerent,
3348 5271 3410 5311 se
3445 5258 3568 5313 ideo

1967 5347 2180 5402 Christo
2221 5347 2442 5402 credere
2483 5361 2588 5399 non
2618 5347 2886 5415 potuisse,
2919 5347 3042 5416 quia
3070 5347 3154 5403 lex
3194 5348 3443 5403 mandata
3479 5351 3567 5419 ip-

1963 5444 2076 5494 sius
2113 5439 2350 5509 recipere
2386 5437 2735 5508 prohibebat,
2775 5437 2859 5491 his
2887 5437 2940 5491 in
2971 5437 3208 5492 medium
3257 5439 3556 5509 productis,

1963 5534 2052 5603 qui
2081 5532 2325 5587 eamdem
2357 5533 2531 5600 legem
2562 5541 2888 5601 acceperant
2909 5543 2961 5586 et
2983 5532 3345 5599 crediderant,
3375 5549 3564 5590 omnes

1962 5629 2083 5683 illos
2104 5627 2431 5681 condemnat
2464 5646 2477 5680 :
2513 5625 2562 5678 id
2595 5626 2737 5695 quod
2763 5627 2927 5680 etiam
2953 5626 3065 5696 jam
3097 5625 3232 5680 dixit
3264 5643 3284 5681 :
3323 5625 3555 5696 Ideoju-

1960 5722 2094 5775 dices
2143 5722 2293 5774 vestri
2339 5729 2484 5773 erunt
2520 5717 2690 5790 (Ibid.
2725 5736 2772 5774 υ.
2819 5720 2889 5773 ‘27
2919 5722 2957 5789 ).
3011 5720 3079 5774 Et
3125 5720 3251 5789 quid
3309 5734 3559 5787 magnum

1963 5814 2087 5880 ipsis
2139 5813 2415 5882 promisit,
2456 5833 2482 5845 '~
2513 5816 2698 5878 ίμιῐυς,
2735 5814 2777 5866 si
2814 5812 2899 5878 id,
2950 5811 3091 5881 quod
3140 5810 3331 5866 habent
3381 5813 3561 5881 regina
