4174 6332
649 343 751 393 6H

656 451 833 507 Austri
863 457 917 506 et
952 451 1216 514 Ninivitzc,
1257 448 1483 504 habituri
1519 460 1639 503 sunt
1667 450 1689 502 ἳ
1715 449 1874 504 Certe
1909 450 2071 503 multa
2109 447 2210 501 alia

655 545 758 597 illis
797 551 949 595 antea
981 543 1238 610 promisit,
1265 551 1319 594 et
1365 551 1546 610 postea
1585 542 1742 595 etiam
1784 541 2054 609 promittet
2086 558 2101 594 :
2131 555 2216 593 ne-

651 638 758 703 quo
779 633 903 687 illud
947 634 1115 685 solum
1160 633 1583 701 estprtemium.
1637 633 1878 702 Alioquin
1910 644 2086 686 autem
2132 632 2217 684 hic

655 740 856 793 quoque
914 724 1109 793 aliquid
1173 724 1346 793 majus
1400 724 1946 778 ειὼὶηιιίςθνίῑμΝειιη
1994 723 2060 777 de
2111 724 2217 776 illis

649 816 956 884 simpliciter
1009 816 1139 870 dixit
1188 834 1200 868 :
1253 815 1356 868 Viri
1408 813 1650 868 Ninivita:
1705 823 1938 882 surgent,
1989 823 2035 867 et
2081 830 2216 866 con-

647 908 949 961 demnabunt
1009 910 1371 977 generationem
1433 907 1606 971 hanc;
1669 915 1752 972 et,
1800 905 1996 976 Regina
2044 904 2215 958 Austri

647 1000 993 1052 condemnabit
1024 1016 1042 1052 :
1066 1000 1132 1054 de
1163 1001 1242 1053 his
1271 1016 1395 1054 vero
1441 1015 1543 1053 non
1568 1000 1875 1067 simpliciter
1909 1015 1922 1050 :
1959 997 2049 1050 sed
2078 1011 2210 1066 quo-

644 1089 856 1142 modo?
888 1088 1011 1143 Cum
1048 1092 1228 1143 sederit
1258 1090 1421 1143 Filius
1446 1092 1659 1143 hominis
1689 1091 1740 1142 in
1786 1091 1902 1142 sede
1939 1087 2212 1155 majestatis

642 1198 768 1240 sua.
799 1194 916 1235 tunc
942 1182 1168 1236 udebitis
1195 1192 1242 1234 et
1268 1199 1349 1234 vos
1376 1198 1526 1250 super
1553 1182 1816 1235 duodecim
1843 1182 2046 1232 thronos
2069 1194 2087 1242 ;
2116 1193 2207 1231 os-

647 1274 871 1326 tendens
899 1273 1044 1340 ipsos
1087 1285 1139 1326 et
1180 1284 1590 1340 conrogtiaturos
1612 1312 1627 1335 ,
1654 1283 1706 1325 et
1733 1271 1913 1341 gloria:
1937 1280 2208 1325 consortes

643 1364 866 1415 futuros.
898 1362 1026 1416 Nam
1060 1361 1120 1417 Si
1155 1364 1476 1424 sustinemus,
1506 1363 1690 1430 inquit,
1722 1373 1766 1414 et
1796 1361 2206 1431 conregnabintus

646 1453 740 1521 (2.
766 1451 897 1506 Tim.
937 1453 990 1506 2.
1023 1453 1145 1524 19.).
1175 1453 1356 1521 Neque
1380 1454 1518 1505 enim
1562 1452 1734 1504 throni
1771 1451 1951 1504 sedem
1999 1449 2202 1520 signiﬁ-

640 1554 759 1597 cant
789 1560 801 1596 :
831 1544 985 1596 solus.
1023 1545 1216 1611 quippe
1248 1545 1359 1608 ipse
1382 1558 1625 1596 sessurus
1664 1552 1716 1595 et
1737 1541 2066 1609 iudicaturus
2087 1551 2204 1606 est;

644 1637 741 1690 sed
774 1651 869 1705 per
895 1635 1113 1690 thronos
1143 1635 1258 1690 illos
1279 1635 1533 1690 honorem
1562 1647 1613 1688 et
1640 1633 1858 1704 gloriam
1890 1634 2204 1688 ineffabilem

638 1729 970 1799 signiﬁcavit.
1004 1727 1096 1781 His
1126 1729 1303 1796 itaque
1335 1728 1447 1778 lucc.
1478 1727 1608 1778 dixit
1648 1745 1658 1777 :
1696 1726 1914 1793 reliquis
1942 1741 2065 1778 vero
2092 1739 2205 1778 om-

643 1820 798 1872 nibus
847 1820 1004 1871 vitam
1048 1827 1336 1888 attentam,
1382 1827 1433 1870 et
1482 1817 1568 1869 hic
1610 1820 1930 1885 centuplum.
1975 1815 2029 1869 Si
2081 1830 2208 1868 vero

640 1910 881 1973 reliquis,
911 1909 1078 1962 multo
1099 1910 1265 1974 magis
1293 1908 1568 1973 apostolis,
1599 1907 1755 1959 etiam
1790 1909 1838 1959 in
1868 1906 1966 1958 hoc
1988 1907 2204 1958 saeculo.

639 2001 694 2053 ld
722 2002 861 2070 quod
882 2002 1040 2054 etiam
1071 2002 1260 2054 evenit.
1305 2000 1523 2053 Calam'o
1552 2001 1692 2054 enim
1721 2009 1774 2053 et
1800 2001 1998 2052 retibus
2019 1999 2201 2050 dimis-

639 2097 745 2159 sis,
774 2095 1010 2147 omnium
1046 2093 1178 2146 bona
1215 2093 1265 2146 in
1295 2108 1384 2145 sua
1422 2102 1677 2160 potestate
1705 2092 1986 2155 habebant,
2015 2090 2200 2143 domo-

639 2198 755 2236 rum
786 2185 952 2253 pretia
982 2193 1034 2236 et
1068 2199 1337 2252 agrorum,
1372 2184 1587 2252 ipsaque
1608 2197 1829 2250 corpora
1851 2181 2198 2235 credentium.

640 2269 770 2326 Nam
815 2274 973 2326 etiam
1003 2275 1135 2326 mori
1169 2289 1264 2342 pro
1292 2274 1418 2339 ipsis
1448 2286 1590 2340 sa-pe
1613 2272 1920 2334 voluissent,
1963 2282 2016 2322 ut
2046 2270 2202 2324 etiam

640 2367 832 2420 Paulus
880 2368 1057 2420 multis
1112 2366 1458 2430 testificatur,
1491 2379 1610 2418 cum
1644 2364 1778 2416 dixit
1809 2382 1819 2414 :
1857 2363 1916 2415 Si
1959 2363 2200 2428 possetis,

640 2461 785 2512 etiam
811 2477 865 2512 ut:
883 2458 978 2510 tlot
1003 2471 1189 2510 rastros
1212 2458 1408 2510 aculsos
1437 2459 1554 2507 mihi
1577 2457 1835 2508 dedissetis
1857 2455 1996 2526 (Gal.
2018 2457 2068 2509 4.
2092 2457 2194 2523 15).

641 2550 771 2604 Cum
810 2559 985 2603 autem
1023 2549 1178 2613 dicit,
1214 2549 1524 2615 Quicumque
1551 2549 1806 2616 reliquerit
1838 2563 2065 2612 uxorein,
2099 2561 2202 2599 non

642 2643 754 2695 vult
785 2641 1076 2695 dirimenda
1103 2655 1221 2694 esse
1243 2640 1574 2692 matrimonia
1600 2655 1613 2701 ;
1645 2639 1736 2692 sed
1766 2639 1902 2691 sicut
1925 2637 1993 2691 de
2031 2637 2206 2690 anima

642 2735 874 2800 dicebat,
921 2732 1019 2799 Qui
1046 2731 1314 2801 perdiderit
1339 2732 1558 2783 animam
1586 2745 1726 2782 suam
1753 2738 1958 2797 propter
1979 2720 2061 2780 me
2080 2770 2094 2792 ,
2124 2729 2203 2779 in-

641 2826 796 2878 veniet
825 2841 931 2877 eam
969 2826 988 2892 (
1023 2823 1206 2875 Matth.
1252 2821 1338 2876 10.
1371 2822 1439 2875 59
1471 2825 1489 2890 )
1522 2837 1536 2875 :
1563 2835 1666 2873 non
1709 2821 1808 2873 hoc
1854 2820 1986 2873 dixit
2017 2829 2074 2872 ut
2111 2833 2206 2872 nos

640 2918 940 2971 occidamus
971 2932 985 2978 ;
1019 2931 1192 2984 neque
1239 2925 1294 2968 ut
1329 2917 1447 2968 ideo
1493 2928 1801 2982 st-paremus
1845 2913 1986 2965 illam
2026 2928 2056 2964 a
2082 2927 2203 2966 cor-

643 3025 791 3080 pore,
824 3011 914 3064 sed
946 3021 1000 3062 ut
1030 3010 1276 3063 omnibus
1305 3010 1551 3076 pietatem
1578 3022 1944 3077 praeponamus
1978 3024 1992 3059 :
2022 3006 2121 3060 hoc
2150 3015 2206 3060 et

642 3101 708 3155 de
737 3115 901 3155 uxore
945 3109 998 3154 et
1041 3098 1106 3152 de
1136 3099 1385 3153 fratribus
1412 3097 1558 3152 dicit.
1599 3098 1813 3151 Videtur
1840 3105 2013 3151 autem
2044 3099 2201 3151 etiam

641 3191 1077 3261 persequutiones
1104 3189 1188 3242 hic
1229 3189 1590 3243 subimlicare.
1632 3188 1761 3241 Nam
1791 3187 1910 3257 quia
1934 3187 2079 3240 multi
2117 3202 2207 3255 pa-

641 3291 748 3338 tres
771 3283 1023 3350 erantqui
1052 3281 1186 3336 ﬁlios
1207 3323 1222 3348 ,
1254 3289 1307 3335 et.
1332 3294 1528 3334 uxores
1557 3295 1674 3349 qua:
1700 3280 1843 3332 viros
1869 3277 1931 3330 ad
1961 3277 2206 3346 impieta-

642 3383 748 3427 tem
779 3373 1056 3426 trahebant
1096 3389 1109 3425 :
1150 3370 1279 3425 Cum
1310 3371 1425 3425 huic
1458 3371 1838 3441 praeceperint,
1874 3369 2076 3439 inquit,
2106 3383 2204 3423 nec

641 3479 834 3518 uxores
879 3463 1205 3528 habeantur,
1251 3477 1421 3531 neque
1469 3469 1646 3530 patres
1673 3502 1687 3526 ,
1720 3459 1859 3530 quod
1914 3471 1966 3513 et
2015 3458 2206 3513 Paulus

639 3554 846 3609 dicebat.
894 3571 908 3607 :
959 3551 1190 3620 Inﬁdelis
1225 3568 1339 3606 vero
1368 3553 1410 3606 si
1437 3552 1664 3615 discedit,
1699 3551 1922 3604 discedat
1944 3550 1962 3617 (
1985 3551 2033 3604 1.
2082 3547 2202 3602 Cor.

640 3647 694 3701 7.
727 3645 856 3714 15).
902 3645 1101 3699 Eorum
1144 3645 1319 3714 itaque
1348 3643 1557 3697 animos
1591 3643 1834 3711 erigens,
1879 3651 1934 3696 et
1975 3643 2206 3698 suadens

640 3738 822 3792 illisut
851 3747 902 3790 et
933 3737 999 3790 de
1025 3752 1082 3790 se
1104 3745 1158 3792 et
1183 3736 1250 3790 de
1274 3743 1382 3790 toto
1407 3736 1538 3790 orbe
1566 3734 1894 3790 conﬁderent
1915 3775 1929 3802 ,
1959 3734 2162 3790 addidit
2187 3750 2202 3790 :

639 3827 730 3883 50.
771 3827 922 3880 Multi
951 3838 1120 3880 autem
1146 3837 1290 3880 erunt
1334 3828 1482 3894 primi
1524 3816 1811 3891 novissimi,
1866 3839 1913 3879 et
1951 3827 2206 3881 novissimi

638 3920 808 3987 primi.
846 3918 953 3972 lloc
979 3927 1154 3972 autem
1187 3912 1456 3972 indeﬁnite
1476 3928 1530 3972 et
1555 3917 1623 3972 de
1653 3919 1833 3972 multis
1857 3920 1972 3973 aliis
2002 3921 2203 3974 dictum

637 4015 750 4073 est;
797 4008 995 4062 dictum
1029 4019 1202 4067 tamen
1245 4007 1340 4061 fuit
1381 4018 1432 4060 et
1465 4009 1531 4062 de
1563 4009 1677 4074 his,
1706 4009 1850 4062 etde
1886 4009 2167 4062 Pharisads
2188 4048 2204 4073 ,

639 4105 727 4172 qui
759 4119 862 4156 non
887 4098 1226 4156 crediderunt
1253 4143 1267 4168 ,
1299 4101 1439 4170 quod
1467 4112 1521 4156 et
1561 4103 1610 4155 in
1653 4101 2016 4170 superioribus
2057 4101 2206 4156 dice-

639 4195 765 4250 bat:
800 4192 952 4247 Multi
981 4193 1172 4246 venient
1215 4194 1275 4246 ab
1306 4191 1506 4245 Oriente
1543 4201 1588 4244 et
1630 4190 1916 4254 Occidente,
1949 4202 1993 4246 et
2023 4209 2211 4245 recum-

639 4285 751 4338 bent
795 4299 905 4336 cum
942 4282 1232 4347 Abraham,
1265 4281 1412 4335 Isaac
1447 4292 1492 4337 et
1519 4281 1680 4335 Iacob
1702 4299 1720 4335 :
1749 4283 1845 4350 ﬁlii
1873 4292 2038 4336 autem
2065 4283 2206 4353 regni

641 4374 905 4443 ejicientur
945 4377 1082 4444 foras
1118 4372 1352 4443 (Matth.
1385 4373 1438 4428 8.
1475 4375 1533 4427 11
1565 4372 1606 4442 ).
1652 4373 1852 4427 Deinde
1902 4374 2206 4442 parabola'm

637 4463 838 4533 adjicit,
861 4480 960 4533 qua
983 4477 1166 4518 eorum
1192 4464 1278 4531 qui
1297 4463 1446 4518 tarde
1465 4472 1725 4517 venerunt
1742 4462 1913 4517 studia
1936 4462 2212 4518 ﬁduciam-

637 4571 740 4626 que
781 4554 1032 4611 incendit.
1077 4557 1163 4610 Ait
1215 4557 1396 4611 enim:
1427 4553 1592 4626 (Cap.
1645 4553 1784 4627 XX)
1812 4556 1864 4610 1.
1915 4555 2097 4611 Simile
2137 4566 2212 4612 est

637 4663 846 4719 regnum
887 4648 1119 4702 cazlorum
1158 4647 1348 4700 homini
1376 4647 1750 4716 patrifamilias,
1778 4647 1862 4715 qui
1899 4647 2016 4700 exiit
2047 4647 2209 4715 primo

641 4755 787 4792 mane
808 4739 1083 4792 conducere
1110 4740 1364 4808 operarios
1393 4738 1443 4790 in
1472 4739 1664 4790 vineam
1701 4753 1862 4790 suam.
1893 4737 1951 4792 2.
1981 4736 2210 4792 Conven-

638 4832 774 4885 tione
815 4841 981 4883 autem
1009 4830 1143 4898 facta
1190 4846 1301 4882 cum
1345 4829 1589 4898 operariis
1641 4845 1702 4882 ex
1740 4829 1946 4883 denario
1987 4829 2208 4894 diurno,

638 4923 772 4975 misit
806 4938 892 4976 eos
913 4923 964 4974 in
1007 4915 1198 4974 vineam
1224 4938 1385 4974 suam.
1423 4921 1477 4975 ὅ.
1521 4919 1588 4974 Et
1619 4922 1762 4974 tertia
1788 4922 1913 4974 hora
1938 4922 2059 4975 cidit
2085 4921 2214 4977 alios

639 5027 821 5071 stantes
849 5016 1065 5079 otiosos,
1099 5015 1151 5069 4.
1182 5024 1227 5067 et
1265 5014 1390 5067 dixit
1433 5015 1534 5068 illis
1569 5030 1589 5066 :
1617 5013 1698 5068 Ite
1735 5023 1780 5066 et
1821 5030 1905 5067 vos
1935 5015 1985 5067 in
2019 5015 2212 5067 vineam

629 5125 832 5172 meum,
863 5118 908 5161 et
947 5109 1081 5177 quod
1101 5110 1295 5178 justum
1327 5109 1475 5176 fuerit
1519 5108 1646 5160 dabo
1689 5108 1844 5162 vobis.
1877 5108 1931 5163 5.
1977 5105 2045 5159 Et
2079 5107 2214 5160 circa

639 5213 830 5254 sextam
862 5210 906 5253 et
937 5216 1121 5251 nonam
1157 5199 1331 5252 harant
1367 5199 1481 5265 fecit
1520 5200 1764 5253 similiter.
1795 5200 1849 5253 6.
1884 5198 2028 5252 Circa
2051 5198 2212 5252 unde-

642 5293 821 5344 cimam
847 5300 1009 5343 autent
1037 5291 1232 5354 horam,
1273 5290 1391 5343 uidit
1414 5291 1542 5343 alios
1572 5299 1754 5343 stantes
1790 5291 1992 5356 otiosos,
2024 5301 2071 5342 et
2095 5289 2213 5342 dicit

642 5381 745 5434 itlis
799 5397 816 5434 :
863 5379 994 5445 Quid
1025 5383 1103 5434 hic
1146 5382 1288 5435 statis
1326 5390 1430 5434 tota
1467 5381 1551 5434 die
1595 5382 1790 5434 otiosi?
1835 5383 1885 5435 7.
1921 5381 2009 5435 Illi
2049 5394 2213 5435 autem

645 5474 814 5527 dicunt
842 5473 884 5526 ei
909 5488 928 5525 ':
958 5472 1120 5527 Nemo
1159 5491 1249 5528 nos
1273 5474 1530 5528 conduxit.
1565 5473 1699 5528 Dicit
1730 5474 1800 5526 eis
1824 5490 1841 5527 :
1863 5473 1943 5527 Ite
1969 5484 2014 5527 et
2053 5491 2135 5528 vos
2160 5476 2213 5528 in

643 5567 838 5620 tineam
871 5581 1051 5629 meam,
1081 5581 1123 5620 et
1148 5566 1280 5635 quod
1298 5569 1495 5635 justum
1524 5567 1672 5635 fuerit
1699 5567 1973 5636 accipietis.
2015 5567 2068 5621 8.
2114 5565 2210 5620 Ve-

650 5678 722 5723 ειν
738 5675 790 5710 re
812 5667 978 5711 autem
1001 5658 1155 5725 facto,
1172 5660 1290 5712 dicit
1317 5660 1548 5711 dontinus
1569 5659 1723 5711 vinea:
1750 5659 2061 5728 procuratori
2081 5675 2171 5710 suo
2194 5673 2212 5709 .'

659 5748 784 5807 Vera
814 5752 1071 5823 aperarios
1130 5761 1172 5808 st
1201 5751 1266 5807 da
1306 5753 1376 5808 eis
1403 5751 1706 5815 mercedem,
1737 5752 1978 5823 incipiens
2010 5751 2068 5805 ab
2097 5752 2213 5804 ultio

1367 335 1424 391 s.
1459 312 1735 392 insutus
1773 333 2238 391 cnnvsosrom
2278 335 2592 396 anetttap.
2631 343 3156 405 CONSTANTINOI’.

2338 357 2429 438 ubi
2442 357 2592 396 lll.'.l".
2631 357 3156 405 L'ULVSI‘AATINOI’.
3794 357 3897 412 (ἱίὲ

2324 451 2417 500 mis
2440 467 2591 521 usque
2615 456 2683 505 ad
2704 458 2909 525 primos.
2931 460 2981 514 9.
3012 462 3134 515 Cum
3156 465 3398 520 venissent
3415 469 3456 522 ii
3477 471 3566 536 qui
3587 472 3720 525 circa
3736 472 3895 524 unde-

2323 540 2502 592 cimam
2541 541 2716 598 horam
2748 560 3010 617 venerant,
3050 567 3346 623 acceperunt
3374 558 3600 628 singulos
3627 562 3882 619 denarios.

2326 630 2410 684 10.
2455 630 2520 684 Et
2550 637 2793 690 venientes
2821 641 2970 704 primi
3005 644 3407 700 existimaverunt
3435 653 3569 718 quod
3593 653 3709 719 plus
3733 669 3895 712 essem

2324 725 2592 792 accepturi,
2632 735 2676 777 et
2702 741 2998 797 acceperunt
3026 733 3124 802 ipsi
3151 751 3345 805 quoque
3371 740 3596 810 singulos
3632 744 3894 812 denarios,

2329 814 2348 863 1
2368 814 2411 863 l.
2442 823 2488 866 et
2524 816 2820 879 accipientes
2862 825 3239 876 murmurabant
3267 830 3504 882 adversus
3549 838 3894 902 patremfami-

2323 903 2418 955 lias
2442 947 2454 965 ,
2490 905 2573 959 12.
2622 907 2837 963 dicentes
2869 927 2884 962 :
2920 909 2987 963 Ili
3033 915 3290 968 novissimi
3321 934 3418 970 una
3443 919 3567 971 hora
3596 923 3824 992 fecerunt
3856 929 3896 992 ί,

2320 1005 2366 1046 et
2392 1013 2536 1065 pares
2565 999 2678 1052 illos
2712 1003 2852 1054 nobis
2880 1003 3058 1071 fecisti,
3086 1007 3169 1071 qui
3209 1012 3514 1076 portavimus
3543 1015 3741 1081 pondus
3773 1019 3892 1080 diei,

2320 1098 2366 1139 et
2390 1101 2566 1142 aestum
2591 1092 2616 1143 ?
2651 1093 2732 1147 l5.
2759 1092 2787 1145 1
2791 1111 2876 1160 pse
2896 1107 3059 1148 autem
3081 1102 3384 1167 respondens
3407 1105 3493 1156 uni
3521 1121 3691 1156 eorum
3718 1108 3848 1162 dixit
3877 1127 3898 1165 :

2322 1178 2510 1242 Amice,
2546 1198 2644 1233 non
2675 1184 2806 1252 facio
2836 1185 2922 1237 tibi
2942 1187 3178 1254 injuriam
3215 1206 3233 1242 :
3255 1207 3419 1245 nonne
3445 1209 3507 1245 ea:
3534 1195 3739 1250 denario
3771 1215 3896 1250 con-

2319 1271 2490 1323 venisti
2513 1289 2701 1325 mecunt
2734 1276 2868 1330 714.
2911 1275 3049 1331 Tolle
3069 1282 3202 1347 quod
3223 1292 3359 1334 tuum
3381 1294 3473 1348 est,
3509 1297 3554 1338 et
3582 1289 3725 1341 vade.
3769 1288 3896 1345 Volo

2318 1369 2484 1412 autem
2514 1362 2638 1415 dare
2664 1374 2708 1415 et
2733 1365 2907 1420 ultimo
2929 1367 3045 1420 huic
3083 1371 3210 1422 sicut
3236 1383 3282 1424 et
3311 1373 3415 1425 tibi.
3448 1375 3533 1429 i5.
3567 1377 3749 1430 Annon
3780 1379 3895 1433 licet

2319 1453 2442 1504 mihi
2469 1453 2604 1522 quod
2627 1457 2737 1509 volo
2777 1461 2940 1528 facere
2969 1461 3020 1512 in
3051 1462 3111 1513 iis
3132 1480 3243 1526 qua:
3271 1481 3379 1516 mea
3406 1477 3526 1518 sunt
3557 1469 3583 1518 .9
3611 1469 3688 1521 Αη
3716 1471 3895 1524 oculus

2319 1553 2438 1596 tuus
2475 1561 2687 1614 nequam
2717 1558 2821 1613 est,
2862 1551 2979 1617 quia
3018 1567 3107 1620 ego
3143 1553 3299 1604 bonus
3324 1571 3433 1606 sum
3463 1556 3487 1608 ?
3517 1556 3599 1609 lli.
3633 1554 3719 1610 Ita
3747 1569 3895 1611 erunt

2317 1636 2573 1688 novissimi
2616 1639 2796 1704 primi,
2829 1649 2874 1691 et
2917 1641 3063 1708 primi
3099 1642 3374 1698 novissimi.
3426 1643 3579 1698 Multi
3608 1646 3741 1700 enim
3774 1658 3896 1701 sunt

2315 1731 2508 1791 τοι-(ιη’,
2539 1731 2685 1796 pauci
2713 1744 2826 1781 vero
2850 1731 3009 1783 electi.

2386 1818 2436 1871 3.
2481 1819 2616 1882 Quid
2646 1820 2744 1872 sibi
2778 1823 2885 1872 vult
2914 1825 3024 1874 haec
3047 1823 3292 1888 parabola
3324 1824 3348 1876 2
3375 1824 3555 1895 Neque
3572 1827 3713 1880 enim
3740 1828 3892 1897 prin-

2313 1909 2449 1976 cipio
2477 1911 2736 1962 consentit
2772 1911 2895 1963 illud
2928 1913 3066 1980 quod
3101 1914 3149 1965 in
3184 1915 3284 1966 line
3312 1915 3523 1982 dicitur,
3555 1919 3644 1971 Sed
3674 1930 3891 1973 eontra-

2316 1998 2450 2050 rium
2483 2002 2698 2052 omnino
2727 2002 2982 2054 euuntiat.
3028 2004 3083 2057 lu
3130 2004 3224 2056 hac
3270 2006 3410 2058 enim
3460 2007 3672 2061 exhibet
3705 2025 3893 2063 omnes

2314 2087 2496 2141 eadem
2530 2091 2742 2156 pnemia
2769 2092 3106 2158 accipientes,
3149 2109 3316 2162 neque
3345 2095 3477 2148 alios
3504 2096 3726 2163 eiectos,
3760 2098 3893 2153 alios

2316 2193 2442 2230 vero
2471 2179 2730 2233 admissus
2759 2197 2773 2244 ;
2823 2181 2934 2248 ipse
2965 2195 3139 2235 autent
3177 2195 3230 2238 et
3258 2195 3381 2239 ante
3422 2198 3474 2240 et
3515 2199 3635 2255 post
3662 2192 3890 2258 parabo-

2318 2269 2418 2322 lam
2450 2273 2772 2325 contrarium
2806 2273 2935 2328 dixit
2969 2291 2981 2326 :
3015 2274 3177 2327 Erunt
3213 2277 3363 2334 primi
3388 2279 3642 2330 novissimi
3663 2321 3675 2343 ,
3721 2290 3768 2333 et
3795 2297 3890 2334 no-

2315 2363 2502 2414 vissimi
2544 2364 2735 2430 primi,-
2770 2364 2817 2416 id
2843 2374 2920 2418 est
2943 2405 2956 2427 ,
2991 2365 3114 2434 ipsis
3153 2367 3336 2433 primis
3370 2369 3607 2436 priores,
3635 2371 3743 2425 illis
3785 2389 3889 2428 non

2318 2453 2499 2519 primis
2530 2453 2882 2520 manentibus,
2909 2456 2999 2508 sed
3035 2456 3292 2522 pastillos
3324 2459 3530 2524 positis.
3561 2459 3715 2526 Quod
3746 2465 3889 2515 enim

2316 2544 2418 2600 hoc
2433 2545 2691 2614 signiﬁcet
2709 2545 2942 2599 declarat
2962 2547 3144 2600 dicens
3175 2567 3187 2602 :
3225 2548 3375 2601 Multi
3403 2551 3533 2602 cnim
3558 2561 3674 2603 sunt
3705 2553 3886 2618 vocati,

2316 2636 2463 2705 pauci
2497 2652 2609 2690 vero
2653 2636 2792 2689 electi
2821 2652 2840 2690 :
2871 2638 2938 2689 ita
2982 2649 3036 2691 ut
3084 2637 3282 2705 duplici
3317 2642 3477 2694 modo
3507 2650 3562 2696 et
3594 2621 3714 2696 illos
3742 2659 3890 2698 mor-

2316 2727 2477 2792 deat,
2505 2739 2557 2782 ct
2585 2728 2681 2780 hos
2712 2730 3014 2783 consoletur
3039 2740 3091 2784 et
3121 2730 3377 2786 hortetur.
3421 2733 3676 2789 Parabola
3707 2746 3888 2790 autem

2313 2832 2419 2870 non
2451 2817 2501 2871 id
2527 2816 2691 2882 dicit;
2724 2819 2816 2871 sed
2854 2819 2973 2872 illos
3002 2821 3236 2888 probatis
3273 2823 3417 2886 viris,
3442 2825 3533 2892 qui
3554 2825 3778 2878 multum
3815 2827 3891 2879 la-

2314 2906 2656 2977 boraverint,
2709 2903 2865 2978 pares
2910 2909 3112 2966 futuros
3148 2929 3162 2964 :
3196 2927 3315 2965 nam
3352 2915 3533 2980 aiunt,
3571 2913 3730 2970 Pares
3776 2917 3892 2969 illos

2314 3004 2459 3057 nobis
2481 3001 2669 3070 fecistis
2693 3043 2705 3064 ,
2747 3003 2829 3067 qui
2865 3005 3173 3070 portavimus
3215 3004 3414 3072 pondus
3457 3007 3574 3068 diei,
3613 3017 3660 3058 et
3689 3017 3889 3062 a'stum.

2312 3089 2444 3159 Quid
2490 3107 2619 3162 ergo
2671 3092 2772 3146 sibi
2826 3093 2936 3147 vult
2990 3093 3288 3161 parabola?
3332 3095 3700 3150 Necessarium
3747 3100 3891 3152 enim

2311 3194 2394 3240 est
2421 3185 2521 3239 hoc
2549 3185 2719 3255 primo
2743 3185 3017 3240 declarare
3037 3226 3052 3252 ,
3081 3195 3136 3240 et
3158 3199 3280 3241 tunc
3317 3189 3764 3246 illud'solremus.
3796 3191 3890 3246 Vi-

2315 3293 2467 3331 neam
2488 3277 2643 3347 igitur
2672 3278 2914 3332 mandata
2939 3280 3048 3343 Dei,
3071 3281 3325 3349 operandi
3347 3291 3551 3350 tempus
3575 3293 3892 3351 przesentem

2315 3370 2474 3423 vitam
2502 3368 2735 3438 appellat
2765 3387 2779 3422 :
2821 3372 3093 3438 cperarios
3114 3414 3128 3435 ,
3157 3387 3250 3426 eos
3279 3374 3364 3442 qui
3396 3375 3611 3429 diverso
3641 3377 3800 3430 modo
3823 3375 3891 3430 ad

2316 3459 2407 3514 Dei
2438 3468 2695 3528 prmccpta
2719 3461 2886 3514 vocati
2909 3471 3032 3515 sunt
3058 3477 3074 3526 ;
3107 3478 3278 3526 mane,
3315 3465 3488 3529 tertia,
3520 3475 3687 3529 sexta,
3723 3481 3888 3532 nona,

2314 3550 2592 3605 undecima
2636 3549 2767 3604 hora
2791 3592 2803 3611 ,
2836 3551 2924 3620 qui
2954 3551 3194 3607 diversis
3229 3554 3475 3608 :ctatibus
3511 3567 3850 3610 accesserunt
3872 3597 3890 3624 ,

2311 3650 2366 3696 et
2420 3657 2532 3696 rem
2578 3641 2714 3696 bene
2755 3651 3054 3711 gesserunt.
3087 3643 3190 3697 Sed
3236 3645 3524 3713 quaeritur,
3571 3662 3699 3699 num
3731 3647 3888 3717 primi

2312 3737 2401 3806 qui
2423 3736 2627 3806 probati
2658 3735 2822 3799 fuere,
2850 3745 2904 3789 et
2933 3737 3038 3790 Deo
3073 3737 3335 3804 placuere,
3365 3738 3560 3808 quique
3588 3755 3679 3806 per
3718 3751 3887 3795 totum

2309 3825 2560 3879 diurnum
2599 3824 2831 3879 laborem
2859 3822 3117 3893 splendidi
3147 3825 3292 3880 fuere
3313 3867 3327 3892 ,
3358 3838 3599 3881 extremo
3639 3830 3890 3896 nequitia:

2309 3917 2497 3971 morbo
2538 3915 2907 3977 laboraverint,
2941 3916 3132 3969 invidia
3167 3931 3356 3985 nempe
3381 3929 3432 3971 et
3469 3918 3658 3971 livore.
3691 3918 3889 3972 Viden-

2314 4017 2394 4061 tes
2437 4006 2577 4060 enim
2617 4006 2735 4058 illos
2759 4005 2942 4059 eadem
2973 4006 3220 4061 mercede
3257 4007 3481 4060 donatos
3504 4048 3519 4069 ,
3562 4009 3744 4061 dicunt
3775 4027 3787 4061 :
3823 4008 3891 4062 Ili

2313 4096 2567 4149 novissimi
2590 4111 2690 4147 una
2715 4093 2840 4147 hora
2867 4099 3125 4164 fecerunt,
3151 4105 3194 4147 et
3221 4112 3368 4165 pares
3393 4098 3509 4150 illos
3539 4097 3680 4150 nobis
3706 4099 3890 4168 fecisti,

2313 4193 2397 4260 qui
2417 4192 2723 4259 portavimus
2762 4192 2958 4258 pondus
2984 4190 3083 4243 diei
3111 4232 3124 4255 ,
3158 4202 3202 4246 et
3237 4204 3412 4246 testam
3437 4195 3462 4246 ?
3492 4193 3560 4247 Et
3599 4211 3717 4247 cum
3752 4195 3891 4248 nihil

2313 4280 2490 4335 damni
2530 4280 2830 4349 acciperent
2854 4321 2867 4344 ,
2903 4296 2999 4333 nec
3032 4281 3264 4349 ipsorum
3305 4285 3892 4348 mcrccsminueretur.

2313 4371 2483 4425 aliena
2512 4372 2645 4424 bona
2668 4387 2808 4440 a'grc
2836 4381 2888 4425 et
2923 4372 3136 4440 indigne
3178 4373 3416 4428 ferebant
3444 4393 3458 4438 ;
3489 4374 3628 4444 quod
3659 4391 3723 4429 ex
3759 4375 3897 4429 iuvi.

2313 4461 2398 4516 dia
2437 4472 2490 4516 et
2521 4462 2684 4515 livore
2715 4461 2889 4515 ﬁebat.
2931 4462 3011 4516 Ad
3054 4462 3167 4517 lucc
3209 4479 3332 4519 vero
3361 4465 3473 4533 ipse
3509 4464 3896 4534 paterfamilias

2315 4567 2412 4620 pro
2437 4552 2566 4622 ipsis
2595 4552 2942 4620 respondens,
2968 4562 3021 4606 et
3051 4554 3304 4607 adversus
3325 4571 3446 4608 eum
3475 4556 3564 4624 qui
3596 4554 3708 4610 hznc
3739 4556 3902 4610 dixe-

2315 4655 2396 4699 rat
2415 4659 2532 4698 sese
2556 4644 2868 4707 defendens,
2900 4646 3145 4714 nequitiae
3173 4661 3292 4700 eum
3319 4662 3649 4715 summa:un
3679 4647 3896 4702 invidia:

2313 4735 2549 4799 damnat,
2583 4734 2661 4786 his
2691 4735 2866 4788 verbis
2895 4753 2906 4787 :
2946 4733 3130 4789 Nonne
3156 4754 3217 4789 ea:
3257 4736 3463 4791 denario
3501 4739 3772 4791 convenisti
3798 4755 3897 4792 me-

2315 4828 2474 4879 cum?
2514 4824 2657 4878 Tolle
2695 4825 2829 4892 quod
2853 4835 2992 4878 tuum
3022 4836 3113 4893 est,
3155 4837 3201 4880 et
3242 4831 3386 4881 vade.
3428 4826 3550 4881 Volo
3583 4817 3753 4881 autem
3773 4830 3897 4882 huic

2315 4916 2495 4969 ultimo
2524 4917 2645 4968 dare
2689 4915 2816 4968 sicut
2865 4927 2909 4968 et
2939 4917 3043 4968 tibi.
3087 4919 3162 4970 An
3189 4919 3366 4971 oculus
3394 4930 3506 4971 tuus
3546 4936 3761 4986 nequam
3795 4930 3896 4988 est,

2315 5010 2433 5079 quia
2461 5024 2548 5079 ego
2575 5008 2732 5061 bonus
2769 5024 2880 5060 sunt
2908 5009 2931 5060 .’
2972 5009 3105 5074 Quid
3152 5011 3308 5078 igitur
3335 5025 3398 5062 ex
3455 5009 3538 5063 his
3588 5012 3759 5064 verbis
3793 5013 3898 5064 atl-

2316 5099 2580 5161 strttitur?
2608 5099 2735 5152 Nam
2767 5108 2819 5152 et
2860 5100 2910 5150 in
2933 5101 3050 5153 aliis
3079 5101 3341 5168 parabolis
3369 5100 3469 5154 hoc
3510 5102 3678 5171 ipsum
3711 5102 3900 5157 videre

2314 5199 2416 5244 est.
2467 5189 2633 5244 Filius
2661 5192 2800 5244 enim
2846 5189 2929 5242 ille
2976 5191 3172 5258 probus
3215 5191 3265 5243 in
3299 5188 3440 5244 lmuc
3487 5207 3698 5261 quoque
3728 5194 3900 5250 animi

2318 5282 2562 5338 morbum
2620 5282 2866 5334 incidisse
2907 5281 3258 5351 perhibetur,
3307 5283 3518 5351 quando
3562 5283 3694 5335 vidit
3743 5284 3897 5338 illum

2317 5374 2593 5443 prodigum
2643 5372 2856 5425 fratrem
2877 5413 2889 5435 ,
2946 5373 3032 5439 qui
3065 5371 3232 5425 multo
3265 5371 3539 5426 fruebatur
3569 5373 3806 5434 honore.
3843 5385 3898 5428 et

2317 5461 2517 5532 majore
2562 5477 2720 5531 quam
2754 5463 2864 5530 ipse
2894 5461 3162 5514 habuissot
3190 5465 3206 5531 (
3235 5461 3360 5515 Luc.
3397 5462 3482 5516 15.
3523 5461 3611 5515 ‘28.
3642 5479 3796 5531 ηιμ).
3831 5462 3905 5517 Ut

2321 5559 2456 5611 enim
2489 5557 2538 5608 hi
2569 5554 2824 5623 majorem
2859 5555 2980 5606 inde
3012 5554 3312 5607 mercedem
3345 5553 3674 5623 accipiebant
3702 5595 3716 5619 ,
3747 5553 3898 5622 quod

2385 5692 2594 5804 quorel.
2618 5700 2668 5742 et
2695 5690 2887 5754 quidam
2919 5689 2998 5741 alii
3035 5675 3234 5752 habent,
3270 5687 3456 5752 apet'ati
3478 5695 3604 5751 stult,
3640 5702 3748 5752 pro,
3774 5689 3907 5751 foco-

2317 5772 2443 5806 eum.
