4174 6332
236 373 339 428 613

235 486 389 554 primi
433 487 770 558 acciperent,
805 488 882 543 sic
921 488 1011 543 ille
1036 487 1190 558 copia
1219 487 1486 544 donorum
1527 487 1698 558 magis
1735 488 1832 540 lio-

235 577 526 634 norabatnr
557 589 651 635 :ct
673 580 788 636 lucc
823 581 910 637 ille
937 581 1136 651 probus
1165 582 1304 637 illius
1333 582 1669 638 testificatur.
1695 581 1832 649 Quid

236 669 398 739 igitur
422 672 607 728 dicere
658 689 941 740 possumus
970 675 992 728 ?
1018 673 1186 729 Nemo
1215 675 1285 731 de
1329 677 1416 729 tali
1445 676 1565 742 jure
1597 675 1834 746 disputat

228 763 284 818 in
341 779 508 834 regno
553 765 808 820 cas-lorum
847 766 1065 832 :absit;
1121 768 1270 824 locus
1297 768 1442 825 enim
1475 769 1564 823 ille
1591 784 1622 823 a
1663 769 1832 826 livore

229 865 283 910 et
313 855 508 910 invidia
539 865 707 924 purus
732 866 836 914 est.
861 856 993 912 Nam
1022 860 1065 913 si
1094 861 1263 916 sancti
1295 861 1345 915 in
1370 861 1472 915 liae
1493 861 1598 916 vita
1624 862 1832 917 animas

228 961 352 1001 snas
394 964 493 1016 pro
536 949 908 1018 peccatoribus
949 950 1247 1018 dederunt,
1282 953 1452 1007 multo
1492 955 1662 1025 magis
1699 970 1831 1026 gau-

223 1043 374 1107 dent,
403 1058 526 1096 eum
553 1044 668 1096 illos
695 1043 767 1097 ibi
804 1043 988 1100 vident
1019 1045 1174 1100 bonis
1213 1045 1312 1100 frui
1341 1047 1672 1113 caelestibus,
1707 1063 1828 1118 qum

224 1136 363 1186 bona
392 1133 496 1187 sibi
538 1136 842 1189 comnmnia
880 1127 1087 1206 putant.
1121 1137 1234 1205 Qua
1273 1152 1406 1209 ergo
1430 1137 1500 1194 de
1527 1154 1688 1193 causa
1727 1139 1828 1195 liae

225 1221 395 1293 ﬁgura
445 1226 714 1280 sermonis
744 1241 872 1280 usus
911 1227 1044 1280 est?
1083 1227 1340 1283 Parabola
1395 1241 1680 1296 narratur,
1726 1245 1825 1286 nec

220 1323 440 1382 oportet
469 1315 521 1368 in
553 1315 824 1384 parabolis
852 1318 1029 1371 omnia
1057 1318 1123 1372 ad
1153 1319 1361 1373 literam
1386 1320 1697 1390 explorare,
1728 1321 1823 1377 sed

223 1419 346 1458 eum
387 1421 612 1476 scopum
659 1407 927 1478 parabolas
963 1409 1250 1464 didicimus
1275 1451 1289 1466 .
1319 1410 1463 1466 bnne
1489 1410 1783 1482 decerpere
1805 1453 1820 1478 ,

221 1511 321 1550 nec
349 1508 549 1551 ca‘tera
586 1499 853 1553 curiosius
884 1500 1213 1555 examinare.
1250 1502 1359 1556 Cur
1402 1517 1534 1572 ergo
1574 1501 1691 1557 ha-c
1724 1519 1819 1574 pa-

221 1586 403 1640 raliola
433 1588 513 1641 sic
554 1589 875 1645 concinnata
924 1590 1057 1658 fuit,
1103 1603 1157 1646 et
1199 1592 1324 1664 quid
1365 1593 1477 1647 vult
1531 1593 1822 1651 statueie?

220 1676 345 1732 Volt
371 1695 467 1732 eos
492 1721 506 1741 ,
546 1683 634 1749 qui
679 1681 730 1734 in
773 1695 1018 1737 extrema
1063 1694 1340 1740 senectute
1370 1687 1618 1742 conversi
1651 1697 1816 1752 sunt,

213 1771 574 1826 studiosiores
598 1774 842 1838 reddere,
879 1791 1052 1846 neque
1074 1787 1262 1846 putare
1280 1779 1405 1834 sinit
1429 1794 1550 1835 esse
1575 1781 1693 1836 illos
1714 1797 1819 1837 cte-

214 1861 349 1914 teris
379 1861 685 1918 inferiores.
732 1865 857 1920 Ideo
886 1865 1086 1921 inducit
1105 1868 1242 1923 alios
1263 1885 1406 1939 atgre
1434 1870 1668 1927 ferentes
1695 1872 1820 1927 illo-

213 1966 334 2005 rum
365 1952 506 2006 bona
525 1993 540 2016 ,
573 1969 681 2008 non
713 1965 766 2008 ut
796 1955 1008 2012 invidia:
1032 1959 1153 2013 tabe
1185 1960 1492 2018 laborantes
1516 1964 1772 2019 ostendat
1797 1980 1813 2019 :

209 2044 354 2098 absit
382 2059 399 2110 ;
429 2045 524 2100 sed
559 2055 615 2099 ut
640 2048 834 2103 doceat
864 2049 984 2106 illos
1019 2059 1168 2107 tanto
1201 2052 1302 2107 frui
1331 2054 1568 2120 honore,
1598 2067 1654 2112 ut
1687 2074 1813 2127 pos-

207 2135 320 2189 siut
353 2138 518 2191 etiam
554 2139 690 2193 alios
733 2140 800 2195 ad
832 2141 1089 2198 invidiam
1123 2160 1343 2200 movere
1377 2163 1392 2212 ;
1441 2149 1685 2203 utetiam
1714 2157 1830 2215 nos.

208 2227 533 2300 plerumque
555 2232 786 2288 dicimus
816 2252 832 2287 :
860 2234 955 2292 Ille
981 2253 1068 2292 me
1097 2241 1403 2308 accusavit,
1434 2243 1579 2313 quod
1605 2253 1811 2300 tantum

206 2319 304 2375 tibi
345 2319 606 2378 honorem
653 2325 963 2392 tribuerim;
1009 2345 1114 2383 non
1143 2330 1285 2399 quod
1334 2347 1688 2403 accusemur,
1727 2338 1811 2394 vel

207 2410 357 2478 quod
403 2411 481 2465 illi
509 2414 714 2468 crimen
748 2416 1014 2473 intentare
1044 2419 1270 2475 velimus
1290 2462 1306 2484 ,
1329 2423 1425 2478 sed
1467 2435 1522 2478 ut
1542 2425 1668 2482 doni
1697 2444 1812 2482 nia-

199 2501 542 2570 gnitudinem
591 2503 930 2562 declaremus
959 2510 996 2560 ¹.
1050 2509 1159 2566 Sed
1207 2529 1305 2568 cur
1334 2531 1440 2570 non
1472 2532 1662 2574 omnes
1701 2533 1810 2576 sta-

201 2593 302 2647 tim
348 2595 601 2653 mcrrede
637 2598 890 2655 conduxit
923 2601 1239 2671 ?Quantum
1273 2607 1324 2660 in
1361 2623 1420 2663 se
1447 2619 1582 2674 erat,
1618 2627 1807 2670 omnes

196 2687 466 2742 conduxit
499 2708 511 2743 :
547 2691 689 2760 quod
717 2692 762 2747 si
791 2710 897 2748 non
927 2695 1086 2751 simul
1128 2713 1317 2755 omnes
1346 2702 1629 2774 obseqnuti
1653 2717 1800 2774 sunt,

196 2777 563 2835 differentiam
588 2782 826 2840 exhibuit
848 2801 1035 2842 eorum
1058 2793 1146 2859 qui
1175 2795 1344 2846 vocati
1373 2792 1521 2850 fuere
1537 2798 1804 2854 voluntas.

200 2865 332 2920 ldi-o
361 2869 452 2924 alii
499 2886 692 2938 mane,
716 2874 811 2930 alii
856 2878 1033 2945 tertia,
1066 2880 1154 2934 alii
1183 2891 1332 2937 sexta
1367 2885 1454 2940 vel
1501 2901 1641 2941 nona
1673 2889 1801 2945 liora

195 2968 501 3020 vocantur.
543 2962 632 3016 alii
678 2964 957 3020 undet-ima
983 3008 998 3031 ,
1046 2968 1167 3039 quia
1213 2981 1338 3028 tunc
1379 2976 1802 3048 obtemperaturl

189 3059 372 3104 erant.
422 3049 536 3107 lloc
583 3054 708 3110 item
756 3056 952 3114 Paulus
995 3061 1287 3121 declaravit
1332 3068 1602 3135 :Quaudo
1630 3085 1803 3131 autem

192 3142 362 3195 risum
389 3154 462 3196 est
491 3143 620 3211 Deo,
663 3149 748 3218 qui
769 3167 848 3204 me
874 3158 1157 3226 segregavit
1179 3175 1244 3212 ea:
1277 3170 1419 3215 utero
1457 3169 1637 3221 matris
1676 3186 1802 3226 mea:

196 3233 214 3296 (
239 3231 363 3288 Gal.
405 3236 453 3289 ].
495 3236 610 3309 l5).
639 3240 990 3307 Quandonam
1024 3247 1075 3302 id
1115 3251 1194 3327 ei_
1211 3252 1384 3309 visum
1410 3266 1494 3311 est
1519 3258 1542 3310 ?
1569 3260 1796 3327 Quando

192 3323 285 3379 ille
323 3327 791 3397 obtemperaturus
816 3345 951 3392 erat.
985 3337 1118 3393 Nam
1154 3324 1269 3412 ipse
1299 3360 1329 3398 a
1360 3348 1622 3419 principio
1651 3354 1797 3409 vole-

192 3415 285 3468 bat
316 3433 331 3469 :
361 3417 486 3485 quia
528 3429 707 3475 autem
741 3423 832 3480 ille
875 3436 1001 3483 tunc
1053 3446 1158 3485 non
1202 3448 1455 3492 cessurus
1484 3450 1638 3506 erat,
1672 3452 1797 3502 tunc

189 3504 292 3572 ipsi
323 3507 499 3561 visum
531 3509 646 3579 fuit,
679 3526 798 3569 cum
818 3515 905 3570 ille
925 3518 1319 3591 obsequuturus
1349 3537 1483 3582 erat.
1515 3529 1604 3585 Sic
1627 3504 1793 3590 etiam

190 3595 460 3653 latri-nem
511 3605 741 3666 vocavit,
789 3608 888 3662 etsi
936 3613 1110 3678 potuis
1144 3623 1197 3668 et
1239 3626 1396 3672 antea
1430 3636 1658 3688 vocare;
1700 3626 1794 3684 sed

189 3686 278 3743 ille
310 3701 439 3744 tunc
466 3709 573 3748 non
603 3693 1044 3766 obtemperasset.
1070 3703 1201 3758 Nam
1234 3708 1276 3760 si
1328 3709 1523 3766 Paulus
1546 3715 1614 3768 ab
1644 3717 1795 3772 initio

189 3795 297 3832 non
323 3785 590 3851 paruisset
613 3828 627 3849 ,
659 3791 828 3845 multo
858 3793 1036 3848 minus
1067 3795 1224 3852 latro.
1248 3800 1398 3866 Quod
1431 3804 1474 3858 si
1507 3805 1557 3859 bi
1591 3807 1792 3878 dicant,

189 3870 361 3927 Nemo
393 3892 486 3929 nos
515 3880 761 3934 conduxit
788 3897 808 3936 :
835 3883 922 3939 ltic
952 3901 1056 3941 non
1086 3901 1296 3959 opertet
1317 3935 1332 3958 ,
1372 3903 1430 3948 ut
1455 3895 1586 3964 dixi,
1613 3901 1790 3960 omnia

186 3964 242 4019 in
271 3968 543 4036 parabolis
573 3973 738 4040 posita
767 3978 1033 4033 curiosius
1072 3982 1378 4049 esplorare.
1409 3986 1507 4041 llic
1528 4004 1656 4045 vero
1684 4009 1790 4048 non

187 4057 577 4126 paterfamilias
621 4064 722 4118 hoc
744 4063 919 4134 dicit,
959 4070 1053 4125 sed
1086 4072 1160 4128 illi
1205 4074 1411 4133 dicunt.
1459 4078 1576 4150 Ipse
1611 4095 1788 4140 autem

185 4163 296 4204 non
322 4149 527 4205 refutat
566 4153 709 4221 illos,
743 4166 799 4211 ut
836 4173 940 4214 non
975 4164 1258 4232 perplexos
1289 4149 1540 4227 redderet
1562 4215 1577 4239 ,
1606 4177 1700 4230 sed
1734 4187 1789 4233 nt

184 4241 512 4299 attraheret.
558 4243 689 4301 Nam
720 4251 862 4319 quod
889 4267 1103 4317 omnes.
1133 4267 1391 4327 quantum
1419 4262 1485 4316 ad
1530 4279 1590 4320 se
1622 4269 1789 4336 perti-

185 4333 351 4390 nebat
375 4375 394 4401 ,
430 4337 601 4406 prima
631 4342 809 4396 statim
835 4342 968 4398 liora
1011 4350 1299 4415 vocaverit,
1326 4333 1647 4425 signiﬁcavit
1674 4360 1786 4432 ipsa

182 4426 481 4498 parabola,
525 4445 644 4501 qu:e
688 4433 852 4502 dicit,
884 4453 1042 4494 mane
1069 4442 1242 4512 ipsum
1269 4444 1338 4500 ad
1378 4426 1785 4510 conducendum

180 4533 245 4574 ea
255 4521 440 4578 ivisse.

253 4611 314 4666 ι.
356 4611 608 4684 Undique
639 4632 768 4689 ergo
810 4621 1153 4681 manifestum
1199 4637 1282 4682 est
1329 4631 1506 4700 nobis,
1549 4636 1614 4690 ad
1639 4637 1781 4703 illos,

178 4701 270 4769 qui
303 4717 369 4756 ex
393 4704 566 4773 prima
593 4717 770 4776 astate,
795 4719 850 4765 et
873 4712 939 4767 ad
968 4714 1113 4780 illos,
1159 4720 1247 4788 qui
1267 4723 1483 4780 tardius
1522 4735 1683 4799 atque
1728 4701 1780 4786 in

174 4804 460 4850 senectute
491 4797 738 4854 virtutem
765 4804 1183 4874 amplectuntur,
1207 4813 1404 4868 dictam
1435 4797 1610 4875 fuisse
1634 4837 1783 4892 para-

175 4883 365 4940 bolam
399 4903 412 4936 :
445 4888 510 4942 ad
536 4889 678 4953 illos.
724 4907 793 4949 ne
821 4898 1182 4966 superbireut,
1232 4920 1366 4959 neve
1392 4883 1783 4979 exprobrarent

175 4975 264 5040 iis,
315 4979 408 5046 qui
434 4979 577 5034 circa
608 4984 945 5043 undecimam
994 4988 1180 5045 boratn
1223 5008 1518 5064 venerunt;
1570 5002 1635 5056 ad
1683 5006 1781 5061 bos

171 5075 392 5132 autem,
443 5077 500 5123 ut
544 5069 840 5139 discerent,
886 5077 1030 5134 brevi
1078 5089 1320 5153 tempore
1365 5097 1533 5145 totum
1575 5095 1782 5165 acquiri

169 5171 367 5226 posse.
417 5158 549 5214 Nam
599 5165 722 5233 quia
766 5165 835 5222 de
876 5169 1182 5253 vehementi
1226 5177 1405 5233 studio
1434 5158 1773 5255 loquebatur,

165 5251 237 5307 de
267 5247 588 5316 abiiciendis
608 5257 868 5325 pecuniis,
894 5261 962 5315 de
980 5251 1290 5337 eontemptu
1313 5247 1770 5346 rerumomnium,

167 5353 483 5412 magnoque
526 5345 592 5399 ad
639 5363 757 5401 eam
802 5366 915 5404 rem
960 5355 1144 5409 animo
1188 5359 1519 5436 juvenilique
1561 5367 1774 5428 fervore

164 5449 314 5500 opus
363 5447 510 5505 erat,
555 5443 855 5499 accendt-ns
903 5447 954 5502 iu
1007 5448 1115 5504 illis
1171 5451 1442 5513 flammam
1495 5463 1771 5532 caritatis,

166 5536 623 5602 assistantetnqne
674 5535 726 5589 in
775 5537 905 5607 ipsis
953 5555 1148 5609 parans
1205 5548 1486 5619 animum,
1539 5559 1776 5613 ostendit

166 5633 345 5693 posse
366 5636 461 5677 eos
489 5626 578 5693 qui
610 5630 864 5695 postremi
897 5644 1186 5704 venerunt,
1241 5641 1400 5697 tutius
1429 5642 1535 5699 diei
1566 5663 1773 5704 merce-

169 5773 471 5887 ὣαει,
487 5775 578 5826 sed
602 5789 652 5831 ut
669 5781 784 5831 doni
808 5786 935 5849 quod
958 5785 1189 5851 accepisti
1211 5793 1590 5863 magnitudinem
1614 5801 1774 5856 deela-

499 5936 770 6004 Pn‘ttOL.
828 5949 946 6010 Gtt.
1002 5953 1215 6018 LVIEI.

1206 374 1271 430 IN
1312 372 1719 429 δΙΑΤῊΙΑΞυΜ
1762 371 1996 429 HOMIL.
2037 376 2224 436 LXIV.
2264 383 2336 437 al.
2381 384 2542 443 LXV.

3445 407 3550 463 (ili

1946 487 2069 545 dem
2111 495 2377 565 accipere.
2421 491 2529 557 Sed
2556 499 2661 559 lioe
2692 519 2801 560 non
2831 506 2982 572 dicit,
3012 526 3078 565 ne
3113 513 3231 566 illos
3265 514 3317 569 in
3351 531 3551 591 sopor-

1940 581 2080 637 biam
2108 586 2400 656 eonjiccret
2429 608 2443 645 :
2471 594 2706 649 ostendit
2736 607 2918 652 autem
2952 609 3121 656 totum
3161 621 3228 661 ex
3254 607 3375 676 ejus
3396 609 3552 666 beni-

1937 675 2144 744 gnitate
2174 695 2315 742 esse.
2358 681 2585 754 ejusque
2613 703 2718 756 ope
2755 689 2904 759 ipsos
2950 708 3060 747 non
3108 695 3356 767 lapsuros
3403 717 3544 768 esse,

1937 767 2032 821 sed
2065 768 2349 827 inomibilia
2382 775 2519 830 bona
2547 793 2999 849 conserptuturos.
3062 785 3130 842 Et
3173 789 3274 846 hoc
3312 767 3548 852 maxime

1937 870 2018 913 est
2047 861 2189 928 quod
2220 879 2316 934 per
2345 865 2482 923 hanc
2531 871 2840 940 parabolam
2873 875 2986 930 vult
3011 879 3249 938 ellicere.
3294 885 3452 954 Quod
3499 887 3545 943 si

1936 952 2247 1026 subjungat,
2299 958 2367 1013 Et
2415 975 2565 1016 erunt
2610 967 2872 1022 novissimi
2900 971 3076 1041 primi,
3125 985 3174 1028 et
3199 978 3349 1042 priori
3377 983 3547 1034 nouis-

1934 1046 2070 1111 simi,
2111 1059 2164 1104 et
2185 1090 2200 1114 ,
2246 1050 2402 1108 Multi
2431 1055 2567 1109 enim
2605 1067 2724 1112 sunt
2779 1061 2976 1130 uocati,
3022 1068 3175 1135 pauci
3213 1084 3330 1123 vero
3375 1074 3540 1133 electi.

1935 1152 2001 1192 ne
2031 1140 2265 1198 mireris.
2288 1143 2403 1198 Non
2425 1148 2569 1202 enim
2601 1148 2703 1206 hoc
2725 1154 2881 1222 quasi
2899 1170 2972 1210 ex
2994 1159 3254 1226 parabola
3281 1164 3545 1235 colligens

1931 1229 2082 1296 dicit,
2116 1233 2209 1289 sed
2246 1236 2350 1291 hoc
2394 1239 2660 1309 significat
2711 1260 2725 1298 :
2769 1243 2921 1302 Sicut
2958 1249 3062 1304 hoc
3100 1253 3347 1324 contigit,
3377 1229 3455 1312 sic
3488 1250 3542 1314 et

1933 1320 2061 1378 illud
2092 1327 2388 1397 (entiuget.
2420 1329 2516 1385 llic
2542 1335 2686 1388 enim
2721 1351 2828 1391 non
2861 1337 2984 1394 facti
3016 1351 3142 1396 sunt
3171 1345 3332 1413 primi
3361 1350 3544 1404 novis-

1929 1412 2072 1477 simi,
2106 1417 2199 1472 sed
2228 1420 2416 1477 eadem
2444 1427 2718 1494 assequuti
2748 1440 2875 1483 sunt
2917 1447 3108 1490 omnes
3141 1449 3348 1513 .prteler
3388 1458 3539 1512 spent

1927 1515 1980 1559 et
2005 1514 2495 1578 expectationem.
2541 1518 2694 1576 Sicut
2719 1533 2901 1578 autem
2926 1526 3056 1583 illud
3084 1541 3279 1600 pra-ter
3304 1551 3455 1606 spem
3485 1550 3543 1596 et

1920 1605 2386 1668 exspectationem
2421 1613 2621 1677 evenit,
2652 1623 2706 1668 ct
2736 1616 2826 1684 qui
2858 1629 3042 1687 postca
3076 1638 3355 1694 venerunt,
3391 1632 3539 1696 prio-

1927 1691 2075 1748 ribus
2103 1711 2261 1763 pares
2290 1699 2506 1756 fuerunt
2539 1723 2553 1759 :
2587 1705 2654 1758 ita
2681 1718 2735 1762 et
2761 1708 2864 1763 lioc
2891 1714 3042 1781 quod
3065 1717 3238 1785 majus
3267 1731 3350 1775 est
3378 1725 3539 1778 mira-

1927 1781 2083 1838 bilius
2110 1790 2406 1862 continget,
2441 1796 2581 1866 quod
2624 1800 2833 1856 scilicet
2863 1781 3300 1867 Ilt)\'i55illlivante
3331 1815 3539 1884 priores

1923 1874 2029 1929 sint
2053 1916 2068 1941 ,
2113 1887 2167 1932 et
2200 1881 2403 1949 priores
2450 1897 2569 1956 post
2611 1891 2960 1951 novissimos.
2992 1899 3148 1954 Aliud
3181 1874 3345 1973 igitur
3377 1908 3531 1974 illud,

1921 1969 2066 2024 aliud
2092 1971 2193 2027 ltoc
2219 1984 2321 2030 est.
2344 1976 2566 2035 \‘idetur
2591 1993 2772 2039 autetn
2798 1987 2900 2044 ltoe
2921 1991 3058 2046 milii
3087 1993 3288 2061 dicere,
3316 1999 3537 2058 indutos

1923 2062 2288 2130 subitulicans,
2338 2080 2394 2123 ct
2439 2073 2625 2129 fideles
2657 2077 2776 2133 illos
2802 2082 2891 2150 qui
2920 2100 2951 2139 e
2983 2087 3248 2159 principio
3275 2091 3532 2159 ﬂoruere.

1920 2151 2225 2227 deindeqne
2256 2162 2496 2230 neglecta
2526 2167 2725 2224 virtute
2753 2183 2900 2227 retro
2934 2191 3256 2246 cesserunt;
3294 2185 3531 2258 illosque

1919 2257 2128 2328 rursus,
2153 2250 2243 2318 qui
2271 2266 2302 2306 a
2337 2258 2574 2326 nequitia
2600 2275 2960 2334 emergentes,
2994 2271 3192 2325 multus
3216 2286 3530 2338 antecesmo

1918 2321 2061 2391 runt.
2128 2341 2260 2400 Nam
2308 2350 2637 2409 mutationes
2692 2357 2814 2414 illas
2859 2372 2910 2415 et
2965 2364 3016 2418 in
3070 2367 3176 2423 lide
3219 2381 3273 2425 ot
3321 2372 3377 2427 in
3425 2377 3530 2432 vita

1916 2427 2176 2488 videmus.

2000 2520 2113 2576 Vita
2140 2526 2271 2581 bona
2296 2539 2346 2583 ct
2370 2543 2505 2588 recta
2534 2537 2664 2605 fides
2688 2541 2760 2595 ad
2782 2545 3000 2600 salutem
3031 2557 3346 2612 necessariis.
3394 2559 3528 2615 Pars

1913 2614 2112 2670 virtutis
2160 2632 2450 2695 contempta
2495 2629 2878 2691 daumatiouem
2935 2640 3108 2707 «ﬁert.
3177 2646 3529 2723 lt‘leemosyme

1913 2708 2092 2762 modus
2122 2713 2254 2777 quis.
2284 2744 2356 2756 —
2381 2718 2778 2788 Quamobrem,
2833 2731 3094 2801 obsecro,
3153 2745 3277 2795 totis
3320 2746 3525 2805 viribus

1913 2799 2249 2870 Studeamus,
2303 2820 2358 2862 ιιι
2401 2812 2451 2865 in
2488 2825 2631 2870 recta
2662 2819 2772 2874 .lide
2813 2834 3040 2891 stemus,
3087 2844 3139 2887 et
3179 2836 3340 2893 vitant
3384 2845 3528 2911 opti-

1911 2905 2052 2946 mam
2075 2897 2447 2958 exltibeamus.
2465 2904 2573 2961 Nisi
2600 2912 2743 2966 enim
2774 2916 2938 2972 vitam
2967 2920 3073 2978 fide
3099 2938 3280 2983 nostra
3303 2932 3521 3002 dignam

1916 2981 2034 3002 ΔΛ,
2560 3001 2567 3002 ,

1909 2981 2189 3053 ducamus,
2233 3003 2509 3052 extremas
2537 3001 2785 3060 dabimus
2817 3025 3020 3076 mutas.
3073 3016 3136 3070 Et
3170 3017 3272 3076 hoc
3302 2981 3390 3078 ett0
3404 3028 3516 3094 pri-

1905 3076 2016 3133 seis
2042 3079 2147 3136 illis
2175 3089 2505 3156 temporibus
2541 3092 2840 3156 declaravit
2888 3103 3076 3163 beatus
3124 3109 3345 3182 Paulus,
3391 3076 3515 3176 cum

2002 3171 2041 3226 it
2083 3189 2100 3232 :
2153 3174 2340 3234 Omnes
2384 3186 2611 3240 eamdem
2649 3207 2817 3246 escam
2855 3198 3179 3267 spiritualem
3226 3211 3517 3267 manduca-

1905 3276 2104 3329 verunt,
2153 3278 2201 3323 et
2242 3287 2415 3329 omnes
2455 3281 2687 3335 eumdem
2716 3297 2892 3354 potum
2918 3294 3240 3362 spirimalem
3283 3303 3514 3362 biberunt

1909 3357 1984 3425 (l.
2013 3358 2134 3415 Cor.
2161 3363 2248 3420 10.
2279 3368 2375 3424 5-5
2400 3371 2437 3439 ),
2465 3374 2720 3448 additque
2749 3397 2856 3437 non
2884 3387 3114 3444 salutem
3146 3406 3336 3454 nactos
3366 3416 3510 3467 csw,

1901 3457 1958 3503 et
1992 3449 2048 3504 in
2073 3453 2294 3512 deserto
2324 3473 2629 3529 prostratos
2661 3469 2852 3528 fuisse.
2887 3472 3130 3546 ldipsum
3157 3492 3212 3537 et
3243 3486 3310 3543 de
3343 3505 3514 3548 evan-

1902 3542 2110 3610 gelistis
2135 3546 2357 3616 (Matth.
2391 3550 2446 3610 7'.
2470 3558 2562 3611 2'2.
2593 3559 2687 3632 25)
2712 3542 2984 3621 Christus
3006 3572 3326 3644 declaravit,

1898 3648 2029 3690 cens
2052 3643 2321 3708 quosdam
2346 3649 2438 3716 qui
2464 3650 2747 3712 daemonas
2770 3657 3046 3730 cjecerant
3066 3676 3118 3720 et
3142 3674 3506 3742 proplietave-

1897 3738 2042 3794 rant,
2065 3734 2199 3788 etad
2221 3739 2555 3808 supplicium
2574 3747 2795 3804 abducti
2823 3750 3062 3811 fuerant.
3085 3734 3162 3814 Ad
3186 3734 3300 3821 base
3317 3783 3508 3830 omnes

1899 3819 2016 3889 ejus
2042 3825 2351 3894 parabolae;
2384 3834 2573 3902 quales
2600 3837 2704 3893 illic
2731 3840 3019 3913 virginum,
3049 3819 3295 3922 sagenre,

1900 3926 2040 3979 runt,
2081 3916 2291 3972 arboris
2338 3922 2567 3979 fructum
2614 3946 2721 3986 non
2768 3933 3033 4005 facientis,
3083 3943 3340 4002 virtutem
3379 3965 3501 4006 eum

1898 4006 2150 4073 operibus
2199 4012 2441 4082 exigunt.
2496 4017 2570 4074 De
2597 4021 2943 4093 dogmatibus
2971 4049 3096 4088 raro
3123 4037 3363 4108 disserit,
3410 4043 3502 4099 illa

1897 4096 2096 4167 quippe
2147 4101 2328 4160 labore
2370 4123 2475 4164 non
2508 4124 2700 4181 egent;
2735 4119 2804 4174 de
2831 4122 2937 4180 vita
2966 4138 3147 4183 autem
3172 4147 3344 4202 srepc,
3395 4137 3505 4190 imo

1897 4188 2124 4258 ubique;
2153 4207 2468 4265 perpetuum
2497 4207 2644 4260 ettim
2667 4208 2862 4266 bellum
2886 4229 2949 4269 ea
2981 4218 3030 4270 in
3059 4235 3119 4274 re
3143 4225 3340 4291 agitur,
3367 4228 3506 4283 ideo.

1895 4293 2001 4348 que
2043 4281 2195 4338 labor
2224 4287 2292 4342 ibi
2340 4292 2611 4350 assiduus.
2656 4299 2862 4370 Ecquid
2911 4306 3103 4378 loquor
3141 4313 3208 4368 de
3252 4318 3503 4373 universo

1897 4371 2019 4427 vita:
2067 4374 2350 4434 instituto?
2400 4383 2529 4441 Pars
2579 4391 2724 4446 enim
2774 4388 2917 4454 illius
2963 4414 3272 4477 contempta
3309 4428 3502 4483 magna

3187 4464 3199 4477 Ι
3313 4464 3318 4465 ,
3398 4464 3502 4483 σή.-

1887 4464 2054 4520 infert
2091 4472 2266 4536 mala;
2318 4482 2552 4550 exempli
2597 4500 2756 4542 causa
2789 4507 2799 4542 :
2835 4493 3186 4571 elceniosyna
3219 4506 3458 4575 neglecta
3487 4553 3503 4571 .

1891 4560 2150 4616 socordes
2191 4564 2242 4619 in
2283 4561 2889 4650 εθιιθιιιιιιιιιόοηίὶεἰις
2924 4588 3052 4646 licet
3093 4610 3198 4648 non
3245 4599 3497 4656 universa

1893 4648 2064 4705 virtus
2111 4654 2203 4722 sit,
2252 4659 2346 4713 sed
2399 4679 2522 4733 pars
2562 4648 2769 4727 tantum
2803 4678 2945 4745 ejus.
2979 4683 3232 4742 Attamen
3266 4692 3503 4762 virgines

1893 4743 2035 4811 quod
2080 4746 2179 4804 bac
2225 4752 2426 4812 virtute
2467 4772 2674 4818 ornata:
2722 4783 2828 4824 non
2877 4785 3080 4840 essent,
3118 4795 3305 4848 muas
3333 4787 3500 4843 dede-

1891 4841 2018 4888 runt
2061 4855 2075 4892 :
2123 4839 2272 4898 dives
2309 4862 2525 4918 quoque
2571 4853 2672 4912 hac
2712 4859 2781 4915 de
2819 4877 2978 4921 causa
3023 4839 3393 4942 torquebatur.
3447 4892 3503 4938 et

1889 4927 1980 4996 qui
2011 4928 2310 4991 famelicum
2345 4955 2451 4995 non
2482 4945 2751 5016 cibarunt,
2792 4967 2855 5007 ea
2895 4955 2965 5012 de
3014 4975 3172 5016 causa
3220 4982 3343 5022 cunt
3387 4971 3503 5026 dia-

1890 5019 2016 5075 bolo
2042 5027 2488 5089 condemnamur.
2519 5036 2730 5098 Rursus
2759 5060 2864 5101 non
2905 5052 3235 5114 maledicere
3263 5075 3388 5128 pars
3414 5075 3497 5124 est

1889 5117 2009 5188 ejus
2036 5121 2255 5178 minima
2287 5143 2301 5178 :
2334 5137 2391 5181 et
2430 5139 2609 5188 tamen
2651 5136 2752 5194 hoc
2792 5141 2955 5196 etiam
2995 5149 3234 5205 excludit
3271 5169 3367 5210 eos
3405 5158 3498 5223 qui

1889 5225 1995 5265 non
2023 5213 2297 5272 abstinent
2331 5235 2344 5272 :
2373 5222 2448 5275 ait
2477 5226 2642 5291 enim,
2701 5230 2800 5296 Qui
2840 5234 3029 5292 dixerit
3068 5244 3222 5313 fratri
3254 5263 3372 5314 suo,
3395 5213 3499 5304 1ίά-

1887 5309 1990 5365 tuo,
2040 5320 2156 5360 reus
2205 5309 2298 5362 erit
2342 5312 2587 5382 genetiuis
2631 5321 2764 5390 ignis
2811 5325 3024 5395 (.ilutth.
3133 5334 3250 5406 22).
3288 5309 3496 5399 Rarius

1884 5397 2214 5453 continentia
2262 5417 2476 5475 quoque
2524 5425 2646 5478 pars
2689 5415 2902 5473 tirtutis
2942 5433 3046 5478 cst.
3099 5397 3495 5492 Attatnensinu

1886 5484 1972 5539 illa
2004 5503 2163 5544 nemo
2193 5494 2398 5551 videbit
2428 5498 2715 5560 Dominum
2747 5525 2760 5561 :
2799 5508 2988 5567 Pacem
3025 5519 3193 5587 enim,
3246 5484 3346 5591 ait,

1882 5581 2171 5647 sequimini,
2217 5595 2266 5638 et
2292 5591 2706 5658 sanctimoniam.
2734 5603 2844 5656 sine
2869 5621 2972 5674 qua
3000 5625 3146 5666 nemo
3174 5617 3354 5671 videbit
3374 5581 3492 5675 ὀο-

1884 5673 2074 5725 utinam
2099 5672 2286 5746 (Hebr.
2322 5679 2409 5735 l2.
2445 5683 2558 5755 Η).
2591 5672 3150 5761 llttntilitassitniliter
3178 5710 3352 5778 portio
3379 5672 3488 5770 vir-

1884 5764 2013 5820 tutis
2061 5776 2144 5822 est
2198 5786 2213 5823 :
2261 5781 2498 5832 attamen
2549 5781 2593 5836 si
2639 5786 2760 5854 quis
2805 5802 3002 5850 cattcra
3051 5764 3193 5856 bona
3230 5813 3383 5874 agat,
3435 5818 3490 5865 et

1886 5863 2023 5918 hanc
2044 5879 2148 5918 non
2184 5876 2442 5938 sectetur,
2479 5872 2720 5946 impurus
2746 5892 2830 5938 est
2855 5888 2995 5958 apud
3022 5891 3188 5948 Deum
3217 5917 3230 5959 ;
3260 5863 3310 5954 id
3339 5863 3487 5971 quod

3101 6012 3174 6073 10
