  <div class='ocr_page' id='page_1' title='image "/cluster/home/n/w/nwhite01/storage/ocr_20150623/58/pst.000005712571/157.png"; bbox 0 0 4174 6332; ppageno 0'>
   <div class='ocr_carea' id='block_1_1' title="bbox 713 326 818 377">
    <p class='ocr_par' dir='ltr' id='par_1_1' title="bbox 713 326 818 377">
     <span class='ocr_line' id='line_1_1' title="bbox 713 326 818 377; baseline 0.019 -2"><span class='ocrx_word' id='word_1_1' title='bbox 713 326 818 377; x_wconf 69' lang='grc' dir='ltr'><strong>ηις»</strong></span> 
     </span>
    </p>
   </div>
   <div class='ocr_carea' id='block_1_2' title="bbox 710 423 2278 509">
    <p class='ocr_par' dir='ltr' id='par_1_2' title="bbox 710 423 2278 509">
     <span class='ocr_line' id='line_1_2' title="bbox 710 423 2278 509; baseline -0.001 -13"><span class='ocrx_word' id='word_1_2' title='bbox 710 443 882 509; x_wconf 82' lang='lat' dir='ltr'><strong>palam</strong></span> <span class='ocrx_word' id='word_1_3' title='bbox 910 452 991 497; x_wconf 88' lang='lat' dir='ltr'><strong>est</strong></span> <span class='ocrx_word' id='word_1_4' title='bbox 1017 457 1082 497; x_wconf 78' lang='lat' dir='ltr'><strong>ex</strong></span> <span class='ocrx_word' id='word_1_5' title='bbox 1111 442 1403 505; x_wconf 70' lang='lat' dir='ltr'><strong>Pltarismn,</strong></span> <span class='ocrx_word' id='word_1_6' title='bbox 1446 444 1532 509; x_wconf 87' lang='lat' dir='ltr'><strong>qui</strong></span> <span class='ocrx_word' id='word_1_7' title='bbox 1564 423 1827 497; x_wconf 77' lang='lat' dir='ltr'><strong>sexcentis</strong></span> <span class='ocrx_word' id='word_1_8' title='bbox 1856 452 2075 498; x_wconf 85' lang='lat' dir='ltr'><strong>ornatus</strong></span> <span class='ocrx_word' id='word_1_9' title='bbox 2103 442 2278 507; x_wconf 76' lang='lat' dir='ltr'><strong>bonis,</strong></span> 
     </span>
    </p>
   </div>
   <div class='ocr_carea' id='block_1_3' title="bbox 711 533 2281 604">
    <p class='ocr_par' dir='ltr' id='par_1_3' title="bbox 711 533 2281 604">
     <span class='ocr_line' id='line_1_3' title="bbox 711 533 2281 604; baseline 0.001 -18"><span class='ocrx_word' id='word_1_10' title='bbox 711 543 836 589; x_wconf 72' lang='lat' dir='ltr'><strong>tunc</strong></span> <span class='ocrx_word' id='word_1_11' title='bbox 868 533 1042 588; x_wconf 88' lang='lat' dir='ltr'><strong>omnia</strong></span> <span class='ocrx_word' id='word_1_12' title='bbox 1079 533 1327 603; x_wconf 89' lang='lat' dir='ltr'><strong>perdidit.</strong></span> <span class='ocrx_word' id='word_1_13' title='bbox 1364 533 1477 603; x_wconf 81' lang='lat' dir='ltr'><strong>Ego</strong></span> <span class='ocrx_word' id='word_1_14' title='bbox 1504 549 1631 588; x_wconf 81' lang='lat' dir='ltr'><strong>vero</strong></span> <span class='ocrx_word' id='word_1_15' title='bbox 1659 534 1785 603; x_wconf 86' lang='lat' dir='ltr'><strong>quid</strong></span> <span class='ocrx_word' id='word_1_16' title='bbox 1830 534 2059 604; x_wconf 75' lang='lat' dir='ltr'><strong>amplius</strong></span> <span class='ocrx_word' id='word_1_17' title='bbox 2097 534 2281 588; x_wconf 83' lang='lat' dir='ltr'><strong>diecu-</strong></span> 
     </span>
    </p>
   </div>
   <div class='ocr_carea' id='block_1_4' title="bbox 711 625 2282 699">
    <p class='ocr_par' dir='ltr' id='par_1_4' title="bbox 711 625 2282 699">
     <span class='ocr_line' id='line_1_4' title="bbox 711 625 2282 699; baseline 0.001 -19"><span class='ocrx_word' id='word_1_18' title='bbox 711 628 837 681; x_wconf 90' lang='lat' dir='ltr'><strong>dum</strong></span> <span class='ocrx_word' id='word_1_19' title='bbox 888 626 1080 681; x_wconf 89' lang='lat' dir='ltr'><strong>habeo.</strong></span> <span class='ocrx_word' id='word_1_20' title='bbox 1125 625 1310 697; x_wconf 77' lang='lat' dir='ltr'><strong>Neque</strong></span> <span class='ocrx_word' id='word_1_21' title='bbox 1353 626 1496 681; x_wconf 91' lang='lat' dir='ltr'><strong>cnim</strong></span> <span class='ocrx_word' id='word_1_22' title='bbox 1541 643 1642 682; x_wconf 90' lang='lat' dir='ltr'><strong>una</strong></span> <span class='ocrx_word' id='word_1_23' title='bbox 1691 626 1862 682; x_wconf 84' lang='lat' dir='ltr'><strong>solum</strong></span> <span class='ocrx_word' id='word_1_24' title='bbox 1912 643 2002 682; x_wconf 83' lang='lat' dir='ltr'><strong>res</strong></span> <span class='ocrx_word' id='word_1_25' title='bbox 2046 629 2282 699; x_wconf 83' lang='lat' dir='ltr'><strong>neglecta</strong></span> 
     </span>
    </p>
   </div>
   <div class='ocr_carea' id='block_1_5' title="bbox 706 716 2281 788">
    <p class='ocr_par' dir='ltr' id='par_1_5' title="bbox 706 716 2281 788">
     <span class='ocr_line' id='line_1_5' title="bbox 706 716 2281 788; baseline 0.001 -16"><span class='ocrx_word' id='word_1_26' title='bbox 706 717 900 772; x_wconf 87' lang='lat' dir='ltr'><strong>claudit</strong></span> <span class='ocrx_word' id='word_1_27' title='bbox 948 716 1102 773; x_wconf 87' lang='lat' dir='ltr'><strong>nobis</strong></span> <span class='ocrx_word' id='word_1_28' title='bbox 1127 717 1341 783; x_wconf 66' lang='lat' dir='ltr'><strong>celum,</strong></span> <span class='ocrx_word' id='word_1_29' title='bbox 1385 716 1481 773; x_wconf 90' lang='lat' dir='ltr'><strong>sed</strong></span> <span class='ocrx_word' id='word_1_30' title='bbox 1510 720 1555 772; x_wconf 85' lang='lat' dir='ltr'><strong>si</strong></span> <span class='ocrx_word' id='word_1_31' title='bbox 1586 720 1675 775; x_wconf 88' lang='lat' dir='ltr'><strong>liat</strong></span> <span class='ocrx_word' id='word_1_32' title='bbox 1701 719 1935 788; x_wconf 77' lang='lat' dir='ltr'><strong>quidem,</strong></span> <span class='ocrx_word' id='word_1_33' title='bbox 1963 717 2056 773; x_wconf 90' lang='lat' dir='ltr'><strong>sed</strong></span> <span class='ocrx_word' id='word_1_34' title='bbox 2086 732 2189 772; x_wconf 90' lang='lat' dir='ltr'><strong>non</strong></span> <span class='ocrx_word' id='word_1_35' title='bbox 2218 733 2281 774; x_wconf 85' lang='lat' dir='ltr'><strong>ea</strong></span> 
     </span>
    </p>
   </div>
   <div class='ocr_carea' id='block_1_6' title="bbox 703 807 2281 881">
    <p class='ocr_par' dir='ltr' id='par_1_6' title="bbox 703 807 2281 881">
     <span class='ocr_line' id='line_1_6' title="bbox 703 807 2281 881; baseline 0.006 -22"><span class='ocrx_word' id='word_1_36' title='bbox 703 823 859 877; x_wconf 89' lang='lat' dir='ltr'><strong>quam</strong></span> <span class='ocrx_word' id='word_1_37' title='bbox 882 807 1039 863; x_wconf 86' lang='lat' dir='ltr'><strong>decet</strong></span> <span class='ocrx_word' id='word_1_38' title='bbox 1064 809 1334 875; x_wconf 79' lang='lat' dir='ltr'><strong>diligentia</strong></span> <span class='ocrx_word' id='word_1_39' title='bbox 1362 825 1425 865; x_wconf 88' lang='lat' dir='ltr'><strong>ac</strong></span> <span class='ocrx_word' id='word_1_40' title='bbox 1456 812 1682 876; x_wconf 80' lang='lat' dir='ltr'><strong>fervore,</strong></span> <span class='ocrx_word' id='word_1_41' title='bbox 1727 810 1959 881; x_wconf 87' lang='lat' dir='ltr'><strong>idipsum</strong></span> <span class='ocrx_word' id='word_1_42' title='bbox 1990 811 2117 867; x_wconf 80' lang='lat' dir='ltr'><strong>facit</strong></span> <span class='ocrx_word' id='word_1_43' title='bbox 2152 830 2166 865; x_wconf 89' lang='lat'><strong>:</strong></span> <span class='ocrx_word' id='word_1_44' title='bbox 2207 814 2281 868; x_wconf 91' lang='lat' dir='ltr'><strong>ait</strong></span> 
     </span>
    </p>
   </div>
   <div class='ocr_carea' id='block_1_7' title="bbox 702 897 2275 974">
    <p class='ocr_par' dir='ltr' id='par_1_7' title="bbox 702 897 2275 974">
     <span class='ocr_line' id='line_1_7' title="bbox 702 897 2275 974; baseline 0.003 -21"><span class='ocrx_word' id='word_1_45' title='bbox 702 899 842 953; x_wconf 85' lang='lat' dir='ltr'><strong>enim</strong></span> <span class='ocrx_word' id='word_1_46' title='bbox 871 915 887 952; x_wconf 92' lang='lat'><strong>:</strong></span> <span class='ocrx_word' id='word_1_47' title='bbox 921 897 1042 953; x_wconf 88' lang='lat' dir='ltr'><strong>Nisi</strong></span> <span class='ocrx_word' id='word_1_48' title='bbox 1067 898 1392 955; x_wconf 70' lang='lat' dir='ltr'><strong>abundaverit</strong></span> <span class='ocrx_word' id='word_1_49' title='bbox 1406 902 1608 973; x_wconf 81' lang='lat' dir='ltr'><strong>jnstitia</strong></span> <span class='ocrx_word' id='word_1_50' title='bbox 1648 913 1809 956; x_wconf 67' lang='lat' dir='ltr'><strong>castra</strong></span> <span class='ocrx_word' id='word_1_51' title='bbox 1834 904 1948 974; x_wconf 79' lang='lat' dir='ltr'><strong>plus</strong></span> <span class='ocrx_word' id='word_1_52' title='bbox 1971 920 2123 971; x_wconf 84' lang='lat' dir='ltr'><strong>quant</strong></span> <span class='ocrx_word' id='word_1_53' title='bbox 2150 905 2275 958; x_wconf 88' lang='lat' dir='ltr'><strong>scri-</strong></span> 
     </span>
    </p>
   </div>
   <div class='ocr_carea' id='block_1_8' title="bbox 704 990 2276 1065">
    <p class='ocr_par' dir='ltr' id='par_1_8' title="bbox 704 990 2276 1065">
     <span class='ocr_line' id='line_1_8' title="bbox 704 990 2276 1065; baseline 0.005 -23"><span class='ocrx_word' id='word_1_54' title='bbox 704 990 877 1043; x_wconf 56' lang='lat' dir='ltr'><strong>barum</strong></span> <span class='ocrx_word' id='word_1_55' title='bbox 903 1000 949 1043; x_wconf 78' lang='lat' dir='ltr'><strong>rt</strong></span> <span class='ocrx_word' id='word_1_56' title='bbox 974 990 1373 1058; x_wconf 67' lang='lat' dir='ltr'><strong>Pltnrisaorum,</strong></span> <span class='ocrx_word' id='word_1_57' title='bbox 1407 1009 1506 1047; x_wconf 81' lang='lat' dir='ltr'><strong>non</strong></span> <span class='ocrx_word' id='word_1_58' title='bbox 1528 994 1776 1049; x_wconf 76' lang='lat' dir='ltr'><strong>intrabitis</strong></span> <span class='ocrx_word' id='word_1_59' title='bbox 1803 994 1855 1047; x_wconf 88' lang='lat' dir='ltr'><strong>in</strong></span> <span class='ocrx_word' id='word_1_60' title='bbox 1884 1011 2095 1065; x_wconf 81' lang='lat' dir='ltr'><strong><em>regnum</em></strong></span> <span class='ocrx_word' id='word_1_61' title='bbox 2122 995 2276 1050; x_wconf 65' lang='lat' dir='ltr'><strong>caelo-</strong></span> 
     </span>
    </p>
   </div>
   <div class='ocr_carea' id='block_1_9' title="bbox 698 1084 2272 1158">
    <p class='ocr_par' dir='ltr' id='par_1_9' title="bbox 698 1084 2272 1158">
     <span class='ocr_line' id='line_1_9' title="bbox 698 1084 2272 1158; baseline 0.003 -21"><span class='ocrx_word' id='word_1_62' title='bbox 698 1101 811 1138; x_wconf 80' lang='lat' dir='ltr'><strong>rum</strong></span> <span class='ocrx_word' id='word_1_63' title='bbox 846 1084 1059 1157; x_wconf 72' lang='lat' dir='ltr'><strong>(Matth.</strong></span> <span class='ocrx_word' id='word_1_64' title='bbox 1098 1086 1151 1140; x_wconf 81' lang='lat'><strong>5.</strong></span> <span class='ocrx_word' id='word_1_65' title='bbox 1181 1085 1296 1157; x_wconf 73' lang='lat'><strong>20).</strong></span> <span class='ocrx_word' id='word_1_66' title='bbox 1345 1085 1527 1158; x_wconf 91' lang='lat' dir='ltr'><strong>Itaque</strong></span> <span class='ocrx_word' id='word_1_67' title='bbox 1551 1088 1595 1142; x_wconf 85' lang='lat' dir='ltr'><strong>si</strong></span> <span class='ocrx_word' id='word_1_68' title='bbox 1617 1087 2012 1157; x_wconf 85' lang='lat' dir='ltr'><strong>eleemosyuam</strong></span> <span class='ocrx_word' id='word_1_69' title='bbox 2041 1088 2272 1153; x_wconf 85' lang='lat' dir='ltr'><strong>dederis,</strong></span> 
     </span>
    </p>
   </div>
   <div class='ocr_carea' id='block_1_10' title="bbox 699 1176 2276 1248">
    <p class='ocr_par' dir='ltr' id='par_1_10' title="bbox 699 1176 2276 1248">
     <span class='ocr_line' id='line_1_10' title="bbox 699 1176 2276 1248; baseline 0.002 -19"><span class='ocrx_word' id='word_1_70' title='bbox 699 1190 798 1231; x_wconf 86' lang='lat' dir='ltr'><strong>nec</strong></span> <span class='ocrx_word' id='word_1_71' title='bbox 845 1177 996 1246; x_wconf 88' lang='lat' dir='ltr'><strong>copia</strong></span> <span class='ocrx_word' id='word_1_72' title='bbox 1048 1176 1267 1246; x_wconf 75' lang='lat' dir='ltr'><strong>majore,</strong></span> <span class='ocrx_word' id='word_1_73' title='bbox 1318 1193 1479 1248; x_wconf 86' lang='lat' dir='ltr'><strong>quam</strong></span> <span class='ocrx_word' id='word_1_74' title='bbox 1528 1177 1627 1244; x_wconf 84' lang='lat' dir='ltr'><strong>illi,</strong></span> <span class='ocrx_word' id='word_1_75' title='bbox 1656 1192 1723 1232; x_wconf 92' lang='lat' dir='ltr'><strong>eo</strong></span> <span class='ocrx_word' id='word_1_76' title='bbox 1763 1193 1868 1233; x_wconf 89' lang='lat' dir='ltr'><strong>non</strong></span> <span class='ocrx_word' id='word_1_77' title='bbox 1914 1178 2159 1232; x_wconf 90' lang='lat' dir='ltr'><strong>intrabis.</strong></span> <span class='ocrx_word' id='word_1_78' title='bbox 2210 1178 2276 1232; x_wconf 84' lang='lat' dir='ltr'><strong>Et</strong></span> 
     </span>
    </p>
   </div>
   <div class='ocr_carea' id='block_1_11' title="bbox 696 1266 2277 1339">
    <p class='ocr_par' dir='ltr' id='par_1_11' title="bbox 696 1266 2277 1339">
     <span class='ocr_line' id='line_1_11' title="bbox 696 1266 2277 1339; baseline 0.003 -23"><span class='ocrx_word' id='word_1_79' title='bbox 696 1277 950 1336; x_wconf 87' lang='lat' dir='ltr'><strong>quantum</strong></span> <span class='ocrx_word' id='word_1_80' title='bbox 979 1266 1052 1321; x_wconf 83' lang='lat' dir='ltr'><strong>illi</strong></span> <span class='ocrx_word' id='word_1_81' title='bbox 1084 1266 1393 1337; x_wconf 77' lang='lat' dir='ltr'><strong>prtcbebattt</strong></span> <span class='ocrx_word' id='word_1_82' title='bbox 1428 1267 1832 1339; x_wconf 75' lang='lat' dir='ltr'><strong>eleemosyntc?</strong></span> <span class='ocrx_word' id='word_1_83' title='bbox 1876 1268 1988 1323; x_wconf 84' lang='lat' dir='ltr'><strong>Hoc</strong></span> <span class='ocrx_word' id='word_1_84' title='bbox 2025 1283 2124 1337; x_wconf 82' lang='lat' dir='ltr'><strong>ego</strong></span> <span class='ocrx_word' id='word_1_85' title='bbox 2152 1268 2277 1321; x_wconf 79' lang='lat' dir='ltr'><strong>Volo</strong></span> 
     </span>
    </p>
   </div>
   <div class='ocr_carea' id='block_1_12' title="bbox 695 1359 2269 1430">
    <p class='ocr_par' dir='ltr' id='par_1_12' title="bbox 695 1359 2269 1430">
     <span class='ocr_line' id='line_1_12' title="bbox 695 1359 2269 1430; baseline 0.001 -15"><span class='ocrx_word' id='word_1_86' title='bbox 695 1375 839 1417; x_wconf 88' lang='lat' dir='ltr'><strong>nunc</strong></span> <span class='ocrx_word' id='word_1_87' title='bbox 861 1359 1058 1426; x_wconf 79' lang='lat' dir='ltr'><strong>dicere,</strong></span> <span class='ocrx_word' id='word_1_88' title='bbox 1083 1369 1141 1415; x_wconf 91' lang='lat' dir='ltr'><strong>ut</strong></span> <span class='ocrx_word' id='word_1_89' title='bbox 1164 1360 1251 1430; x_wconf 92' lang='lat' dir='ltr'><strong>qui</strong></span> <span class='ocrx_word' id='word_1_90' title='bbox 1279 1377 1383 1416; x_wconf 90' lang='lat' dir='ltr'><strong>non</strong></span> <span class='ocrx_word' id='word_1_91' title='bbox 1410 1360 1559 1425; x_wconf 83' lang='lat' dir='ltr'><strong>dant,</strong></span> <span class='ocrx_word' id='word_1_92' title='bbox 1589 1360 1656 1415; x_wconf 88' lang='lat' dir='ltr'><strong>ad</strong></span> <span class='ocrx_word' id='word_1_93' title='bbox 1689 1360 1921 1416; x_wconf 86' lang='lat' dir='ltr'><strong>dandum</strong></span> <span class='ocrx_word' id='word_1_94' title='bbox 1953 1360 2269 1427; x_wconf 75' lang='lat' dir='ltr'><strong>excitentur,</strong></span> 
     </span>
    </p>
   </div>
   <div class='ocr_carea' id='block_1_13' title="bbox 694 1451 2274 1523">
    <p class='ocr_par' dir='ltr' id='par_1_13' title="bbox 694 1451 2274 1523">
     <span class='ocr_line' id='line_1_13' title="bbox 694 1451 2274 1523; baseline -0.001 -16"><span class='ocrx_word' id='word_1_95' title='bbox 694 1452 784 1523; x_wconf 85' lang='lat' dir='ltr'><strong>qui</strong></span> <span class='ocrx_word' id='word_1_96' title='bbox 810 1466 937 1507; x_wconf 78' lang='lat' dir='ltr'><strong>vero</strong></span> <span class='ocrx_word' id='word_1_97' title='bbox 963 1451 1111 1515; x_wconf 86' lang='lat' dir='ltr'><strong>dant,</strong></span> <span class='ocrx_word' id='word_1_98' title='bbox 1159 1466 1227 1507; x_wconf 86' lang='lat' dir='ltr'><strong>ne</strong></span> <span class='ocrx_word' id='word_1_99' title='bbox 1265 1452 1430 1506; x_wconf 86' lang='lat' dir='ltr'><strong>altum</strong></span> <span class='ocrx_word' id='word_1_100' title='bbox 1462 1451 1693 1520; x_wconf 88' lang='lat' dir='ltr'><strong>sapiant,</strong></span> <span class='ocrx_word' id='word_1_101' title='bbox 1733 1451 1825 1507; x_wconf 86' lang='lat' dir='ltr'><strong>sed</strong></span> <span class='ocrx_word' id='word_1_102' title='bbox 1859 1451 2010 1521; x_wconf 90' lang='lat' dir='ltr'><strong>plura</strong></span> <span class='ocrx_word' id='word_1_103' title='bbox 2041 1451 2274 1522; x_wconf 85' lang='lat' dir='ltr'><strong>largian-</strong></span> 
     </span>
    </p>
   </div>
   <div class='ocr_carea' id='block_1_14' title="bbox 701 1542 2273 1612">
    <p class='ocr_par' dir='ltr' id='par_1_14' title="bbox 701 1542 2273 1612">
     <span class='ocr_line' id='line_1_14' title="bbox 701 1542 2273 1612; baseline -0.001 -12"><span class='ocrx_word' id='word_1_104' title='bbox 701 1557 806 1601; x_wconf 89' lang='lat' dir='ltr'><strong>tur.</strong></span> <span class='ocrx_word' id='word_1_105' title='bbox 835 1543 969 1611; x_wconf 82' lang='lat' dir='ltr'><strong>Quid</strong></span> <span class='ocrx_word' id='word_1_106' title='bbox 1003 1543 1162 1612; x_wconf 88' lang='lat' dir='ltr'><strong>igitttr</strong></span> <span class='ocrx_word' id='word_1_107' title='bbox 1199 1543 1270 1597; x_wconf 91' lang='lat' dir='ltr'><strong>illi</strong></span> <span class='ocrx_word' id='word_1_108' title='bbox 1298 1542 1534 1597; x_wconf 81' lang='lat' dir='ltr'><strong>dabant?</strong></span> <span class='ocrx_word' id='word_1_109' title='bbox 1563 1542 1827 1598; x_wconf 80' lang='lat' dir='ltr'><strong>Decimam</strong></span> <span class='ocrx_word' id='word_1_110' title='bbox 1856 1558 2033 1599; x_wconf 86' lang='lat' dir='ltr'><strong>rerum</strong></span> <span class='ocrx_word' id='word_1_111' title='bbox 2057 1559 2273 1598; x_wconf 84' lang='lat' dir='ltr'><strong>suarum</strong></span> 
     </span>
    </p>
   </div>
   <div class='ocr_carea' id='block_1_15' title="bbox 701 1634 2273 1705">
    <p class='ocr_par' dir='ltr' id='par_1_15' title="bbox 701 1634 2273 1705">
     <span class='ocr_line' id='line_1_15' title="bbox 701 1634 2273 1705; baseline -0.001 -12"><span class='ocrx_word' id='word_1_112' title='bbox 701 1640 960 1701; x_wconf 88' lang='lat' dir='ltr'><strong>omnium,</strong></span> <span class='ocrx_word' id='word_1_113' title='bbox 1008 1650 1074 1691; x_wconf 88' lang='lat' dir='ltr'><strong>ac</strong></span> <span class='ocrx_word' id='word_1_114' title='bbox 1103 1649 1289 1691; x_wconf 85' lang='lat' dir='ltr'><strong>rursus</strong></span> <span class='ocrx_word' id='word_1_115' title='bbox 1316 1634 1473 1689; x_wconf 87' lang='lat' dir='ltr'><strong>aliam</strong></span> <span class='ocrx_word' id='word_1_116' title='bbox 1504 1634 1766 1690; x_wconf 82' lang='lat' dir='ltr'><strong>decimam</strong></span> <span class='ocrx_word' id='word_1_117' title='bbox 1797 1637 1837 1699; x_wconf 86' lang='grc'><strong>¹.</strong></span> <span class='ocrx_word' id='word_1_118' title='bbox 1886 1646 1940 1692; x_wconf 89' lang='lat' dir='ltr'><strong>et</strong></span> <span class='ocrx_word' id='word_1_119' title='bbox 1969 1645 2153 1705; x_wconf 83' lang='lat' dir='ltr'><strong>postea</strong></span> <span class='ocrx_word' id='word_1_120' title='bbox 2181 1636 2273 1691; x_wconf 83' lang='lat' dir='ltr'><strong>de-</strong></span> 
     </span>
    </p>
   </div>
   <div class='ocr_carea' id='block_1_16' title="bbox 698 1724 2273 1798">
    <p class='ocr_par' dir='ltr' id='par_1_16' title="bbox 698 1724 2273 1798">
     <span class='ocr_line' id='line_1_16' title="bbox 698 1724 2273 1798; baseline -0.001 -14"><span class='ocrx_word' id='word_1_121' title='bbox 698 1730 891 1785; x_wconf 83' lang='lat' dir='ltr'><strong>cimam</strong></span> <span class='ocrx_word' id='word_1_122' title='bbox 922 1728 1076 1783; x_wconf 85' lang='lat' dir='ltr'><strong>aliam</strong></span> <span class='ocrx_word' id='word_1_123' title='bbox 1102 1743 1119 1792; x_wconf 85' lang='lat'><strong>;</strong></span> <span class='ocrx_word' id='word_1_124' title='bbox 1166 1727 1237 1781; x_wconf 90' lang='lat' dir='ltr'><strong>ita</strong></span> <span class='ocrx_word' id='word_1_125' title='bbox 1264 1732 1323 1780; x_wconf 92' lang='lat' dir='ltr'><strong>ut</strong></span> <span class='ocrx_word' id='word_1_126' title='bbox 1349 1724 1459 1781; x_wconf 75' lang='lat' dir='ltr'><strong>fere</strong></span> <span class='ocrx_word' id='word_1_127' title='bbox 1486 1728 1699 1783; x_wconf 84' lang='lat' dir='ltr'><strong>tertiam</strong></span> <span class='ocrx_word' id='word_1_128' title='bbox 1730 1736 1933 1798; x_wconf 83' lang='lat' dir='ltr'><strong>partem</strong></span> <span class='ocrx_word' id='word_1_129' title='bbox 1964 1727 2273 1783; x_wconf 71' lang='lat' dir='ltr'><strong>substantia:</strong></span> 
     </span>
    </p>
   </div>
   <div class='ocr_carea' id='block_1_17' title="bbox 692 1818 2272 1888">
    <p class='ocr_par' dir='ltr' id='par_1_17' title="bbox 692 1818 2272 1888">
     <span class='ocr_line' id='line_1_17' title="bbox 692 1818 2272 1888; baseline -0.001 -13"><span class='ocrx_word' id='word_1_130' title='bbox 692 1834 804 1875; x_wconf 71' lang='lat' dir='ltr'><strong>sum</strong></span> <span class='ocrx_word' id='word_1_131' title='bbox 850 1819 1040 1875; x_wconf 89' lang='lat' dir='ltr'><strong>darent</strong></span> <span class='ocrx_word' id='word_1_132' title='bbox 1078 1837 1093 1874; x_wconf 88' lang='lat'><strong>:</strong></span> <span class='ocrx_word' id='word_1_133' title='bbox 1139 1832 1262 1872; x_wconf 86' lang='lat' dir='ltr'><strong>nam</strong></span> <span class='ocrx_word' id='word_1_134' title='bbox 1308 1827 1418 1874; x_wconf 91' lang='lat' dir='ltr'><strong>tres</strong></span> <span class='ocrx_word' id='word_1_135' title='bbox 1467 1818 1691 1875; x_wconf 74' lang='lat' dir='ltr'><strong>decima:</strong></span> <span class='ocrx_word' id='word_1_136' title='bbox 1737 1820 1878 1874; x_wconf 84' lang='lat' dir='ltr'><strong>illam</strong></span> <span class='ocrx_word' id='word_1_137' title='bbox 1910 1834 2046 1888; x_wconf 88' lang='lat' dir='ltr'><strong>pene</strong></span> <span class='ocrx_word' id='word_1_138' title='bbox 2069 1818 2272 1874; x_wconf 88' lang='lat' dir='ltr'><strong>consli-</strong></span> 
     </span>
    </p>
   </div>
   <div class='ocr_carea' id='block_1_18' title="bbox 692 1908 2272 1981">
    <p class='ocr_par' dir='ltr' id='par_1_18' title="bbox 692 1908 2272 1981">
     <span class='ocr_line' id='line_1_18' title="bbox 692 1908 2272 1981; baseline -0.001 -16"><span class='ocrx_word' id='word_1_139' title='bbox 692 1919 864 1965; x_wconf 85' lang='lat' dir='ltr'><strong>tttunt.</strong></span> <span class='ocrx_word' id='word_1_140' title='bbox 917 1910 1041 1965; x_wconf 75' lang='lat' dir='ltr'><strong>Post</strong></span> <span class='ocrx_word' id='word_1_141' title='bbox 1083 1908 1197 1964; x_wconf 78' lang='lat' dir='ltr'><strong>lucc</strong></span> <span class='ocrx_word' id='word_1_142' title='bbox 1244 1920 1421 1966; x_wconf 83' lang='lat' dir='ltr'><strong>autem</strong></span> <span class='ocrx_word' id='word_1_143' title='bbox 1464 1910 1748 1980; x_wconf 72' lang='lat' dir='ltr'><strong>primitias,</strong></span> <span class='ocrx_word' id='word_1_144' title='bbox 1796 1909 2165 1981; x_wconf 85' lang='lat' dir='ltr'><strong>primogenita,</strong></span> <span class='ocrx_word' id='word_1_145' title='bbox 2215 1917 2272 1964; x_wconf 87' lang='lat' dir='ltr'><strong>et</strong></span> 
     </span>
    </p>
   </div>
   <div class='ocr_carea' id='block_1_19' title="bbox 693 2000 2269 2071">
    <p class='ocr_par' dir='ltr' id='par_1_19' title="bbox 693 2000 2269 2071">
     <span class='ocr_line' id='line_1_19' title="bbox 693 2000 2269 2071; baseline -0.001 -17"><span class='ocrx_word' id='word_1_146' title='bbox 693 2002 798 2057; x_wconf 84' lang='lat' dir='ltr'><strong>alia</strong></span> <span class='ocrx_word' id='word_1_147' title='bbox 830 2000 1075 2071; x_wconf 78' lang='lat' dir='ltr'><strong>plurima,</strong></span> <span class='ocrx_word' id='word_1_148' title='bbox 1126 2011 1185 2055; x_wconf 81' lang='grc' dir='ltr'><strong>ιιι</strong></span> <span class='ocrx_word' id='word_1_149' title='bbox 1230 2016 1325 2070; x_wconf 79' lang='lat' dir='ltr'><strong>pro</strong></span> <span class='ocrx_word' id='word_1_150' title='bbox 1377 2003 1625 2070; x_wconf 86' lang='lat' dir='ltr'><strong>peccatis,</strong></span> <span class='ocrx_word' id='word_1_151' title='bbox 1657 2016 1753 2071; x_wconf 84' lang='lat' dir='ltr'><strong>pro</strong></span> <span class='ocrx_word' id='word_1_152' title='bbox 1793 2000 2269 2071; x_wconf 77' lang='lat' dir='ltr'><strong>puriﬁcatinnibus,</strong></span> 
     </span>
    </p>
   </div>
   <div class='ocr_carea' id='block_1_20' title="bbox 686 2091 2267 2164">
    <p class='ocr_par' dir='ltr' id='par_1_20' title="bbox 686 2091 2267 2164">
     <span class='ocr_line' id='line_1_20' title="bbox 686 2091 2267 2164; baseline 0.001 -16"><span class='ocrx_word' id='word_1_153' title='bbox 686 2108 808 2164; x_wconf 62' lang='lat' dir='ltr'><strong>quae</strong></span> <span class='ocrx_word' id='word_1_154' title='bbox 845 2093 895 2147; x_wconf 85' lang='lat' dir='ltr'><strong>in</strong></span> <span class='ocrx_word' id='word_1_155' title='bbox 925 2091 1097 2157; x_wconf 75' lang='lat' dir='ltr'><strong>festis,</strong></span> <span class='ocrx_word' id='word_1_156' title='bbox 1130 2108 1248 2163; x_wconf 80' lang='lat' dir='ltr'><strong>qua:</strong></span> <span class='ocrx_word' id='word_1_157' title='bbox 1276 2093 1326 2145; x_wconf 88' lang='lat' dir='ltr'><strong>itt</strong></span> <span class='ocrx_word' id='word_1_158' title='bbox 1350 2092 1588 2161; x_wconf 76' lang='lat' dir='ltr'><strong>jubilaeo,</strong></span> <span class='ocrx_word' id='word_1_159' title='bbox 1618 2107 1736 2162; x_wconf 70' lang='lat' dir='ltr'><strong>qute</strong></span> <span class='ocrx_word' id='word_1_160' title='bbox 1764 2093 1815 2146; x_wconf 91' lang='lat' dir='ltr'><strong>in</strong></span> <span class='ocrx_word' id='word_1_161' title='bbox 1845 2092 2144 2149; x_wconf 79' lang='lat' dir='ltr'><strong>debiturum</strong></span> <span class='ocrx_word' id='word_1_162' title='bbox 2175 2092 2267 2149; x_wconf 85' lang='lat' dir='ltr'><strong>ab-</strong></span> 
     </span>
    </p>
   </div>
   <div class='ocr_carea' id='block_1_21' title="bbox 689 2184 2267 2255">
    <p class='ocr_par' dir='ltr' id='par_1_21' title="bbox 689 2184 2267 2255">
     <span class='ocr_line' id='line_1_21' title="bbox 689 2184 2267 2255; baseline 0.001 -16"><span class='ocrx_word' id='word_1_163' title='bbox 689 2184 967 2252; x_wconf 84' lang='lat' dir='ltr'><strong>sciasion.-,</strong></span> <span class='ocrx_word' id='word_1_164' title='bbox 1020 2192 1076 2239; x_wconf 90' lang='lat' dir='ltr'><strong>et</strong></span> <span class='ocrx_word' id='word_1_165' title='bbox 1119 2198 1397 2239; x_wconf 77' lang='lat' dir='ltr'><strong>servm-mn</strong></span> <span class='ocrx_word' id='word_1_166' title='bbox 1442 2184 1857 2248; x_wconf 86' lang='lat' dir='ltr'><strong>dimissionibus.</strong></span> <span class='ocrx_word' id='word_1_167' title='bbox 1904 2195 1954 2241; x_wconf 90' lang='lat' dir='ltr'><strong>et</strong></span> <span class='ocrx_word' id='word_1_168' title='bbox 1987 2186 2038 2255; x_wconf 90' lang='lat' dir='ltr'><strong>in</strong></span> <span class='ocrx_word' id='word_1_169' title='bbox 2069 2185 2267 2241; x_wconf 81' lang='lat' dir='ltr'><strong>mutuis</strong></span> 
     </span>
    </p>
   </div>
   <div class='ocr_carea' id='block_1_22' title="bbox 683 2275 2262 2349">
    <p class='ocr_par' dir='ltr' id='par_1_22' title="bbox 683 2275 2262 2349">
     <span class='ocr_line' id='line_1_22' title="bbox 683 2275 2262 2349; baseline 0.002 -17"><span class='ocrx_word' id='word_1_170' title='bbox 683 2277 887 2347; x_wconf 80' lang='lat' dir='ltr'><strong>absque</strong></span> <span class='ocrx_word' id='word_1_171' title='bbox 934 2275 1157 2332; x_wconf 72' lang='lat' dir='ltr'><strong>lmuore.</strong></span> <span class='ocrx_word' id='word_1_172' title='bbox 1208 2277 1263 2333; x_wconf 88' lang='lat' dir='ltr'><strong>Si</strong></span> <span class='ocrx_word' id='word_1_173' title='bbox 1306 2287 1484 2332; x_wconf 89' lang='lat' dir='ltr'><strong>autem</strong></span> <span class='ocrx_word' id='word_1_174' title='bbox 1528 2277 1737 2331; x_wconf 85' lang='lat' dir='ltr'><strong>tertiam</strong></span> <span class='ocrx_word' id='word_1_175' title='bbox 1786 2293 2010 2349; x_wconf 78' lang='lat' dir='ltr'><strong>erogans</strong></span> <span class='ocrx_word' id='word_1_176' title='bbox 2036 2288 2262 2348; x_wconf 83' lang='lat' dir='ltr'><strong>partem,</strong></span> 
     </span>
    </p>
   </div>
   <div class='ocr_carea' id='block_1_23' title="bbox 684 2368 2264 2439">
    <p class='ocr_par' dir='ltr' id='par_1_23' title="bbox 684 2368 2264 2439">
     <span class='ocr_line' id='line_1_23' title="bbox 684 2368 2264 2439; baseline 0.003 -16"><span class='ocrx_word' id='word_1_177' title='bbox 684 2368 793 2424; x_wconf 89' lang='lat' dir='ltr'><strong>imo</strong></span> <span class='ocrx_word' id='word_1_178' title='bbox 827 2379 882 2425; x_wconf 93' lang='lat' dir='ltr'><strong>et</strong></span> <span class='ocrx_word' id='word_1_179' title='bbox 906 2368 1182 2424; x_wconf 91' lang='lat' dir='ltr'><strong>dimidium</strong></span> <span class='ocrx_word' id='word_1_180' title='bbox 1218 2368 1362 2439; x_wconf 84' lang='lat' dir='ltr'><strong>(naut</strong></span> <span class='ocrx_word' id='word_1_181' title='bbox 1390 2370 1614 2425; x_wconf 86' lang='lat' dir='ltr'><strong>collecta</strong></span> <span class='ocrx_word' id='word_1_182' title='bbox 1644 2369 1759 2425; x_wconf 75' lang='lat' dir='ltr'><strong>lucc</strong></span> <span class='ocrx_word' id='word_1_183' title='bbox 1782 2371 1959 2424; x_wconf 81' lang='lat' dir='ltr'><strong>omnia</strong></span> <span class='ocrx_word' id='word_1_184' title='bbox 1985 2371 2264 2427; x_wconf 90' lang='lat' dir='ltr'><strong>dimidium</strong></span> 
     </span>
    </p>
   </div>
   <div class='ocr_carea' id='block_1_24' title="bbox 680 2457 2262 2530">
    <p class='ocr_par' dir='ltr' id='par_1_24' title="bbox 680 2457 2262 2530">
     <span class='ocr_line' id='line_1_24' title="bbox 680 2457 2262 2530; baseline -0.001 -13"><span class='ocrx_word' id='word_1_185' title='bbox 680 2458 966 2527; x_wconf 75' lang='lat' dir='ltr'><strong>efﬁciunt),</strong></span> <span class='ocrx_word' id='word_1_186' title='bbox 1007 2457 1053 2513; x_wconf 89' lang='lat' dir='ltr'><strong>si</strong></span> <span class='ocrx_word' id='word_1_187' title='bbox 1092 2459 1181 2530; x_wconf 85' lang='lat' dir='ltr'><strong>qui</strong></span> <span class='ocrx_word' id='word_1_188' title='bbox 1224 2458 1501 2514; x_wconf 88' lang='lat' dir='ltr'><strong>dimidium</strong></span> <span class='ocrx_word' id='word_1_189' title='bbox 1550 2458 1662 2522; x_wconf 87' lang='lat' dir='ltr'><strong>dat,</strong></span> <span class='ocrx_word' id='word_1_190' title='bbox 1714 2459 1845 2513; x_wconf 92' lang='lat' dir='ltr'><strong>niltil</strong></span> <span class='ocrx_word' id='word_1_191' title='bbox 1886 2460 2061 2530; x_wconf 80' lang='lat' dir='ltr'><strong>magni</strong></span> <span class='ocrx_word' id='word_1_192' title='bbox 2102 2460 2262 2517; x_wconf 75' lang='lat' dir='ltr'><strong>facit:</strong></span> 
     </span>
    </p>
   </div>
   <div class='ocr_carea' id='block_1_25' title="bbox 682 2548 2261 2623">
    <p class='ocr_par' dir='ltr' id='par_1_25' title="bbox 682 2548 2261 2623">
     <span class='ocr_line' id='line_1_25' title="bbox 682 2548 2261 2623; baseline 0.004 -20"><span class='ocrx_word' id='word_1_193' title='bbox 682 2550 771 2618; x_wconf 87' lang='lat' dir='ltr'><strong>qui</strong></span> <span class='ocrx_word' id='word_1_194' title='bbox 803 2565 871 2605; x_wconf 87' lang='lat' dir='ltr'><strong>ne</strong></span> <span class='ocrx_word' id='word_1_195' title='bbox 899 2548 1160 2605; x_wconf 76' lang='lat' dir='ltr'><strong>decimam</strong></span> <span class='ocrx_word' id='word_1_196' title='bbox 1187 2549 1403 2619; x_wconf 84' lang='lat' dir='ltr'><strong>quidem</strong></span> <span class='ocrx_word' id='word_1_197' title='bbox 1444 2560 1649 2619; x_wconf 87' lang='lat' dir='ltr'><strong>partem</strong></span> <span class='ocrx_word' id='word_1_198' title='bbox 1678 2559 1883 2621; x_wconf 78' lang='lat' dir='ltr'><strong>erogat,</strong></span> <span class='ocrx_word' id='word_1_199' title='bbox 1923 2551 2051 2623; x_wconf 87' lang='lat' dir='ltr'><strong>quid</strong></span> <span class='ocrx_word' id='word_1_200' title='bbox 2086 2568 2261 2609; x_wconf 83' lang='lat' dir='ltr'><strong>uterc-</strong></span> 
     </span>
    </p>
   </div>
   <div class='ocr_carea' id='block_1_26' title="bbox 681 2638 1887 2710">
    <p class='ocr_par' dir='ltr' id='par_1_26' title="bbox 681 2638 1887 2710">
     <span class='ocr_line' id='line_1_26' title="bbox 681 2638 1887 2710; baseline 0 -16"><span class='ocrx_word' id='word_1_201' title='bbox 681 2639 855 2695; x_wconf 81' lang='lat' dir='ltr'><strong>bitttr‘l</strong></span> <span class='ocrx_word' id='word_1_202' title='bbox 888 2638 1017 2695; x_wconf 77' lang='lat' dir='ltr'><strong>.Iure</strong></span> <span class='ocrx_word' id='word_1_203' title='bbox 1048 2654 1174 2710; x_wconf 85' lang='lat' dir='ltr'><strong>ergo</strong></span> <span class='ocrx_word' id='word_1_204' title='bbox 1198 2640 1359 2705; x_wconf 72' lang='lat' dir='ltr'><strong>dixit,</strong></span> <span class='ocrx_word' id='word_1_205' title='bbox 1395 2639 1561 2693; x_wconf 81' lang='lat' dir='ltr'><strong>Pauci</strong></span> <span class='ocrx_word' id='word_1_206' title='bbox 1585 2640 1711 2693; x_wconf 74' lang='lat' dir='ltr'><strong>salvi</strong></span> <span class='ocrx_word' id='word_1_207' title='bbox 1739 2641 1887 2703; x_wconf 70' lang='lat' dir='ltr'><strong>fiunt.</strong></span> 
     </span>
    </p>
   </div>
   <div class='ocr_carea' id='block_1_27' title="bbox 748 2730 2233 2802">
    <p class='ocr_par' dir='ltr' id='par_1_27' title="bbox 748 2730 2233 2802">
     <span class='ocr_line' id='line_1_27' title="bbox 748 2730 2233 2802; baseline -0.001 -14"><span class='ocrx_word' id='word_1_208' title='bbox 748 2731 805 2788; x_wconf 83' lang='lat'><strong>5.</strong></span> <span class='ocrx_word' id='word_1_209' title='bbox 849 2730 924 2787; x_wconf 73' lang='lat' dir='ltr'><strong>Ne</strong></span> <span class='ocrx_word' id='word_1_210' title='bbox 946 2731 1122 2802; x_wconf 81' lang='lat' dir='ltr'><strong>itaque</strong></span> <span class='ocrx_word' id='word_1_211' title='bbox 1148 2730 1509 2801; x_wconf 81' lang='lat' dir='ltr'><strong>despiciantus</strong></span> <span class='ocrx_word' id='word_1_212' title='bbox 1535 2740 1835 2785; x_wconf 80' lang='lat' dir='ltr'><strong>accuratam</strong></span> <span class='ocrx_word' id='word_1_213' title='bbox 1865 2731 2072 2786; x_wconf 79' lang='lat' dir='ltr'><strong>vivendi</strong></span> <span class='ocrx_word' id='word_1_214' title='bbox 2101 2733 2233 2787; x_wconf 83' lang='lat' dir='ltr'><strong>ratio</strong></span> 
     </span>
    </p>
   </div>
   <div class='ocr_carea' id='block_1_28' title="bbox 680 2823 2256 2893">
    <p class='ocr_par' dir='ltr' id='par_1_28' title="bbox 680 2823 2256 2893">
     <span class='ocr_line' id='line_1_28' title="bbox 680 2823 2256 2893; baseline -0.001 -12"><span class='ocrx_word' id='word_1_215' title='bbox 680 2842 825 2881; x_wconf 87' lang='lat' dir='ltr'><strong>neut.</strong></span> <span class='ocrx_word' id='word_1_216' title='bbox 877 2824 934 2880; x_wconf 83' lang='lat' dir='ltr'><strong>Si</strong></span> <span class='ocrx_word' id='word_1_217' title='bbox 983 2825 1127 2880; x_wconf 89' lang='lat' dir='ltr'><strong>enim</strong></span> <span class='ocrx_word' id='word_1_218' title='bbox 1176 2839 1299 2893; x_wconf 86' lang='lat' dir='ltr'><strong>pars</strong></span> <span class='ocrx_word' id='word_1_219' title='bbox 1339 2823 1550 2877; x_wconf 86' lang='lat' dir='ltr'><strong>virtutis</strong></span> <span class='ocrx_word' id='word_1_220' title='bbox 1593 2824 1830 2893; x_wconf 87' lang='lat' dir='ltr'><strong>neglecta</strong></span> <span class='ocrx_word' id='word_1_221' title='bbox 1870 2833 2067 2878; x_wconf 86' lang='lat' dir='ltr'><strong>tantam</strong></span> <span class='ocrx_word' id='word_1_222' title='bbox 2103 2823 2256 2879; x_wconf 75' lang='lat' dir='ltr'><strong>aliert</strong></span> 
     </span>
    </p>
   </div>
   <div class='ocr_carea' id='block_1_29' title="bbox 680 2906 2251 2986">
    <p class='ocr_par' dir='ltr' id='par_1_29' title="bbox 680 2906 2251 2986">
     <span class='ocr_line' id='line_1_29' title="bbox 680 2906 2251 2986; baseline 0 -17"><span class='ocrx_word' id='word_1_223' title='bbox 680 2914 992 2986; x_wconf 74' lang='lat' dir='ltr'><strong>perniciem,</strong></span> <span class='ocrx_word' id='word_1_224' title='bbox 1035 2929 1159 2969; x_wconf 89' lang='lat' dir='ltr'><strong>cum</strong></span> <span class='ocrx_word' id='word_1_225' title='bbox 1209 2912 1445 2982; x_wconf 76' lang='lat' dir='ltr'><strong>undique</strong></span> <span class='ocrx_word' id='word_1_226' title='bbox 1476 2906 1677 2983; x_wconf 86' lang='lat' dir='ltr'><strong>judicio</strong></span> <span class='ocrx_word' id='word_1_227' title='bbox 1722 2921 1775 2968; x_wconf 87' lang='lat' dir='ltr'><strong>et</strong></span> <span class='ocrx_word' id='word_1_228' title='bbox 1824 2912 2251 2968; x_wconf 84' lang='lat' dir='ltr'><strong>condemnatinui</strong></span> 
     </span>
    </p>
   </div>
   <div class='ocr_carea' id='block_1_30' title="bbox 673 3002 2253 3074">
    <p class='ocr_par' dir='ltr' id='par_1_30' title="bbox 673 3002 2253 3074">
     <span class='ocr_line' id='line_1_30' title="bbox 673 3002 2253 3074; baseline -0.003 -11"><span class='ocrx_word' id='word_1_229' title='bbox 673 3006 895 3063; x_wconf 83' lang='lat' dir='ltr'><strong>obnoxii</strong></span> <span class='ocrx_word' id='word_1_230' title='bbox 952 3004 1188 3069; x_wconf 84' lang='lat' dir='ltr'><strong>erimus,</strong></span> <span class='ocrx_word' id='word_1_231' title='bbox 1234 3003 1502 3074; x_wconf 88' lang='lat' dir='ltr'><strong>quomodo</strong></span> <span class='ocrx_word' id='word_1_232' title='bbox 1546 3004 1863 3074; x_wconf 81' lang='lat' dir='ltr'><strong>supplicium</strong></span> <span class='ocrx_word' id='word_1_233' title='bbox 1901 3002 2253 3074; x_wconf 77' lang='lat' dir='ltr'><strong>effugiemus?</strong></span> 
     </span>
    </p>
   </div>
   <div class='ocr_carea' id='block_1_31' title="bbox 673 3094 2249 3167">
    <p class='ocr_par' dir='ltr' id='par_1_31' title="bbox 673 3094 2249 3167">
     <span class='ocr_line' id='line_1_31' title="bbox 673 3094 2249 3167; baseline 0 -17"><span class='ocrx_word' id='word_1_234' title='bbox 673 3112 811 3167; x_wconf 78' lang='lat' dir='ltr'><strong>quas</strong></span> <span class='ocrx_word' id='word_1_235' title='bbox 838 3111 965 3154; x_wconf 81' lang='lat' dir='ltr'><strong>vero</strong></span> <span class='ocrx_word' id='word_1_236' title='bbox 996 3111 1181 3167; x_wconf 71' lang='lat' dir='ltr'><strong>ptenas</strong></span> <span class='ocrx_word' id='word_1_237' title='bbox 1212 3111 1314 3151; x_wconf 82' lang='lat' dir='ltr'><strong>non</strong></span> <span class='ocrx_word' id='word_1_238' title='bbox 1342 3094 1588 3151; x_wconf 84' lang='lat' dir='ltr'><strong>dabimus</strong></span> <span class='ocrx_word' id='word_1_239' title='bbox 1608 3094 1717 3159; x_wconf 79' lang='lat' dir='ltr'><strong>iet,</strong></span> <span class='ocrx_word' id='word_1_240' title='bbox 1734 3110 2000 3166; x_wconf 80' lang='lat' dir='ltr'><strong>quaenam,</strong></span> <span class='ocrx_word' id='word_1_241' title='bbox 2021 3095 2249 3166; x_wconf 90' lang='lat' dir='ltr'><strong>inquies,</strong></span> 
     </span>
    </p>
   </div>
   <div class='ocr_carea' id='block_1_32' title="bbox 668 3185 2253 3258">
    <p class='ocr_par' dir='ltr' id='par_1_32' title="bbox 668 3185 2253 3258">
     <span class='ocr_line' id='line_1_32' title="bbox 668 3185 2253 3258; baseline -0.001 -16"><span class='ocrx_word' id='word_1_242' title='bbox 668 3187 829 3242; x_wconf 83' lang='lat' dir='ltr'><strong>uobis</strong></span> <span class='ocrx_word' id='word_1_243' title='bbox 854 3188 958 3243; x_wconf 87' lang='lat' dir='ltr'><strong>erit</strong></span> <span class='ocrx_word' id='word_1_244' title='bbox 985 3202 1109 3257; x_wconf 84' lang='lat' dir='ltr'><strong>spes</strong></span> <span class='ocrx_word' id='word_1_245' title='bbox 1133 3186 1341 3252; x_wconf 84' lang='lat' dir='ltr'><strong>salutis,</strong></span> <span class='ocrx_word' id='word_1_246' title='bbox 1378 3185 1423 3241; x_wconf 91' lang='lat' dir='ltr'><strong>si</strong></span> <span class='ocrx_word' id='word_1_247' title='bbox 1454 3186 1656 3258; x_wconf 87' lang='lat' dir='ltr'><strong>singula</strong></span> <span class='ocrx_word' id='word_1_248' title='bbox 1681 3203 1799 3257; x_wconf 79' lang='lat' dir='ltr'><strong>qua:</strong></span> <span class='ocrx_word' id='word_1_249' title='bbox 1826 3186 2253 3242; x_wconf 83' lang='lat' dir='ltr'><strong>enumeravimus</strong></span> 
     </span>
    </p>
   </div>
   <div class='ocr_carea' id='block_1_33' title="bbox 672 3277 2255 3349">
    <p class='ocr_par' dir='ltr' id='par_1_33' title="bbox 672 3277 2255 3349">
     <span class='ocr_line' id='line_1_33' title="bbox 672 3277 2255 3349; baseline 0 -17"><span class='ocrx_word' id='word_1_250' title='bbox 672 3278 970 3349; x_wconf 80' lang='lat' dir='ltr'><strong>gehennam</strong></span> <span class='ocrx_word' id='word_1_251' title='bbox 1002 3279 1158 3334; x_wconf 87' lang='lat' dir='ltr'><strong>nobis</strong></span> <span class='ocrx_word' id='word_1_252' title='bbox 1178 3277 1612 3333; x_wconf 81' lang='lat' dir='ltr'><strong>comminantur?</strong></span> <span class='ocrx_word' id='word_1_253' title='bbox 1641 3279 1766 3334; x_wconf 69' lang='lat' dir='ltr'><strong>llmc</strong></span> <span class='ocrx_word' id='word_1_254' title='bbox 1799 3280 1948 3335; x_wconf 88' lang='lat' dir='ltr'><strong>vobis</strong></span> <span class='ocrx_word' id='word_1_255' title='bbox 1974 3279 2095 3336; x_wconf 86' lang='lat' dir='ltr'><strong>dico</strong></span> <span class='ocrx_word' id='word_1_256' title='bbox 2125 3298 2139 3335; x_wconf 88' lang='lat'><strong>:</strong></span> <span class='ocrx_word' id='word_1_257' title='bbox 2166 3297 2255 3335; x_wconf 85' lang='lat' dir='ltr'><strong>ve-</strong></span> 
     </span>
    </p>
   </div>
   <div class='ocr_carea' id='block_1_34' title="bbox 674 3371 2252 3444">
    <p class='ocr_par' dir='ltr' id='par_1_34' title="bbox 674 3371 2252 3444">
     <span class='ocr_line' id='line_1_34' title="bbox 674 3371 2252 3444; baseline -0.001 -16"><span class='ocrx_word' id='word_1_258' title='bbox 674 3386 973 3428; x_wconf 86' lang='lat' dir='ltr'><strong>rumtamen</strong></span> <span class='ocrx_word' id='word_1_259' title='bbox 1010 3373 1053 3427; x_wconf 89' lang='lat' dir='ltr'><strong>si</strong></span> <span class='ocrx_word' id='word_1_260' title='bbox 1094 3372 1457 3437; x_wconf 86' lang='lat' dir='ltr'><strong>attendamus,</strong></span> <span class='ocrx_word' id='word_1_261' title='bbox 1503 3371 2023 3444; x_wconf 62' lang='lat' dir='ltr'><strong>salutem-consequi</strong></span> <span class='ocrx_word' id='word_1_262' title='bbox 2066 3388 2252 3443; x_wconf 43' lang='lat' dir='ltr'><strong>possu-</strong></span> 
     </span>
    </p>
   </div>
   <div class='ocr_carea' id='block_1_35' title="bbox 676 3459 2246 3534">
    <p class='ocr_par' dir='ltr' id='par_1_35' title="bbox 676 3459 2246 3534">
     <span class='ocr_line' id='line_1_35' title="bbox 676 3459 2246 3534; baseline 0.001 -17"><span class='ocrx_word' id='word_1_263' title='bbox 676 3477 815 3521; x_wconf 85' lang='lat' dir='ltr'><strong>mus.</strong></span> <span class='ocrx_word' id='word_1_264' title='bbox 845 3464 888 3517; x_wconf 87' lang='lat' dir='ltr'><strong>si</strong></span> <span class='ocrx_word' id='word_1_265' title='bbox 918 3459 1271 3534; x_wconf 74' lang='lat' dir='ltr'><strong>eleeunisynte</strong></span> <span class='ocrx_word' id='word_1_266' title='bbox 1301 3460 1596 3517; x_wconf 89' lang='lat' dir='ltr'><strong>remedium</strong></span> <span class='ocrx_word' id='word_1_267' title='bbox 1624 3461 1992 3518; x_wconf 86' lang='lat' dir='ltr'><strong>adhibeamus.</strong></span> <span class='ocrx_word' id='word_1_268' title='bbox 2044 3472 2098 3518; x_wconf 92' lang='lat' dir='ltr'><strong>et</strong></span> <span class='ocrx_word' id='word_1_269' title='bbox 2130 3465 2246 3519; x_wconf 82' lang='lat' dir='ltr'><strong>vul-</strong></span> 
     </span>
    </p>
   </div>
   <div class='ocr_carea' id='block_1_36' title="bbox 676 3554 2249 3625">
    <p class='ocr_par' dir='ltr' id='par_1_36' title="bbox 676 3554 2249 3625">
     <span class='ocr_line' id='line_1_36' title="bbox 676 3554 2249 3625; baseline 0.001 -17"><span class='ocrx_word' id='word_1_270' title='bbox 676 3569 802 3609; x_wconf 80' lang='lat' dir='ltr'><strong>nera</strong></span> <span class='ocrx_word' id='word_1_271' title='bbox 841 3569 1110 3610; x_wconf 85' lang='lat' dir='ltr'><strong>curemus.</strong></span> <span class='ocrx_word' id='word_1_272' title='bbox 1157 3554 1272 3611; x_wconf 77' lang='lat' dir='ltr'><strong>Non</strong></span> <span class='ocrx_word' id='word_1_273' title='bbox 1301 3554 1442 3608; x_wconf 89' lang='lat' dir='ltr'><strong>enim</strong></span> <span class='ocrx_word' id='word_1_274' title='bbox 1469 3555 1647 3609; x_wconf 88' lang='lat' dir='ltr'><strong>oleum</strong></span> <span class='ocrx_word' id='word_1_275' title='bbox 1666 3554 1744 3607; x_wconf 86' lang='lat' dir='ltr'><strong>ita</strong></span> <span class='ocrx_word' id='word_1_276' title='bbox 1774 3569 1970 3625; x_wconf 85' lang='lat' dir='ltr'><strong>corpus</strong></span> <span class='ocrx_word' id='word_1_277' title='bbox 1993 3557 2211 3610; x_wconf 87' lang='lat' dir='ltr'><strong>roborat</strong></span> <span class='ocrx_word' id='word_1_278' title='bbox 2236 3598 2249 3620; x_wconf 92' lang='lat'><strong>,</strong></span> 
     </span>
    </p>
   </div>
   <div class='ocr_carea' id='block_1_37' title="bbox 671 3647 2250 3705">
    <p class='ocr_par' dir='ltr' id='par_1_37' title="bbox 671 3647 2250 3705">
     <span class='ocr_line' id='line_1_37' title="bbox 671 3647 2250 3705; baseline -0.001 -1"><span class='ocrx_word' id='word_1_279' title='bbox 671 3660 731 3704; x_wconf 86' lang='lat' dir='ltr'><strong>ut</strong></span> <span class='ocrx_word' id='word_1_280' title='bbox 760 3647 1124 3705; x_wconf 73' lang='lat' dir='ltr'><strong>tttisericrrdia</strong></span> <span class='ocrx_word' id='word_1_281' title='bbox 1162 3648 1393 3702; x_wconf 86' lang='lat' dir='ltr'><strong>animam</strong></span> <span class='ocrx_word' id='word_1_282' title='bbox 1439 3655 1495 3702; x_wconf 88' lang='lat' dir='ltr'><strong>et</strong></span> <span class='ocrx_word' id='word_1_283' title='bbox 1538 3647 1743 3702; x_wconf 79' lang='lat' dir='ltr'><strong>ﬁrmam</strong></span> <span class='ocrx_word' id='word_1_284' title='bbox 1774 3657 1827 3702; x_wconf 93' lang='lat' dir='ltr'><strong>et</strong></span> <span class='ocrx_word' id='word_1_285' title='bbox 1854 3648 2105 3703; x_wconf 80' lang='lat' dir='ltr'><strong>invictam</strong></span> <span class='ocrx_word' id='word_1_286' title='bbox 2136 3663 2250 3702; x_wconf 85' lang='lat' dir='ltr'><strong>Otu-</strong></span> 
     </span>
    </p>
   </div>
   <div class='ocr_carea' id='block_1_38' title="bbox 671 3736 2246 3808">
    <p class='ocr_par' dir='ltr' id='par_1_38' title="bbox 671 3736 2246 3808">
     <span class='ocr_line' id='line_1_38' title="bbox 671 3736 2246 3808; baseline 0 -15"><span class='ocrx_word' id='word_1_287' title='bbox 671 3738 831 3795; x_wconf 83' lang='lat' dir='ltr'><strong>nibus</strong></span> <span class='ocrx_word' id='word_1_288' title='bbox 872 3736 1067 3801; x_wconf 82' lang='lat' dir='ltr'><strong>reddit,</strong></span> <span class='ocrx_word' id='word_1_289' title='bbox 1096 3737 1670 3808; x_wconf 74' lang='lat' dir='ltr'><strong>inexpugnabilemque</strong></span> <span class='ocrx_word' id='word_1_290' title='bbox 1712 3737 1925 3794; x_wconf 86' lang='lat' dir='ltr'><strong>diabolo</strong></span> <span class='ocrx_word' id='word_1_291' title='bbox 1960 3756 1973 3793; x_wconf 89' lang='lat'><strong>:</strong></span> <span class='ocrx_word' id='word_1_292' title='bbox 2004 3739 2246 3794; x_wconf 80' lang='lat' dir='ltr'><strong>ubicum—</strong></span> 
     </span>
    </p>
   </div>
   <div class='ocr_carea' id='block_1_39' title="bbox 668 3833 2245 3907">
    <p class='ocr_par' dir='ltr' id='par_1_39' title="bbox 668 3833 2245 3907">
     <span class='ocr_line' id='line_1_39' title="bbox 668 3833 2245 3907; baseline -0.001 -18"><span class='ocrx_word' id='word_1_293' title='bbox 668 3848 775 3904; x_wconf 89' lang='lat' dir='ltr'><strong>que</strong></span> <span class='ocrx_word' id='word_1_294' title='bbox 816 3834 957 3891; x_wconf 88' lang='lat' dir='ltr'><strong>enim</strong></span> <span class='ocrx_word' id='word_1_295' title='bbox 1002 3836 1222 3907; x_wconf 76' lang='lat' dir='ltr'><strong>ceperit,</strong></span> <span class='ocrx_word' id='word_1_296' title='bbox 1264 3833 1443 3888; x_wconf 85' lang='lat' dir='ltr'><strong>statim</strong></span> <span class='ocrx_word' id='word_1_297' title='bbox 1482 3834 1752 3899; x_wconf 87' lang='lat' dir='ltr'><strong>dtlabitur,</strong></span> <span class='ocrx_word' id='word_1_298' title='bbox 1786 3849 1907 3888; x_wconf 91' lang='lat' dir='ltr'><strong>cum</strong></span> <span class='ocrx_word' id='word_1_299' title='bbox 1935 3833 2110 3888; x_wconf 78' lang='lat' dir='ltr'><strong>oleant</strong></span> <span class='ocrx_word' id='word_1_300' title='bbox 2139 3848 2245 3887; x_wconf 92' lang='lat' dir='ltr'><strong>non</strong></span> 
     </span>
    </p>
   </div>
   <div class='ocr_carea' id='block_1_40' title="bbox 665 3927 2243 3997">
    <p class='ocr_par' dir='ltr' id='par_1_40' title="bbox 665 3927 2243 3997">
     <span class='ocr_line' id='line_1_40' title="bbox 665 3927 2243 3997; baseline -0.003 -12"><span class='ocrx_word' id='word_1_301' title='bbox 665 3928 808 3985; x_wconf 82' lang='lat' dir='ltr'><strong>sinat</strong></span> <span class='ocrx_word' id='word_1_302' title='bbox 832 3944 953 3985; x_wconf 88' lang='lat' dir='ltr'><strong>eum</strong></span> <span class='ocrx_word' id='word_1_303' title='bbox 985 3927 1237 3983; x_wconf 79' lang='lat' dir='ltr'><strong>humeros</strong></span> <span class='ocrx_word' id='word_1_304' title='bbox 1267 3927 1673 3997; x_wconf 84' lang='lat' dir='ltr'><strong>apprehendere</strong></span> <span class='ocrx_word' id='word_1_305' title='bbox 1702 3928 1945 3983; x_wconf 88' lang='lat' dir='ltr'><strong>manibus</strong></span> <span class='ocrx_word' id='word_1_306' title='bbox 1965 3937 2016 3981; x_wconf 80' lang='lat' dir='ltr'><strong>et</strong></span> <span class='ocrx_word' id='word_1_307' title='bbox 2039 3936 2243 3981; x_wconf 86' lang='lat' dir='ltr'><strong>tenere.</strong></span> 
     </span>
    </p>
   </div>
   <div class='ocr_carea' id='block_1_41' title="bbox 672 4018 2245 4090">
    <p class='ocr_par' dir='ltr' id='par_1_41' title="bbox 672 4018 2245 4090">
     <span class='ocr_line' id='line_1_41' title="bbox 672 4018 2245 4090; baseline -0.002 -14"><span class='ocrx_word' id='word_1_308' title='bbox 672 4021 787 4077; x_wconf 80' lang='lat' dir='ltr'><strong>lloc</strong></span> <span class='ocrx_word' id='word_1_309' title='bbox 810 4021 988 4090; x_wconf 80' lang='lat' dir='ltr'><strong>itaque</strong></span> <span class='ocrx_word' id='word_1_310' title='bbox 1009 4020 1130 4074; x_wconf 87' lang='lat' dir='ltr'><strong>oleo</strong></span> <span class='ocrx_word' id='word_1_311' title='bbox 1157 4034 1252 4073; x_wconf 84' lang='lat' dir='ltr'><strong>nos</strong></span> <span class='ocrx_word' id='word_1_312' title='bbox 1282 4019 1591 4087; x_wconf 80' lang='lat' dir='ltr'><strong>frequenter</strong></span> <span class='ocrx_word' id='word_1_313' title='bbox 1623 4035 1904 4088; x_wconf 83' lang='lat' dir='ltr'><strong>ungattttts.</strong></span> <span class='ocrx_word' id='word_1_314' title='bbox 1952 4018 2084 4073; x_wconf 88' lang='lat' dir='ltr'><strong>Nam</strong></span> <span class='ocrx_word' id='word_1_315' title='bbox 2120 4018 2245 4073; x_wconf 88' lang='lat' dir='ltr'><strong>illud</strong></span> 
     </span>
    </p>
   </div>
   <div class='ocr_carea' id='block_1_42' title="bbox 660 4096 2248 4180">
    <p class='ocr_par' dir='ltr' id='par_1_42' title="bbox 660 4096 2248 4180">
     <span class='ocr_line' id='line_1_42' title="bbox 660 4096 2248 4180; baseline -0.001 -13"><span class='ocrx_word' id='word_1_316' title='bbox 660 4122 753 4167; x_wconf 73' lang='lat' dir='ltr'><strong>est</strong></span> <span class='ocrx_word' id='word_1_317' title='bbox 788 4112 1031 4167; x_wconf 72' lang='lat' dir='ltr'><strong>sanitatis</strong></span> <span class='ocrx_word' id='word_1_318' title='bbox 1059 4096 1456 4180; x_wconf 88' lang='lat' dir='ltr'><strong>argumentum,</strong></span> <span class='ocrx_word' id='word_1_319' title='bbox 1488 4110 1769 4179; x_wconf 86' lang='lat' dir='ltr'><strong>lucemque</strong></span> <span class='ocrx_word' id='word_1_320' title='bbox 1802 4109 2171 4165; x_wconf 79' lang='lat' dir='ltr'><strong>subministrat</strong></span> <span class='ocrx_word' id='word_1_321' title='bbox 2195 4120 2248 4165; x_wconf 90' lang='lat' dir='ltr'><strong>et</strong></span> 
     </span>
    </p>
   </div>
   <div class='ocr_carea' id='block_1_43' title="bbox 666 4186 2245 4272">
    <p class='ocr_par' dir='ltr' id='par_1_43' title="bbox 666 4186 2245 4272">
     <span class='ocr_line' id='line_1_43' title="bbox 666 4186 2245 4272; baseline -0.001 -15"><span class='ocrx_word' id='word_1_322' title='bbox 666 4201 1027 4272; x_wconf 80' lang='lat' dir='ltr'><strong>splendorem.</strong></span> <span class='ocrx_word' id='word_1_323' title='bbox 1056 4203 1122 4255; x_wconf 81' lang='lat' dir='ltr'><strong>At</strong></span> <span class='ocrx_word' id='word_1_324' title='bbox 1150 4201 1258 4266; x_wconf 87' lang='lat' dir='ltr'><strong>ille,</strong></span> <span class='ocrx_word' id='word_1_325' title='bbox 1294 4200 1524 4271; x_wconf 89' lang='lat' dir='ltr'><strong>inquies,</strong></span> <span class='ocrx_word' id='word_1_326' title='bbox 1562 4209 1638 4255; x_wconf 86' lang='lat' dir='ltr'><strong>tot</strong></span> <span class='ocrx_word' id='word_1_327' title='bbox 1665 4208 1720 4254; x_wconf 91' lang='lat' dir='ltr'><strong>et</strong></span> <span class='ocrx_word' id='word_1_328' title='bbox 1750 4210 1827 4255; x_wconf 91' lang='lat' dir='ltr'><strong>tot</strong></span> <span class='ocrx_word' id='word_1_329' title='bbox 1856 4186 2014 4255; x_wconf 79' lang='lat' dir='ltr'><strong>habet</strong></span> <span class='ocrx_word' id='word_1_330' title='bbox 2050 4202 2245 4256; x_wconf 85' lang='lat' dir='ltr'><strong>talenta</strong></span> 
     </span>
    </p>
   </div>
   <div class='ocr_carea' id='block_1_44' title="bbox 663 4289 2244 4362">
    <p class='ocr_par' dir='ltr' id='par_1_44' title="bbox 663 4289 2244 4362">
     <span class='ocr_line' id='line_1_44' title="bbox 663 4289 2244 4362; baseline -0.001 -14"><span class='ocrx_word' id='word_1_331' title='bbox 663 4293 803 4360; x_wconf 73' lang='lat' dir='ltr'><strong>auri,</strong></span> <span class='ocrx_word' id='word_1_332' title='bbox 828 4302 885 4349; x_wconf 87' lang='lat' dir='ltr'><strong>et</strong></span> <span class='ocrx_word' id='word_1_333' title='bbox 908 4290 1035 4347; x_wconf 78' lang='lat' dir='ltr'><strong>nihil</strong></span> <span class='ocrx_word' id='word_1_334' title='bbox 1056 4300 1261 4362; x_wconf 82' lang='lat' dir='ltr'><strong>erogat.</strong></span> <span class='ocrx_word' id='word_1_335' title='bbox 1295 4292 1359 4346; x_wconf 79' lang='lat' dir='ltr'><strong>Et</strong></span> <span class='ocrx_word' id='word_1_336' title='bbox 1387 4290 1514 4361; x_wconf 88' lang='lat' dir='ltr'><strong>quid</strong></span> <span class='ocrx_word' id='word_1_337' title='bbox 1539 4289 1639 4344; x_wconf 83' lang='lat' dir='ltr'><strong>buc</strong></span> <span class='ocrx_word' id='word_1_338' title='bbox 1666 4290 1731 4344; x_wconf 88' lang='lat' dir='ltr'><strong>ad</strong></span> <span class='ocrx_word' id='word_1_339' title='bbox 1763 4291 1856 4344; x_wconf 79' lang='lat' dir='ltr'><strong>te?</strong></span> <span class='ocrx_word' id='word_1_340' title='bbox 1891 4291 1982 4345; x_wconf 85' lang='lat' dir='ltr'><strong>Sic</strong></span> <span class='ocrx_word' id='word_1_341' title='bbox 2009 4304 2058 4345; x_wconf 91' lang='lat' dir='ltr'><strong>tu</strong></span> <span class='ocrx_word' id='word_1_342' title='bbox 2087 4293 2244 4347; x_wconf 91' lang='lat' dir='ltr'><strong>mira-</strong></span> 
     </span>
    </p>
   </div>
   <div class='ocr_carea' id='block_1_45' title="bbox 661 4381 2247 4455">
    <p class='ocr_par' dir='ltr' id='par_1_45' title="bbox 661 4381 2247 4455">
     <span class='ocr_line' id='line_1_45' title="bbox 661 4381 2247 4455; baseline -0.002 -12"><span class='ocrx_word' id='word_1_343' title='bbox 661 4387 825 4443; x_wconf 84' lang='lat' dir='ltr'><strong>bilior</strong></span> <span class='ocrx_word' id='word_1_344' title='bbox 861 4385 989 4451; x_wconf 87' lang='lat' dir='ltr'><strong>eris,</strong></span> <span class='ocrx_word' id='word_1_345' title='bbox 1037 4385 1175 4440; x_wconf 80' lang='lat' dir='ltr'><strong>sies</strong></span> <span class='ocrx_word' id='word_1_346' title='bbox 1219 4392 1528 4455; x_wconf 67' lang='lat' dir='ltr'><strong>paupertate</strong></span> <span class='ocrx_word' id='word_1_347' title='bbox 1568 4381 1840 4438; x_wconf 81' lang='lat' dir='ltr'><strong>liberalior</strong></span> <span class='ocrx_word' id='word_1_348' title='bbox 1889 4383 1980 4437; x_wconf 89' lang='lat' dir='ltr'><strong>illo</strong></span> <span class='ocrx_word' id='word_1_349' title='bbox 2020 4384 2115 4439; x_wconf 90' lang='lat' dir='ltr'><strong>sis.</strong></span> <span class='ocrx_word' id='word_1_350' title='bbox 2156 4384 2247 4441; x_wconf 89' lang='lat' dir='ltr'><strong>Sic</strong></span> 
     </span>
    </p>
   </div>
   <div class='ocr_carea' id='block_1_46' title="bbox 664 4473 2243 4544">
    <p class='ocr_par' dir='ltr' id='par_1_46' title="bbox 664 4473 2243 4544">
     <span class='ocr_line' id='line_1_46' title="bbox 664 4473 2243 4544; baseline -0.004 -12"><span class='ocrx_word' id='word_1_351' title='bbox 664 4476 979 4533; x_wconf 66' lang='lat' dir='ltr'><strong>bhccdonas</strong></span> <span class='ocrx_word' id='word_1_352' title='bbox 1020 4475 1222 4531; x_wconf 74' lang='lat' dir='ltr'><strong>Paulus</strong></span> <span class='ocrx_word' id='word_1_353' title='bbox 1265 4474 1487 4543; x_wconf 64' lang='lat' dir='ltr'><strong>mitulus</strong></span> <span class='ocrx_word' id='word_1_354' title='bbox 1529 4483 1611 4529; x_wconf 88' lang='lat' dir='ltr'><strong>est</strong></span> <span class='ocrx_word' id='word_1_355' title='bbox 1658 4474 1735 4544; x_wconf 67' lang='lat'><strong>(2.</strong></span> <span class='ocrx_word' id='word_1_356' title='bbox 1762 4473 1881 4528; x_wconf 83' lang='lat' dir='ltr'><strong>Cor.</strong></span> <span class='ocrx_word' id='word_1_357' title='bbox 1908 4474 1959 4531; x_wconf 88' lang='lat'><strong>9.</strong></span> <span class='ocrx_word' id='word_1_358' title='bbox 1987 4476 2087 4542; x_wconf 74' lang='lat'><strong>2):</strong></span> <span class='ocrx_word' id='word_1_359' title='bbox 2139 4491 2243 4529; x_wconf 88' lang='lat' dir='ltr'><strong>non</strong></span> 
     </span>
    </p>
   </div>
   <div class='ocr_carea' id='block_1_47' title="bbox 661 4567 2241 4643">
    <p class='ocr_par' dir='ltr' id='par_1_47' title="bbox 661 4567 2241 4643">
     <span class='ocr_line' id='line_1_47' title="bbox 661 4567 2241 4643; baseline -0.001 -18"><span class='ocrx_word' id='word_1_360' title='bbox 661 4569 1148 4643; x_wconf 76' lang='lat' dir='ltr'><strong>quod&#39;largirentur</strong></span> <span class='ocrx_word' id='word_1_361' title='bbox 1170 4610 1185 4636; x_wconf 90' lang='lat'><strong>,</strong></span> <span class='ocrx_word' id='word_1_362' title='bbox 1222 4568 1322 4624; x_wconf 81' lang='lat' dir='ltr'><strong>sed</strong></span> <span class='ocrx_word' id='word_1_363' title='bbox 1358 4567 1497 4638; x_wconf 81' lang='lat' dir='ltr'><strong>quod</strong></span> <span class='ocrx_word' id='word_1_364' title='bbox 1535 4582 1599 4621; x_wconf 74' lang='lat' dir='ltr'><strong>es</strong></span> <span class='ocrx_word' id='word_1_365' title='bbox 1641 4576 1954 4637; x_wconf 87' lang='lat' dir='ltr'><strong>paupertate</strong></span> <span class='ocrx_word' id='word_1_366' title='bbox 1989 4584 2082 4622; x_wconf 87' lang='lat' dir='ltr'><strong>sua</strong></span> <span class='ocrx_word' id='word_1_367' title='bbox 2135 4569 2241 4623; x_wconf 87' lang='lat' dir='ltr'><strong>lar-</strong></span> 
     </span>
    </p>
   </div>
   <div class='ocr_carea' id='block_1_48' title="bbox 665 4663 921 4735">
    <p class='ocr_par' dir='ltr' id='par_1_48' title="bbox 665 4663 921 4735">
     <span class='ocr_line' id='line_1_48' title="bbox 665 4663 921 4735; baseline 0 -18"><span class='ocrx_word' id='word_1_368' title='bbox 665 4663 921 4735; x_wconf 79' lang='lat' dir='ltr'><strong>giretttur.</strong></span> 
     </span>
    </p>
   </div>
   <div class='ocr_carea' id='block_1_49' title="bbox 741 4750 2241 4821">
    <p class='ocr_par' dir='ltr' id='par_1_49' title="bbox 741 4750 2241 4821">
     <span class='ocr_line' id='line_1_49' title="bbox 741 4750 2241 4821; baseline -0.007 -14"><span class='ocrx_word' id='word_1_369' title='bbox 741 4752 818 4808; x_wconf 80' lang='lat' dir='ltr'><strong>De</strong></span> <span class='ocrx_word' id='word_1_370' title='bbox 848 4752 965 4808; x_wconf 80' lang='lat' dir='ltr'><strong>aliis</strong></span> <span class='ocrx_word' id='word_1_371' title='bbox 996 4768 1097 4806; x_wconf 80' lang='lat' dir='ltr'><strong>non</strong></span> <span class='ocrx_word' id='word_1_372' title='bbox 1123 4750 1479 4821; x_wconf 72' lang='lat' dir='ltr'><strong>jadicandum.</strong></span> <span class='ocrx_word' id='word_1_373' title='bbox 1509 4778 1581 4791; x_wconf 92' lang='lat'><strong>—-</strong></span> <span class='ocrx_word' id='word_1_374' title='bbox 1605 4750 1680 4807; x_wconf 80' lang='lat' dir='ltr'><strong>Ne</strong></span> <span class='ocrx_word' id='word_1_375' title='bbox 1723 4750 1884 4821; x_wconf 89' lang='lat' dir='ltr'><strong>igitur</strong></span> <span class='ocrx_word' id='word_1_376' title='bbox 1910 4751 1973 4805; x_wconf 83' lang='lat' dir='ltr'><strong>ad</strong></span> <span class='ocrx_word' id='word_1_377' title='bbox 2005 4751 2127 4808; x_wconf 73' lang='lat' dir='ltr'><strong>illos</strong></span> <span class='ocrx_word' id='word_1_378' title='bbox 2155 4768 2241 4808; x_wconf 72' lang='lat' dir='ltr'><strong>re.</strong></span> 
     </span>
    </p>
   </div>
   <div class='ocr_carea' id='block_1_50' title="bbox 652 4840 2238 4916">
    <p class='ocr_par' dir='ltr' id='par_1_50' title="bbox 652 4840 2238 4916">
     <span class='ocr_line' id='line_1_50' title="bbox 652 4840 2238 4916; baseline -0.001 -19"><span class='ocrx_word' id='word_1_379' title='bbox 652 4844 881 4916; x_wconf 77' lang='lat' dir='ltr'><strong>spicias,</strong></span> <span class='ocrx_word' id='word_1_380' title='bbox 908 4842 1003 4900; x_wconf 88' lang='lat' dir='ltr'><strong>sed</strong></span> <span class='ocrx_word' id='word_1_381' title='bbox 1032 4841 1099 4896; x_wconf 86' lang='lat' dir='ltr'><strong>ad</strong></span> <span class='ocrx_word' id='word_1_382' title='bbox 1127 4856 1465 4897; x_wconf 73' lang='lat' dir='ltr'><strong>communem</strong></span> <span class='ocrx_word' id='word_1_383' title='bbox 1491 4840 1728 4897; x_wconf 91' lang='lat' dir='ltr'><strong>omnium</strong></span> <span class='ocrx_word' id='word_1_384' title='bbox 1753 4845 2033 4902; x_wconf 74' lang='lat' dir='ltr'><strong>doctorem</strong></span> <span class='ocrx_word' id='word_1_385' title='bbox 2061 4847 2081 4877; x_wconf 85' lang='grc'><strong><em>²</em></strong></span> <span class='ocrx_word' id='word_1_386' title='bbox 2101 4887 2115 4910; x_wconf 86' lang='grc'><em>,</em></span> <span class='ocrx_word' id='word_1_387' title='bbox 2151 4846 2238 4915; x_wconf 88' lang='lat' dir='ltr'><strong>qui</strong></span> 
     </span>
    </p>
   </div>
   <div class='ocr_carea' id='block_1_51' title="bbox 669 4934 2241 5003">
    <p class='ocr_par' dir='ltr' id='par_1_51' title="bbox 669 4934 2241 5003">
     <span class='ocr_line' id='line_1_51' title="bbox 669 4934 2241 5003; baseline -0.001 -10"><span class='ocrx_word' id='word_1_388' title='bbox 669 4953 774 4994; x_wconf 89' lang='lat' dir='ltr'><strong>non</strong></span> <span class='ocrx_word' id='word_1_389' title='bbox 828 4935 1062 4993; x_wconf 81' lang='lat' dir='ltr'><strong>habebat</strong></span> <span class='ocrx_word' id='word_1_390' title='bbox 1104 4934 1193 4988; x_wconf 87' lang='lat' dir='ltr'><strong>tthi</strong></span> <span class='ocrx_word' id='word_1_391' title='bbox 1236 4944 1399 5003; x_wconf 84' lang='lat' dir='ltr'><strong>caput</strong></span> <span class='ocrx_word' id='word_1_392' title='bbox 1440 4950 1593 4990; x_wconf 85' lang='lat' dir='ltr'><strong>suum</strong></span> <span class='ocrx_word' id='word_1_393' title='bbox 1639 4935 1939 4991; x_wconf 81' lang='lat' dir='ltr'><strong>reclinaret.</strong></span> <span class='ocrx_word' id='word_1_394' title='bbox 1996 4937 2061 4990; x_wconf 85' lang='lat' dir='ltr'><strong>Et</strong></span> <span class='ocrx_word' id='word_1_395' title='bbox 2108 4954 2241 5003; x_wconf 85' lang='lat' dir='ltr'><strong>cur,</strong></span> 
     </span>
    </p>
   </div>
   <div class='ocr_carea' id='block_1_52' title="bbox 666 5026 2245 5102">
    <p class='ocr_par' dir='ltr' id='par_1_52' title="bbox 666 5026 2245 5102">
     <span class='ocr_line' id='line_1_52' title="bbox 666 5026 2245 5102; baseline 0 -17"><span class='ocrx_word' id='word_1_396' title='bbox 666 5029 896 5102; x_wconf 83' lang='lat' dir='ltr'><strong>inquies,</strong></span> <span class='ocrx_word' id='word_1_397' title='bbox 938 5027 1025 5083; x_wconf 85' lang='lat' dir='ltr'><strong>hic</strong></span> <span class='ocrx_word' id='word_1_398' title='bbox 1051 5037 1104 5082; x_wconf 91' lang='lat' dir='ltr'><strong>et</strong></span> <span class='ocrx_word' id='word_1_399' title='bbox 1132 5027 1224 5081; x_wconf 87' lang='lat' dir='ltr'><strong>ille</strong></span> <span class='ocrx_word' id='word_1_400' title='bbox 1250 5026 1353 5081; x_wconf 87' lang='lat' dir='ltr'><strong>hoc</strong></span> <span class='ocrx_word' id='word_1_401' title='bbox 1380 5043 1483 5080; x_wconf 87' lang='lat' dir='ltr'><strong>non</strong></span> <span class='ocrx_word' id='word_1_402' title='bbox 1522 5027 1762 5083; x_wconf 71' lang='lat' dir='ltr'><strong>faciunt!</strong></span> <span class='ocrx_word' id='word_1_403' title='bbox 1804 5028 1883 5083; x_wconf 85' lang='lat' dir='ltr'><strong>Ne</strong></span> <span class='ocrx_word' id='word_1_404' title='bbox 1921 5029 2245 5085; x_wconf 75' lang='lat' dir='ltr'><strong>condemnes</strong></span> 
     </span>
    </p>
   </div>
   <div class='ocr_carea' id='block_1_53' title="bbox 663 5117 2244 5187">
    <p class='ocr_par' dir='ltr' id='par_1_53' title="bbox 663 5117 2244 5187">
     <span class='ocr_line' id='line_1_53' title="bbox 663 5117 2244 5187; baseline 0 -14"><span class='ocrx_word' id='word_1_405' title='bbox 663 5121 849 5180; x_wconf 85' lang='lat' dir='ltr'><strong>alium,</strong></span> <span class='ocrx_word' id='word_1_406' title='bbox 877 5118 970 5174; x_wconf 85' lang='lat' dir='ltr'><strong>sed</strong></span> <span class='ocrx_word' id='word_1_407' title='bbox 1001 5117 1228 5186; x_wconf 85' lang='lat' dir='ltr'><strong>teipsum</strong></span> <span class='ocrx_word' id='word_1_408' title='bbox 1256 5119 1576 5171; x_wconf 87' lang='lat' dir='ltr'><strong>accusationi</strong></span> <span class='ocrx_word' id='word_1_409' title='bbox 1598 5118 1857 5173; x_wconf 78' lang='lat' dir='ltr'><strong>subtrahe</strong></span> <span class='ocrx_word' id='word_1_410' title='bbox 1882 5137 1893 5170; x_wconf 91' lang='lat'><strong>:</strong></span> <span class='ocrx_word' id='word_1_411' title='bbox 1925 5135 2046 5173; x_wconf 87' lang='lat' dir='ltr'><strong>nam</strong></span> <span class='ocrx_word' id='word_1_412' title='bbox 2076 5119 2244 5187; x_wconf 79' lang='lat' dir='ltr'><strong>majus</strong></span> 
     </span>
    </p>
   </div>
   <div class='ocr_carea' id='block_1_54' title="bbox 666 5209 2243 5280">
    <p class='ocr_par' dir='ltr' id='par_1_54' title="bbox 666 5209 2243 5280">
     <span class='ocr_line' id='line_1_54' title="bbox 666 5209 2243 5280; baseline -0.001 -17"><span class='ocrx_word' id='word_1_413' title='bbox 666 5211 981 5280; x_wconf 69' lang='lat' dir='ltr'><strong>supplicium</strong></span> <span class='ocrx_word' id='word_1_414' title='bbox 1036 5211 1159 5275; x_wconf 85' lang='lat' dir='ltr'><strong>erit,</strong></span> <span class='ocrx_word' id='word_1_415' title='bbox 1205 5209 1247 5262; x_wconf 88' lang='lat' dir='ltr'><strong>si</strong></span> <span class='ocrx_word' id='word_1_416' title='bbox 1296 5218 1519 5263; x_wconf 84' lang='lat' dir='ltr'><strong>ca-lcros</strong></span> <span class='ocrx_word' id='word_1_417' title='bbox 1567 5214 1927 5267; x_wconf 73' lang='lat' dir='ltr'><strong>arcusaveris.</strong></span> <span class='ocrx_word' id='word_1_418' title='bbox 1967 5225 2087 5263; x_wconf 87' lang='lat' dir='ltr'><strong>cum</strong></span> <span class='ocrx_word' id='word_1_419' title='bbox 2131 5210 2243 5277; x_wconf 72' lang='lat' dir='ltr'><strong>ipse</strong></span> 
     </span>
    </p>
   </div>
   <div class='ocr_carea' id='block_1_55' title="bbox 654 5301 2241 5373">
    <p class='ocr_par' dir='ltr' id='par_1_55' title="bbox 654 5301 2241 5373">
     <span class='ocr_line' id='line_1_55' title="bbox 654 5301 2241 5373; baseline -0.003 -12"><span class='ocrx_word' id='word_1_420' title='bbox 654 5322 773 5361; x_wconf 72' lang='lat' dir='ltr'><strong>mou</strong></span> <span class='ocrx_word' id='word_1_421' title='bbox 820 5304 1025 5369; x_wconf 70' lang='lat' dir='ltr'><strong>facias;</strong></span> <span class='ocrx_word' id='word_1_422' title='bbox 1070 5319 1189 5359; x_wconf 88' lang='lat' dir='ltr'><strong>cmn</strong></span> <span class='ocrx_word' id='word_1_423' title='bbox 1244 5302 1312 5358; x_wconf 84' lang='lat' dir='ltr'><strong>de</strong></span> <span class='ocrx_word' id='word_1_424' title='bbox 1352 5301 1473 5357; x_wconf 85' lang='lat' dir='ltr'><strong>aliis</strong></span> <span class='ocrx_word' id='word_1_425' title='bbox 1516 5302 1765 5373; x_wconf 83' lang='lat' dir='ltr'><strong>judicans</strong></span> <span class='ocrx_word' id='word_1_426' title='bbox 1810 5302 1983 5357; x_wconf 86' lang='lat' dir='ltr'><strong>cidem</strong></span> <span class='ocrx_word' id='word_1_427' title='bbox 2032 5302 2241 5357; x_wconf 88' lang='lat' dir='ltr'><strong>crimini</strong></span> 
     </span>
    </p>
   </div>
   <div class='ocr_carea' id='block_1_56' title="bbox 718 5473 2245 5536">
    <p class='ocr_par' dir='ltr' id='par_1_56' title="bbox 718 5473 2245 5536">
     <span class='ocr_line' id='line_1_56' title="bbox 718 5473 2245 5536; baseline 0.001 -10"><span class='ocrx_word' id='word_1_428' title='bbox 718 5481 746 5513; x_wconf 69' lang='grc' dir='ltr'><strong><em>οι</em></strong></span> <span class='ocrx_word' id='word_1_429' title='bbox 774 5486 899 5533; x_wconf 62' lang='lat' dir='ltr'><strong>ttae,</strong></span> <span class='ocrx_word' id='word_1_430' title='bbox 929 5488 985 5526; x_wconf 79' lang='lat' dir='ltr'><strong>ac</strong></span> <span class='ocrx_word' id='word_1_431' title='bbox 1020 5488 1190 5526; x_wconf 74' lang='lat' dir='ltr'><strong>rursus</strong></span> <span class='ocrx_word' id='word_1_432' title='bbox 1211 5474 1356 5527; x_wconf 78' lang='lat' dir='ltr'><strong>aliam</strong></span> <span class='ocrx_word' id='word_1_433' title='bbox 1393 5473 1661 5536; x_wconf 81' lang='lat' dir='ltr'><strong>decinmm,</strong></span> <span class='ocrx_word' id='word_1_434' title='bbox 1687 5474 1736 5524; x_wconf 89' lang='lat' dir='ltr'><strong>in</strong></span> <span class='ocrx_word' id='word_1_435' title='bbox 1762 5476 1922 5525; x_wconf 76' lang='lat' dir='ltr'><strong>Morel.</strong></span> <span class='ocrx_word' id='word_1_436' title='bbox 1961 5476 2245 5527; x_wconf 86' lang='lat' dir='ltr'><strong>omittuntur</strong></span> 
     </span>
    </p>
   </div>
   <div class='ocr_carea' id='block_1_57' title="bbox 665 5536 2247 5607">
    <p class='ocr_par' dir='ltr' id='par_1_57' title="bbox 665 5536 2247 5607">
     <span class='ocr_line' id='line_1_57' title="bbox 665 5536 2247 5607; baseline -0.002 -19"><span class='ocrx_word' id='word_1_437' title='bbox 665 5555 753 5607; x_wconf 74' lang='lat' dir='ltr'><strong>per</strong></span> <span class='ocrx_word' id='word_1_438' title='bbox 775 5537 1207 5607; x_wconf 61' lang='lat' dir='ltr'><strong>buutceoteleuton.</strong></span> <span class='ocrx_word' id='word_1_439' title='bbox 1230 5537 1550 5607; x_wconf 69' lang='lat' dir='ltr'><strong>Quodautem</strong></span> <span class='ocrx_word' id='word_1_440' title='bbox 1575 5538 1654 5587; x_wconf 84' lang='lat' dir='ltr'><strong>hic</strong></span> <span class='ocrx_word' id='word_1_441' title='bbox 1674 5536 2028 5607; x_wconf 78' lang='lat' dir='ltr'><strong>_dicit,_nempe</strong></span> <span class='ocrx_word' id='word_1_442' title='bbox 2064 5540 2247 5587; x_wconf 82' lang='lat' dir='ltr'><strong>scribas</strong></span> 
     </span>
    </p>
   </div>
   <div class='ocr_carea' id='block_1_58' title="bbox 668 5597 2244 5655">
    <p class='ocr_par' dir='ltr' id='par_1_58' title="bbox 668 5597 2244 5655">
     <span class='ocr_line' id='line_1_58' title="bbox 668 5597 2244 5655; baseline -0.001 -5"><span class='ocrx_word' id='word_1_443' title='bbox 668 5597 719 5651; x_wconf 65' lang='lat' dir='ltr'><strong>ist</strong></span> <span class='ocrx_word' id='word_1_444' title='bbox 742 5602 1007 5650; x_wconf 61' lang='lat' dir='ltr'><strong>Pharisaei):</strong></span> <span class='ocrx_word' id='word_1_445' title='bbox 1043 5599 1286 5649; x_wconf 68' lang='lat' dir='ltr'><strong>dimidiam</strong></span> <span class='ocrx_word' id='word_1_446' title='bbox 1329 5597 1534 5655; x_wconf 77' lang='lat' dir='ltr'><strong>singulis</strong></span> <span class='ocrx_word' id='word_1_447' title='bbox 1574 5599 1714 5648; x_wconf 83' lang='lat' dir='ltr'><strong>annis</strong></span> <span class='ocrx_word' id='word_1_448' title='bbox 1757 5597 2001 5649; x_wconf 84' lang='lat' dir='ltr'><strong>redituum</strong></span> <span class='ocrx_word' id='word_1_449' title='bbox 2045 5612 2244 5649; x_wconf 80' lang='lat' dir='ltr'><strong>suorum</strong></span> 
     </span>
    </p>
   </div>
   <div class='ocr_carea' id='block_1_59' title="bbox 663 5659 2242 5771">
    <p class='ocr_par' dir='ltr' id='par_1_59' title="bbox 663 5659 2242 5771">
     <span class='ocr_line' id='line_1_59' title="bbox 663 5659 2242 5771; baseline -0.001 -58"><span class='ocrx_word' id='word_1_450' title='bbox 663 5672 853 5771; x_wconf 65' lang='lat' dir='ltr'><strong>partem</strong></span> <span class='ocrx_word' id='word_1_451' title='bbox 874 5666 924 5734; x_wconf 69' lang='lat' dir='ltr'><strong>ia</strong></span> <span class='ocrx_word' id='word_1_452' title='bbox 941 5660 1300 5733; x_wconf 71' lang='lat' dir='ltr'><strong>eleuatusyatm</strong></span> <span class='ocrx_word' id='word_1_453' title='bbox 1316 5659 1544 5717; x_wconf 81' lang='lat' dir='ltr'><strong>dedisse,</strong></span> <span class='ocrx_word' id='word_1_454' title='bbox 1572 5661 1739 5710; x_wconf 85' lang='lat' dir='ltr'><strong>nescio</strong></span> <span class='ocrx_word' id='word_1_455' title='bbox 1772 5674 1832 5709; x_wconf 90' lang='lat' dir='ltr'><strong>an</strong></span> <span class='ocrx_word' id='word_1_456' title='bbox 1857 5662 2048 5723; x_wconf 83' lang='lat' dir='ltr'><strong>probari</strong></span> <span class='ocrx_word' id='word_1_457' title='bbox 2074 5664 2242 5723; x_wconf 84' lang='lat' dir='ltr'><strong>possit.</strong></span> 
     </span>
     <span class='ocr_line' id='line_1_60' title="bbox 713 5724 2096 5771; baseline 0 0"><span class='ocrx_word' id='word_1_458' title='bbox 713 5738 849 5771; x_wconf 83' lang='lat' dir='ltr'><strong>erum</strong></span> <span class='ocrx_word' id='word_1_459' title='bbox 873 5738 920 5771; x_wconf 92' lang='lat' dir='ltr'><strong>tn</strong></span> <span class='ocrx_word' id='word_1_460' title='bbox 944 5732 1261 5771; x_wconf 77' lang='lat' dir='ltr'><strong>conetonante</strong></span> <span class='ocrx_word' id='word_1_461' title='bbox 1278 5735 1371 5771; x_wconf 87' lang='lat' dir='ltr'><strong>uon</strong></span> <span class='ocrx_word' id='word_1_462' title='bbox 1397 5730 1525 5771; x_wconf 81' lang='lat' dir='ltr'><strong>tanta</strong></span> <span class='ocrx_word' id='word_1_463' title='bbox 1547 5724 1789 5771; x_wconf 81' lang='lat' dir='ltr'><strong>aeettratio</strong></span> <span class='ocrx_word' id='word_1_464' title='bbox 1812 5724 2096 5771; x_wconf 81' lang='lat' dir='ltr'><strong>nostulatur.</strong></span> 
     </span>
    </p>
   </div>
   <div class='ocr_carea' id='block_1_60' title="bbox 696 5724 2096 5786">
    <p class='ocr_par' dir='ltr' id='par_1_60' title="bbox 696 5724 2096 5786">
     <span class='ocr_line' id='line_1_61' title="bbox 696 5724 2096 5786; baseline -0.002 -13"><span class='ocrx_word' id='word_1_465' title='bbox 696 5726 849 5773; x_wconf 59' lang='lat' dir='ltr'><strong>Verum</strong></span> <span class='ocrx_word' id='word_1_466' title='bbox 873 5726 920 5772; x_wconf 89' lang='lat' dir='ltr'><strong>in</strong></span> <span class='ocrx_word' id='word_1_467' title='bbox 944 5726 1261 5773; x_wconf 80' lang='lat' dir='ltr'><strong>concionante</strong></span> <span class='ocrx_word' id='word_1_468' title='bbox 1278 5735 1371 5771; x_wconf 77' lang='lat' dir='ltr'><strong>non</strong></span> <span class='ocrx_word' id='word_1_469' title='bbox 1397 5724 1789 5786; x_wconf 11' lang='lat' dir='ltr'><strong>tantagaccttratio</strong></span> <span class='ocrx_word' id='word_1_470' title='bbox 1812 5724 2096 5786; x_wconf 75' lang='lat' dir='ltr'><strong>postulatur.</strong></span> 
     </span>
    </p>
   </div>
   <div class='ocr_carea' id='block_1_61' title="bbox 730 5784 2237 5837">
    <p class='ocr_par' dir='ltr' id='par_1_61' title="bbox 730 5784 2237 5837">
     <span class='ocr_line' id='line_1_62' title="bbox 730 5784 2237 5837; baseline -0.001 -4"><span class='ocrx_word' id='word_1_471' title='bbox 730 5788 751 5819; x_wconf 73' lang='grc' dir='ltr'>ι</span> <span class='ocrx_word' id='word_1_472' title='bbox 788 5786 895 5835; x_wconf 72' lang='grc' dir='ltr'><strong>ΑΜ.</strong></span> <span class='ocrx_word' id='word_1_473' title='bbox 919 5786 1002 5835; x_wconf 66' lang='lat' dir='ltr'><strong>sed</strong></span> <span class='ocrx_word' id='word_1_474' title='bbox 1019 5786 1087 5834; x_wconf 74' lang='lat' dir='ltr'><strong>ad</strong></span> <span class='ocrx_word' id='word_1_475' title='bbox 1104 5797 1397 5835; x_wconf 71' lang='lat' dir='ltr'><strong>commutent</strong></span> <span class='ocrx_word' id='word_1_476' title='bbox 1414 5784 1622 5835; x_wconf 77' lang='lat' dir='ltr'><strong>muniunt</strong></span> <span class='ocrx_word' id='word_1_477' title='bbox 1647 5784 1894 5836; x_wconf 77' lang='lat' dir='ltr'><strong>Lentitnnn</strong></span> <span class='ocrx_word' id='word_1_478' title='bbox 1918 5794 1961 5837; x_wconf 88' lang='lat' dir='ltr'><strong>ct</strong></span> <span class='ocrx_word' id='word_1_479' title='bbox 1982 5785 2071 5836; x_wconf 82' lang='lat' dir='ltr'><strong>doc</strong></span> <span class='ocrx_word' id='word_1_480' title='bbox 2088 5799 2237 5837; x_wconf 85' lang='lat' dir='ltr'><strong>orem.</strong></span> 
     </span>
    </p>
   </div>
   <div class='ocr_carea' id='block_1_62' title="bbox 1534 322 3333 383">
    <p class='ocr_par' dir='ltr' id='par_1_62' title="bbox 1534 322 3333 383">
     <span class='ocr_line' id='line_1_63' title="bbox 1534 322 3333 383; baseline 0.002 -7"><span class='ocrx_word' id='word_1_481' title='bbox 1534 326 1586 378; x_wconf 54' lang='grc' dir='ltr'><strong>ἃ.</strong></span> <span class='ocrx_word' id='word_1_482' title='bbox 1629 324 1905 380; x_wconf 72' lang='lat' dir='ltr'><strong>JOANNIS</strong></span> <span class='ocrx_word' id='word_1_483' title='bbox 1930 322 2403 380; x_wconf 63' lang='lat' dir='ltr'><strong>CIIRYSOSTUMI</strong></span> <span class='ocrx_word' id='word_1_484' title='bbox 2445 323 2756 380; x_wconf 71' lang='lat' dir='ltr'><strong>.tltClllEl‘.</strong></span> <span class='ocrx_word' id='word_1_485' title='bbox 2802 326 3333 383; x_wconf 63' lang='lat' dir='ltr'><strong>(ONS&#39;I‘ANTZNOP.</strong></span> 
     </span>
    </p>
   </div>
   <div class='ocr_carea' id='block_1_63' title="bbox 3873 331 3975 388">
    <p class='ocr_par' dir='ltr' id='par_1_63' title="bbox 3873 331 3975 388">
     <span class='ocr_line' id='line_1_64' title="bbox 3873 331 3975 388; baseline 0 -1"><span class='ocrx_word' id='word_1_486' title='bbox 3873 331 3975 388; x_wconf 79' lang='grc' dir='ltr'><strong>ϐιϐ</strong></span> 
     </span>
    </p>
   </div>
   <div class='ocr_carea' id='block_1_64' title="bbox 2394 441 3970 523">
    <p class='ocr_par' dir='ltr' id='par_1_64' title="bbox 2394 441 3970 523">
     <span class='ocr_line' id='line_1_65' title="bbox 2394 441 3970 523; baseline 0.008 -28"><span class='ocrx_word' id='word_1_487' title='bbox 2394 441 2511 510; x_wconf 86' lang='lat' dir='ltr'><strong>ipse</strong></span> <span class='ocrx_word' id='word_1_488' title='bbox 2557 441 2821 498; x_wconf 79' lang='lat' dir='ltr'><strong>obnoxius</strong></span> <span class='ocrx_word' id='word_1_489' title='bbox 2842 445 2969 500; x_wconf 85' lang='lat' dir='ltr'><strong>eris.</strong></span> <span class='ocrx_word' id='word_1_490' title='bbox 3021 444 3078 501; x_wconf 89' lang='lat' dir='ltr'><strong>Si</strong></span> <span class='ocrx_word' id='word_1_491' title='bbox 3105 447 3248 502; x_wconf 88' lang='lat' dir='ltr'><strong>enim</strong></span> <span class='ocrx_word' id='word_1_492' title='bbox 3280 463 3347 502; x_wconf 88' lang='lat' dir='ltr'><strong>ne</strong></span> <span class='ocrx_word' id='word_1_493' title='bbox 3384 447 3580 518; x_wconf 85' lang='lat' dir='ltr'><strong>probos</strong></span> <span class='ocrx_word' id='word_1_494' title='bbox 3607 449 3827 521; x_wconf 86' lang='lat' dir='ltr'><strong>quidem</strong></span> <span class='ocrx_word' id='word_1_495' title='bbox 3854 467 3970 523; x_wconf 83' lang='lat' dir='ltr'><strong>per-</strong></span> 
     </span>
    </p>
   </div>
   <div class='ocr_carea' id='block_1_65' title="bbox 2389 535 3966 615">
    <p class='ocr_par' dir='ltr' id='par_1_65' title="bbox 2389 535 3966 615">
     <span class='ocr_line' id='line_1_66' title="bbox 2389 535 3966 615; baseline 0.007 -26"><span class='ocrx_word' id='word_1_496' title='bbox 2389 535 2548 589; x_wconf 89' lang='lat' dir='ltr'><strong>mittit</strong></span> <span class='ocrx_word' id='word_1_497' title='bbox 2599 535 2666 589; x_wconf 88' lang='lat' dir='ltr'><strong>de</strong></span> <span class='ocrx_word' id='word_1_498' title='bbox 2723 535 2843 591; x_wconf 87' lang='lat' dir='ltr'><strong>aliis</strong></span> <span class='ocrx_word' id='word_1_499' title='bbox 2896 538 3168 607; x_wconf 76' lang='lat' dir='ltr'><strong>judicare,</strong></span> <span class='ocrx_word' id='word_1_500' title='bbox 3223 540 3392 595; x_wconf 91' lang='lat' dir='ltr'><strong>multo</strong></span> <span class='ocrx_word' id='word_1_501' title='bbox 3435 543 3614 597; x_wconf 88' lang='lat' dir='ltr'><strong>minus</strong></span> <span class='ocrx_word' id='word_1_502' title='bbox 3663 556 3966 615; x_wconf 77' lang='lat' dir='ltr'><strong>peccantes.</strong></span> 
     </span>
    </p>
   </div>
   <div class='ocr_carea' id='block_1_66' title="bbox 2386 624 3973 704">
    <p class='ocr_par' dir='ltr' id='par_1_66' title="bbox 2386 624 3973 704">
     <span class='ocr_line' id='line_1_67' title="bbox 2386 624 3973 704; baseline 0.006 -24"><span class='ocrx_word' id='word_1_503' title='bbox 2386 624 2464 680; x_wconf 82' lang='lat' dir='ltr'><strong>Ne</strong></span> <span class='ocrx_word' id='word_1_504' title='bbox 2494 626 2669 696; x_wconf 83' lang='lat' dir='ltr'><strong>itaque</strong></span> <span class='ocrx_word' id='word_1_505' title='bbox 2694 625 2761 680; x_wconf 89' lang='lat' dir='ltr'><strong>de</strong></span> <span class='ocrx_word' id='word_1_506' title='bbox 2789 626 2909 681; x_wconf 85' lang='lat' dir='ltr'><strong>aliis</strong></span> <span class='ocrx_word' id='word_1_507' title='bbox 2930 627 3253 697; x_wconf 68' lang='lat' dir='ltr'><strong>iudicemus,</strong></span> <span class='ocrx_word' id='word_1_508' title='bbox 3304 646 3372 687; x_wconf 88' lang='lat' dir='ltr'><strong>nc</strong></span> <span class='ocrx_word' id='word_1_509' title='bbox 3399 630 3465 686; x_wconf 88' lang='lat' dir='ltr'><strong>ad</strong></span> <span class='ocrx_word' id='word_1_510' title='bbox 3497 646 3689 702; x_wconf 69' lang='lat' dir='ltr'><strong>segnes</strong></span> <span class='ocrx_word' id='word_1_511' title='bbox 3721 633 3973 704; x_wconf 80' lang='lat' dir='ltr'><strong>respicis-</strong></span> 
     </span>
    </p>
   </div>
   <div class='ocr_carea' id='block_1_67' title="bbox 2387 718 3972 793">
    <p class='ocr_par' dir='ltr' id='par_1_67' title="bbox 2387 718 3972 793">
     <span class='ocr_line' id='line_1_68' title="bbox 2387 718 3972 793; baseline 0.007 -20"><span class='ocrx_word' id='word_1_512' title='bbox 2387 734 2541 786; x_wconf 88' lang='lat' dir='ltr'><strong>tnus,</strong></span> <span class='ocrx_word' id='word_1_513' title='bbox 2583 718 2678 775; x_wconf 87' lang='lat' dir='ltr'><strong>sed</strong></span> <span class='ocrx_word' id='word_1_514' title='bbox 2725 720 2793 775; x_wconf 90' lang='lat' dir='ltr'><strong>ad</strong></span> <span class='ocrx_word' id='word_1_515' title='bbox 2845 720 3129 777; x_wconf 87' lang='lat' dir='ltr'><strong>Dominum</strong></span> <span class='ocrx_word' id='word_1_516' title='bbox 3177 721 3364 778; x_wconf 82' lang='lat' dir='ltr'><strong>Jesum</strong></span> <span class='ocrx_word' id='word_1_517' title='bbox 3401 724 3700 793; x_wconf 87' lang='lat' dir='ltr'><strong>Christum,</strong></span> <span class='ocrx_word' id='word_1_518' title='bbox 3752 734 3811 783; x_wconf 85' lang='lat' dir='ltr'><strong>et</strong></span> <span class='ocrx_word' id='word_1_519' title='bbox 3852 727 3972 783; x_wconf 87' lang='lat' dir='ltr'><strong>inde</strong></span> 
     </span>
    </p>
   </div>
   <div class='ocr_carea' id='block_1_68' title="bbox 2385 810 3972 884">
    <p class='ocr_par' dir='ltr' id='par_1_68' title="bbox 2385 810 3972 884">
     <span class='ocr_line' id='line_1_69' title="bbox 2385 810 3972 884; baseline 0.008 -21"><span class='ocrx_word' id='word_1_520' title='bbox 2385 810 2684 879; x_wconf 71' lang='lat' dir='ltr'><strong>exemplum</strong></span> <span class='ocrx_word' id='word_1_521' title='bbox 2710 826 3004 868; x_wconf 86' lang='lat' dir='ltr'><strong>sumamus.</strong></span> <span class='ocrx_word' id='word_1_522' title='bbox 3034 811 3170 868; x_wconf 82' lang='lat' dir='ltr'><strong>Num</strong></span> <span class='ocrx_word' id='word_1_523' title='bbox 3211 828 3312 884; x_wconf 76' lang='lat' dir='ltr'><strong>ego</strong></span> <span class='ocrx_word' id='word_1_524' title='bbox 3357 823 3410 869; x_wconf 89' lang='lat' dir='ltr'><strong>te</strong></span> <span class='ocrx_word' id='word_1_525' title='bbox 3439 813 3718 871; x_wconf 78' lang='lat' dir='ltr'><strong>beneﬂciis</strong></span> <span class='ocrx_word' id='word_1_526' title='bbox 3739 819 3972 875; x_wconf 77' lang='lat' dir='ltr'><strong>ornavi?</strong></span> 
     </span>
    </p>
   </div>
   <div class='ocr_carea' id='block_1_69' title="bbox 2384 903 3969 981">
    <p class='ocr_par' dir='ltr' id='par_1_69' title="bbox 2384 903 3969 981">
     <span class='ocr_line' id='line_1_70' title="bbox 2384 903 3969 981; baseline 0.003 -24"><span class='ocrx_word' id='word_1_527' title='bbox 2384 919 2508 957; x_wconf 90' lang='lat' dir='ltr'><strong>nunt</strong></span> <span class='ocrx_word' id='word_1_528' title='bbox 2533 919 2633 972; x_wconf 94' lang='lat' dir='ltr'><strong>ego</strong></span> <span class='ocrx_word' id='word_1_529' title='bbox 2659 912 2712 960; x_wconf 90' lang='lat' dir='ltr'><strong>te</strong></span> <span class='ocrx_word' id='word_1_530' title='bbox 2739 903 2962 970; x_wconf 82' lang='lat' dir='ltr'><strong>redemi,</strong></span> <span class='ocrx_word' id='word_1_531' title='bbox 2990 915 3048 960; x_wconf 90' lang='lat' dir='ltr'><strong>ttt</strong></span> <span class='ocrx_word' id='word_1_532' title='bbox 3077 906 3143 961; x_wconf 87' lang='lat' dir='ltr'><strong>ad</strong></span> <span class='ocrx_word' id='word_1_533' title='bbox 3168 922 3252 960; x_wconf 92' lang='lat' dir='ltr'><strong>me</strong></span> <span class='ocrx_word' id='word_1_534' title='bbox 3278 906 3572 977; x_wconf 73' lang='lat' dir='ltr'><strong>respicias?</strong></span> <span class='ocrx_word' id='word_1_535' title='bbox 3601 909 3751 965; x_wconf 78' lang='lat' dir='ltr'><strong>Alius</strong></span> <span class='ocrx_word' id='word_1_536' title='bbox 3778 911 3969 981; x_wconf 85' lang='lat' dir='ltr'><strong>estqui</strong></span> 
     </span>
    </p>
   </div>
   <div class='ocr_carea' id='block_1_70' title="bbox 2384 991 3968 1066">
    <p class='ocr_par' dir='ltr' id='par_1_70' title="bbox 2384 991 3968 1066">
     <span class='ocr_line' id='line_1_71' title="bbox 2384 991 3968 1066; baseline 0.006 -21"><span class='ocrx_word' id='word_1_537' title='bbox 2384 991 2498 1046; x_wconf 78' lang='lat' dir='ltr'><strong>lure</strong></span> <span class='ocrx_word' id='word_1_538' title='bbox 2528 992 2619 1047; x_wconf 85' lang='lat' dir='ltr'><strong>tibi</strong></span> <span class='ocrx_word' id='word_1_539' title='bbox 2648 994 2825 1047; x_wconf 87' lang='lat' dir='ltr'><strong>omnia</strong></span> <span class='ocrx_word' id='word_1_540' title='bbox 2855 993 3074 1066; x_wconf 77' lang='lat' dir='ltr'><strong>largitus</strong></span> <span class='ocrx_word' id='word_1_541' title='bbox 3100 1004 3203 1051; x_wconf 82' lang='lat' dir='ltr'><strong>est.</strong></span> <span class='ocrx_word' id='word_1_542' title='bbox 3253 996 3360 1051; x_wconf 89' lang='lat' dir='ltr'><strong>Cur</strong></span> <span class='ocrx_word' id='word_1_543' title='bbox 3389 997 3576 1051; x_wconf 84' lang='lat' dir='ltr'><strong>relicto</strong></span> <span class='ocrx_word' id='word_1_544' title='bbox 3616 998 3865 1064; x_wconf 85' lang='lat' dir='ltr'><strong>Domino,</strong></span> <span class='ocrx_word' id='word_1_545' title='bbox 3905 1000 3968 1055; x_wconf 84' lang='lat' dir='ltr'><strong>ad</strong></span> 
     </span>
    </p>
   </div>
   <div class='ocr_carea' id='block_1_71' title="bbox 2380 1085 3971 1146">
    <p class='ocr_par' dir='ltr' id='par_1_71' title="bbox 2380 1085 3971 1146">
     <span class='ocr_line' id='line_1_72' title="bbox 2380 1085 3971 1146; baseline 0.004 -7"><span class='ocrx_word' id='word_1_546' title='bbox 2380 1098 2700 1140; x_wconf 84' lang='lat' dir='ltr'><strong>conservum</strong></span> <span class='ocrx_word' id='word_1_547' title='bbox 2751 1085 2912 1141; x_wconf 80' lang='lat' dir='ltr'><strong>vertis</strong></span> <span class='ocrx_word' id='word_1_548' title='bbox 2961 1086 3184 1141; x_wconf 80' lang='lat' dir='ltr'><strong>oculos?</strong></span> <span class='ocrx_word' id='word_1_549' title='bbox 3232 1085 3348 1143; x_wconf 79' lang='lat' dir='ltr'><strong>Non</strong></span> <span class='ocrx_word' id='word_1_550' title='bbox 3394 1089 3586 1144; x_wconf 83' lang='lat' dir='ltr'><strong>audisti</strong></span> <span class='ocrx_word' id='word_1_551' title='bbox 3632 1106 3753 1146; x_wconf 87' lang='lat' dir='ltr'><strong>eum</strong></span> <span class='ocrx_word' id='word_1_552' title='bbox 3783 1089 3971 1146; x_wconf 85' lang='lat' dir='ltr'><strong>dicen-</strong></span> 
     </span>
    </p>
   </div>
   <div class='ocr_carea' id='block_1_72' title="bbox 2381 1175 3967 1246">
    <p class='ocr_par' dir='ltr' id='par_1_72' title="bbox 2381 1175 3967 1246">
     <span class='ocr_line' id='line_1_73' title="bbox 2381 1175 3967 1246; baseline 0.006 -19"><span class='ocrx_word' id='word_1_553' title='bbox 2381 1182 2487 1227; x_wconf 78' lang='lat' dir='ltr'><strong>tem</strong></span> <span class='ocrx_word' id='word_1_554' title='bbox 2542 1194 2555 1227; x_wconf 88' lang='lat'><strong>:</strong></span> <span class='ocrx_word' id='word_1_555' title='bbox 2603 1175 2794 1230; x_wconf 79' lang='lat' dir='ltr'><strong>Discite</strong></span> <span class='ocrx_word' id='word_1_556' title='bbox 2833 1194 2865 1230; x_wconf 80' lang='grc' dir='ltr'><em>α</em></span> <span class='ocrx_word' id='word_1_557' title='bbox 2912 1194 2992 1232; x_wconf 79' lang='lat' dir='ltr'><strong>me</strong></span> <span class='ocrx_word' id='word_1_558' title='bbox 3035 1178 3156 1246; x_wconf 78' lang='lat' dir='ltr'><strong>quia</strong></span> <span class='ocrx_word' id='word_1_559' title='bbox 3204 1180 3341 1234; x_wconf 87' lang='lat' dir='ltr'><strong>mitis</strong></span> <span class='ocrx_word' id='word_1_560' title='bbox 3373 1195 3484 1241; x_wconf 78' lang='lat' dir='ltr'><strong>sunt</strong></span> <span class='ocrx_word' id='word_1_561' title='bbox 3514 1190 3560 1235; x_wconf 82' lang='lat' dir='ltr'><strong>et</strong></span> <span class='ocrx_word' id='word_1_562' title='bbox 3584 1183 3795 1235; x_wconf 76' lang='lat' dir='ltr'><strong>Immitis</strong></span> <span class='ocrx_word' id='word_1_563' title='bbox 3820 1183 3967 1236; x_wconf 61' lang='lat' dir='ltr'><strong>corde</strong></span> 
     </span>
    </p>
   </div>
   <div class='ocr_carea' id='block_1_73' title="bbox 2379 1264 3971 1339">
    <p class='ocr_par' dir='ltr' id='par_1_73' title="bbox 2379 1264 3971 1339">
     <span class='ocr_line' id='line_1_74' title="bbox 2379 1264 3971 1339; baseline 0.008 -22"><span class='ocrx_word' id='word_1_564' title='bbox 2379 1264 2592 1335; x_wconf 77' lang='lat' dir='ltr'><strong>(.lluttlt.</strong></span> <span class='ocrx_word' id='word_1_565' title='bbox 2617 1267 2703 1322; x_wconf 79' lang='lat' dir='ltr'><strong>it.</strong></span> <span class='ocrx_word' id='word_1_566' title='bbox 2728 1266 2862 1338; x_wconf 67' lang='lat'><strong>29)?</strong></span> <span class='ocrx_word' id='word_1_567' title='bbox 2890 1282 2953 1323; x_wconf 87' lang='lat' dir='ltr'><strong>ac</strong></span> <span class='ocrx_word' id='word_1_568' title='bbox 2976 1282 3209 1335; x_wconf 86' lang='lat' dir='ltr'><strong>rursum,</strong></span> <span class='ocrx_word' id='word_1_569' title='bbox 3244 1268 3345 1338; x_wconf 79' lang='lat' dir='ltr'><strong>Qui</strong></span> <span class='ocrx_word' id='word_1_570' title='bbox 3382 1272 3484 1324; x_wconf 77' lang='lat' dir='ltr'><strong>vult</strong></span> <span class='ocrx_word' id='word_1_571' title='bbox 3522 1272 3573 1326; x_wconf 87' lang='lat' dir='ltr'><strong>in</strong></span> <span class='ocrx_word' id='word_1_572' title='bbox 3611 1271 3747 1328; x_wconf 70' lang='lat' dir='ltr'><strong>vobis</strong></span> <span class='ocrx_word' id='word_1_573' title='bbox 3776 1276 3971 1339; x_wconf 82' lang='lat' dir='ltr'><strong>primus</strong></span> 
     </span>
    </p>
   </div>
   <div class='ocr_carea' id='block_1_74' title="bbox 2379 1358 3970 1428">
    <p class='ocr_par' dir='ltr' id='par_1_74' title="bbox 2379 1358 3970 1428">
     <span class='ocr_line' id='line_1_75' title="bbox 2379 1358 3970 1428; baseline 0.006 -18"><span class='ocrx_word' id='word_1_574' title='bbox 2379 1373 2503 1421; x_wconf 79' lang='lat' dir='ltr'><strong>esse,</strong></span> <span class='ocrx_word' id='word_1_575' title='bbox 2545 1358 2608 1413; x_wconf 87' lang='lat' dir='ltr'><strong>sit</strong></span> <span class='ocrx_word' id='word_1_576' title='bbox 2637 1359 2862 1413; x_wconf 83' lang='lat' dir='ltr'><strong>omnium</strong></span> <span class='ocrx_word' id='word_1_577' title='bbox 2904 1360 3179 1415; x_wconf 74' lang='lat' dir='ltr'><strong>minister?</strong></span> <span class='ocrx_word' id='word_1_578' title='bbox 3229 1372 3283 1417; x_wconf 81' lang='lat' dir='ltr'><strong>et</strong></span> <span class='ocrx_word' id='word_1_579' title='bbox 3322 1377 3556 1428; x_wconf 80' lang='lat' dir='ltr'><strong>rurSum,</strong></span> <span class='ocrx_word' id='word_1_580' title='bbox 3609 1364 3755 1419; x_wconf 77' lang='lat' dir='ltr'><strong>Sicut</strong></span> <span class='ocrx_word' id='word_1_581' title='bbox 3802 1364 3970 1419; x_wconf 77' lang='lat' dir='ltr'><strong>Filius</strong></span> 
     </span>
    </p>
   </div>
   <div class='ocr_carea' id='block_1_75' title="bbox 2378 1448 3964 1521">
    <p class='ocr_par' dir='ltr' id='par_1_75' title="bbox 2378 1448 3964 1521">
     <span class='ocr_line' id='line_1_76' title="bbox 2378 1448 3964 1521; baseline 0.006 -20"><span class='ocrx_word' id='word_1_582' title='bbox 2378 1448 2591 1501; x_wconf 79' lang='lat' dir='ltr'><strong>hominis</strong></span> <span class='ocrx_word' id='word_1_583' title='bbox 2634 1466 2735 1503; x_wconf 87' lang='lat' dir='ltr'><strong>non</strong></span> <span class='ocrx_word' id='word_1_584' title='bbox 2781 1451 2913 1503; x_wconf 67' lang='lat' dir='ltr'><strong>venit</strong></span> <span class='ocrx_word' id='word_1_585' title='bbox 2954 1451 3251 1517; x_wconf 83' lang='lat' dir='ltr'><strong>ministrari,</strong></span> <span class='ocrx_word' id='word_1_586' title='bbox 3294 1455 3385 1507; x_wconf 86' lang='lat' dir='ltr'><strong>scd</strong></span> <span class='ocrx_word' id='word_1_587' title='bbox 3429 1455 3716 1509; x_wconf 81' lang='lat' dir='ltr'><strong>ministrare</strong></span> <span class='ocrx_word' id='word_1_588' title='bbox 3746 1454 3964 1521; x_wconf 70' lang='lat' dir='ltr'><strong>(Matth.</strong></span> 
     </span>
    </p>
   </div>
   <div class='ocr_carea' id='block_1_76' title="bbox 2376 1536 3967 1610">
    <p class='ocr_par' dir='ltr' id='par_1_76' title="bbox 2376 1536 3967 1610">
     <span class='ocr_line' id='line_1_77' title="bbox 2376 1536 3967 1610; baseline 0.004 -19"><span class='ocrx_word' id='word_1_589' title='bbox 2376 1536 2465 1591; x_wconf 71' lang='grc'><strong>20.</strong></span> <span class='ocrx_word' id='word_1_590' title='bbox 2495 1538 2583 1591; x_wconf 69' lang='lat'><strong>26.</strong></span> <span class='ocrx_word' id='word_1_591' title='bbox 2616 1538 2749 1609; x_wconf 66' lang='lat'><strong>28)?</strong></span> <span class='ocrx_word' id='word_1_592' title='bbox 2792 1540 2867 1593; x_wconf 83' lang='lat' dir='ltr'><strong>Ac</strong></span> <span class='ocrx_word' id='word_1_593' title='bbox 2904 1550 3087 1610; x_wconf 78' lang='lat' dir='ltr'><strong>postea</strong></span> <span class='ocrx_word' id='word_1_594' title='bbox 3138 1556 3376 1607; x_wconf 87' lang='lat' dir='ltr'><strong>rursum,</strong></span> <span class='ocrx_word' id='word_1_595' title='bbox 3420 1558 3487 1599; x_wconf 88' lang='lat' dir='ltr'><strong>ne</strong></span> <span class='ocrx_word' id='word_1_596' title='bbox 3518 1544 3801 1599; x_wconf 78' lang='lat' dir='ltr'><strong>uﬂ&#39;ettdetts</strong></span> <span class='ocrx_word' id='word_1_597' title='bbox 3830 1560 3967 1601; x_wconf 83' lang='lat' dir='ltr'><strong>con-</strong></span> 
     </span>
    </p>
   </div>
   <div class='ocr_carea' id='block_1_77' title="bbox 2378 1631 3967 1702">
    <p class='ocr_par' dir='ltr' id='par_1_77' title="bbox 2378 1631 3967 1702">
     <span class='ocr_line' id='line_1_78' title="bbox 2378 1631 3967 1702; baseline 0.006 -20"><span class='ocrx_word' id='word_1_598' title='bbox 2378 1641 2563 1684; x_wconf 80' lang='lat' dir='ltr'><strong>servos</strong></span> <span class='ocrx_word' id='word_1_599' title='bbox 2609 1631 2808 1699; x_wconf 86' lang='lat' dir='ltr'><strong>pigros.</strong></span> <span class='ocrx_word' id='word_1_600' title='bbox 2855 1632 2908 1685; x_wconf 91' lang='lat' dir='ltr'><strong>in</strong></span> <span class='ocrx_word' id='word_1_601' title='bbox 2954 1632 3270 1702; x_wconf 83' lang='lat' dir='ltr'><strong>negligentia</strong></span> <span class='ocrx_word' id='word_1_602' title='bbox 3310 1634 3479 1701; x_wconf 87' lang='lat' dir='ltr'><strong>vivas,</strong></span> <span class='ocrx_word' id='word_1_603' title='bbox 3519 1635 3587 1689; x_wconf 80' lang='lat' dir='ltr'><strong>ab</strong></span> <span class='ocrx_word' id='word_1_604' title='bbox 3634 1637 3697 1690; x_wconf 78' lang='lat' dir='ltr'><strong>iis</strong></span> <span class='ocrx_word' id='word_1_605' title='bbox 3734 1647 3788 1692; x_wconf 89' lang='lat' dir='ltr'><strong>te</strong></span> <span class='ocrx_word' id='word_1_606' title='bbox 3837 1637 3967 1692; x_wconf 86' lang='lat' dir='ltr'><strong>abs-</strong></span> 
     </span>
    </p>
   </div>
   <div class='ocr_carea' id='block_1_78' title="bbox 2384 1722 3966 1795">
    <p class='ocr_par' dir='ltr' id='par_1_78' title="bbox 2384 1722 3966 1795">
     <span class='ocr_line' id='line_1_79' title="bbox 2384 1722 3966 1795; baseline 0.004 -19"><span class='ocrx_word' id='word_1_607' title='bbox 2384 1722 2599 1777; x_wconf 84' lang='lat' dir='ltr'><strong>traltetts</strong></span> <span class='ocrx_word' id='word_1_608' title='bbox 2642 1723 2713 1778; x_wconf 85' lang='lat' dir='ltr'><strong>ait</strong></span> <span class='ocrx_word' id='word_1_609' title='bbox 2744 1739 2759 1779; x_wconf 89' lang='lat'>:</span> <span class='ocrx_word' id='word_1_610' title='bbox 2814 1722 3119 1793; x_wconf 77' lang='lat' dir='ltr'><strong>Exemplum</strong></span> <span class='ocrx_word' id='word_1_611' title='bbox 3142 1724 3257 1778; x_wconf 82' lang='lat' dir='ltr'><strong>dedi</strong></span> <span class='ocrx_word' id='word_1_612' title='bbox 3284 1726 3420 1781; x_wconf 71' lang='lat' dir='ltr'><strong>vobis</strong></span> <span class='ocrx_word' id='word_1_613' title='bbox 3456 1731 3723 1795; x_wconf 68' lang='lat' dir='ltr'><strong>msipstnn,</strong></span> <span class='ocrx_word' id='word_1_614' title='bbox 3756 1740 3811 1783; x_wconf 71' lang='lat' dir='ltr'><strong>ut</strong></span> <span class='ocrx_word' id='word_1_615' title='bbox 3835 1730 3966 1784; x_wconf 76' lang='lat' dir='ltr'><strong>sicut</strong></span> 
     </span>
    </p>
   </div>
   <div class='ocr_carea' id='block_1_79' title="bbox 2375 1813 3967 1888">
    <p class='ocr_par' dir='ltr' id='par_1_79' title="bbox 2375 1813 3967 1888">
     <span class='ocr_line' id='line_1_80' title="bbox 2375 1813 3967 1888; baseline 0.006 -22"><span class='ocrx_word' id='word_1_616' title='bbox 2375 1828 2466 1883; x_wconf 72' lang='lat' dir='ltr'><strong>ego</strong></span> <span class='ocrx_word' id='word_1_617' title='bbox 2494 1814 2613 1882; x_wconf 80' lang='lat' dir='ltr'><strong>feci,</strong></span> <span class='ocrx_word' id='word_1_618' title='bbox 2657 1824 2703 1867; x_wconf 80' lang='lat' dir='ltr'><strong>et</strong></span> <span class='ocrx_word' id='word_1_619' title='bbox 2725 1829 2811 1868; x_wconf 82' lang='lat' dir='ltr'><strong>vos</strong></span> <span class='ocrx_word' id='word_1_620' title='bbox 2832 1814 3032 1883; x_wconf 75' lang='lat' dir='ltr'><strong>faciatis</strong></span> <span class='ocrx_word' id='word_1_621' title='bbox 3087 1813 3265 1885; x_wconf 81' lang='lat' dir='ltr'><strong>(Joan.</strong></span> <span class='ocrx_word' id='word_1_622' title='bbox 3300 1816 3390 1872; x_wconf 77' lang='lat' dir='ltr'><strong>i5.</strong></span> <span class='ocrx_word' id='word_1_623' title='bbox 3423 1817 3535 1888; x_wconf 77' lang='grc'><strong>15).</strong></span> <span class='ocrx_word' id='word_1_624' title='bbox 3572 1818 3677 1875; x_wconf 87' lang='lat' dir='ltr'><strong>Sed</strong></span> <span class='ocrx_word' id='word_1_625' title='bbox 3727 1836 3836 1875; x_wconf 77' lang='lat' dir='ltr'><strong>nun</strong></span> <span class='ocrx_word' id='word_1_626' title='bbox 3883 1830 3967 1876; x_wconf 86' lang='lat' dir='ltr'><strong>est</strong></span> 
     </span>
    </p>
   </div>
   <div class='ocr_carea' id='block_1_80' title="bbox 2377 1903 3963 1982">
    <p class='ocr_par' dir='ltr' id='par_1_80' title="bbox 2377 1903 3963 1982">
     <span class='ocr_line' id='line_1_81' title="bbox 2377 1903 3963 1982; baseline 0.008 -25"><span class='ocrx_word' id='word_1_627' title='bbox 2377 1903 2468 1957; x_wconf 86' lang='lat' dir='ltr'><strong>tibi</strong></span> <span class='ocrx_word' id='word_1_628' title='bbox 2500 1903 2754 1975; x_wconf 82' lang='lat' dir='ltr'><strong>magister</strong></span> <span class='ocrx_word' id='word_1_629' title='bbox 2780 1905 2916 1960; x_wconf 89' lang='lat' dir='ltr'><strong>ttlbts</strong></span> <span class='ocrx_word' id='word_1_630' title='bbox 2947 1904 3085 1961; x_wconf 89' lang='lat' dir='ltr'><strong>inter</strong></span> <span class='ocrx_word' id='word_1_631' title='bbox 3110 1909 3388 1971; x_wconf 86' lang='lat' dir='ltr'><strong>viventes,</strong></span> <span class='ocrx_word' id='word_1_632' title='bbox 3442 1911 3532 1980; x_wconf 93' lang='lat' dir='ltr'><strong>qui</strong></span> <span class='ocrx_word' id='word_1_633' title='bbox 3578 1920 3631 1965; x_wconf 90' lang='lat' dir='ltr'><strong>te</strong></span> <span class='ocrx_word' id='word_1_634' title='bbox 3675 1913 3849 1982; x_wconf 86' lang='lat' dir='ltr'><strong>possit</strong></span> <span class='ocrx_word' id='word_1_635' title='bbox 3898 1914 3963 1969; x_wconf 83' lang='lat' dir='ltr'><strong>ad</strong></span> 
     </span>
    </p>
   </div>
   <div class='ocr_carea' id='block_1_81' title="bbox 2375 1996 3963 2077">
    <p class='ocr_par' dir='ltr' id='par_1_81' title="bbox 2375 1996 3963 2077">
     <span class='ocr_line' id='line_1_82' title="bbox 2375 1996 3963 2077; baseline 0.004 -27"><span class='ocrx_word' id='word_1_636' title='bbox 2375 2012 2491 2050; x_wconf 84' lang='lat' dir='ltr'><strong>eam</strong></span> <span class='ocrx_word' id='word_1_637' title='bbox 2536 2013 2647 2053; x_wconf 78' lang='lat' dir='ltr'><strong>rem</strong></span> <span class='ocrx_word' id='word_1_638' title='bbox 2678 1996 2981 2053; x_wconf 85' lang='lat' dir='ltr'><strong>deducere?</strong></span> <span class='ocrx_word' id='word_1_639' title='bbox 3022 1998 3187 2068; x_wconf 81' lang='lat' dir='ltr'><strong>Major</strong></span> <span class='ocrx_word' id='word_1_640' title='bbox 3210 2015 3340 2071; x_wconf 88' lang='lat' dir='ltr'><strong>ergo</strong></span> <span class='ocrx_word' id='word_1_641' title='bbox 3372 2001 3464 2057; x_wconf 86' lang='lat' dir='ltr'><strong>tibi</strong></span> <span class='ocrx_word' id='word_1_642' title='bbox 3494 2003 3611 2058; x_wconf 77' lang='lat' dir='ltr'><strong>laus</strong></span> <span class='ocrx_word' id='word_1_643' title='bbox 3639 2005 3744 2059; x_wconf 84' lang='lat' dir='ltr'><strong>erit</strong></span> <span class='ocrx_word' id='word_1_644' title='bbox 3764 2016 3823 2061; x_wconf 90' lang='lat' dir='ltr'><strong>et</strong></span> <span class='ocrx_word' id='word_1_645' title='bbox 3848 2005 3963 2077; x_wconf 78' lang='lat' dir='ltr'><strong>glu-</strong></span> 
     </span>
    </p>
   </div>
   <div class='ocr_carea' id='block_1_82' title="bbox 2371 2088 3960 2165">
    <p class='ocr_par' dir='ltr' id='par_1_82' title="bbox 2371 2088 3960 2165">
     <span class='ocr_line' id='line_1_83' title="bbox 2371 2088 3960 2165; baseline 0.006 -23"><span class='ocrx_word' id='word_1_646' title='bbox 2371 2088 2471 2153; x_wconf 89' lang='lat' dir='ltr'><strong>ria,</strong></span> <span class='ocrx_word' id='word_1_647' title='bbox 2516 2089 2657 2157; x_wconf 83' lang='lat' dir='ltr'><strong>quod</strong></span> <span class='ocrx_word' id='word_1_648' title='bbox 2706 2089 2823 2144; x_wconf 91' lang='lat' dir='ltr'><strong>sine</strong></span> <span class='ocrx_word' id='word_1_649' title='bbox 2861 2089 3085 2145; x_wconf 89' lang='lat' dir='ltr'><strong>doctore</strong></span> <span class='ocrx_word' id='word_1_650' title='bbox 3130 2090 3391 2147; x_wconf 88' lang='lat' dir='ltr'><strong>mirabilis</strong></span> <span class='ocrx_word' id='word_1_651' title='bbox 3442 2094 3681 2149; x_wconf 77' lang='lat' dir='ltr'><strong>evaseris</strong></span> <span class='ocrx_word' id='word_1_652' title='bbox 3722 2112 3735 2149; x_wconf 93' lang='lat'><strong>:</strong></span> <span class='ocrx_word' id='word_1_653' title='bbox 3785 2107 3960 2165; x_wconf 80' lang='lat' dir='ltr'><strong>potest</strong></span> 
     </span>
    </p>
   </div>
   <div class='ocr_carea' id='block_1_83' title="bbox 2369 2180 3963 2257">
    <p class='ocr_par' dir='ltr' id='par_1_83' title="bbox 2369 2180 3963 2257">
     <span class='ocr_line' id='line_1_84' title="bbox 2369 2180 3963 2257; baseline 0.004 -22"><span class='ocrx_word' id='word_1_654' title='bbox 2369 2180 2509 2235; x_wconf 86' lang='lat' dir='ltr'><strong>enim</strong></span> <span class='ocrx_word' id='word_1_655' title='bbox 2540 2180 2667 2235; x_wconf 87' lang='lat' dir='ltr'><strong>illud</strong></span> <span class='ocrx_word' id='word_1_656' title='bbox 2697 2180 2835 2243; x_wconf 78' lang='lat' dir='ltr'><strong>ﬁeri,</strong></span> <span class='ocrx_word' id='word_1_657' title='bbox 2865 2191 2919 2237; x_wconf 88' lang='lat' dir='ltr'><strong>et</strong></span> <span class='ocrx_word' id='word_1_658' title='bbox 2944 2181 3158 2253; x_wconf 87' lang='lat' dir='ltr'><strong>quidem</strong></span> <span class='ocrx_word' id='word_1_659' title='bbox 3190 2183 3363 2249; x_wconf 81' lang='lat' dir='ltr'><strong>facile,</strong></span> <span class='ocrx_word' id='word_1_660' title='bbox 3393 2184 3437 2238; x_wconf 90' lang='lat' dir='ltr'><strong>si</strong></span> <span class='ocrx_word' id='word_1_661' title='bbox 3463 2185 3709 2250; x_wconf 80' lang='lat' dir='ltr'><strong>velimus,</strong></span> <span class='ocrx_word' id='word_1_662' title='bbox 3748 2186 3963 2257; x_wconf 38' lang='lat' dir='ltr'><strong>ut&#39;proc</strong></span> 
     </span>
    </p>
   </div>
   <div class='ocr_carea' id='block_1_84' title="bbox 2370 2271 3959 2345">
    <p class='ocr_par' dir='ltr' id='par_1_84' title="bbox 2370 2271 3959 2345">
     <span class='ocr_line' id='line_1_85' title="bbox 2370 2271 3959 2345; baseline 0.005 -18"><span class='ocrx_word' id='word_1_663' title='bbox 2370 2271 2527 2327; x_wconf 83' lang='lat' dir='ltr'><strong>batur</strong></span> <span class='ocrx_word' id='word_1_664' title='bbox 2576 2288 2644 2329; x_wconf 77' lang='lat' dir='ltr'><strong>ex</strong></span> <span class='ocrx_word' id='word_1_665' title='bbox 2686 2273 2750 2328; x_wconf 81' lang='lat' dir='ltr'><strong>iis</strong></span> <span class='ocrx_word' id='word_1_666' title='bbox 2802 2273 2891 2343; x_wconf 87' lang='lat' dir='ltr'><strong>qui</strong></span> <span class='ocrx_word' id='word_1_667' title='bbox 2941 2274 3099 2343; x_wconf 91' lang='lat' dir='ltr'><strong>primi</strong></span> <span class='ocrx_word' id='word_1_668' title='bbox 3146 2274 3197 2329; x_wconf 91' lang='lat' dir='ltr'><strong>id</strong></span> <span class='ocrx_word' id='word_1_669' title='bbox 3250 2276 3608 2345; x_wconf 73' lang='lat' dir='ltr'><strong>perfecerunt,</strong></span> <span class='ocrx_word' id='word_1_670' title='bbox 3660 2288 3719 2332; x_wconf 90' lang='lat' dir='ltr'><strong>ut</strong></span> <span class='ocrx_word' id='word_1_671' title='bbox 3764 2278 3959 2345; x_wconf 79' lang='lat' dir='ltr'><strong>Noe‘,</strong></span> 
     </span>
    </p>
   </div>
   <div class='ocr_carea' id='block_1_85' title="bbox 2369 2361 3959 2437">
    <p class='ocr_par' dir='ltr' id='par_1_85' title="bbox 2369 2361 3959 2437">
     <span class='ocr_line' id='line_1_86' title="bbox 2369 2361 3959 2437; baseline 0.006 -21"><span class='ocrx_word' id='word_1_672' title='bbox 2369 2361 2673 2429; x_wconf 84' lang='lat' dir='ltr'><strong>Abraham,</strong></span> <span class='ocrx_word' id='word_1_673' title='bbox 2730 2363 3113 2432; x_wconf 77' lang='lat' dir='ltr'><strong>Melcltisedec,</strong></span> <span class='ocrx_word' id='word_1_674' title='bbox 3168 2365 3300 2428; x_wconf 82' lang='lat' dir='ltr'><strong>Joh,</strong></span> <span class='ocrx_word' id='word_1_675' title='bbox 3355 2367 3553 2437; x_wconf 89' lang='lat' dir='ltr'><strong>aliique</strong></span> <span class='ocrx_word' id='word_1_676' title='bbox 3599 2369 3664 2424; x_wconf 89' lang='lat' dir='ltr'><strong>iis</strong></span> <span class='ocrx_word' id='word_1_677' title='bbox 3714 2371 3959 2433; x_wconf 82' lang='lat' dir='ltr'><strong>similes.</strong></span> 
     </span>
    </p>
   </div>
   <div class='ocr_carea' id='block_1_86' title="bbox 2373 2456 3961 2528">
    <p class='ocr_par' dir='ltr' id='par_1_86' title="bbox 2373 2456 3961 2528">
     <span class='ocr_line' id='line_1_87' title="bbox 2373 2456 3961 2528; baseline 0.007 -21"><span class='ocrx_word' id='word_1_678' title='bbox 2373 2469 2508 2523; x_wconf 89' lang='lat' dir='ltr'><strong>quos</strong></span> <span class='ocrx_word' id='word_1_679' title='bbox 2538 2468 2716 2525; x_wconf 64' lang='lat' dir='ltr'><strong>opera!</strong></span> <span class='ocrx_word' id='word_1_680' title='bbox 2744 2456 2974 2525; x_wconf 87' lang='lat' dir='ltr'><strong>pretium</strong></span> <span class='ocrx_word' id='word_1_681' title='bbox 3008 2466 3092 2511; x_wconf 85' lang='lat' dir='ltr'><strong>est</strong></span> <span class='ocrx_word' id='word_1_682' title='bbox 3116 2457 3353 2526; x_wconf 75' lang='lat' dir='ltr'><strong>quotidie</strong></span> <span class='ocrx_word' id='word_1_683' title='bbox 3377 2460 3643 2528; x_wconf 78' lang='lat' dir='ltr'><strong>respicere</strong></span> <span class='ocrx_word' id='word_1_684' title='bbox 3668 2478 3683 2525; x_wconf 85' lang='lat'><strong>;</strong></span> <span class='ocrx_word' id='word_1_685' title='bbox 3724 2461 3823 2517; x_wconf 90' lang='lat' dir='ltr'><strong>sed</strong></span> <span class='ocrx_word' id='word_1_686' title='bbox 3855 2479 3961 2518; x_wconf 85' lang='lat' dir='ltr'><strong>non</strong></span> 
     </span>
    </p>
   </div>
   <div class='ocr_carea' id='block_1_87' title="bbox 2366 2549 3962 2618">
    <p class='ocr_par' dir='ltr' id='par_1_87' title="bbox 2366 2549 3962 2618">
     <span class='ocr_line' id='line_1_88' title="bbox 2366 2549 3962 2618; baseline 0.004 -17"><span class='ocrx_word' id='word_1_687' title='bbox 2366 2562 2462 2601; x_wconf 82' lang='lat' dir='ltr'><strong>eos</strong></span> <span class='ocrx_word' id='word_1_688' title='bbox 2504 2562 2637 2618; x_wconf 88' lang='lat' dir='ltr'><strong>quos</strong></span> <span class='ocrx_word' id='word_1_689' title='bbox 2670 2564 2890 2617; x_wconf 85' lang='lat' dir='ltr'><strong>semper</strong></span> <span class='ocrx_word' id='word_1_690' title='bbox 2934 2549 3279 2611; x_wconf 83' lang='lat' dir='ltr'><strong>:etnulantiui.</strong></span> <span class='ocrx_word' id='word_1_691' title='bbox 3327 2560 3382 2605; x_wconf 91' lang='lat' dir='ltr'><strong>et</strong></span> <span class='ocrx_word' id='word_1_692' title='bbox 3419 2550 3472 2605; x_wconf 91' lang='lat' dir='ltr'><strong>in</strong></span> <span class='ocrx_word' id='word_1_693' title='bbox 3502 2551 3731 2607; x_wconf 73' lang='lat' dir='ltr'><strong>cmtibus</strong></span> <span class='ocrx_word' id='word_1_694' title='bbox 3765 2557 3962 2610; x_wconf 78' lang='lat' dir='ltr'><strong>vestris</strong></span> 
     </span>
    </p>
   </div>
   <div class='ocr_carea' id='block_1_88' title="bbox 2364 2637 3961 2716">
    <p class='ocr_par' dir='ltr' id='par_1_88' title="bbox 2364 2637 3961 2716">
     <span class='ocr_line' id='line_1_89' title="bbox 2364 2637 3961 2716; baseline 0.006 -24"><span class='ocrx_word' id='word_1_695' title='bbox 2364 2637 2745 2695; x_wconf 80' lang='lat' dir='ltr'><strong>circumfertis.</strong></span> <span class='ocrx_word' id='word_1_696' title='bbox 2806 2640 2946 2695; x_wconf 87' lang='lat' dir='ltr'><strong>Niltil</strong></span> <span class='ocrx_word' id='word_1_697' title='bbox 2977 2641 3122 2694; x_wconf 89' lang='lat' dir='ltr'><strong>enim</strong></span> <span class='ocrx_word' id='word_1_698' title='bbox 3163 2638 3305 2695; x_wconf 86' lang='lat' dir='ltr'><strong>aliud</strong></span> <span class='ocrx_word' id='word_1_699' title='bbox 3336 2640 3531 2714; x_wconf 88' lang='lat' dir='ltr'><strong>ubique</strong></span> <span class='ocrx_word' id='word_1_700' title='bbox 3568 2641 3752 2713; x_wconf 86' lang='lat' dir='ltr'><strong>audio,</strong></span> <span class='ocrx_word' id='word_1_701' title='bbox 3796 2660 3961 2716; x_wconf 86' lang='lat' dir='ltr'><strong>quam</strong></span> 
     </span>
    </p>
   </div>
   <div class='ocr_carea' id='block_1_89' title="bbox 2364 2729 3960 2805">
    <p class='ocr_par' dir='ltr' id='par_1_89' title="bbox 2364 2729 3960 2805">
     <span class='ocr_line' id='line_1_90' title="bbox 2364 2729 3960 2805; baseline 0.004 -21"><span class='ocrx_word' id='word_1_702' title='bbox 2364 2729 2479 2785; x_wconf 81' lang='lat' dir='ltr'><strong>lucc</strong></span> <span class='ocrx_word' id='word_1_703' title='bbox 2525 2731 2685 2785; x_wconf 86' lang='lat' dir='ltr'><strong>verba</strong></span> <span class='ocrx_word' id='word_1_704' title='bbox 2722 2750 2736 2786; x_wconf 91' lang='lat'><strong>:</strong></span> <span class='ocrx_word' id='word_1_705' title='bbox 2768 2730 2863 2787; x_wconf 86' lang='lat' dir='ltr'><strong>Ille</strong></span> <span class='ocrx_word' id='word_1_706' title='bbox 2909 2742 2987 2787; x_wconf 93' lang='lat' dir='ltr'><strong>tot</strong></span> <span class='ocrx_word' id='word_1_707' title='bbox 3025 2741 3079 2787; x_wconf 89' lang='lat' dir='ltr'><strong>et</strong></span> <span class='ocrx_word' id='word_1_708' title='bbox 3118 2741 3193 2787; x_wconf 91' lang='lat' dir='ltr'><strong>tot</strong></span> <span class='ocrx_word' id='word_1_709' title='bbox 3236 2731 3425 2804; x_wconf 83' lang='lat' dir='ltr'><strong>jugera</strong></span> <span class='ocrx_word' id='word_1_710' title='bbox 3471 2744 3631 2789; x_wconf 75' lang='lat' dir='ltr'><strong>terra:</strong></span> <span class='ocrx_word' id='word_1_711' title='bbox 3673 2736 3960 2805; x_wconf 88' lang='lat' dir='ltr'><strong>possidet,</strong></span> 
     </span>
    </p>
   </div>
   <div class='ocr_carea' id='block_1_90' title="bbox 2361 2821 3963 2888">
    <p class='ocr_par' dir='ltr' id='par_1_90' title="bbox 2361 2821 3963 2888">
     <span class='ocr_line' id='line_1_91' title="bbox 2361 2821 3963 2888; baseline 0.006 -13"><span class='ocrx_word' id='word_1_712' title='bbox 2361 2821 2449 2877; x_wconf 87' lang='lat' dir='ltr'><strong>ille</strong></span> <span class='ocrx_word' id='word_1_713' title='bbox 2476 2821 2627 2879; x_wconf 88' lang='lat' dir='ltr'><strong>dives</strong></span> <span class='ocrx_word' id='word_1_714' title='bbox 2650 2832 2755 2888; x_wconf 86' lang='lat' dir='ltr'><strong>est,</strong></span> <span class='ocrx_word' id='word_1_715' title='bbox 2788 2822 2877 2878; x_wconf 91' lang='lat' dir='ltr'><strong>ille</strong></span> <span class='ocrx_word' id='word_1_716' title='bbox 2902 2822 3127 2878; x_wconf 78' lang='lat' dir='ltr'><strong>:cdilicia</strong></span> <span class='ocrx_word' id='word_1_717' title='bbox 3156 2824 3441 2880; x_wconf 84' lang='lat' dir='ltr'><strong>construit.</strong></span> <span class='ocrx_word' id='word_1_718' title='bbox 3486 2823 3599 2882; x_wconf 87' lang='lat' dir='ltr'><strong>Cur</strong></span> <span class='ocrx_word' id='word_1_719' title='bbox 3626 2825 3693 2880; x_wconf 85' lang='lat' dir='ltr'><strong>ad</strong></span> <span class='ocrx_word' id='word_1_720' title='bbox 3722 2836 3963 2885; x_wconf 78' lang='lat' dir='ltr'><strong>externa</strong></span> 
     </span>
    </p>
   </div>
   <div class='ocr_carea' id='block_1_91' title="bbox 2361 2908 3958 2995">
    <p class='ocr_par' dir='ltr' id='par_1_91' title="bbox 2361 2908 3958 2995">
     <span class='ocr_line' id='line_1_92' title="bbox 2361 2908 3958 2995; baseline 0.009 -31"><span class='ocrx_word' id='word_1_721' title='bbox 2361 2908 2563 2977; x_wconf 88' lang='lat' dir='ltr'><strong>inbias,</strong></span> <span class='ocrx_word' id='word_1_722' title='bbox 2589 2924 2623 2963; x_wconf 94' lang='lat' dir='ltr'><strong>o</strong></span> <span class='ocrx_word' id='word_1_723' title='bbox 2648 2910 2837 2965; x_wconf 85' lang='lat' dir='ltr'><strong>homo?</strong></span> <span class='ocrx_word' id='word_1_724' title='bbox 2860 2926 2957 2965; x_wconf 89' lang='lat' dir='ltr'><strong>cur</strong></span> <span class='ocrx_word' id='word_1_725' title='bbox 2977 2912 3114 2966; x_wconf 86' lang='lat' dir='ltr'><strong>alios</strong></span> <span class='ocrx_word' id='word_1_726' title='bbox 3140 2914 3403 2984; x_wconf 74' lang='lat' dir='ltr'><strong>respicis?</strong></span> <span class='ocrx_word' id='word_1_727' title='bbox 3427 2914 3483 2970; x_wconf 87' lang='lat' dir='ltr'><strong>Si</strong></span> <span class='ocrx_word' id='word_1_728' title='bbox 3509 2918 3590 2974; x_wconf 89' lang='lat' dir='ltr'><strong>vis</strong></span> <span class='ocrx_word' id='word_1_729' title='bbox 3612 2918 3751 2976; x_wconf 86' lang='lat' dir='ltr'><strong>alios</strong></span> <span class='ocrx_word' id='word_1_730' title='bbox 3778 2922 3958 2995; x_wconf 81' lang='lat' dir='ltr'><strong>respi-</strong></span> 
     </span>
    </p>
   </div>
   <div class='ocr_carea' id='block_1_92' title="bbox 2360 3001 3955 3080">
    <p class='ocr_par' dir='ltr' id='par_1_92' title="bbox 2360 3001 3955 3080">
     <span class='ocr_line' id='line_1_93' title="bbox 2360 3001 3955 3080; baseline 0.018 -32"><span class='ocrx_word' id='word_1_731' title='bbox 2360 3016 2503 3067; x_wconf 75' lang='lat' dir='ltr'><strong>cere,</strong></span> <span class='ocrx_word' id='word_1_732' title='bbox 2541 3001 2740 3072; x_wconf 86' lang='lat' dir='ltr'><strong>probos</strong></span> <span class='ocrx_word' id='word_1_733' title='bbox 2772 3010 2826 3058; x_wconf 86' lang='lat' dir='ltr'><strong>et</strong></span> <span class='ocrx_word' id='word_1_734' title='bbox 2856 3002 3095 3059; x_wconf 78' lang='lat' dir='ltr'><strong>illustres</strong></span> <span class='ocrx_word' id='word_1_735' title='bbox 3124 3005 3269 3061; x_wconf 89' lang='lat' dir='ltr'><strong>viros</strong></span> <span class='ocrx_word' id='word_1_736' title='bbox 3299 3006 3608 3075; x_wconf 88' lang='lat' dir='ltr'><strong>considera,</strong></span> <span class='ocrx_word' id='word_1_737' title='bbox 3642 3011 3736 3080; x_wconf 88' lang='lat' dir='ltr'><strong>qui</strong></span> <span class='ocrx_word' id='word_1_738' title='bbox 3778 3020 3955 3071; x_wconf 75' lang='lat' dir='ltr'><strong>tatam</strong></span> 
     </span>
    </p>
   </div>
   <div class='ocr_carea' id='block_1_93' title="bbox 2360 3092 3960 3171">
    <p class='ocr_par' dir='ltr' id='par_1_93' title="bbox 2360 3092 3960 3171">
     <span class='ocr_line' id='line_1_94' title="bbox 2360 3092 3960 3171; baseline 0.009 -23"><span class='ocrx_word' id='word_1_739' title='bbox 2360 3092 2531 3164; x_wconf 81' lang='lat' dir='ltr'><strong>legem</strong></span> <span class='ocrx_word' id='word_1_740' title='bbox 2551 3103 2807 3151; x_wconf 78' lang='lat' dir='ltr'><strong>accurate</strong></span> <span class='ocrx_word' id='word_1_741' title='bbox 2826 3103 3069 3149; x_wconf 85' lang='lat' dir='ltr'><strong>servant:</strong></span> <span class='ocrx_word' id='word_1_742' title='bbox 3095 3110 3201 3150; x_wconf 86' lang='lat' dir='ltr'><strong>non</strong></span> <span class='ocrx_word' id='word_1_743' title='bbox 3223 3106 3404 3152; x_wconf 87' lang='lat' dir='ltr'><strong>autem</strong></span> <span class='ocrx_word' id='word_1_744' title='bbox 3428 3114 3523 3155; x_wconf 87' lang='lat' dir='ltr'><strong>eos</strong></span> <span class='ocrx_word' id='word_1_745' title='bbox 3544 3102 3638 3171; x_wconf 90' lang='lat' dir='ltr'><strong>qui</strong></span> <span class='ocrx_word' id='word_1_746' title='bbox 3667 3103 3818 3159; x_wconf 88' lang='lat' dir='ltr'><strong>illam</strong></span> <span class='ocrx_word' id='word_1_747' title='bbox 3843 3107 3960 3163; x_wconf 86' lang='lat' dir='ltr'><strong>vio-</strong></span> 
     </span>
    </p>
   </div>
   <div class='ocr_carea' id='block_1_94' title="bbox 2358 3185 3958 3268">
    <p class='ocr_par' dir='ltr' id='par_1_94' title="bbox 2358 3185 3958 3268">
     <span class='ocr_line' id='line_1_95' title="bbox 2358 3185 3958 3268; baseline 0.008 -26"><span class='ocrx_word' id='word_1_748' title='bbox 2358 3185 2473 3243; x_wconf 84' lang='lat' dir='ltr'><strong>lant</strong></span> <span class='ocrx_word' id='word_1_749' title='bbox 2492 3195 2688 3243; x_wconf 86' lang='lat' dir='ltr'><strong>etcum</strong></span> <span class='ocrx_word' id='word_1_750' title='bbox 2709 3187 2975 3243; x_wconf 86' lang='lat' dir='ltr'><strong>dedecore</strong></span> <span class='ocrx_word' id='word_1_751' title='bbox 2996 3188 3208 3245; x_wconf 84' lang='lat' dir='ltr'><strong>vivunt:</strong></span> <span class='ocrx_word' id='word_1_752' title='bbox 3233 3205 3356 3245; x_wconf 87' lang='lat' dir='ltr'><strong>nam</strong></span> <span class='ocrx_word' id='word_1_753' title='bbox 3377 3191 3423 3247; x_wconf 88' lang='lat' dir='ltr'><strong>si</strong></span> <span class='ocrx_word' id='word_1_754' title='bbox 3445 3192 3512 3247; x_wconf 88' lang='lat' dir='ltr'><strong>ad</strong></span> <span class='ocrx_word' id='word_1_755' title='bbox 3528 3193 3640 3248; x_wconf 71' lang='lat' dir='ltr'><strong>bos</strong></span> <span class='ocrx_word' id='word_1_756' title='bbox 3658 3198 3958 3268; x_wconf 79' lang='lat' dir='ltr'><strong>respicias,</strong></span> 
     </span>
    </p>
   </div>
   <div class='ocr_carea' id='block_1_95' title="bbox 2360 3279 3960 3351">
    <p class='ocr_par' dir='ltr' id='par_1_95' title="bbox 2360 3279 3960 3351">
     <span class='ocr_line' id='line_1_96' title="bbox 2360 3279 3960 3351; baseline 0.001 -16"><span class='ocrx_word' id='word_1_757' title='bbox 2360 3281 2523 3335; x_wconf 87' lang='lat' dir='ltr'><strong>multa</strong></span> <span class='ocrx_word' id='word_1_758' title='bbox 2552 3279 2675 3335; x_wconf 83' lang='lat' dir='ltr'><strong>hinc.</strong></span> <span class='ocrx_word' id='word_1_759' title='bbox 2702 3280 2916 3335; x_wconf 85' lang='lat' dir='ltr'><strong>bauries</strong></span> <span class='ocrx_word' id='word_1_760' title='bbox 2939 3280 3103 3344; x_wconf 83' lang='lat' dir='ltr'><strong>mala,</strong></span> <span class='ocrx_word' id='word_1_761' title='bbox 3129 3280 3180 3334; x_wconf 88' lang='lat' dir='ltr'><strong>itt</strong></span> <span class='ocrx_word' id='word_1_762' title='bbox 3205 3280 3473 3351; x_wconf 89' lang='lat' dir='ltr'><strong>ignaviant</strong></span> <span class='ocrx_word' id='word_1_763' title='bbox 3502 3291 3556 3336; x_wconf 87' lang='lat' dir='ltr'><strong>et</strong></span> <span class='ocrx_word' id='word_1_764' title='bbox 3584 3283 3960 3349; x_wconf 80' lang='lat' dir='ltr'><strong>arrogantiam</strong></span> 
     </span>
    </p>
   </div>
   <div class='ocr_carea' id='block_1_96' title="bbox 2359 3369 3963 3441">
    <p class='ocr_par' dir='ltr' id='par_1_96' title="bbox 2359 3369 3963 3441">
     <span class='ocr_line' id='line_1_97' title="bbox 2359 3369 3963 3441; baseline 0.002 -15"><span class='ocrx_word' id='word_1_765' title='bbox 2359 3371 2582 3436; x_wconf 77' lang='lat' dir='ltr'><strong>inrides,</strong></span> <span class='ocrx_word' id='word_1_766' title='bbox 2622 3386 2951 3440; x_wconf 72' lang='lat' dir='ltr'><strong>ett-torosque</strong></span> <span class='ocrx_word' id='word_1_767' title='bbox 2995 3369 3291 3425; x_wconf 81' lang='lat' dir='ltr'><strong>damnabis.</strong></span> <span class='ocrx_word' id='word_1_768' title='bbox 3352 3369 3407 3426; x_wconf 88' lang='lat' dir='ltr'><strong>Si</strong></span> <span class='ocrx_word' id='word_1_769' title='bbox 3455 3385 3583 3426; x_wconf 78' lang='lat' dir='ltr'><strong>veru</strong></span> <span class='ocrx_word' id='word_1_770' title='bbox 3625 3372 3825 3441; x_wconf 80' lang='lat' dir='ltr'><strong>probos</strong></span> <span class='ocrx_word' id='word_1_771' title='bbox 3862 3387 3963 3429; x_wconf 79' lang='lat' dir='ltr'><strong>re-</strong></span> 
     </span>
    </p>
   </div>
   <div class='ocr_carea' id='block_1_97' title="bbox 2356 3461 3961 3533">
    <p class='ocr_par' dir='ltr' id='par_1_97' title="bbox 2356 3461 3961 3533">
     <span class='ocr_line' id='line_1_98' title="bbox 2356 3461 3961 3533; baseline -0.001 -15"><span class='ocrx_word' id='word_1_772' title='bbox 2356 3479 2601 3525; x_wconf 75' lang='lat' dir='ltr'><strong>censeas,</strong></span> <span class='ocrx_word' id='word_1_773' title='bbox 2646 3461 2711 3517; x_wconf 91' lang='lat' dir='ltr'><strong>ad</strong></span> <span class='ocrx_word' id='word_1_774' title='bbox 2746 3463 3123 3529; x_wconf 87' lang='lat' dir='ltr'><strong>humilitatem,</strong></span> <span class='ocrx_word' id='word_1_775' title='bbox 3173 3461 3527 3532; x_wconf 77' lang='lat' dir='ltr'><strong>diligentiam,</strong></span> <span class='ocrx_word' id='word_1_776' title='bbox 3570 3465 3961 3533; x_wconf 60' lang='lat' dir='ltr'><strong>compunctin.</strong></span> 
     </span>
    </p>
   </div>
   <div class='ocr_carea' id='block_1_98' title="bbox 2356 3551 3962 3625">
    <p class='ocr_par' dir='ltr' id='par_1_98' title="bbox 2356 3551 3962 3625">
     <span class='ocr_line' id='line_1_99' title="bbox 2356 3551 3962 3625; baseline 0 -16"><span class='ocrx_word' id='word_1_777' title='bbox 2356 3570 2476 3609; x_wconf 85' lang='lat' dir='ltr'><strong>nem</strong></span> <span class='ocrx_word' id='word_1_778' title='bbox 2506 3561 2559 3607; x_wconf 88' lang='lat' dir='ltr'><strong>et</strong></span> <span class='ocrx_word' id='word_1_779' title='bbox 2584 3563 2835 3607; x_wconf 80' lang='lat' dir='ltr'><strong>sescenta</strong></span> <span class='ocrx_word' id='word_1_780' title='bbox 2878 3552 3016 3607; x_wconf 86' lang='lat' dir='ltr'><strong>bona</strong></span> <span class='ocrx_word' id='word_1_781' title='bbox 3047 3561 3100 3609; x_wconf 88' lang='lat' dir='ltr'><strong>te</strong></span> <span class='ocrx_word' id='word_1_782' title='bbox 3124 3551 3425 3623; x_wconf 85' lang='lat' dir='ltr'><strong>apparabis.</strong></span> <span class='ocrx_word' id='word_1_783' title='bbox 3478 3552 3614 3607; x_wconf 80' lang='lat' dir='ltr'><strong>Audi</strong></span> <span class='ocrx_word' id='word_1_784' title='bbox 3658 3553 3786 3623; x_wconf 89' lang='lat' dir='ltr'><strong>qttid</strong></span> <span class='ocrx_word' id='word_1_785' title='bbox 3831 3568 3962 3625; x_wconf 79' lang='lat' dir='ltr'><strong>pas-</strong></span> 
     </span>
    </p>
   </div>
   <div class='ocr_carea' id='block_1_99' title="bbox 2351 3643 3971 3715">
    <p class='ocr_par' dir='ltr' id='par_1_99' title="bbox 2351 3643 3971 3715">
     <span class='ocr_line' id='line_1_100' title="bbox 2351 3643 3971 3715; baseline -0.002 -13"><span class='ocrx_word' id='word_1_786' title='bbox 2351 3662 2447 3703; x_wconf 83' lang='lat' dir='ltr'><strong>sus</strong></span> <span class='ocrx_word' id='word_1_787' title='bbox 2490 3647 2558 3700; x_wconf 88' lang='lat' dir='ltr'><strong>sit</strong></span> <span class='ocrx_word' id='word_1_788' title='bbox 2603 3645 2923 3709; x_wconf 71' lang='lat' dir='ltr'><strong>Pharisteus,</strong></span> <span class='ocrx_word' id='word_1_789' title='bbox 2955 3644 3095 3715; x_wconf 90' lang='lat' dir='ltr'><strong>quod</strong></span> <span class='ocrx_word' id='word_1_790' title='bbox 3125 3644 3304 3698; x_wconf 84' lang='lat' dir='ltr'><strong>missis</strong></span> <span class='ocrx_word' id='word_1_791' title='bbox 3330 3643 3513 3715; x_wconf 82' lang='lat' dir='ltr'><strong>probis</strong></span> <span class='ocrx_word' id='word_1_792' title='bbox 3544 3645 3692 3711; x_wconf 81' lang='lat' dir='ltr'><strong>viris,</strong></span> <span class='ocrx_word' id='word_1_793' title='bbox 3719 3645 3788 3700; x_wconf 90' lang='lat' dir='ltr'><strong>ad</strong></span> <span class='ocrx_word' id='word_1_794' title='bbox 3822 3661 3971 3715; x_wconf 82' lang='lat' dir='ltr'><strong>pec-</strong></span> 
     </span>
    </p>
   </div>
   <div class='ocr_carea' id='block_1_100' title="bbox 2352 3735 3971 3806">
    <p class='ocr_par' dir='ltr' id='par_1_100' title="bbox 2352 3735 3971 3806">
     <span class='ocr_line' id='line_1_101' title="bbox 2352 3735 3971 3806; baseline -0.002 -13"><span class='ocrx_word' id='word_1_795' title='bbox 2352 3747 2561 3793; x_wconf 85' lang='lat' dir='ltr'><strong>cantem</strong></span> <span class='ocrx_word' id='word_1_796' title='bbox 2590 3735 2923 3805; x_wconf 78' lang='lat' dir='ltr'><strong>respexerit;</strong></span> <span class='ocrx_word' id='word_1_797' title='bbox 2969 3736 3171 3805; x_wconf 87' lang='lat' dir='ltr'><strong>audiet</strong></span> <span class='ocrx_word' id='word_1_798' title='bbox 3204 3735 3351 3790; x_wconf 78' lang='lat' dir='ltr'><strong>time.</strong></span> <span class='ocrx_word' id='word_1_799' title='bbox 3397 3735 3528 3790; x_wconf 82' lang='lat' dir='ltr'><strong>Vide</strong></span> <span class='ocrx_word' id='word_1_800' title='bbox 3570 3750 3730 3806; x_wconf 84' lang='lat' dir='ltr'><strong>quam</strong></span> <span class='ocrx_word' id='word_1_801' title='bbox 3780 3736 3971 3791; x_wconf 70' lang='lat' dir='ltr'><strong>mira-</strong></span> 
     </span>
    </p>
   </div>
   <div class='ocr_carea' id='block_1_101' title="bbox 2352 3826 3973 3899">
    <p class='ocr_par' dir='ltr' id='par_1_101' title="bbox 2352 3826 3973 3899">
     <span class='ocr_line' id='line_1_102' title="bbox 2352 3826 3973 3899; baseline 0 -14"><span class='ocrx_word' id='word_1_802' title='bbox 2352 3828 2474 3885; x_wconf 87' lang='lat' dir='ltr'><strong>bilis</strong></span> <span class='ocrx_word' id='word_1_803' title='bbox 2521 3826 2679 3883; x_wconf 89' lang='lat' dir='ltr'><strong>l‘uerit</strong></span> <span class='ocrx_word' id='word_1_804' title='bbox 2735 3827 2919 3896; x_wconf 87' lang='lat' dir='ltr'><strong>David,</strong></span> <span class='ocrx_word' id='word_1_805' title='bbox 2971 3826 3113 3897; x_wconf 88' lang='lat' dir='ltr'><strong>quod</strong></span> <span class='ocrx_word' id='word_1_806' title='bbox 3170 3827 3402 3895; x_wconf 87' lang='lat' dir='ltr'><strong>majores</strong></span> <span class='ocrx_word' id='word_1_807' title='bbox 3445 3842 3573 3882; x_wconf 83' lang='lat' dir='ltr'><strong>suos</strong></span> <span class='ocrx_word' id='word_1_808' title='bbox 3615 3828 3706 3899; x_wconf 86' lang='lat' dir='ltr'><strong>qui</strong></span> <span class='ocrx_word' id='word_1_809' title='bbox 3748 3826 3973 3885; x_wconf 64' lang='lat' dir='ltr'><strong>virtute</strong></span> 
     </span>
    </p>
   </div>
   <div class='ocr_carea' id='block_1_102' title="bbox 2353 3921 3973 3993">
    <p class='ocr_par' dir='ltr' id='par_1_102' title="bbox 2353 3921 3973 3993">
     <span class='ocr_line' id='line_1_103' title="bbox 2353 3921 3973 3993; baseline -0.001 -16"><span class='ocrx_word' id='word_1_810' title='bbox 2353 3921 2614 3977; x_wconf 77' lang='lat' dir='ltr'><strong>fulserant</strong></span> <span class='ocrx_word' id='word_1_811' title='bbox 2640 3924 2950 3992; x_wconf 83' lang='lat' dir='ltr'><strong>respiceret.</strong></span> <span class='ocrx_word' id='word_1_812' title='bbox 2981 3922 3185 3976; x_wconf 78' lang='lat' dir='ltr'><strong>Adrena</strong></span> <span class='ocrx_word' id='word_1_813' title='bbox 3225 3938 3317 3993; x_wconf 72' lang='lat' dir='ltr'><strong>ego</strong></span> <span class='ocrx_word' id='word_1_814' title='bbox 3348 3938 3479 3986; x_wconf 79' lang='lat' dir='ltr'><strong>sum,</strong></span> <span class='ocrx_word' id='word_1_815' title='bbox 3530 3921 3723 3990; x_wconf 88' lang='lat' dir='ltr'><strong>inquit,</strong></span> <span class='ocrx_word' id='word_1_816' title='bbox 3755 3932 3807 3976; x_wconf 79' lang='lat' dir='ltr'><strong>et</strong></span> <span class='ocrx_word' id='word_1_817' title='bbox 3834 3940 3973 3993; x_wconf 52' lang='lat' dir='ltr'><strong>pars</strong></span> 
     </span>
    </p>
   </div>
   <div class='ocr_carea' id='block_1_103' title="bbox 2350 4011 3973 4084">
    <p class='ocr_par' dir='ltr' id='par_1_103' title="bbox 2350 4011 3973 4084">
     <span class='ocr_line' id='line_1_104' title="bbox 2350 4011 3973 4084; baseline 0.001 -16"><span class='ocrx_word' id='word_1_818' title='bbox 2350 4014 2573 4084; x_wconf 66' lang='lat' dir='ltr'><strong>agrinus,</strong></span> <span class='ocrx_word' id='word_1_819' title='bbox 2605 4014 2733 4068; x_wconf 84' lang='lat' dir='ltr'><strong>sicut</strong></span> <span class='ocrx_word' id='word_1_820' title='bbox 2759 4028 2930 4068; x_wconf 84' lang='lat' dir='ltr'><strong>onum</strong></span> <span class='ocrx_word' id='word_1_821' title='bbox 2970 4024 3141 4084; x_wconf 71' lang='lat' dir='ltr'><strong>patres</strong></span> <span class='ocrx_word' id='word_1_822' title='bbox 3184 4014 3280 4067; x_wconf 85' lang='lat' dir='ltr'><strong>mei</strong></span> <span class='ocrx_word' id='word_1_823' title='bbox 3328 4011 3499 4082; x_wconf 78' lang='lat' dir='ltr'><strong>(Paul.</strong></span> <span class='ocrx_word' id='word_1_824' title='bbox 3532 4012 3619 4068; x_wconf 73' lang='lat'><strong>38.</strong></span> <span class='ocrx_word' id='word_1_825' title='bbox 3653 4012 3771 4083; x_wconf 73' lang='lat' dir='ltr'><strong>l3).</strong></span> <span class='ocrx_word' id='word_1_826' title='bbox 3811 4013 3973 4070; x_wconf 76' lang='lat' dir='ltr'><strong>Nam</strong></span> 
     </span>
    </p>
   </div>
   <div class='ocr_carea' id='block_1_104' title="bbox 2352 4102 3973 4173">
    <p class='ocr_par' dir='ltr' id='par_1_104' title="bbox 2352 4102 3973 4173">
     <span class='ocr_line' id='line_1_105' title="bbox 2352 4102 3973 4173; baseline 0 -14"><span class='ocrx_word' id='word_1_827' title='bbox 2352 4112 2407 4159; x_wconf 89' lang='lat' dir='ltr'><strong>et</strong></span> <span class='ocrx_word' id='word_1_828' title='bbox 2455 4104 2541 4159; x_wconf 81' lang='lat' dir='ltr'><strong>ille</strong></span> <span class='ocrx_word' id='word_1_829' title='bbox 2568 4114 2623 4159; x_wconf 88' lang='lat' dir='ltr'><strong>et</strong></span> <span class='ocrx_word' id='word_1_830' title='bbox 2647 4107 2902 4173; x_wconf 83' lang='lat' dir='ltr'><strong>quotquot</strong></span> <span class='ocrx_word' id='word_1_831' title='bbox 2935 4104 3032 4170; x_wconf 84' lang='lat' dir='ltr'><strong>ipsi</strong></span> <span class='ocrx_word' id='word_1_832' title='bbox 3060 4104 3261 4159; x_wconf 76' lang='lat' dir='ltr'><strong>similes</strong></span> <span class='ocrx_word' id='word_1_833' title='bbox 3286 4113 3459 4168; x_wconf 85' lang='lat' dir='ltr'><strong>erant,</strong></span> <span class='ocrx_word' id='word_1_834' title='bbox 3494 4102 3672 4157; x_wconf 87' lang='lat' dir='ltr'><strong>missis</strong></span> <span class='ocrx_word' id='word_1_835' title='bbox 3698 4109 3973 4173; x_wconf 48' lang='lat' dir='ltr'><strong>peccato;</strong></span> 
     </span>
    </p>
   </div>
   <div class='ocr_carea' id='block_1_105' title="bbox 2352 4191 3978 4264">
    <p class='ocr_par' dir='ltr' id='par_1_105' title="bbox 2352 4191 3978 4264">
     <span class='ocr_line' id='line_1_106' title="bbox 2352 4191 3978 4264; baseline 0 -14"><span class='ocrx_word' id='word_1_836' title='bbox 2352 4195 2530 4257; x_wconf 87' lang='lat' dir='ltr'><strong>ribus,</strong></span> <span class='ocrx_word' id='word_1_837' title='bbox 2589 4195 2788 4250; x_wconf 71' lang='lat' dir='ltr'><strong>virtute</strong></span> <span class='ocrx_word' id='word_1_838' title='bbox 2830 4194 3151 4264; x_wconf 75' lang='lat' dir='ltr'><strong>(‘Onspit‘ll&quot;S</strong></span> <span class='ocrx_word' id='word_1_839' title='bbox 3198 4193 3343 4247; x_wconf 80' lang='lat' dir='ltr'><strong>viros</strong></span> <span class='ocrx_word' id='word_1_840' title='bbox 3384 4192 3711 4263; x_wconf 84' lang='lat' dir='ltr'><strong>cogitabant.</strong></span> <span class='ocrx_word' id='word_1_841' title='bbox 3766 4191 3847 4247; x_wconf 85' lang='lat' dir='ltr'><strong>Ita</strong></span> <span class='ocrx_word' id='word_1_842' title='bbox 3906 4205 3978 4250; x_wconf 79' lang='lat' dir='ltr'><strong>et</strong></span> 
     </span>
    </p>
   </div>
   <div class='ocr_carea' id='block_1_106' title="bbox 2353 4283 3978 4355">
    <p class='ocr_par' dir='ltr' id='par_1_106' title="bbox 2353 4283 3978 4355">
     <span class='ocr_line' id='line_1_107' title="bbox 2353 4283 3978 4355; baseline 0.001 -14"><span class='ocrx_word' id='word_1_843' title='bbox 2353 4297 2406 4341; x_wconf 90' lang='lat' dir='ltr'><strong>ttt</strong></span> <span class='ocrx_word' id='word_1_844' title='bbox 2454 4286 2632 4341; x_wconf 81' lang='lat' dir='ltr'><strong>facito.</strong></span> <span class='ocrx_word' id='word_1_845' title='bbox 2676 4284 2792 4341; x_wconf 85' lang='lat' dir='ltr'><strong>Non</strong></span> <span class='ocrx_word' id='word_1_846' title='bbox 2824 4286 2967 4341; x_wconf 90' lang='lat' dir='ltr'><strong>enim</strong></span> <span class='ocrx_word' id='word_1_847' title='bbox 3009 4296 3062 4339; x_wconf 92' lang='lat' dir='ltr'><strong>tu</strong></span> <span class='ocrx_word' id='word_1_848' title='bbox 3085 4285 3245 4355; x_wconf 82' lang='lat' dir='ltr'><strong>judex</strong></span> <span class='ocrx_word' id='word_1_849' title='bbox 3286 4285 3444 4339; x_wconf 89' lang='lat' dir='ltr'><strong>sedes</strong></span> <span class='ocrx_word' id='word_1_850' title='bbox 3485 4283 3788 4340; x_wconf 86' lang='lat' dir='ltr'><strong>alienorum</strong></span> <span class='ocrx_word' id='word_1_851' title='bbox 3818 4286 3978 4342; x_wconf 75' lang='lat' dir='ltr'><strong>faci-</strong></span> 
     </span>
    </p>
   </div>
   <div class='ocr_carea' id='block_1_107' title="bbox 2353 4364 3975 4446">
    <p class='ocr_par' dir='ltr' id='par_1_107' title="bbox 2353 4364 3975 4446">
     <span class='ocr_line' id='line_1_108' title="bbox 2353 4364 3975 4446; baseline 0.001 -14"><span class='ocrx_word' id='word_1_852' title='bbox 2353 4393 2576 4441; x_wconf 87' lang='lat' dir='ltr'><strong>norum,</strong></span> <span class='ocrx_word' id='word_1_853' title='bbox 2621 4393 2719 4433; x_wconf 86' lang='lat' dir='ltr'><strong>nec</strong></span> <span class='ocrx_word' id='word_1_854' title='bbox 2765 4364 3051 4446; x_wconf 69' lang='lat' dir='ltr'><strong>deputatus</strong></span> <span class='ocrx_word' id='word_1_855' title='bbox 3096 4391 3155 4431; x_wconf 86' lang='lat' dir='ltr'><strong>es</strong></span> <span class='ocrx_word' id='word_1_856' title='bbox 3199 4375 3263 4431; x_wconf 87' lang='lat' dir='ltr'><strong>ad</strong></span> <span class='ocrx_word' id='word_1_857' title='bbox 3318 4374 3667 4429; x_wconf 76' lang='lat' dir='ltr'><strong>examinanda</strong></span> <span class='ocrx_word' id='word_1_858' title='bbox 3708 4375 3975 4434; x_wconf 82' lang='lat' dir='ltr'><strong>aliorum</strong></span> 
     </span>
    </p>
   </div>
   <div class='ocr_carea' id='block_1_108' title="bbox 2351 4466 3975 4539">
    <p class='ocr_par' dir='ltr' id='par_1_108' title="bbox 2351 4466 3975 4539">
     <span class='ocr_line' id='line_1_109' title="bbox 2351 4466 3975 4539; baseline 0.002 -18"><span class='ocrx_word' id='word_1_859' title='bbox 2351 4480 2567 4539; x_wconf 84' lang='lat' dir='ltr'><strong>peccata</strong></span> <span class='ocrx_word' id='word_1_860' title='bbox 2619 4487 2633 4523; x_wconf 94' lang='lat'><strong>:</strong></span> <span class='ocrx_word' id='word_1_861' title='bbox 2678 4468 2745 4523; x_wconf 91' lang='lat' dir='ltr'><strong>de</strong></span> <span class='ocrx_word' id='word_1_862' title='bbox 2784 4468 2948 4523; x_wconf 89' lang='lat' dir='ltr'><strong>rebus</strong></span> <span class='ocrx_word' id='word_1_863' title='bbox 3002 4467 3106 4521; x_wconf 88' lang='lat' dir='ltr'><strong>tuis</strong></span> <span class='ocrx_word' id='word_1_864' title='bbox 3148 4467 3413 4536; x_wconf 82' lang='lat' dir='ltr'><strong>judicare,</strong></span> <span class='ocrx_word' id='word_1_865' title='bbox 3468 4481 3573 4522; x_wconf 91' lang='lat' dir='ltr'><strong>non</strong></span> <span class='ocrx_word' id='word_1_866' title='bbox 3618 4466 3689 4523; x_wconf 90' lang='lat' dir='ltr'><strong>de</strong></span> <span class='ocrx_word' id='word_1_867' title='bbox 3722 4468 3975 4537; x_wconf 78' lang='lat' dir='ltr'><strong>alienis,</strong></span> 
     </span>
    </p>
   </div>
   <div class='ocr_carea' id='block_1_109' title="bbox 2344 4557 3980 4630">
    <p class='ocr_par' dir='ltr' id='par_1_109' title="bbox 2344 4557 3980 4630">
     <span class='ocr_line' id='line_1_110' title="bbox 2344 4557 3980 4630; baseline 0.005 -19"><span class='ocrx_word' id='word_1_868' title='bbox 2344 4561 2525 4630; x_wconf 61' lang='lat' dir='ltr'><strong>jussus</strong></span> <span class='ocrx_word' id='word_1_869' title='bbox 2554 4575 2633 4615; x_wconf 89' lang='lat' dir='ltr'><strong>es.</strong></span> <span class='ocrx_word' id='word_1_870' title='bbox 2666 4557 2804 4613; x_wconf 82' lang='lat' dir='ltr'><strong>Nam</strong></span> <span class='ocrx_word' id='word_1_871' title='bbox 2830 4560 2875 4613; x_wconf 89' lang='lat' dir='ltr'><strong>si</strong></span> <span class='ocrx_word' id='word_1_872' title='bbox 2900 4575 2992 4613; x_wconf 82' lang='lat' dir='ltr'><strong>nos</strong></span> <span class='ocrx_word' id='word_1_873' title='bbox 3020 4559 3159 4627; x_wconf 82' lang='lat' dir='ltr'><strong>ipsos</strong></span> <span class='ocrx_word' id='word_1_874' title='bbox 3191 4560 3565 4630; x_wconf 84' lang='lat' dir='ltr'><strong>jmtimrenms,</strong></span> <span class='ocrx_word' id='word_1_875' title='bbox 3592 4560 3667 4614; x_wconf 88' lang='lat' dir='ltr'><strong>ait</strong></span> <span class='ocrx_word' id='word_1_876' title='bbox 3697 4560 3814 4625; x_wconf 89' lang='lat' dir='ltr'><strong>ille,</strong></span> <span class='ocrx_word' id='word_1_877' title='bbox 3847 4580 3980 4622; x_wconf 68' lang='lat' dir='ltr'><strong>non</strong></span> 
     </span>
    </p>
   </div>
   <div class='ocr_carea' id='block_1_110' title="bbox 2349 4649 3981 4724">
    <p class='ocr_par' dir='ltr' id='par_1_110' title="bbox 2349 4649 3981 4724">
     <span class='ocr_line' id='line_1_111' title="bbox 2349 4649 3981 4724; baseline 0.002 -18"><span class='ocrx_word' id='word_1_878' title='bbox 2349 4656 2518 4722; x_wconf 81' lang='lat' dir='ltr'><strong>utique</strong></span> <span class='ocrx_word' id='word_1_879' title='bbox 2545 4652 2900 4724; x_wconf 79' lang='lat' dir='ltr'><strong>judicarenntr</strong></span> <span class='ocrx_word' id='word_1_880' title='bbox 2925 4667 2944 4705; x_wconf 92' lang='lat'><strong><em>:</em></strong></span> <span class='ocrx_word' id='word_1_881' title='bbox 2964 4650 3184 4721; x_wconf 69' lang='lat' dir='ltr'><strong>iudicati</strong></span> <span class='ocrx_word' id='word_1_882' title='bbox 3211 4662 3380 4704; x_wconf 78' lang='lat' dir='ltr'><strong>autem</strong></span> <span class='ocrx_word' id='word_1_883' title='bbox 3425 4668 3457 4703; x_wconf 84' lang='grc' dir='ltr'><strong><em>η</em></strong></span> <span class='ocrx_word' id='word_1_884' title='bbox 3503 4649 3739 4715; x_wconf 81' lang='lat' dir='ltr'><strong>Domino,</strong></span> <span class='ocrx_word' id='word_1_885' title='bbox 3763 4659 3981 4712; x_wconf 73' lang='lat' dir='ltr'><strong>erudi-</strong></span> 
     </span>
    </p>
   </div>
   <div class='ocr_carea' id='block_1_111' title="bbox 2350 4739 3982 4816">
    <p class='ocr_par' dir='ltr' id='par_1_111' title="bbox 2350 4739 3982 4816">
     <span class='ocr_line' id='line_1_112' title="bbox 2350 4739 3982 4816; baseline -0.001 -19"><span class='ocrx_word' id='word_1_886' title='bbox 2350 4761 2460 4797; x_wconf 89' lang='lat' dir='ltr'><strong>ntur</strong></span> <span class='ocrx_word' id='word_1_887' title='bbox 2486 4744 2563 4816; x_wconf 91' lang='lat' dir='ltr'><strong>(l.</strong></span> <span class='ocrx_word' id='word_1_888' title='bbox 2592 4741 2711 4799; x_wconf 88' lang='lat' dir='ltr'><strong>Cor.</strong></span> <span class='ocrx_word' id='word_1_889' title='bbox 2744 4743 2829 4797; x_wconf 81' lang='lat' dir='ltr'><strong>tl.</strong></span> <span class='ocrx_word' id='word_1_890' title='bbox 2854 4742 2941 4798; x_wconf 76' lang='lat' dir='ltr'><strong>3i.</strong></span> <span class='ocrx_word' id='word_1_891' title='bbox 2972 4739 3083 4814; x_wconf 71' lang='lat'><strong>32).</strong></span> <span class='ocrx_word' id='word_1_892' title='bbox 3134 4740 3213 4796; x_wconf 88' lang='lat' dir='ltr'><strong>Tn</strong></span> <span class='ocrx_word' id='word_1_893' title='bbox 3256 4757 3382 4796; x_wconf 70' lang='lat' dir='ltr'><strong>vero</strong></span> <span class='ocrx_word' id='word_1_894' title='bbox 3405 4741 3647 4797; x_wconf 87' lang='lat' dir='ltr'><strong>ordinem</strong></span> <span class='ocrx_word' id='word_1_895' title='bbox 3673 4750 3982 4813; x_wconf 80' lang='lat' dir='ltr'><strong>perverti-</strong></span> 
     </span>
    </p>
   </div>
   <div class='ocr_carea' id='block_1_112' title="bbox 2349 4833 3986 4903">
    <p class='ocr_par' dir='ltr' id='par_1_112' title="bbox 2349 4833 3986 4903">
     <span class='ocr_line' id='line_1_113' title="bbox 2349 4833 3986 4903; baseline 0.004 -15"><span class='ocrx_word' id='word_1_896' title='bbox 2349 4835 2451 4898; x_wconf 88' lang='lat' dir='ltr'><strong>sti,</strong></span> <span class='ocrx_word' id='word_1_897' title='bbox 2505 4834 2630 4889; x_wconf 89' lang='lat' dir='ltr'><strong>dum</strong></span> <span class='ocrx_word' id='word_1_898' title='bbox 2680 4833 2747 4889; x_wconf 87' lang='lat' dir='ltr'><strong>dc</strong></span> <span class='ocrx_word' id='word_1_899' title='bbox 2808 4833 3040 4903; x_wconf 74' lang='lat' dir='ltr'><strong>peccatis</strong></span> <span class='ocrx_word' id='word_1_900' title='bbox 3082 4834 3187 4887; x_wconf 89' lang='lat' dir='ltr'><strong>tuis</strong></span> <span class='ocrx_word' id='word_1_901' title='bbox 3237 4834 3531 4902; x_wconf 78' lang='lat' dir='ltr'><strong>majoribus</strong></span> <span class='ocrx_word' id='word_1_902' title='bbox 3570 4834 3986 4899; x_wconf 77' lang='lat' dir='ltr'><strong>tttittorilmsve</strong></span> 
     </span>
    </p>
   </div>
   <div class='ocr_carea' id='block_1_113' title="bbox 2350 4924 3985 4997">
    <p class='ocr_par' dir='ltr' id='par_1_113' title="bbox 2350 4924 3985 4997">
     <span class='ocr_line' id='line_1_114' title="bbox 2350 4924 3985 4997; baseline 0.001 -17"><span class='ocrx_word' id='word_1_903' title='bbox 2350 4926 2551 4981; x_wconf 85' lang='lat' dir='ltr'><strong>nullam</strong></span> <span class='ocrx_word' id='word_1_904' title='bbox 2595 4940 2626 4981; x_wconf 93' lang='lat' dir='ltr'><strong>a</strong></span> <span class='ocrx_word' id='word_1_905' title='bbox 2673 4932 2724 4979; x_wconf 91' lang='lat' dir='ltr'><strong>te</strong></span> <span class='ocrx_word' id='word_1_906' title='bbox 2775 4926 3038 4979; x_wconf 83' lang='lat' dir='ltr'><strong>rationem</strong></span> <span class='ocrx_word' id='word_1_907' title='bbox 3070 4925 3261 4997; x_wconf 69' lang='lat' dir='ltr'><strong>exigis,</strong></span> <span class='ocrx_word' id='word_1_908' title='bbox 3289 4924 3523 4981; x_wconf 87' lang='lat' dir='ltr'><strong>aliorum</strong></span> <span class='ocrx_word' id='word_1_909' title='bbox 3565 4942 3691 4981; x_wconf 88' lang='lat' dir='ltr'><strong>vero</strong></span> <span class='ocrx_word' id='word_1_910' title='bbox 3718 4942 3985 4997; x_wconf 67' lang='lat' dir='ltr'><strong>peccata</strong></span> 
     </span>
    </p>
   </div>
   <div class='ocr_carea' id='block_1_114' title="bbox 2349 5014 3986 5088">
    <p class='ocr_par' dir='ltr' id='par_1_114' title="bbox 2349 5014 3986 5088">
     <span class='ocr_line' id='line_1_115' title="bbox 2349 5014 3986 5088; baseline 0.004 -19"><span class='ocrx_word' id='word_1_911' title='bbox 2349 5028 2596 5074; x_wconf 70' lang='lat' dir='ltr'><strong>accurate</strong></span> <span class='ocrx_word' id='word_1_912' title='bbox 2628 5019 2895 5088; x_wconf 78' lang='lat' dir='ltr'><strong>exploras.</strong></span> <span class='ocrx_word' id='word_1_913' title='bbox 2926 5014 3124 5073; x_wconf 76' lang='lat' dir='ltr'><strong>Verum</strong></span> <span class='ocrx_word' id='word_1_914' title='bbox 3172 5017 3223 5072; x_wconf 91' lang='lat' dir='ltr'><strong>id</strong></span> <span class='ocrx_word' id='word_1_915' title='bbox 3264 5033 3331 5073; x_wconf 88' lang='lat' dir='ltr'><strong>ne</strong></span> <span class='ocrx_word' id='word_1_916' title='bbox 3365 5018 3501 5074; x_wconf 76' lang='lat' dir='ltr'><strong>ultra</strong></span> <span class='ocrx_word' id='word_1_917' title='bbox 3537 5017 3829 5087; x_wconf 59' lang='lat' dir='ltr'><strong>(acutulas,</strong></span> <span class='ocrx_word' id='word_1_918' title='bbox 3863 5028 3986 5083; x_wconf 70' lang='lat' dir='ltr'><strong>sed</strong></span> 
     </span>
    </p>
   </div>
   <div class='ocr_carea' id='block_1_115' title="bbox 2351 5108 3991 5178">
    <p class='ocr_par' dir='ltr' id='par_1_115' title="bbox 2351 5108 3991 5178">
     <span class='ocr_line' id='line_1_116' title="bbox 2351 5108 3991 5178; baseline 0.002 -15"><span class='ocrx_word' id='word_1_919' title='bbox 2351 5111 2510 5165; x_wconf 81' lang='lat' dir='ltr'><strong>missa</strong></span> <span class='ocrx_word' id='word_1_920' title='bbox 2558 5108 2662 5166; x_wconf 86' lang='lat' dir='ltr'><strong>hac</strong></span> <span class='ocrx_word' id='word_1_921' title='bbox 2704 5108 2906 5164; x_wconf 90' lang='lat' dir='ltr'><strong>ordinis</strong></span> <span class='ocrx_word' id='word_1_922' title='bbox 2938 5109 3363 5178; x_wconf 83' lang='lat' dir='ltr'><strong>perturbatione,</strong></span> <span class='ocrx_word' id='word_1_923' title='bbox 3399 5110 3630 5164; x_wconf 87' lang='lat' dir='ltr'><strong>tribunal</strong></span> <span class='ocrx_word' id='word_1_924' title='bbox 3679 5110 3733 5165; x_wconf 89' lang='lat' dir='ltr'><strong>in</strong></span> <span class='ocrx_word' id='word_1_925' title='bbox 3785 5116 3991 5175; x_wconf 76' lang='lat' dir='ltr'><strong>nobis</strong></span> 
     </span>
    </p>
   </div>
   <div class='ocr_carea' id='block_1_116' title="bbox 2350 5200 3993 5273">
    <p class='ocr_par' dir='ltr' id='par_1_116' title="bbox 2350 5200 3993 5273">
     <span class='ocr_line' id='line_1_117' title="bbox 2350 5200 3993 5273; baseline 0.007 -18"><span class='ocrx_word' id='word_1_926' title='bbox 2350 5203 2477 5271; x_wconf 87' lang='lat' dir='ltr'><strong>ipsis</strong></span> <span class='ocrx_word' id='word_1_927' title='bbox 2502 5208 2817 5266; x_wconf 84' lang='lat' dir='ltr'><strong>statuamus,</strong></span> <span class='ocrx_word' id='word_1_928' title='bbox 2851 5201 2947 5271; x_wconf 82' lang='lat' dir='ltr'><strong>ipsi</strong></span> <span class='ocrx_word' id='word_1_929' title='bbox 2973 5201 3290 5256; x_wconf 87' lang='lat' dir='ltr'><strong>delictorum</strong></span> <span class='ocrx_word' id='word_1_930' title='bbox 3328 5200 3634 5257; x_wconf 77' lang='lat' dir='ltr'><strong>nostrorum</strong></span> <span class='ocrx_word' id='word_1_931' title='bbox 3664 5204 3820 5273; x_wconf 77' lang='lat' dir='ltr'><strong>apud</strong></span> <span class='ocrx_word' id='word_1_932' title='bbox 3860 5226 3993 5267; x_wconf 78' lang='lat' dir='ltr'><strong>nos</strong></span> 
     </span>
    </p>
   </div>
   <div class='ocr_carea' id='block_1_117' title="bbox 2351 5290 3992 5362">
    <p class='ocr_par' dir='ltr' id='par_1_117' title="bbox 2351 5290 3992 5362">
     <span class='ocr_line' id='line_1_118' title="bbox 2351 5290 3992 5362; baseline 0.005 -16"><span class='ocrx_word' id='word_1_933' title='bbox 2351 5294 2514 5362; x_wconf 80' lang='lat' dir='ltr'><strong>ipsos,</strong></span> <span class='ocrx_word' id='word_1_934' title='bbox 2542 5301 2899 5357; x_wconf 84' lang='lat' dir='ltr'><strong>accusatores,</strong></span> <span class='ocrx_word' id='word_1_935' title='bbox 2941 5290 3171 5362; x_wconf 74' lang='lat' dir='ltr'><strong>iudices,</strong></span> <span class='ocrx_word' id='word_1_936' title='bbox 3204 5303 3257 5346; x_wconf 89' lang='lat' dir='ltr'><strong>et</strong></span> <span class='ocrx_word' id='word_1_937' title='bbox 3288 5292 3509 5350; x_wconf 82' lang='lat' dir='ltr'><strong>ultores.</strong></span> <span class='ocrx_word' id='word_1_938' title='bbox 3540 5291 3596 5348; x_wconf 91' lang='lat' dir='ltr'><strong>Si</strong></span> <span class='ocrx_word' id='word_1_939' title='bbox 3643 5295 3725 5349; x_wconf 82' lang='lat' dir='ltr'><strong>vis</strong></span> <span class='ocrx_word' id='word_1_940' title='bbox 3756 5310 3992 5358; x_wconf 77' lang='lat' dir='ltr'><strong>autem</strong></span> 
     </span>
    </p>
   </div>
   <div class='ocr_carea' id='block_1_118' title="bbox 2347 5383 3996 5457">
    <p class='ocr_par' dir='ltr' id='par_1_118' title="bbox 2347 5383 3996 5457">
     <span class='ocr_line' id='line_1_119' title="bbox 2347 5383 3996 5457; baseline 0.003 -19"><span class='ocrx_word' id='word_1_941' title='bbox 2347 5386 2576 5441; x_wconf 90' lang='lat' dir='ltr'><strong>aliorum</strong></span> <span class='ocrx_word' id='word_1_942' title='bbox 2604 5394 2749 5456; x_wconf 87' lang='lat' dir='ltr'><strong>gesta</strong></span> <span class='ocrx_word' id='word_1_943' title='bbox 2781 5385 3112 5446; x_wconf 81' lang='lat' dir='ltr'><strong>examinare,</strong></span> <span class='ocrx_word' id='word_1_944' title='bbox 3157 5383 3296 5441; x_wconf 87' lang='lat' dir='ltr'><strong>bona</strong></span> <span class='ocrx_word' id='word_1_945' title='bbox 3341 5392 3531 5455; x_wconf 61' lang='lat' dir='ltr'><strong>operat</strong></span> <span class='ocrx_word' id='word_1_946' title='bbox 3577 5403 3684 5442; x_wconf 89' lang='lat' dir='ltr'><strong>non</strong></span> <span class='ocrx_word' id='word_1_947' title='bbox 3722 5404 3996 5457; x_wconf 59' lang='lat' dir='ltr'><strong>peream</strong></span> 
     </span>
    </p>
   </div>
   <div class='ocr_carea' id='block_1_119' title="bbox 2350 5476 4000 5547">
    <p class='ocr_par' dir='ltr' id='par_1_119' title="bbox 2350 5476 4000 5547">
     <span class='ocr_line' id='line_1_120' title="bbox 2350 5476 4000 5547; baseline 0.004 -17"><span class='ocrx_word' id='word_1_948' title='bbox 2350 5477 2590 5547; x_wconf 70' lang='lat' dir='ltr'><strong>explora,</strong></span> <span class='ocrx_word' id='word_1_949' title='bbox 2624 5484 2680 5529; x_wconf 90' lang='lat' dir='ltr'><strong>ut</strong></span> <span class='ocrx_word' id='word_1_950' title='bbox 2705 5485 2759 5529; x_wconf 87' lang='lat' dir='ltr'><strong>et</strong></span> <span class='ocrx_word' id='word_1_951' title='bbox 2787 5490 2851 5530; x_wconf 75' lang='lat' dir='ltr'><strong>ex</strong></span> <span class='ocrx_word' id='word_1_952' title='bbox 2886 5476 3143 5530; x_wconf 85' lang='lat' dir='ltr'><strong>memoria</strong></span> <span class='ocrx_word' id='word_1_953' title='bbox 3192 5476 3455 5531; x_wconf 86' lang='lat' dir='ltr'><strong>scelerum</strong></span> <span class='ocrx_word' id='word_1_954' title='bbox 3503 5486 3863 5543; x_wconf 86' lang='lat' dir='ltr'><strong>nostrorum.</strong></span> <span class='ocrx_word' id='word_1_955' title='bbox 3927 5499 4000 5545; x_wconf 68' lang='lat' dir='ltr'><strong>et</strong></span> 
     </span>
    </p>
   </div>
   <div class='ocr_carea' id='block_1_120' title="bbox 2349 5564 3999 5639">
    <p class='ocr_par' dir='ltr' id='par_1_120' title="bbox 2349 5564 3999 5639">
     <span class='ocr_line' id='line_1_121' title="bbox 2349 5564 3999 5639; baseline 0.005 -17"><span class='ocrx_word' id='word_1_956' title='bbox 2349 5583 2413 5622; x_wconf 81' lang='lat' dir='ltr'><strong>es</strong></span> <span class='ocrx_word' id='word_1_957' title='bbox 2444 5566 2781 5622; x_wconf 69' lang='lat' dir='ltr'><strong>mandatique</strong></span> <span class='ocrx_word' id='word_1_958' title='bbox 2814 5564 3122 5634; x_wconf 89' lang='lat' dir='ltr'><strong>proborum,</strong></span> <span class='ocrx_word' id='word_1_959' title='bbox 3152 5574 3206 5620; x_wconf 87' lang='lat' dir='ltr'><strong>et</strong></span> <span class='ocrx_word' id='word_1_960' title='bbox 3221 5580 3297 5635; x_wconf 76' lang='lat' dir='ltr'><strong>ex</strong></span> <span class='ocrx_word' id='word_1_961' title='bbox 3331 5567 3627 5639; x_wconf 82' lang='lat' dir='ltr'><strong>incorrupti</strong></span> <span class='ocrx_word' id='word_1_962' title='bbox 3652 5569 3999 5636; x_wconf 66' lang='lat' dir='ltr'><strong>tribunalis</strong></span> 
     </span>
    </p>
   </div>
   <div class='ocr_carea' id='block_1_121' title="bbox 2417 5760 3269 5826">
    <p class='ocr_par' dir='ltr' id='par_1_121' title="bbox 2417 5760 3269 5826">
     <span class='ocr_line' id='line_1_122' title="bbox 2417 5760 3269 5826; baseline 0.002 -15"><span class='ocrx_word' id='word_1_963' title='bbox 2417 5768 2433 5799; x_wconf 79' lang='grc' dir='ltr'>ι</span> <span class='ocrx_word' id='word_1_964' title='bbox 2471 5765 2705 5825; x_wconf 69' lang='lat' dir='ltr'><strong>Verbum,</strong></span> <span class='ocrx_word' id='word_1_965' title='bbox 2734 5772 2843 5826; x_wconf 69' lang='lat' dir='ltr'><strong>Noe,</strong></span> <span class='ocrx_word' id='word_1_966' title='bbox 2869 5762 3013 5813; x_wconf 85' lang='lat' dir='ltr'><strong>deest</strong></span> <span class='ocrx_word' id='word_1_967' title='bbox 3034 5763 3083 5814; x_wconf 83' lang='lat' dir='ltr'><strong>in</strong></span> <span class='ocrx_word' id='word_1_968' title='bbox 3110 5760 3269 5813; x_wconf 72' lang='lat' dir='ltr'><strong>\Iorel.</strong></span> 
     </span>
    </p>
   </div>
  </div>
