4174 6332
208 389 291 443 617
1181 371 1246 426 IN
1280 364 1690 426 ΜΑΤΠΙᾹΞΗΜ
1730 365 1768 422 ll

1882 363 1965 418 IL.
2009 363 2167 419 LXV.
2210 363 2282 418 oi.
2329 361 2513 420 ιιγι.

206 499 482 576 ρτεεεηιίιι.
532 494 774 567 quotidie
807 491 959 564 quasi
1001 488 1222 546 stimulo
1261 487 1605 543 conscientiae.
1636 499 1770 554 pun-

205 595 280 660 cti,
317 585 372 647 et
395 588 462 644 ad
493 587 754 658 majorem
797 599 894 639 nos
942 581 1295 638 humilitatem
1335 576 1771 648 diligentiamque

204 683 490 744 excitantes,
519 679 698 734 futura
723 689 1114 747 consequantur
1137 672 1298 739 bona,
1337 669 1506 741 gratia
1534 676 1590 724 et
1614 667 1769 723 beni-

3379 360 3479 417 ατε

1876 480 2078 550 gnitate
2107 479 2317 535 Domini
2349 478 2519 534 nostri
2540 476 2670 534 Iesu
2697 476 2922 542 Christi,
2952 473 3167 547 quicum
3199 475 3344 532 Patri
3377 492 3480 530 una

1876 589 1998 631 eum
2023 572 2224 644 Spiritu
2248 581 2436 627 sancto
2461 569 2656 641 gloria,
2690 569 2999 639 imperium,
3033 567 3228 635 honor,
3259 581 3404 624 nunc
3429 575 3484 622 ct

1876 679 2112 736 semper,
2142 672 2198 720 et
2225 664 2278 718 in
2306 662 2500 718 sa-cula
2526 661 2867 718 szeculorum.
2901 659 3097 716 Amen.

223 820 3481 859 Μ

1313 879 1661 942 HOMlLlA
1705 877 1901 939 LXV.
1947 876 2033 939 al.
2079 873 2307 937 LXVI.

201 1017 312 1074 Cn.
339 1015 423 1072 20.
455 1030 510 1069 v.
544 1014 630 1070 Π.
666 1011 730 1066 Et
766 1007 1043 1064 ascendens
1079 1007 1231 1061 Jesus
1258 1002 1654 1073 Jerosolymam,
1681 1016 1769 1054 as-

258 1099 458 1171 sumpsit
486 1097 750 1151 duodecim
788 1092 1068 1161 discipulos
1094 1097 1282 1144 secreto
1305 1089 1360 1142 in
1399 1086 1484 1141 eia
1503 1125 1518 1151 ,
1558 1094 1607 1140 et
1639 1084 1771 1138 dixit

263 1196 331 1246 eis
356 1189 490 1247 :18.
540 1187 672 1243 Ecce
713 1185 1034 1240 ascendimus
1059 1178 1468 1251 Jerosolyntant,
1515 1186 1560 1232 et
1604 1175 1650 1230 Γ
1652 1177 1770 1230 ilius

260 1281 463 1338 hominis
510 1279 738 1334 tradetur
775 1277 985 1330 summis
1015 1273 1340 1346 pontiﬁcibus
1383 1281 1430 1325 et
1469 1269 1678 1331 scribis,
1721 1277 1770 1323 et

257 1372 650 1430 eondemnabunt
687 1385 800 1424 eum
825 1375 987 1422 morte
1016 1382 1034 1420 :
1066 1365 1158 1421 19.
1190 1373 1236 1419 et
1262 1362 1463 1418 tradent
1489 1378 1605 1415 eum
1646 1377 1770 1432 gen-

256 1469 378 1524 tibus
396 1468 463 1522 ad
483 1461 802 1521 illudendum
821 1471 870 1517 et
884 1458 1250 1532 ﬂagellandttrn
1266 1466 1313 1512 et
1327 1453 1726 1526 cruciﬁgendunt
1748 1468 1769 1508 :

255 1571 298 1616 et
321 1559 462 1614 tertia
487 1558 570 1612 die
597 1563 838 1625 resurget.

257 1654 304 1708 l.
321 1649 429 1706 Non
441 1649 622 1705 statim
640 1663 707 1703 ex
732 1645 954 1703 Galilaea
973 1641 1362 1713 Jcrosolymam
1384 1636 1647 1703 ascendit,
1671 1635 1767 1692 sed

195 1759 301 1802 cum
344 1743 485 1814 prius
517 1739 773 1797 miracula
800 1746 1068 1810 patrasset
1086 1777 1102 1801 ,
1130 1745 1187 1791 et
1225 1733 1526 1788 Pharisaeos
1548 1746 1769 1803 repres-

195 1838 364 1899 sisset.
403 1833 802 1903 discipttlosque
826 1831 895 1887 de
925 1836 1237 1900 paupertate
1264 1827 1569 1896 ailoquntus
1595 1832 1758 1880 esset.

195 1929 273 1983 Ait
293 1928 449 1989 enim,
484 1925 545 1980 Si
572 1925 646 1978 vis
675 1925 926 1994 perfectus
951 1938 1077 1986 esse,
1104 1919 1260 1974 vende
1277 1936 1336 1974 ea
1357 1934 1472 1988 qua:
1497 1917 1683 1972 habes:
1713 1925 1769 1971 et.

197 2018 255 2073 de
279 2017 567 2088 virginitate
591 2054 609 2080 ,
656 2015 754 2080 Qui
796 2022 954 2084 potest
981 2027 1164 2082 capere
1185 2053 1202 2078 ,
1233 2009 1404 2080 capiat
1430 2008 1644 2081 (Matth.
1681 2007 1763 2063 l9.

195 2110 271 2166 il.
303 2109 405 2183 i2),
439 2108 582 2165 etde
612 2107 934 2173 humilitate,
967 2104 1087 2159 Nisi
1114 2105 1338 2158 conuersi
1366 2103 1585 2174 fueritis,
1612 2111 1661 2156 et
1690 2105 1767 2172 ef-

191 2205 416 2272 ﬁciantini
432 2204 564 2256 sicut
581 2201 802 2272 parvuli,
822 2216 922 2254 non
948 2198 1200 2252 intrabitis
1216 2197 1268 2250 in
1295 2213 1504 2268 regnum
1525 2193 1768 2249 sclorum

195 2298 400 2362 (Matth.
424 2295 618 2365 18.3),
640 2295 708 2350 de
733 2293 1084 2349 retributione
1105 2293 1156 2347 in
1196 2291 1296 2346 Itac
1338 2292 1444 2344 vita
1479 2307 1490 2342 :
1528 2287 1767 2359 Quisquis

194 2391 415 2444 dimiserit
439 2389 639 2454 domos,
668 2397 756 2442 aut
781 2389 988 2458 fratres,
1014 2393 1102 2439 aut
1124 2400 1343 2448 sorores,
1370 2382 1658 2453 centuplum
1683 2396 1768 2434 re-

191 2482 324 2550 cipiet
344 2482 396 2535 in
420 2481 517 2536 hoc
557 2479 769 2543 saeculo;
796 2487 852 2533 et
884 2477 952 2533 de
983 2476 1160 2532 futura
1189 2473 1438 2546 mercede
1469 2491 1483 2528 :
1513 2470 1581 2526 Et
1613 2473 1768 2527 vitam

191 2581 407 2626 aternam
433 2571 706 2640 possidebit
734 2567 946 2634 (Matth.
977 2567 1064 2623 i9.
1095 2566 1211 2637 29).
1243 2565 1393 2620 Tunc
1428 2563 1644 2619 demum
1670 2577 1766 2617 ac-

189 2664 315 2719 cedit
339 2663 402 2718 ad
433 2662 622 2718 urbem
643 2703 658 2727 ,
686 2676 916 2732 cumque
944 2673 1266 2715 ascensurus
1287 2665 1474 2722 esset,
1525 2655 1594 2710 de
1639 2667 1764 2725 pas-

190 2755 326 2810 sione
371 2769 585 2809 rursum
645 2752 897 2823 loquitur.
939 2750 1074 2819 Quia
1116 2749 1258 2804 enim
1315 2747 1606 2804 verisimile
1649 2751 1768 2802 erat

190 2862 270 2902 cos
288 2889 304 2912 ,
333 2847 420 2917 qui
449 2846 658 2902 nollent
685 2845 784 2900 ista
815 2843 1062 2899 accidere
1080 2883 1095 2908 ,
1148 2841 1340 2896 horum
1378 2839 1574 2895 oblitos
1603 2850 1724 2894 esse
1744 2875 1764 2903 ,

191 2937 474 3009 frequenter
538 2937 654 2994 lucc
709 2937 761 2992 in
819 2935 1134 2991 memoriam
1187 2939 1447 2995 revocat,
1499 2925 1768 3000 frequenti

189 3032 682 3085 commemoratione
717 3028 953 3083 animum
1007 3026 1218 3081 illorum
1267 3037 1526 3080 exercens
1569 3037 1632 3076 ac
1671 3020 1769 3076 do-

191 3124 340 3178 lorem
386 3123 654 3178 minuens.
701 3121 1044 3190 Seorsimque
1091 3118 1213 3173 illos
1267 3115 1570 3172 necessario
1624 3112 1763 3168 allo-

189 3217 396 3288 quitur:
437 3231 616 3286 neque
658 3215 799 3270 cnim
843 3228 939 3283 [xtr
982 3221 1098 3269 erat
1134 3211 1250 3266 haec
1294 3210 1346 3265 in
1392 3209 1579 3279 vulgus
1617 3206 1769 3262 ell'er-

189 3307 247 3372 ri,
266 3307 344 3362 vel
371 3306 519 3363 clare
545 3304 785 3371 narrari;
821 3304 950 3359 nihil
979 3303 1175 3374 quippe
1200 3301 1326 3357 hinc
1351 3300 1476 3357 boni
1506 3299 1764 3356 emersis-

188 3410 277 3456 set.
321 3400 374 3458 Si
420 3401 566 3456 enim
615 3398 862 3469 discipuli
905 3398 1019 3452 lucc
1045 3395 1326 3452 audientes
1379 3393 1573 3448 turbati
1603 3400 1764 3457 sunt,

188 3493 337 3546 multo
364 3493 536 3564 magis
563 3491 753 3562 vulgus
782 3489 1058 3544 turbatum
1089 3497 1252 3544 esset.
1297 3486 1434 3556 Quid
1458 3484 1654 3556 igitur?
1685 3485 1766 3539 in-

189 3584 359 3653 quies,
404 3599 588 3640 annon
628 3583 826 3654 populo
866 3581 919 3637 id
958 3581 1262 3636 nuntiatum
1287 3578 1407 3634 est?
1452 3577 1764 3635 Nuntiatum

189 3675 383 3744 quidem
411 3676 486 3730 illi
517 3684 604 3731 est
626 3716 642 3742 ,
683 3673 776 3730 sed
818 3689 924 3729 non
964 3673 1036 3728 ita
1064 3673 1228 3728 clare.
1260 3671 1393 3726 Nam
1421 3670 1496 3724 ait
1525 3687 1540 3724 :
1572 3668 1768 3724 Solvite

189 3767 408 3838 templum
447 3771 545 3822 hoc
565 3807 582 3834 ,
613 3776 659 3821 et
679 3768 731 3820 in
766 3766 927 3820 tribus
954 3765 1128 3821 diebus
1154 3765 1382 3820 excitabo
1420 3762 1553 3817 illud
1581 3761 1764 3835 (Ioan.

187 3854 234 3910 1.
263 3857 370 3927 i9);
393 3867 468 3924 et,
489 3856 762 3914 Generatio
787 3858 895 3912 hac
912 3857 1113 3928 signum
1137 3857 1338 3925 atterit,
1367 3865 1416 3910 et
1443 3855 1642 3926 signum
1665 3869 1767 3908 non

188 3949 372 4004 dabitur
392 3944 459 4018 ei,
492 3951 594 4005 nisi
613 3951 814 4021 signum
838 3949 989 4004 Jonc
1008 3949 1270 4020 prophetes
1295 3947 1509 4022 (Matth.
1536 3948 1624 4004 12.
1648 3948 1764 4018 39);

189 4049 234 4094 et
251 4057 471 4109 rursum,
499 4041 683 4097 Adhuc
709 4049 863 4111 parvo
891 4051 1114 4110 tempore
1137 4042 1390 4095 vobiscum
1406 4057 1538 4104 sum,
1568 4049 1614 4094 et
1631 4053 1771 4109 quc-

191 4133 295 4188 retis
320 4150 415 4200 tne,
448 4143 498 4190 et
518 4150 626 4188 non
656 4133 914 4188 invenietis
946 4132 1128 4206 (Joan.
1158 4134 1212 4190 7.
1240 4134 1330 4190 33.
1356 4133 1472 4205 34);
1496 4132 1769 4203 discipulis

191 4236 303 4278 vero
329 4225 568 4292 nonsic,
597 4223 692 4280 sed
709 4224 850 4280 sicut
874 4225 975 4279 alia
999 4225 1196 4280 clarius
1221 4224 1452 4290 dixerat,
1483 4226 1562 4280 sic
1588 4233 1646 4281 et
1668 4225 1768 4280 ista

191 4316 426 4372 narrat-it.
448 4315 560 4372 Sed
581 4330 681 4371 cur
705 4316 913 4372 dicebat
933 4358 950 4384 ,
992 4318 1036 4372 si
1062 4316 1346 4373 multitudo
1373 4317 1477 4372 vim
1499 4317 1768 4373 dictorum

191 4421 283 4462 non
325 4407 687 4480 intelligebat?
715 4408 785 4466 Ut
831 4419 1013 4479 postea
1039 4409 1342 4477 discerent,
1373 4425 1495 4466 eum
1526 4419 1580 4466 et
1625 4425 1768 4482 prm-

190 4499 427 4556 scicntem
449 4511 506 4558 et
533 4501 787 4558 libentem
818 4503 884 4558 ad
910 4502 1208 4573 passionem
1233 4504 1462 4569 venisse,
1488 4521 1593 4560 non
1622 4507 1772 4575 igno-

193 4601 376 4647 rantem
410 4593 498 4648 vel
537 4602 805 4648 coactum.
841 4593 1123 4664 Discipulis
1147 4610 1278 4652 vero
1311 4611 1417 4651 non
1447 4595 1568 4652 ideo
1593 4597 1768 4652 solum

193 4680 437 4747 pradixit,
461 4682 559 4739 sed
585 4724 601 4750 ,
634 4679 776 4754 quod
813 4685 924 4754 jam
953 4685 1097 4750 dixi,
1143 4694 1200 4740 ut
1239 4688 1638 4756 exspectatione
1678 4687 1768 4743 illa

190 4774 476 4841 exercitati,
530 4773 738 4830 facilius
783 4775 1087 4845 passionem
1133 4776 1333 4832 ferrent
1362 4818 1378 4842 ,
1424 4793 1490 4833 ne
1515 4778 1559 4832 si
1614 4777 1768 4834 inex-

192 4873 406 4932 spectata
433 4865 758 4935 accidisset,
787 4868 904 4923 illos
929 4868 1213 4924 admodum
1243 4869 1595 4940 perturbaret.
1629 4872 1774 4941 Quae

192 4967 391 5025 propter
437 4958 594 5014 initio
638 4971 865 5016 mortem
905 4970 1112 5016 tantum
1156 4963 1436 5031 praedixit;
1489 4974 1768 5035 postquam

196 5057 350 5103 autem
382 5051 487 5106 hoc
513 5051 755 5106 meditati
782 5063 837 5108 et
863 5053 915 5108 in
947 5052 1028 5108 his
1052 5055 1331 5110 exercitati
1355 5055 1583 5119 fuerant,
1611 5067 1772 5112 caete-

195 5153 242 5194 ra
269 5144 439 5198 omnia
468 5143 701 5214 adjecit;
736 5146 964 5215 exempli
991 5161 1147 5200 causa
1180 5165 1192 5200 :
1223 5147 1454 5204 Tradent
1488 5165 1610 5205 eum
1642 5167 1772 5220 gen-

196 5231 335 5298 tibus,
363 5236 624 5302 illudent,
656 5236 998 5307 ﬂagellabunt
1021 5257 1034 5293 :
1061 5249 1168 5294 tum
1211 5240 1309 5294 hac
1338 5242 1405 5296 de
1429 5257 1586 5296 causa
1610 5285 1623 5305 ,
1659 5253 1770 5299 tum

196 5325 335 5381 eziam
358 5371 372 5391 .
406 5337 465 5384 ut
497 5345 622 5386 cum
656 5331 768 5385 ita’c
811 5332 977 5385 tristia
1006 5332 1284 5397 viderent,
1318 5337 1772 5390 resurrectionem

197 5429 576 5486 exspectarent.
606 5419 738 5475 Nam
765 5425 850 5492 qui
878 5423 1070 5488 tristia,
1103 5431 1157 5478 et
1181 5439 1298 5492 qua:
1331 5424 1587 5492 probrosa
1623 5425 1771 5482 vide-

198 5506 405 5580 bantur,
449 5529 562 5568 non
596 5514 988 5582 occultaverat,
1014 5515 1134 5584 jure
1159 5517 1300 5570 circa
1347 5531 1599 5588 prcspcra
1655 5534 1772 5575 cre-

201 5595 387 5656 dendus
411 5610 555 5656 erat.
576 5598 856 5667 Perpende
879 5607 1077 5662 autem,
1094 5598 1363 5665 quomodo
1389 5599 1650 5667 temporis
1675 5613 1774 5668 op-

203 5694 569 5756 portunitatem
616 5693 890 5746 observet.
937 5689 1051 5745 Non
1093 5692 1238 5746 cnim
1288 5692 1358 5746 ab
1398 5692 1554 5746 initio
1585 5691 1638 5746 id
1670 5692 1776 5748 illis

204 5783 316 5840 dixit
368 5802 433 5842 ne
485 5785 762 5844 turbaret;
802 5797 977 5848 neque
1027 5783 1082 5839 in
1134 5783 1251 5849 ipso
1306 5793 1577 5855 tempore,
1612 5799 1679 5840 ne
1715 5785 1765 5838 in

1876 1014 2164 1056 maerorem
2194 998 2506 1070 conjiceret;
2526 997 2620 1054 sed
2642 1006 2923 1069 postquam
2957 997 3204 1054 idoneam
3237 1007 3475 1070 potesta-

1877 1091 1946 1147 tis
1978 1091 2146 1161 ipsius
2174 1090 2560 1162 experientiam
2591 1098 2932 1160 acceperant,
2958 1104 3082 1145 cum
3111 1105 3331 1161 magnas
3358 1093 3482 1146 vitae

1875 1195 2091 1242 reterns!
2116 1185 2502 1255 promissiones
2516 1182 2690 1247 daret,
2722 1192 2848 1238 tunc
2873 1183 2972 1237 hac
2997 1181 3066 1238 de
3090 1197 3149 1239 re
3175 1199 3478 1238 sermonem

1877 1277 2085 1342 inserit,
2116 1276 2286 1332 semel
2317 1285 2371 1330 et
2402 1276 2484 1331 bis
2508 1285 2563 1330 et
2591 1275 2810 1344 pluries,
2846 1273 2947 1330 hoc
2974 1276 3114 1329 inter
3135 1275 3391 1331 miracula
3427 1287 3482 1332 et

1873 1367 2169 1424 doctrinam
2221 1367 2488 1422 intexetts.
2537 1366 2688 1421 Alius
2725 1377 2906 1420 autem
2951 1365 3277 1438 evangelista
3325 1366 3476 1437 (Luc.

1875 1461 1960 1517 l8.
1992 1462 2053 1516 3i
2071 1459 2204 1531 -34i)
2229 1459 2394 1526 dicit,
2427 1461 2599 1530 ipsum
2623 1459 2916 1531 prophetas
2945 1467 3111 1515 testes
3137 1459 3476 1530 produxisse.

1873 1553 2027 1608 Alius
2045 1552 2241 1622 (Marc.
2269 1554 2356 1610 l0.
2380 1552 2469 1622 32)
2496 1569 2624 1610 vero
2645 1553 2752 1620 ait,
2784 1553 3079 1624 discipulos
3104 1554 3243 1609 dicta
3273 1569 3379 1610 non
3402 1555 3483 1609 ina

1874 1645 2165 1712 Iellexisse,
2189 1645 2285 1702 sed
2315 1645 2583 1702 occultum
2632 1645 2798 1702 fuisse
2827 1646 3052 1702 verbum
3087 1645 3239 1715 ipsis,
3274 1655 3330 1701 ct
3367 1657 3483 1702 stu-

1873 1735 2112 1806 pefactos
2161 1736 2334 1806 ipsum
2387 1751 2510 1793 esse
2533 1745 2813 1807 sequutos.
2865 1727 3006 1808 Erg'o
3044 1735 3288 1791 sublatus
3327 1746 3478 1803 erat,

1872 1828 2103 1900 inquies,
2136 1828 2497 1899 praedictionis
2517 1828 2744 1884 fruetus.
2771 1830 2828 1884 Si
2855 1830 3001 1884 enim
3030 1829 3365 1898 nesciebant,
3395 1830 3478 1885 in-

1870 1922 2006 1994 quit,
2042 1921 2092 1976 id
2108 1921 2250 1993 quod
2282 1920 2583 1984 audierant,
2609 1936 2710 1976 nec
2736 1929 3056 1990 exSpectare
3081 1930 3348 1991 poterant;
3370 1936 3479 1978 non

1870 2021 2248 2084 exspectantes
2291 2028 2456 2077 vero,
2504 2026 2606 2067 nec
2645 2012 2697 2066 in
2739 2027 2834 2082 spe
2875 2019 3127 2082 poterant
3168 2013 3477 2068 exercitari.

1872 2105 2017 2176 Ergo
2040 2121 2170 2162 vero
2203 2103 2349 2160 aliud
2383 2105 2653 2160 difﬁcilius
2682 2104 2850 2159 ali'ero
2886 2122 2900 2160 :
2929 2104 2976 2158 si
3006 2104 3348 2174 nesciebant,
3381 2122 3482 2162 cur

1873 2198 2200 2256 maerebant?
2219 2199 2370 2254 Alius
2394 2207 2573 2254 tamen
2601 2197 2753 2263 dicit,
2779 2197 2926 2268 ipsos
2948 2207 3174 2254 mmstos
3201 2197 3386 2254 fuisse.
3421 2199 3480 2256 Si

1871 2306 2001 2361 ergo
2040 2292 2356 2347 nesciebant
2375 2333 2390 2357 ,
2421 2307 2518 2346 cur
2559 2290 2950 2346 tristabanturt
2977 2289 3260 2358 Quomodo
3287 2291 3482 2348 Petrus

1871 2381 2005 2438 dixit
2037 2400 2050 2435 :
2087 2382 2352 2454 Propitius
2378 2383 2468 2438 tibi
2495 2384 2567 2438 sis
2586 2425 2601 2446 ,
2648 2400 2750 2437 non
2779 2385 2873 2437 erit
2901 2382 2990 2437 tibi
3017 2384 3112 2438 hoc
3142 2383 3361 2456 (Matth.
3387 2385 3479 2441 16.

1870 2473 1985 2546 ‘22).
2017 2475 2156 2543 Quid
2197 2491 2326 2546 ergo
2366 2475 2689 2531 dicendum?
2731 2475 2968 2531 Scivisse
3010 2476 3228 2546 quidem
3252 2517 3268 2543 ,
3301 2477 3475 2547 ipsum

1871 2582 1993 2623 esse
2017 2567 2355 2631 moriturmn,
2387 2567 2486 2622 etsi
2512 2567 2830 2623 (ecouomia:
2860 2567 3177 2638 mysterium
3201 2583 3308 2624 non
3331 2568 3481 2626 clare

1871 2658 2068 2714 scirent
2093 2698 2109 2724 ,
2143 2673 2318 2730 neque
2342 2657 2502 2714 etiam
2549 2659 3002 2715 resurrectionem
3032 2660 3177 2716 clane
3211 2661 3439 2717 scivissc
3459 2702 3479 2727 ,

1879 2757 1980 2798 nec
2017 2752 2224 2813 quanta
2270 2743 2420 2799 illam
2450 2757 2632 2801 essent
2668 2759 2948 2805 secutura.
2975 2749 3040 2803 Et
3069 2750 3174 2805 hoc
3201 2761 3322 2807 erat
3347 2753 3481 2810 abs-

1883 2834 2166 2890 conditum
2196 2836 2300 2892 eis.
2323 2834 2440 2892 Hac
2467 2838 2535 2893 de
2565 2853 2734 2894 causa
2780 2839 3064 2897 dolebant.
3087 2842 3244 2900 Alios
3276 2846 3483 2915 quippe

1872 2931 2116 2987 viderant
2157 2941 2402 2988 mortuos
2445 2931 2515 2986 ab
2562 2933 2683 2988 aliis
2727 2932 3014 3000 suscitari;
3053 2948 3177 2988 eum
3220 2948 3351 2988 vero
3388 2933 3479 3003 qui

1871 3023 2107 3092 seipsum
2141 3023 2444 3084 suscitaret,
2473 3033 2634 3093 atque
2666 3023 2737 3077 ita
2763 3024 3072 3092 suscitaret,
3104 3035 3163 3080 ut
3184 3039 3478 3097 numquam

1871 3123 2058 3185 postea
2089 3122 2411 3179 moreretur,
2442 3114 2680 3169 nondum
2712 3115 2980 3171 viderant.
3008 3115 3124 3171 Hoc
3145 3117 3326 3188 igitur,
3376 3119 3479 3174 etsi

1871 3219 2017 3278 saepe
2038 3207 2262 3275 dictum,
2292 3221 2396 3261 non
2421 3206 2816 3278 intelligebant:
2835 3222 3010 3279 neque
3029 3219 3216 3279 aperte
3241 3209 3487 3266 sciebant

1871 3298 2013 3370 quod
2043 3313 2213 3368 genus
2243 3297 2433 3353 mortis
2457 3338 2472 3363 ,
2507 3313 2608 3354 nec
2655 3298 2930 3369 quomodo
2971 3309 3262 3380 venturum
3303 3312 3472 3357 esset.

1873 3391 2106 3462 ideoque
2154 3390 2442 3463 stupefacti
2484 3399 2675 3458 erant,
2718 3391 2895 3462 ipsum
2943 3399 3273 3463 sequentes;
3307 3408 3482 3465 neque

1873 3483 1996 3538 ideo
2019 3491 2246 3552 tantum,
2279 3482 2406 3551 sed,
2431 3493 2491 3539 ut
2533 3472 2663 3540 mihi
2692 3483 2928 3551 videtur,
2955 3484 3082 3557 quia
3124 3483 3192 3541 de
3225 3487 3479 3558 passione

1871 3575 2119 3646 loquens,
2150 3575 2625 3644 perterrefaciebat
2650 3591 2768 3633 eos.

1944 3667 2000 3722 2.
2031 3667 2175 3724 Nihil
2203 3677 2383 3726 tamen
2401 3671 2592 3726 horum
2615 3669 2863 3727 fiduciam
2883 3671 3014 3742 ipsis
3035 3671 3274 3740 indebat,
3291 3673 3483 3732 etiam.

1874 3760 1919 3817 si
1949 3775 2093 3831 saepe
2122 3762 2192 3819 de
2237 3764 2633 3820 resurrectione
2657 3765 2927 3822 audirent.
2958 3765 3093 3824 Nam
3116 3775 3312 3837 praeter
3329 3784 3482 3824 utor-

1876 3862 1983 3910 tem
2011 3856 2113 3911 hoc
2140 3856 2261 3912 illos
2287 3858 2520 3914 maxime
2548 3857 2818 3926 turbabat,
2851 3859 2994 3931 quod
3020 3860 3274 3916 audirent
3300 3862 3479 3933 ipsum

1874 3945 2207 4002 illudendum
2246 3957 2300 4003 et
2331 3947 2713 4017 ﬂagellandum
2742 3964 2864 4005 esse
2883 3991 2897 4013 ,
2937 3959 2993 4006 et
3016 3950 3120 4004 alia
3151 3949 3480 4021 hujustuodi.

1875 4037 2008 4095 Cum
2040 4039 2185 4095 enim
2205 4041 2511 4111 cogitabant
2541 4041 2820 4110 miracula,
2852 4043 3214 4101 daemoniacos
3242 4057 3484 4115 curatos,

1873 4140 2117 4188 mortuos
2142 4134 2448 4200 suscitatos,
2483 4143 2538 4191 et
2565 4135 2668 4189 alia
2700 4135 3027 4192 mirabiliter
3059 4137 3219 4205 facta,
3250 4138 3484 4195 deinde-

1873 4237 1980 4294 que
2009 4222 2126 4280 haec
2169 4224 2488 4292 audiebant,
2521 4225 3014 4298 obstupescebant,
3047 4229 3193 4300 quod
3231 4231 3322 4301 qui
3353 4231 3480 4289 talia

1875 4323 2140 4385 patraret,
2174 4317 2299 4373 talia
2341 4333 2596 4388 passurus
2632 4329 2815 4387 esset;
2848 4321 3079 4394 ideoque
3128 4324 3182 4379 in
3233 4340 3481 4396 magnam

1877 4409 2186 4466 incidebant
2220 4411 2631 4478 dubitationem,
2664 4429 2728 4469 ac
2755 4414 2916 4469 modo
2952 4415 3280 4483 credebant,
3322 4420 3488 4477 modo

1877 4499 1984 4557 non
2005 4502 2318 4570 credebant,
2349 4519 2448 4559 nec
2475 4505 2615 4559 dicta
2643 4505 2730 4560 illa
2755 4505 3057 4578 intelligere
3081 4518 3351 4582 poterant.
3380 4511 3484 4570 Us-

1875 4609 1980 4664 que
2006 4595 2141 4650 adco
2174 4596 2316 4650 enim
2347 4597 2490 4653 clare
2521 4613 2625 4653 non
2657 4599 3025 4670 intelligebant
3049 4644 3066 4670 ,
3097 4611 3157 4658 ut
3183 4604 3276 4659 lilii
3309 4605 3490 4664 lebe-

1875 4683 1981 4740 ἀεὶ
2019 4687 2196 4742 statim
2227 4688 2545 4744 accederent
2567 4730 2582 4754 ,
2611 4699 2664 4746 et
2691 4690 2761 4746 de
2785 4691 2963 4762 primo
2987 4708 3247 4751 consessu
3290 4697 3478 4768 loque-

1876 4786 2064 4833 rentur
2093 4795 2108 4832 :
2147 4778 2390 4836 Volumus
2417 4783 2559 4837 enim
2577 4825 2592 4848 ,
2620 4785 2793 4848 aiunt,
2827 4796 2882 4839 ut
2906 4803 3036 4842 unus
3064 4803 3098 4841 a
3123 4788 3318 4846 dextris
3344 4793 3443 4847 tuis
3465 4835 3482 4858 ,

1877 4883 2009 4922 unus
2029 4886 2060 4922 α
2085 4869 2304 4924 sinistris
2328 4871 2502 4926 sedeat
2529 4871 2722 4942 (Marc.
2745 4874 2833 4930 10.
2858 4877 2973 4947 35).
2992 4877 3482 4952 Quomodngitnr,

1878 4957 2088 5031 inquies
2112 5006 2125 5024 ,
2159 4961 2247 5017 hic
2291 4965 2620 5036 evangelista
2673 4967 2844 5035 dicit,
2883 4973 3180 5029 accessisse
3219 4978 3488 5032 matrem?

1879 5051 2176 5126 Utrumque
2223 5055 2418 5111 factum
2461 5073 2584 5126 esse
2611 5060 2904 5117 verisimile
2941 5073 3045 5118 est.
3089 5065 3311 5123 Matrem
3341 5070 3484 5126 enim

1878 5158 2058 5200 secum
2077 5162 2420 5216 assumpsere
2446 5150 2511 5204 ad
2535 5151 2794 5221 majorem
2819 5155 3267 5225 supplicationem
3292 5159 3485 5217 iacien-

1878 5237 2002 5292 dam
2031 5281 2044 5304 ,
2077 5251 2134 5292 ut
2159 5239 2429 5296 Christum
2459 5243 2562 5300 hoc
2593 5245 2753 5300 modo
2781 5245 3082 5304 ﬂecterent.
3116 5251 3272 5318 Quod
3301 5264 3479 5310 autem

1881 5347 2004 5387 vere
2035 5333 2352 5401 supplicatio
2379 5351 2562 5391 eorum
2588 5339 2655 5392 sit
2681 5380 2696 5404 ,
2737 5347 2790 5394 et
2817 5341 2956 5408 quod
2989 5357 3109 5409 prae
3141 5344 3345 5413 pudore
3367 5363 3485 5401 ma-

1882 5433 2020 5479 trem
2051 5424 2417 5490 adhibuerint,
2450 5430 2724 5498 perpende
2750 5433 3022 5502 quomodo
3048 5435 3116 5489 ad
3140 5436 3260 5492 illos
3276 5452 3480 5493 sermo-

1880 5530 2021 5569 mem
2051 5516 2299 5572 Christus
2329 5518 2542 5589 dirigat.

1958 5601 2097 5667 Quid
2129 5617 2240 5654 vere
2264 5612 2492 5670 peterent
2524 5603 2626 5673 ﬁlii
2667 5603 2918 5662 Zebedwi.
2945 5637 3016 5648 —
3039 5608 3150 5664 lmo
3171 5624 3301 5664 vero
3334 5611 3482 5680 prius

1882 5693 2157 5749 discamus
2186 5696 2310 5763 quid
2345 5704 2559 5764 petant;
2591 5701 2698 5760 quo
2727 5701 2894 5753 animi
2930 5704 3226 5772 proposito,
3252 5715 3304 5760 et
3337 5707 3481 5760 unde

1886 5787 1950 5841 ad
1980 5788 2079 5840 huc
2113 5785 2328 5851 impulsi
2361 5790 2485 5841 sint.
2517 5789 2672 5844 Unde
2699 5807 2826 5860 ergo
2854 5792 2919 5846 ad
2949 5793 3049 5847 hoc
3074 5793 3288 5861 impulsi
3319 5809 3466 5850 sunt.
