4174 6332
668 346 773 402 619

669 460 926 516 Videbunt
955 472 1012 514 se
1038 471 1148 529 pra:
1177 455 1294 510 aliis
1323 456 1374 510 in
1405 455 1606 508 honore
1631 468 1771 519 esse,
1795 461 1850 508 et
1879 452 2000 504 hinc
2025 465 2081 506 se
2104 449 2239 520 pati.-

668 553 864 608 tionem
895 559 1315 620 consequuturos
1343 563 1461 604 esse
1501 547 1805 616 sperabant.
1847 543 1952 601 Sed
1992 544 2117 623 quid
2151 559 2243 613 pc-

670 643 821 697 tuut?
849 641 982 697 Audi
1003 641 1164 695 alium
1181 640 1563 710 evangelistam
1590 637 1688 691 hoc
1712 637 1856 691 clare
1869 637 2242 704 explicantem.

665 735 813 804 Quod
843 735 1008 801 enim,
1041 735 1226 805 inquit,
1259 748 1420 804 prope
1442 729 1829 801 Jerusnlymam
1861 735 2065 791 essent,
2095 735 2243 796 puta-

665 835 888 895 rentque
927 840 1148 896 regnum
1199 823 1287 880 Dei
1325 823 1542 893 jztntjam
1574 817 1915 874 revolandum
1942 831 2064 873 esse
2085 858 2101 882 ,
2128 815 2245 870 bzec

667 917 1022 987 postulabant.
1056 915 1444 970 Existimabam
1471 914 1636 979 enim,
1667 927 1886 982 regnum
1918 909 2046 964 illud
2079 922 2244 979 prope

662 1023 780 1062 esse
806 1015 862 1061 et
885 1007 987 1062 sub
1013 1022 1227 1062 sensum
1249 1005 1459 1070 Cﬂdi‘l'e,
1478 1019 1540 1058 ac
1558 1018 1617 1058 se
1647 1002 1787 1072 quod
1812 1002 2056 1072 petebant
2074 998 2241 1055 semel

660 1108 1020 1168 consequutos
1041 1136 1058 1163 ,
1091 1096 1220 1151 nihil
1250 1096 1403 1150 triste
1433 1108 1681 1164 passuros
1707 1107 1828 1148 esse
1852 1109 1866 1145 :
1899 1106 2072 1160 neque
2097 1090 2238 1143 enini

663 1190 788 1244 illud
832 1199 1050 1260 propter
1094 1189 1195 1263 hoc
1240 1189 1409 1257 ipsmu
1459 1197 1660 1242 tantum
1701 1187 1990 1256 petebant,
2032 1188 2125 1239 sed
2185 1195 2240 1239 ut

660 1295 927 1335 aerumnas
958 1281 1208 1335 vitarent.
1253 1277 1378 1333 ideo
1411 1279 1654 1333 Christus
1698 1277 1871 1348 primo
1899 1277 2014 1330 illos
2043 1277 2110 1330 ab
2139 1274 2238 1329 hic

664 1372 990 1441 cogitatione
1017 1371 1251 1437 abducit,
1277 1370 1468 1440 jubens
1489 1370 1682 1435 caedes,
1726 1367 1956 1438 pericula
1984 1376 2038 1422 et
2061 1379 2238 1421 extre-

660 1477 744 1516 ma
787 1448 1014 1534 qumque
1037 1472 1363 1531 exSpectare.
1393 1459 1482 1514 22.
1529 1458 1786 1526 Potestis,
1827 1460 2030 1528 inquit,
2076 1457 2241 1510 bibere

662 1554 891 1620 calicem,
918 1571 1063 1624 quem
1082 1569 1174 1624 ego
1199 1553 1441 1606 bibiturus
1472 1567 1582 1604 sum
1601 1549 1627 1603 .’
1663 1550 1730 1604 At
1761 1563 1918 1604 nemo
1957 1549 2233 1612 turbetur,

659 1646 930 1714 apostolos
954 1645 1031 1700 sic
1058 1642 1394 1714 imperfectos
1421 1642 1627 1697 videns.
1661 1640 1905 1696 Nondum
1936 1643 2077 1695 cnim
2104 1656 2232 1695 crux

660 1739 971 1801 advenerat,
1007 1739 1239 1790 nondum
1266 1733 1495 1805 Spiritus
1519 1733 1684 1804 gratia
1712 1733 1831 1789 data
1862 1745 1995 1790 erat.
2018 1733 2074 1789 Si
2104 1737 2236 1790 velis

658 1844 833 1885 autem
868 1830 1102 1899 ipsorum
1133 1827 1378 1882 virtutem
1410 1826 1668 1889 ediscere.
1693 1836 1812 1897 post
1833 1825 1948 1880 inec
1973 1827 2090 1881 illos
2111 1840 2238 1880 cau-

659 1919 853 1979 sidera.
889 1917 1200 1986 videbisque
1233 1919 1373 1986 ipsos
1404 1918 1548 1971 omni
1579 1917 1765 1972 morbo
1797 1917 1960 1970 animi
1989 1917 2232 1985 superio-

660 2023 763 2063 res.
799 2008 1025 2077 Ideoque
1050 2007 1434 2062 enim—illorum
1463 2005 1894 2075 imperfectioncs
1912 2007 2135 2072 revelat,
2179 2017 2238 2061 ut

663 2109 845 2170 postea
870 2101 1008 2154 scias
1051 2099 1237 2170 quales
1278 2114 1343 2156 ex
1392 2100 1556 2170 gratia
1596 2099 1714 2154 facti
1745 2099 1872 2154 sint.
1892 2099 2044 2168 Quod
2075 2100 2234 2170 igitur

661 2189 790 2245 nihil
815 2190 1096 2259 spirituale
1116 2199 1437 2261 quaererent,
1463 2206 1634 2260 neque
1665 2192 1822 2245 ullam
1849 2192 2062 2261 superni
2085 2191 2235 2261 regni

659 2285 900 2339 notitiam
944 2285 1222 2351 haberent,
1268 2283 1392 2339 hinc
1444 2283 1616 2354 palam
1664 2295 1767 2338 est.
1817 2284 1922 2339 Sed
1966 2284 2237 2340 videamus

657 2375 927 2446 quomodo
942 2375 1219 2438 accedant,
1243 2384 1295 2428 et
1314 2373 1438 2444 quid
1458 2375 1657 2428 dicant.
1689 2373 1947 2442 Volumus,
1972 2375 2234 2444 inquiunt,

657 2477 711 2519 ut
738 2466 1085 2536 quodcumque
1111 2465 1400 2535 petierimus
1429 2465 1587 2534 facias
1613 2464 1756 2518 nobis
1804 2465 1990 2534 (Marc.
2025 2467 2109 2520 {0.
2140 2466 2230 2521 55.

666 2557 778 2630 56).
847 2557 1151 2627 Respondet
1197 2557 1473 2624 Christus,
1524 2556 1659 2623 Quid
1697 2557 1887 2616 vultis?
1937 2557 2051 2612 Non
2094 2558 2233 2628 quod

665 2652 960 2718 ignoraret,
1005 2649 1096 2703 sed
1132 2657 1190 2702 ut
1217 2657 1432 2717 cogeret
1462 2648 1582 2702 illos
1621 2647 1964 2716 respondere,
2005 2658 2058 2702 et
2089 2648 2237 2703 ulcus

660 2739 1000 2810 patefaceret,
1028 2750 1079 2792 ut
1106 2738 1396 2794 remedium
1428 2739 1502 2793 illi
1531 2739 1827 2793 adhiberet.
1860 2739 1936 2793 Illi
1963 2754 2087 2792 vero
2116 2754 2235 2794 eru-

658 2831 960 2899 bescentes,
1007 2833 1147 2901 tIIIOd
1191 2847 1257 2886 ex
1307 2832 1539 2886 immano
1578 2832 1768 2886 affuctn
1794 2848 1858 2886 eo
1882 2832 2117 2885 animum
2143 2846 2237 2901 ap-

656 2923 936 2994 pulissent,
967 2923 1190 2977 seorsitn
1220 2923 1285 2976 ab
1313 2923 1432 2977 aliis
1458 2922 1730 2992 discipulis
1756 2921 2038 2976 abductum
2074 2923 2237 2979 inter-

657 3022 929 3084 rogarunt.
958 3013 1362 3069 Pnacessentttt
1391 3015 1556 3079 enim,
1602 3015 1791 3085 inquit,
1832 3031 1898 3070 ne
1933 3014 2234 3084 deprehen-

656 3105 912 3160 derentur
957 3105 1024 3158 ab
1073 3105 1228 3170 aliis,
1280 3115 1331 3160 et
1375 3105 1454 3160 sic
1497 3121 1616 3174 quae
1671 3105 1921 3160 volebant
1963 3107 2230 3160 dixerunt.

660 3195 918 3250 Volabant
967 3205 1170 3261 autem,
1219 3205 1277 3249 ut
1320 3207 1420 3266 ego
1471 3195 1723 3261 arbitror,
1769 3197 1894 3267 quia
1927 3196 2230 3262 audierunt,

658 3287 907 3342 Sedebitis
933 3305 1085 3356 super
1106 3288 1312 3342 thronos
1338 3289 1602 3343 duodecim
1626 3288 1840 3359 (Matth.
1863 3289 1949 3345 l9.
1980 3289 2097 3360 28),
2133 3292 2236 3360 pri-

663 3398 808 3437 nium
836 3396 1147 3436 consessum
1174 3382 1481 3452 impetrare.
1527 3381 1778 3437 Sciebant
1819 3396 1977 3452 porro
2016 3397 2074 3438 se
2103 3383 2239 3438 alios

661 3473 1008 3540 antecedere;
1054 3474 1314 3528 timebant
1339 3487 1465 3526 vero
1490 3472 1731 3540 Petrum,
1777 3488 1840 3528 ac
1876 3473 2059 3528 dicunt
2091 3492 2105 3527 :
2137 3471 2236 3528 Dic

659 3579 714 3624 ut
754 3568 925 3622 sedeat
965 3557 1093 3621 unus
1128 3584 1160 3620 a
1207 3567 1396 3621 dextris
1421 3567 1540 3634 tuis,
1568 3577 1614 3620 et
1645 3583 1775 3621 unus
1799 3584 1831 3620 a
1857 3567 2077 3622 sinistris
2105 3583 2124 3621 :
2153 3566 2234 3636 ip-

658 3673 882 3730 sumque
908 3668 1098 3728 urgent
1128 3658 1230 3712 hoc
1253 3659 1436 3722 verba.
1467 3655 1585 3710 Dic.
1615 3656 1749 3725 Quid
1798 3658 1954 3728 igitur
1999 3658 2129 3713 ille?
2164 3655 2234 3712 Ut

658 3753 904 3806 ostendat
934 3750 1055 3804 illos
1086 3764 1184 3803 nec
1214 3748 1492 3818 spirituale
1517 3748 1788 3819 quidpiam
1821 3758 2022 3818 petere,
2065 3763 2235 3818 neque

662 3842 708 3895 si
752 3841 950 3895 scirent
993 3839 1117 3909 quid
1163 3838 1263 3893 hoc
1306 3847 1468 3904 esset,
1513 3853 1763 3907 umquam
1804 3849 1984 3907 petere
2012 3851 2235 3893 ausuros

663 3932 849 3994 fuisse,
878 3930 951 3984 ait
982 3947 998 3987 :
1026 3928 1114 3982 22.
1151 3927 1370 3982 Nescitis
1393 3929 1516 3997 quid
1543 3930 1760 3999 petatis;
1795 3944 1952 3998 quam
1985 3944 2232 3998 magnum

656 4035 853 4090 nempe
891 4020 981 4082 sit,
1011 4032 1168 4088 quam
1203 4018 1465 4082 mirabile,
1509 4034 1666 4087 quam
1710 4031 1924 4088 superet
1955 4019 2096 4090 ipsas
2145 4035 2236 4074 su-

657 4127 852 4183 pernas
894 4118 1205 4181 potestates.
1240 4107 1437 4162 Deinde
1465 4109 1735 4178 subjungit
1769 4127 1780 4162 :
1816 4108 2034 4164 Potestis
2073 4110 2237 4165 bibere

655 4203 884 4268 calicem,
911 4217 1057 4271 quem
1083 4217 1173 4271 ego
1198 4200 1442 4253 bibiturus
1472 4216 1583 4254 sunt
1601 4241 1616 4264 ,
1650 4211 1694 4253 et
1722 4185 1987 4270 baptismo,
2017 4219 2115 4272 quo
2143 4219 2234 4274 ego

654 4295 901 4367 baptisar,
941 4291 1189 4364 baptizari
1229 4289 1417 4361 (Marc.
1448 4289 1533 4346 10.
1577 4291 1713 4361 58)?
1745 4291 1929 4362 Viden'
1966 4294 2234 4364 quomodo

654 4390 833 4445 statim
872 4387 943 4443 ab
981 4388 1080 4441 bac
1125 4385 1372 4455 opinione
1424 4384 1546 4440 illos
1583 4385 1830 4451 abducat,
1882 4400 1912 4439 a
1952 4388 2234 4457 contrariis

656 4483 800 4552 ipsos
829 4479 1145 4550 alloquens?
1176 4477 1284 4533 Vos
1304 4475 1516 4547 quidem
1545 4477 1614 4532 de
1643 4476 1847 4530 honore
1875 4478 2046 4547 deque
2071 4493 2233 4532 coro-

658 4573 745 4628 nis
787 4586 992 4626 mecum
1029 4569 1329 4639 loquimini,
1379 4567 1584 4636 inquit;
1632 4582 1732 4637 ego
1779 4583 1906 4623 vero
1950 4567 2019 4622 de
2056 4577 2234 4624 certa—

660 4663 891 4720 minibus
916 4659 1063 4717 etde
1091 4661 1377 4718 sudoribus
1405 4660 1613 4730 loquor.
1659 4660 1774 4715 Non
1822 4672 1905 4716 est
1943 4661 2086 4716 enim
2133 4660 2234 4715 hoc

655 4755 998 4827 pmmiorum
1036 4763 1263 4821 tempus,
1296 4766 1471 4820 neque
1513 4766 1653 4806 nunc
1674 4753 1842 4821 gloria
1873 4751 1955 4805 illa
1990 4767 2108 4807 mea
2136 4767 2234 4822 ap-

660 4847 868 4929 parebit
893 4862 908 4912 ;
959 4844 1052 4900 sed
1084 4859 1322 4916 prwsens
1346 4845 1450 4896 vita
1479 4853 1561 4897 est
1589 4842 1833 4907 aedium,
1856 4843 1977 4898 belli
2000 4857 2064 4897 ac
2088 4845 2230 4913 peri-

654 4937 916 4994 culorum.
964 4935 1029 4989 Et
1071 4935 1189 4990 vide
1237 4950 1343 5004 quo
1394 4944 1548 5003 pacto
1585 4950 1650 4989 ex
1681 4935 1841 4990 modo
1872 4936 2230 5005 interrogandi

653 5039 709 5085 et
754 5028 993 5082 hortetur
1038 5036 1094 5081 et
1138 5026 1330 5080 trahat.
1376 5024 1557 5095 Neque
1601 5027 1744 5080 enim
1787 5026 1954 5091 dixit,
2003 5027 2232 5082 Potestis

653 5119 853 5174 caulem
889 5117 1101 5172 ferre’l
1124 5116 1348 5187 potestis
1378 5117 1686 5185 sanguinem
1713 5126 1946 5172 vestrum
1978 5115 2232 5172 fundere?

652 5211 750 5267 sed
793 5211 1098 5281 quomodo?
1146 5208 1364 5263 Potestis
1408 5207 1572 5262 bibere
1612 5207 1816 5262 calicem
1839 5208 1864 5261 .9
1891 5209 2090 5264 Deinde
2119 5210 2234 5263 alli-

651 5305 802 5360 ciens
831 5318 924 5358 eos
950 5302 1023 5356 ait
1051 5318 1067 5356 :
1097 5301 1256 5370 Quem
1286 5317 1377 5371 ego
1402 5300 1649 5354 bibiturus
1676 5317 1788 5354 sum
1836 5316 1856 5354 :
1898 5310 1956 5354 ut
1993 5316 2058 5356 ex
2102 5317 2229 5357 con-

655 5397 820 5450 sortio
848 5410 945 5449 suo
972 5396 1323 5465 promptiores
1353 5394 1558 5448 fierent.
1615 5393 1881 5462 Baptisma
1921 5405 2094 5449 autem
2133 5412 2228 5449 vo-

650 5499 736 5541 cat
776 5488 924 5552 illud,
975 5487 1260 5541 ostendens
1305 5502 1548 5558 magnam
1579 5486 1701 5541 inde
1743 5489 2106 5557 purgationem
2136 5490 2229 5544 toti

654 5580 764 5634 orbi
813 5577 944 5633 fore.
990 5578 1178 5633 Postea
1219 5577 1402 5633 dicunt
1446 5579 1544 5644 illi,
1587 5577 1886 5633 Possumus.
1943 5579 2018 5634 Ex
2066 5581 2227 5634 animi

711 5756 728 5790 ί
755 5761 880 5812 Haec,
910 5751 1105 5805 “uestis
1126 5753 1310 5804 caedem
1333 5754 1480 5816 ferre,
1502 5754 1680 5804 desunt
1704 5754 1750 5802 in
1779 5754 1938 5812 itorcl.

1351 341 1408 397 S.
1449 337 1725 395 JUANNIS
1759 335 2225 393 CllBYSOSTOilI
2265 333 2581 391 ARCIIIRP.
2624 333 3158 391 CONSTANTINOP.

3828 339 3943 400 620

2351 447 2560 502 fervore
2585 449 2760 500 statim
2795 448 3128 518 promittunt,
3175 449 3474 505 nescientes
3505 449 3627 522 quid
3657 450 3891 507 dicerent
3913 493 3932 517 ,

2349 538 2443 591 sed
2504 548 2908 605 exspectantes,
2977 553 3035 590 se
3076 538 3509 608 quod.petebant
3556 542 3938 608 impetraturos

2347 643 2485 683 esse.
2513 627 2647 698 Quid
2678 630 2834 699 igitur
2863 630 2994 684 ille?
3036 629 3125 684 25.
3154 629 3372 684 Calicem
3415 632 3617 698 quidem
3659 648 3827 686 meum
3859 635 3906 685 bi
3917 665 3934 672 -

2347 721 2499 788 batis,
2545 733 2590 775 et
2630 723 2948 792 baptismate,
2990 741 3088 792 quo
3129 740 3220 794 ego
3263 724 3510 793 bapttsor,
3553 725 3935 793 baptisabimini

2349 811 2538 882 (Marc.
2573 811 2659 868 10.
2689 813 2802 883 '59).
2846 813 3028 881 Magna
3077 814 3184 868 illis
3224 814 3560 884 prophetarit
3603 813 3778 880 bona;
3832 815 3934 870 hoc

2345 912 2448 966 est,
2479 901 2732 974 Martyrio
2762 904 3130 974 dignabimini,
3160 915 3213 960 et
3243 906 3356 960 hate
3387 907 3658 975 patiemini
3683 923 3804 976 qum
3833 921 3934 972 ego

2352 995 2541 1064 patiar,
2571 996 2803 1052 violenta
2836 1008 3007 1052 morte
3050 1000 3210 1051 vitam
3261 999 3634 1064 terminabitis,
3663 1000 3714 1052 in
3743 999 3934 1068 hisque

2351 1087 2478 1142 mihi
2541 1103 2818 1144 consortes
2885 1093 3053 1146 eritis.
3112 1092 3303 1147 Sedere
3340 1103 3506 1147 autem
3545 1096 3616 1147 ad
3674 1095 3932 1149 dexteram

2345 1197 2504 1232 meam
2550 1189 2597 1235 et
2639 1181 2709 1233 ad
2749 1183 3008 1236 sinistram
3053 1201 3151 1238 non
3193 1195 3265 1238 est
3310 1201 3475 1238 metm:
3521 1183 3663 1251 dare,
3695 1186 3787 1240 sed
3812 1185 3931 1257 qui-

2341 1268 2432 1323 bus
2483 1282 2714 1338 paratum
2755 1283 2827 1327 est
2863 1291 2893 1326 a
2938 1274 3091 1328 Patre
3135 1292 3262 1332 meo.

2417 1364 2467 1417 5.
2516 1365 2800 1433 Postquam
2835 1366 3044 1420 illorum
3085 1368 3294 1420 animos
3315 1368 3516 1430 erexit,
3562 1367 3930 1422 sublimiores-

2343 1472 2446 1525 que
2485 1456 2630 1520 fecit,
2677 1459 2898 1528 illosque
2925 1475 3159 1539 maerore
3186 1463 3492 1527 superiores
3522 1460 3772 1523 reddidit,
3805 1472 3931 1516 tunc

2342 1549 2548 1604 illorum
2579 1552 2884 1620 petitionem
2909 1554 3147 1622 corrigit.
3196 1553 3298 1608 Sed
3336 1552 3461 1623 quid
3487 1562 3571 1607 est
3609 1553 3748 1624 quod
3789 1569 3929 1606 nunc

2339 1639 2574 1694 dicitur?
2601 1640 2731 1696 Nam
2766 1641 2872 1697 duo
2901 1654 3211 1713 quterttntur
3239 1663 3267 1698 a
3301 1645 3517 1709 multis;
3567 1646 3761 1714 primo,
3797 1661 3925 1698 num

2343 1741 2582 1802 paratum
2612 1734 2842 1802 cuipiam
2877 1736 2948 1788 sit
2986 1735 3176 1789 sedere
3203 1751 3230 1787 a
3261 1735 3462 1790 dextris
3483 1736 3637 1804 ejus;
3668 1735 3924 1802 secundo,

2342 1837 2466 1877 num
2511 1823 2747 1878 omnium
2780 1824 3040 1879 Dominus.
3061 1841 3168 1880 non
3192 1827 3353 1894 possit
3381 1826 3776 1895 illis.pr:rbere,
3812 1827 3934 1895 qui-

2339 1912 2436 1967 bus
2458 1925 2696 1982 paratum
2721 1925 2823 1972 est.
2842 1915 2977 1985 Quid
3004 1933 3131 1985 ergo
3154 1929 3232 1973 est
3266 1916 3428 1972 illud?
3452 1917 3506 1973 Si
3531 1919 3758 1991 primam
3784 1935 3917 1987 quae-

2338 2005 2566 2060 stionem
2611 2006 2948 2074 solverimus,
2995 2008 3226 2062 secunda
3253 2010 3392 2063 clara
3420 2009 3524 2064 erit
3543 2008 3926 2080 quaerentibus.

2337 2096 2476 2161 Quid
2517 2111 2644 2167 ergo
2686 2097 2815 2152 ilittd
2860 2099 2986 2153 est?
3029 2098 3197 2152 Nemo
3227 2099 3292 2154 ad
3319 2099 3592 2156 dexteram
3623 2101 3738 2172 ejus
3773 2103 3908 2157 sede

2342 2189 2436 2248 bit,
2483 2203 2656 2258 neque
2689 2187 2756 2243 ad
2799 2189 3089 2244 siniStratn.
3139 2189 3444 2247 lnaccessus
3469 2191 3611 2247 enim
3639 2204 3721 2248 est
3749 2195 3926 2250 omni-

2342 2279 2441 2334 bus
2492 2280 2714 2334 thronus
2760 2279 2853 2334 ille
2904 2297 2918 2333 :
2970 2296 3077 2335 non
3118 2280 3422 2336 hominibus
3451 2293 3657 2339 tantum
3687 2285 3830 2351 died,
3874 2295 3932 2341 ct

2341 2374 2541 2427 sanctis
2568 2385 2623 2427 et
2653 2373 2927 2443 apostolis,
2974 2373 3067 2426 sed
3108 2375 3268 2427 etiam
3298 2376 3524 2445 angelis,
3567 2377 3927 2447 archangelis,

2342 2473 2397 2519 et
2433 2463 2683 2518 omnibus
2722 2465 2965 2532 supernis
3014 2465 3386 2532 potestatibus.
3413 2465 3566 2534 Quod
3606 2469 3755 2537 quasi
3791 2483 3933 2538 pne-

2341 2555 2629 2623 rogativam
2682 2554 2946 2624 Unigeniti
2989 2557 3135 2624 ponit
3184 2554 3379 2610 Paulus
3417 2557 3648 2612 dicens:
3677 2559 3934 2628 Aliquem

2338 2657 2502 2700 autem
2531 2648 2822 2715 angelorum
2863 2647 2991 2698 dixit
3029 2662 3267 2715 umquam
3297 2661 3315 2700 :
3346 2646 3480 2702 Sede
3505 2665 3539 2701 a
3565 2649 3755 2704 dextris
3781 2652 3929 2715 meis,

2339 2737 2496 2790 donec
2539 2753 2724 2805 ponam
2751 2737 2980 2790 inimicos
3017 2747 3127 2791 tuos
3163 2738 3433 2792 scabellum
3475 2740 3656 2808 pedum
3687 2748 3936 2802 tuorum?

2343 2830 2407 2883 Et
2460 2831 2528 2882 ad
2575 2830 2781 2900 angelos
2833 2831 3032 2898 quidem
3081 2831 3199 2884 ait:
3237 2829 3338 2897 Qui
3388 2832 3510 2902 facit
3561 2833 3765 2904 angelos
3811 2851 3936 2890 satos

2336 2925 2581 2994 spiritus;
2631 2925 2698 2976 ad
2746 2921 2791 2976 F
2792 2924 2937 2976 ilium
2983 2932 3149 2976 autem
3169 2963 3184 2988 ,
3213 2922 3444 2978 Throuus
3478 2933 3626 2988 tuus,
3658 2923 3798 2980 Deus
3819 2967 3834 2989 ,
3877 2927 3934 2980 in

2345 3015 2591 3071 stantium
2644 3015 2819 3069 steculi
2863 3013 3048 3082 (Hebr.
3092 3014 3146 3068 i.
3194 3015 3282 3070 15.
3330 3015 3385 3070 ’1.
3427 3015 3492 3081 8;
3532 3013 3677 3070 Psal.
3723 3017 3931 3085 109.1;

2345 3105 2465 3162 103.
2494 3108 2547 3171 ις
2578 3107 2666 3160 44.
2692 3105 2765 3177 7).
2807 3105 3087 3172 Quomodo
3114 3107 3271 3172 igitur
3300 3105 3445 3168 dicit,
3481 3107 3673 3162 Sedere
3697 3119 3871 3162 autem
3899 3127 3932 3163 a

2339 3197 2528 3252 dextris
2570 3207 2616 3250 et
2657 3197 2875 3250 sinistris
2900 3213 3001 3250 nou
3043 3205 3117 3252 est
3153 3214 3321 3251 meum
3347 3197 3471 3252 dare
3491 3198 3519 3252 .’
3543 3213 3609 3252 an
3631 3199 3772 3268 quod
3805 3203 3932 3270 qui.

2338 3289 2457 3343 dam
2485 3289 2591 3343 sint
2614 3290 2706 3360 qui
2731 3291 2928 3344 sessuri
2973 3289 3136 3343 sunt?
3172 3290 3408 3356 Minime,
3454 3291 3594 3346 absit
3639 3310 3652 3346 :
3697 3293 3793 3347 sed
3840 3309 3934 3348 re-

2339 3381 2553 3449 spondit
2581 3380 2874 3435 secundum
2901 3381 3209 3450 opinionem
3240 3382 3707 3452 inter-rogantium,
3735 3399 3935 3441 eorum

2339 3471 2629 3525 infirmitati
2661 3486 2720 3526 se
2759 3479 3142 3540 attempcrsns.
3171 3469 3356 3542 Neque
3377 3475 3522 3528 enim
3552 3474 3750 3544 aliquid
3781 3474 3936 3531 seic-

2338 3561 2464 3614 bant
2507 3561 2574 3616 de
2613 3561 2828 3616 sublimi
2878 3562 2968 3617 illo
3016 3565 3244 3628 throno,
3285 3579 3459 3634 neque
3488 3563 3554 3620 de
3584 3565 3713 3620 sede
3740 3565 3831 3620 illa
3862 3567 3934 3622 ad

2335 3652 2609 3707 dexteram
2643 3652 2835 3718 Patris,
2885 3653 3100 3723 quando
3127 3655 3289 3710 etiam
3323 3655 3404 3710 bis
3443 3656 3600 3726 longe
3632 3657 3892 3712 inferiora
3913 3699 3932 3723 ,

2336 3758 2456 3812 qua:
2494 3742 2731 3812 quotidie
2774 3743 2901 3823 illis,
2930 3743 3355 3813 ineulcabantur,
3400 3747 3718 3818 ignorabant
3763 3765 3779 3803 :
3829 3750 3935 3805 sed

2337 3848 2499 3887 unum
2528 3842 2734 3888 tantum
2763 3835 3092 3904 qumrebant,
3126 3845 3184 3889 ut
3224 3836 3427 3905 primos
3454 3852 3740 3893 consessus
3768 3848 3937 3896 tene-

2338 3933 2476 3989 rent,
2519 3933 2573 3980 et
2614 3936 2738 3980 ante
2764 3924 2900 3978 alios
2932 3926 3204 3992 sederent,
3231 3938 3392 3997 atque
3415 3929 3556 3998 apud
3591 3929 3740 3983 illum
3766 3946 3797 3983 a
3827 3947 3938 3986 ne-

2337 4017 2481 4072 mine
2526 4016 2996 4087 praacederentur;
3050 4019 3194 4088 quia,
3242 4027 3302 4073 ut
3326 4020 3434 4088 jam
3466 4020 3597 4085 dixi,
3640 4019 3938 4079 Duodecim

2337 4108 2543 4162 thronos
2565 4106 2862 4174 audierant,
2899 4110 3202 4179 ignorantes
3225 4110 3350 4178 quid
3380 4109 3483 4166 hoc
3506 4122 3672 4175 esset,
3693 4113 3938 4182 primum

2337 4213 2646 4253 consessum
2696 4199 3043 4269 quaesierunt.
3103 4199 3216 4255 Hoc
3259 4202 3439 4272 itaque
3473 4201 3603 4257 dicit
3630 4202 3889 4258 Christus
3923 4225 3938 4260 :

2338 4287 2563 4360 Propter
2591 4304 2678 4344 me
2707 4289 2923 4359 quidem
2952 4290 3272 4355 moriemini,
3315 4300 3370 4345 et
3406 4305 3502 4362 pro
3540 4293 3942 4363 praedicatione

2340 4380 2780 4447 immolabimini,
2833 4390 3222 4451 consortesque
3267 4381 3399 4437 mihi
3450 4383 3713 4453 passionis
3749 4387 3939 4442 eritis.

2336 4471 2518 4541 Neque
2561 4481 2740 4528 tamen
2791 4471 2892 4528 hoc
2935 4472 3064 4528 satis
3107 4483 3212 4540 est,
3254 4483 3313 4528 ut
3347 4474 3575 4543 primum
3610 4490 3941 4532 eatisessnm

2337 4567 2489 4620 vobis
2521 4565 2792 4632 conciliet,
2827 4573 2989 4637 utque
3037 4566 3266 4637 primum
3299 4565 3543 4623 ordinem
3574 4570 3824 4624 tetieatis.
3879 4571 3941 4627 Si

2335 4659 2454 4728 quis
2500 4673 2627 4713 vero
2655 4657 2790 4714 alius
2818 4659 3025 4714 venerit
3063 4659 3378 4730 martyrium
3421 4669 3633 4731 passus,
3671 4663 3943 4718 virtutes-

2334 4767 2437 4819 que
2477 4752 2610 4806 alias
2635 4766 2823 4806 omnes
2851 4752 3090 4807 obtineat
3128 4752 3416 4821 perfectius
3439 4768 3597 4823 quam
3625 4768 3719 4809 vos
3751 4771 3767 4808 :
3801 4755 3937 4814 licet

2335 4859 2429 4899 vos
2451 4860 2548 4915 ego
2572 4844 2812 4914 diligam,
2843 4855 2898 4898 et
2926 4843 3045 4899 aliis
3075 4859 3404 4914 praeponam,
3424 4859 3530 4900 non
3562 4845 3682 4900 ideo
3703 4850 3945 4916 repulso

2336 4938 2448 5004 illo,
2484 4939 2571 5008 qui
2601 4953 2665 4993 ex
2695 4939 2947 5008 operibus
2986 4937 3327 5006 praedicatur,
3355 4937 3508 4992 vobis
3535 4940 3734 5007 primas
3758 4940 3940 4996 dabo.

2336 5028 2473 5083 Veru
2504 5046 2530 5082 ιι
2560 5028 2673 5081 haec
2706 5030 2774 5081 ita
2809 5045 2911 5082 non
2943 5027 3097 5092 dixit,
3141 5043 3209 5083 ne
3235 5027 3476 5084 dolorem
3509 5029 3769 5094 inferret;
3835 5033 3940 5088 sed

2335 5121 2666 5190 anigmatice
2708 5119 2758 5174 id
2806 5119 3106 5174 subindicat
3147 5119 3332 5175 dicens
3382 5136 3397 5174 :
3445 5118 3664 5176 Calicem
3719 5123 3943 5186 quidem

2335 5229 2495 5265 metnn
2524 5213 2718 5277 bibatis,
2750 5221 2798 5265 et
2826 5211 3142 5282 baptismate,
3179 5227 3276 5281 quo
3301 5228 3392 5283 ego
3413 5211 3660 5281 baptisor,
3691 5215 3944 5284 baptiza-

2333 5303 2510 5355 bimini
2537 5319 2555 5356 :
2585 5304 2756 5357 sedere
2783 5313 2949 5357 autem
2988 5304 3055 5356 ad
3083 5304 3314 5357 dextram
3363 5311 3411 5356 et
3455 5303 3711 5357 sinistram
3761 5323 3942 5360 meam

2334 5411 2434 5447 non
2460 5404 2529 5447 est
2558 5411 2720 5448 meum
2750 5395 2890 5459 dare,
2931 5396 3021 5448 sed
3060 5397 3238 5465 quibus
3283 5404 3521 5461 paratum
3571 5405 3645 5448 est
3684 5413 3717 5447 a
3771 5397 3949 5456 Patre

2336 5503 2466 5540 meo.
2515 5485 2843 5554 Quibusnam
2894 5498 3130 5554 paratum
3179 5490 3299 5541 est?
3345 5487 3412 5542 lis
3452 5485 3541 5556 qui
3568 5486 3635 5539 ab
3665 5490 3945 5556 operibus

2339 5588 2558 5648 possunt
2600 5579 2871 5646 conspicui
2913 5578 3201 5632 eradere‘.
3259 5579 3382 5634 Ideo
3428 5594 3532 5636 non
3576 5579 3752 5642 dixit,
3814 5581 3944 5637 Νοι

2400 5763 2414 5787 ι
2442 5759 2553 5817 Alii,
2580 5764 2772 5820 possunt
2795 5752 3077 5820 insigniores
3100 5758 3318 5807 studere.
