4174 6332
211 388 300 445 Sil
1237 380 1302 438 IN
1342 380 1470 436 SlA-'l
1486 379 1747 436 τηΑεωι
1791 383 1805 435 l

1912 331 2023 436 ω..
2065 377 2226 435 m.
2267 378 2340 434 al.
2383 375 2565 434 Lm.

212 516 286 562 est
333 518 516 560 meum
567 503 724 570 dare,
773 500 870 558 sed
917 499 1090 556 Patris
1136 499 1263 565 mei,
1305 498 1516 569 nequis
1543 494 1812 550 intimum

212 596 432 663 diceret,
473 597 635 666 quasi
676 609 782 649 non
829 602 1011 662 posset
1049 592 1137 646 ille
1177 593 1490 645 mercedem
1514 589 1660 643 dare.
1705 586 1812 642 Sed

214 687 528 755 quomodo?
561 686 684 740 Non
711 696 782 741 est
818 701 1007 750 meum,
1040 683 1131 738 sed
1157 683 1224 736 iis
1248 682 1427 752 quibus
1456 688 1690 751 paratum
1718 686 1812 732 est.

215 777 280 833 ιιι
310 787 494 831 autem
527 777 582 831 id
614 777 756 847 quod
784 775 904 830 dico
930 774 1130 830 clarius
1156 775 1246 837 sit,
1273 772 1524 841 exemplo
1555 769 1683 824 illud
1715 785 1813 825 ex-

212 868 501 940 plicemus,
545 876 604 924 et
648 881 907 938 ponamus
945 880 1068 921 esse
1096 863 1380 935 quemdam
1411 859 1810 930 agonothetam,

209 961 408 1015 deinde
459 961 661 1015 multos
717 959 946 1014 athletas
1003 958 1238 1030 Optimos
1291 956 1344 1012 in
1389 955 1491 1011 hoc
1538 963 1810 1011 certamen

209 1050 571 1118 descendere,
605 1061 658 1106 et
702 1056 1018 1106 accedentes
1069 1050 1207 1105 duos
1258 1049 1490 1103 athletas
1513 1049 1810 1117 agonmhe-

210 1143 319 1198 the
349 1144 590 1198 maxime
632 1142 927 1198 familiares
968 1142 1172 1204 dicere,
1219 1140 1327 1196 Fac
1374 1148 1436 1195 ut-
1486 1153 1812 1194 coronemur

209 1250 263 1295 et
333 1241 769 1309 promulgemur,
834 1237 951 1308 ejus
1016 1235 1266 1292 amicitia:
1318 1243 1387 1291 et-
1421 1233 1811 1289 benevolentia:

210 1331 440 1386 fidentes
465 1348 481 1395 ;
515 1331 665 1386 illum
697 1346 825 1385 vero
855 1329 1186 1402 respondere
1209 1370 1226 1396 ,
1249 1326 1365 1382 Non
1393 1336 1476 1381 est
1502 1342 1679 1381 meum
1709 1326 1811 1381 hoc

207 1425 340 1477 dare
387 1421 568 1484 vobis,
616 1422 710 1477 sed
741 1421 948 1491 'qnihus
974 1420 1043 1475 ob
1073 1420 1284 1474 labores
1309 1429 1362 1474 et
1390 1417 1616 1474 sudores
1649 1433 1809 1489 para-

208 1524 317 1567 tum
340 1523 428 1568 est
457 1532 469 1566 :
503 1529 628 1567 num
657 1529 785 1584 ergo
817 1512 966 1566 illum
1010 1510 1212 1565 nullius
1237 1524 1359 1565 esse
1388 1512 1645 1580 potentia:
1663 1507 1809 1578 judio

204 1607 494 1661 cabimus?
550 1605 895 1675 Nequaquam
929 1621 941 1658 :
971 1602 1064 1658 scd
1092 1605 1161 1658 oh
1186 1601 1446 1672 justitiam
1473 1601 1809 1671 a‘quitatcm-

205 1712 310 1766 que
339 1695 700 1752 laudabimus.
733 1695 800 1752 Ut
837 1697 996 1766 igitur
1025 1694 1176 1749 illum
1208 1708 1315 1748 non
1346 1691 1673 1759 diceremus,
1717 1706 1808 1746 co-

204 1801 394 1840 ronam
444 1786 564 1842 ideo
607 1802 714 1841 non
758 1785 909 1849 dare,
963 1784 1101 1856 quod
1146 1799 1250 1838 non
1295 1790 1498 1854 posset,
1541 1781 1636 1838 sed
1666 1781 1809 1852 quod

204 1880 373 1934 nollet
405 1879 576 1950 legem
618 1880 972 1936 certaminum
1013 1879 1227 1942 violare,
1279 1892 1452 1948 neque
1488 1876 1628 1947 juris
1660 1876 1807 1931 ordi~

205 1986 329 2026 nem
361 1971 617 2027 turbare:
646 1973 726 2027 sic
770 1980 825 2026 et
863 1969 1134 2026 Christum
1169 1970 1284 2025 hare
1316 1968 1521 2024 dixisse
1559 1967 1806 2023 credide-

203 2063 328 2126 rim,
362 2064 602 2134 undique
633 2064 755 2118 illos
789 2063 1168 2128 concitantem,
1213 2073 1268 2117 ut
1302 2073 1421 2132 post
1451 2062 1547 2118 Dei
1577 2062 1804 2132 gratiam

206 2153 258 2207 in
311 2153 457 2208 bona
493 2168 655 2223 opera
705 2167 800 2208 sua
847 2160 996 2223 spem
1042 2154 1228 2208 salutis
1254 2163 1309 2209 et
1336 2153 1522 2224 gloriae
1550 2152 1801 2210 referant.

202 2243 330 2300 Ideo
377 2245 530 2311 dicit,
581 2244 776 2311 Quibus
814 2254 1049 2315 paratum
1085 2255 1185 2300 est.
1239 2245 1377 2313 Quid
1407 2247 1574 2311 enim,
1622 2235 1718 2312 ait,
1761 2246 1807 2301 si

201 2338 288 2393 alii
313 2338 472 2392 vobis
494 2340 744 2394 meliores
775 2338 1108 2409 appareant?
1149 2337 1276 2408 quid
1326 2339 1373 2392 si
1419 2339 1642 2393 meliora
1677 2353 1810 2408 ope-

199 2443 390 2486 rentur
412 2433 438 2485 ?
488 2431 625 2486 Num
649 2433 771 2502 quia
800 2431 1044 2500 discipuli
1074 2431 1182 2485 mei
1213 2430 1408 2494 fuistis,
1454 2430 1576 2484 ideo
1605 2432 1807 2499 primos

199 2538 496 2578 consessus
522 2523 873 2592 occupabitis,
904 2523 1004 2577 nisi
1037 2522 1302 2578 electione
1339 2521 1484 2592 digni
1509 2521 1802 2592 judiccmi-

200 2615 296 2668 ni?
350 2613 505 2682 Quod
538 2614 680 2669 enim
714 2615 828 2684 ipse
852 2615 922 2669 sit
960 2614 1218 2668 Dominus
1267 2614 1524 2680 universi,
1550 2614 1671 2668 h'nc
1707 2630 1802 2685 pa-

201 2705 306 2758 lam
360 2715 467 2770 cst,
517 2705 660 2775 quod
691 2704 806 2776 ipse
837 2715 1004 2759 totum
1033 2704 1227 2759 haheat
1263 2704 1544 2775 judicium.
1595 2706 1804 2760 Etenim

200 2796 365 2852 Petro
417 2797 496 2852 sic
542 2797 671 2852 dicit
714 2817 727 2850 :
781 2796 892 2867 Ego
917 2798 1004 2851 tibi
1044 2797 1174 2851 dabo
1199 2796 1364 2851 claves
1391 2799 1535 2867 regni
1561 2798 1805 2851 cwlorum

197 2889 420 2962 (Hann.
458 2890 546 2946 16.
579 2891 688 2961 19).
721 2891 787 2946 Et
829 2890 1027 2945 Paulus
1058 2891 1161 2945 hoc
1187 2890 1495 2961 significans
1539 2890 1752 2947 dicebat
1787 2909 1801 2946 :

197 2986 261 3046 In
291 2988 492 3063 reliquo
521 2996 741 3062 reposita
771 2995 844 3046 est
867 2985 990 3045 mihi
1021 3001 1210 3045 corona
1226 2985 1470 3061 justitiaz,
1503 3002 1654 3055 quant
1686 2986 1805 3041 red-

196 3085 278 3138 det
316 3084 451 3138 mihi
496 3083 739 3138 Dominus
757 3085 929 3153 justus
946 3084 1112 3154 judca:
1141 3083 1192 3137 in
1221 3085 1310 3136 illa
1341 3083 1423 3138 die
1454 3095 1472 3137 .’
1501 3096 1608 3133 non
1641 3078 1803 3133 solum

197 3185 371 3229 autem
400 3174 552 3239 mihi,
584 3175 672 3227 sed
699 3185 742 3227 et
772 3174 834 3227 iis
873 3173 1102 3227 omnibus
1140 3174 1225 3243 qui
1269 3173 1486 3243 diligunt
1534 3172 1803 3229 adventant

193 3264 304 3333 eius
352 3264 437 3335 (2.
471 3262 606 3319 Tim.
636 3266 688 3320 ι.
723 3265 799 3336 8).
853 3266 1127 3319 Adventus
1158 3281 1286 3321 vero
1316 3265 1536 3331 Christi,
1581 3267 1669 3321 ille
1712 3270 1801 3337 qui

192 3356 298 3426 jam
332 3356 440 3411 fni't
475 3356 558 3411 hic
585 3356 802 3411 dicitur.
839 3355 990 3424 Quod
1019 3366 1197 3411 autem
1228 3356 1451 3411 Paulum
1479 3373 1639 3414 nemo
1669 3373 1805 3427 pne-

192 3462 459 3503 cessurus
509 3447 616 3512 sit,
660 3447 910 3502 omnibus
960 3448 1135 3517 palam
1185 3457 1289 3503 est.
1349 3448 1405 3504 Si
1453 3459 1632 3504 autem
1687 3449 1804 3505 hmo

191 3537 445 3594 Christus
496 3538 775 3593 obsonrius
823 3538 1038 3604 dixerit,
1088 3554 1156 3594 ne
1200 3540 1457 3595 mireris:
1491 3541 1612 3595 illos
1656 3542 1800 3597 enim

192 3631 444 3693 dimittit,
479 3645 565 3685 res
596 3631 666 3684 ita
698 3631 1012 3699 disponens,
1047 3641 1196 3685 utne
1229 3646 1289 3686 se
1341 3631 1409 3686 de
1451 3632 1629 3702 primo
1672 3647 1805 3686 con-

192 3736 345 3775 sessu
379 3730 588 3776 temere
633 3721 715 3776 vel
762 3721 957 3776 frustra
1009 3722 1330 3777 turbarent:
1377 3738 1501 3777 nam
1553 3723 1682 3778 illud
1734 3739 1834 3785 ex.

193 3812 442 3868 humano
471 3813 664 3867 affectu
693 3814 933 3884 perpessi
975 3823 1120 3882 sunt,
1173 3830 1272 3870 nec
1301 3814 1422 3870 illos
1446 3816 1658 3870 tristitia
1685 3815 1801 3870 afli-

190 3919 315 3961 cere
360 3905 579 3970 volens,
619 3905 949 3959 obscuritate
987 3903 1102 3959 bzec
1129 3905 1288 3959 ambo
1318 3907 1678 3975 consequitur.
1707 3907 1800 3961 21.

193 3994 339 4050 Tunc
386 3995 647 4067 indignati
685 4006 801 4049 sunt
840 3997 1010 4050 decem
1032 3997 1096 4051 de
1123 3997 1315 4052 duobus
1342 3998 1604 4067 fratribus.
1637 3998 1800 4063 Tunc,

191 4086 588 4155 quandonam?
614 4085 838 4160 thtdo
872 4085 1080 4143 scilicet
1108 4087 1228 4142 illos
1256 4088 1567 4158 increpavit.
1622 4091 1804 4148 Donec

191 4181 336 4236 enim
365 4195 433 4236 ea
479 4177 678 4234 Christi
729 4181 992 4234 sententia
1021 4191 1159 4246 erat,
1194 4196 1299 4236 non
1347 4182 1799 4253 indignabantur;

191 4270 286 4326 scd
319 4271 578 4325 videntes
607 4271 728 4325 illos
757 4271 1020 4342 pra-ferri,
1075 4287 1140 4327 ex
1175 4273 1379 4329 honore
1419 4284 1474 4328 et
1502 4276 1803 4331 reverentia

190 4362 442 4433 magistri
501 4363 781 4429 tacebant,
831 4365 1044 4419 etiamsi
1089 4357 1270 4419 animo
1316 4366 1577 4430 dolerent,
1607 4369 1701 4422 sed
1751 4369 1801 4422 in

190 4453 440 4509 medium
499 4454 614 4508 hinc
666 4453 858 4508 ell‘crre
916 4470 1021 4508 non
1090 4456 1376 4509 audebant.
1440 4457 1804 4528 Similiterque

190 4561 315 4616 erga
373 4545 600 4601 Petrum
653 4544 944 4600 humanum
993 4547 1120 4616 quid
1163 4549 1327 4617 passi,
1370 4547 1588 4620 quando
1627 4549 1803 4605 didra-

189 4637 351 4692 cbma
404 4635 582 4701 dedit,
622 4651 728 4690 non
767 4635 982 4707 indigne
1017 4638 1276 4703 tulerunt,
1331 4638 1426 4693 sed
1469 4648 1675 4696 tantum
1723 4641 1801 4694 in-

192 4735 638 4800 terrogaverunt,
691 4727 815 4793 Quis
853 4729 1021 4802 major
1067 4739 1141 4783 est
1186 4728 1397 4799 (Matth.
1441 4730 1520 4786 l8.
1573 4731 1665 4804 l)?
1708 4733 1804 4789 llic

189 4835 371 4879 autem
425 4823 524 4878 ubi
566 4821 817 4878 viderunt
861 4822 1152 4890 discipulos
1189 4823 1238 4876 id
1273 4835 1472 4892 petere,
1518 4824 1801 4896 indignan-

191 4925 294 4969 tur.
326 4915 527 4984 Neque
554 4914 732 4968 statim
763 4913 1022 4984 indignati
1067 4925 1212 4980 sunt,
1259 4930 1379 4969 cum
1411 4925 1672 4985 peterent,
1705 4918 1800 4972 sed

189 5025 308 5063 cum
362 5008 672 5076 increpavit
715 5022 809 5061 eos
851 5005 1116 5070 Christus,
1154 5006 1395 5076 dixitque
1440 5009 1649 5077 primos
1675 5024 1804 5063 con—

191 5114 376 5155 sessus
411 5112 525 5153 non
556 5107 917 5167 occupaturos
943 5097 1063 5153 illos
1083 5112 1226 5165 esse,
1271 5099 1371 5152 nisi
1396 5114 1453 5154 se
1481 5098 1587 5153 illis
1615 5101 1801 5171 dignos

189 5190 538 5243 exhiberem.

267 5283 320 5335 4.
357 5280 479 5334 Sibi
522 5279 645 5346 ipsis
675 5288 1033 5347 comparantur
1062 5279 1302 5350 apostoli,
1346 5289 1464 5334 ante
1488 5292 1532 5334 et
1558 5292 1670 5351 post
1701 5283 1768 5336 ad
1780 5312 1798 5323 -

191 5386 394 5427 ventum
457 5375 669 5432 quam;
719 5371 901 5424 sancti.
942 5369 1217 5425 Ilumilitas
1246 5373 1642 5442 magnitudinem
1670 5377 1802 5443 parit

192 5467 516 5535 gloriamque
563 5471 731 5533 auget.
759 5492 830 5502 -—
870 5463 1054 5515 Viden'
1079 5475 1336 5532 quantum
1369 5466 1661 5533 imperfecti
1689 5484 1804 5522 om-

194 5575 285 5613 nes
314 5566 530 5618 essent,
563 5567 675 5610 tum
707 5554 759 5608 hi
792 5556 880 5622 qui
913 5555 1101 5609 decem
1133 5556 1252 5610 illos
1285 5557 1590 5625 praecedere
1626 5569 1800 5612 lenta-

193 5651 339 5714 bant,
374 5657 496 5702 tum
528 5645 714 5699 decem
744 5645 816 5698 illi
848 5646 936 5716 qui
965 5646 1174 5700 duobus
1207 5647 1553 5702 invidebant?
1582 5650 1709 5715 Sed,
1745 5661 1800 5707 ut

193 5741 318 5804 dixi,
349 5750 482 5809 post
513 5737 627 5790 [nec
653 5736 878 5792 ostende
905 5737 1026 5791 illos
1050 5737 1200 5803 mihi,
1233 5750 1286 5794 et
1317 5740 1522 5795 videbis
1551 5742 1800 5796 omnibus

195 5831 336 5888 hisce
364 5829 656 5887 adeelibus
685 5844 901 5885 vacuos.
930 5830 1064 5885 Audi
1088 5833 1357 5901 quomodo
1388 5835 1474 5890 hic
1501 5838 1613 5905 ipse
1633 5835 1796 5892 Joan-

1924 507 2042 558 nes,
2069 495 2159 564 qui
2188 508 2333 549 nunc
2364 493 2464 549 hac
2494 492 2566 547 de
2593 507 2755 548 causa
2783 492 3033 559 accessit,
3065 493 3270 563 primas
3309 507 3528 562 semper

1922 584 2084 641 Petro
2099 585 2276 650 cedat,
2300 595 2357 641 et
2375 585 2725 641 concinnant'r
2741 594 2796 639 et
2819 585 3074 640 miracula
3096 585 3276 642 edenti
3302 587 3356 641 in
3375 588 3528 642 Acti-

1921 674 2021 730 bus
2046 677 2434 745 apostolorum.
2479 675 2668 746 Neque
2713 677 2838 745 ejus
2883 677 3138 746 pr:eelara
3182 687 3331 746 gesta
3361 676 3524 745 celat,

1921 768 2013 823 sed
2060 777 2115 823 ει
2158 767 2560 825 confessionem
2594 780 2778 824 narrat
2798 812 2813 833 ,
2845 785 3006 840 quam
3048 769 3137 825 ille
3163 771 3417 826 omnibus
3439 780 3524 826 ιιι-

1919 860 2168 913 centibus
2207 860 2412 926 emisit,
2455 867 2512 915 et
2541 861 2842 930 ingressum
2892 861 2945 915 in
2976 862 3304 930 sepulcrum,
3340 862 3522 917 illum-

1918 964 2023 1019 que
2056 951 2073 982 ί
2100 949 2201 1004 sibi
2235 951 2501 1021 przrponit
2532 952 2666 1025 (Act.
2695 952 2790 1024 5).
2820 950 2954 1020 Quia
2983 953 3126 1007 enim
3155 953 3315 1007 ambo
3338 955 3519 1008 cruci-

1920 1040 2138 1113 figendo
2181 1042 2401 1097 Christo
2454 1044 2684 1098 aderant
2709 1084 2724 1109 ,
2787 1044 3000 1098 laudem
3049 1060 3200 1098 stram
3241 1046 3522 1100 succidens

1916 1131 2154 1187 Joannes
2178 1135 2252 1187 ait
2287 1150 2301 1188 :
2334 1131 2504 1187 Notus
2524 1144 2628 1187 erat
2646 1133 2930 1204 discipulus
2951 1135 3038 1188 ille
3053 1136 3306 1189 sacerdoti
3319 1136 3339 1208 (
3360 1135 3519 1190 Joan.

1920 1222 2162 1297 18.16).
2208 1224 2442 1281 Jacobus
2499 1242 2627 1281 vero
2680 1242 2787 1281 non
2833 1228 3002 1282 multo
3049 1239 3234 1297 postea
3282 1238 3523 1299 tempore

1917 1317 2096 1373 vixit:
2145 1317 2215 1372 ab
2265 1317 2419 1372 initio
2464 1319 2608 1372 enim
2658 1334 2854 1390 magno
2903 1321 3174 1378 ferebatur
3207 1319 3424 1387 ardore,
3469 1334 3520 1378 et

1918 1408 2100 1461 missis
2136 1406 2386 1462 humanis
2435 1409 2709 1476 onmibus,
2760 1411 2826 1464 ad
2871 1420 2978 1465 tam
3007 1410 3279 1466 ineffabile
3304 1413 3520 1468 culmen

1916 1500 2179 1565 ascendit,
2223 1512 2287 1553 nt
2325 1501 2504 1555 statim
2539 1502 2899 1557 occideretur.
2948 1502 3038 1558 Sic
3092 1514 3278 1574 postea
3324 1506 3520 1560 summi

1919 1589 2119 1645 virtute
2148 1598 2337 1645 omnes
2368 1592 2542 1647 ell‘ecti
2575 1603 2720 1648 sunt.
2751 1593 2856 1650 Sed
2908 1605 3035 1651 tunc
3065 1593 3325 1666 indignati
3369 1606 3518 1652 sunt.

1914 1681 2056 1748 Quid
2085 1697 2214 1753 ergo
2249 1683 2539 1739 Christus?
2563 1686 2654 1740 25.
2690 1685 2818 1740 Cum
2854 1686 3148 1743 adracauet
3175 1705 3293 1753 eos,
3343 1690 3473 1744 dixit
3502 1707 3518 1744 :

1920 1769 2187 1842 Principes
2216 1777 2441 1846 gentium
2471 1777 2802 1831 dominantur
2829 1789 3024 1851 corpus.
3071 1780 3206 1848 Quia
3235 1781 3381 1836 enim
3411 1791 3525 1836 tnr-

1916 1865 2022 1918 bati
2073 1877 2248 1930 erant,
2300 1869 2616 1924 advocando
2669 1871 2792 1925 illos
2835 1881 3135 1943 antequam.
3187 1875 3516 1944 loqueretur,

1915 1965 2026 2012 tum
2048 1960 2400 2017 advocatione
2425 1962 2535 2030 illa,
2570 1972 2678 2018 tum
2700 1966 2842 2034 quod
2867 1967 3086 2036 propius
3116 1980 3174 2022 se
3199 1967 3522 2033 attraheret,

1914 2053 2036 2108 illos
2067 2053 2346 2125 mitigavit.
2381 2055 2514 2110 Nam
2542 2056 2649 2112 duo
2677 2059 2775 2120 illi.
2807 2075 2874 2113 cx
2904 2069 3046 2115 cmtu
3075 2060 3270 2116 decem
3293 2071 3521 2116 eastern-

1913 2159 2032 2199 rum
2087 2145 2363 2214 disjuncti,
2421 2164 2590 2218 prope
2640 2151 2855 2205 stabant
2908 2153 3153 2222 privatim
3216 2154 3518 2223 loquentes.

1913 2229 2038 2285 ldco
2071 2231 2192 2284 illos
2221 2247 2435 2302 quoque
2464 2249 2632 2303 prope
2664 2235 2893 2290 advocat
2919 2278 2933 2301 ,
2969 2245 3024 2292 et
3062 2238 3161 2292 hoc
3187 2239 3372 2303 modo,
3406 2248 3519 2294 tum

1913 2323 2076 2378 etiam
2106 2329 2163 2377 ut
2187 2324 2329 2394 quod
2356 2326 2444 2379 alii
2466 2325 2714 2381 dixerant
2742 2327 2979 2394 eﬂ‘crret,
3005 2338 3058 2383 ct
3083 2331 3296 2384 caeteris
3320 2345 3518 2386 remm-

1914 2413 2075 2468 tiarct
2103 2456 2118 2478 ,
2148 2428 2449 2472 commotos
2481 2417 2672 2473 horum
2707 2419 3034 2491 illorumque
3074 2422 3287 2477 animos
3313 2424 3519 2478 solatus

1911 2515 2016 2558 est.
2043 2504 2232 2575 Neque
2255 2523 2396 2561 nunc
2429 2517 2484 2562 ut
2504 2517 2662 2564 antea
2692 2510 2847 2564 sedat
2872 2527 2886 2563 :
2921 2514 3068 2581 prius
3092 2513 3236 2567 enim
3266 2515 3520 2585 parvulos

1910 2595 2130 2651 adduxit
2159 2599 2209 2652 in
2230 2599 2486 2665 medium,
2521 2600 2847 2672 illorumque
2869 2604 3268 2674 simplicitatem
3298 2605 3518 2661 humili-

1911 2697 2183 2760 tatemque
2211 2691 2408 2746 imitari
2430 2693 2628 2762 jussit;
2657 2693 2744 2750 hic
2770 2706 2949 2751 autem
2975 2696 3154 2752 acrius
3181 2697 3303 2753 illos
3326 2715 3355 2752 a
3383 2714 3517 2754 con-

1914 2782 2080 2836 trario
2114 2784 2288 2852 carpit
2316 2785 2505 2840 dicens
2538 2804 2553 2840 :
2591 2785 2861 2858 Principes
2910 2788 3134 2859 gentium
3162 2790 3516 2858 dominantur,

1909 2884 1954 2927 et
1981 2875 2066 2945 qui
2094 2877 2266 2947 magni
2287 2887 2430 2945 sunt,
2457 2888 2756 2948 potestatem
2776 2892 3008 2934 exercent
3037 2881 3090 2934 in
3111 2898 3233 2948 eos;
3255 2881 3346 2937 26.
3375 2883 3518 2952 apud

1908 2982 1996 3021 vos
2015 2976 2182 3021 autem
2219 2985 2321 3024 non
2350 2970 2424 3024 ita
2462 2972 2557 3025 erit
2589 2989 2608 3024 .'
2642 2973 2732 3025 sed
2759 2973 2846 3040 qni
2887 2973 2991 3025 vult
3023 2991 3238 3044 magnus
3279 2976 3410 3030 inter
3430 2993 3517 3031 vos

1908 3074 2036 3127 esse,
2063 3061 2146 3114 hic
2173 3061 2238 3114 sit
2267 3063 2495 3116 omnium
2520 3064 2750 3118 minister
2779 3080 2799 3118 :
2819 3065 2909 3119 27.
2938 3075 2985 3118 et
3006 3067 3090 3134 qui
3127 3069 3231 3120 vult
3257 3085 3364 3122 esse
3402 3071 3514 3139 pri-

1909 3165 2042 3218 mus,
2072 3151 2136 3209 sit
2162 3152 2386 3215 omnium
2417 3153 2626 3210 ultimus
2653 3170 2673 3208 :
2703 3155 2997 3210 ostendens
3027 3156 3154 3211 illud
3181 3157 3245 3212 ad
3274 3160 3513 3228 gentium

1908 3260 2113 3301 morem
2135 3247 2399 3303 accedere
2416 3291 2432 3316 ,
2456 3264 2578 3303 cum
2611 3247 2768 3319 primi
2787 3246 2984 3320 gradus
3005 3234 3352 3324 appetuntur.
3383 3249 3515 3309 Nam

1909 3339 2184 3410 tyrannica
2213 3339 2330 3396 haec
2359 3342 2539 3410 passio
2569 3351 2649 3397 est
2677 3383 2694 3410 ,
2722 3357 2824 3408 qua
2859 3343 3168 3413 frequenter
3201 3345 3379 3416 magni
3416 3345 3520 3401 viri

1908 3434 2281 3504 exagitantur;
2313 3435 2542 3506 ideoque
2573 3436 2974 3494 vehementiore
2997 3441 3348 3512 castigatione
3373 3442 3514 3497 indi-

1906 3539 2017 3599 get.
2049 3528 2527 3599 Quapropter'ipse
2575 3531 2786 3586 acriore
2833 3533 2992 3602 plaga
3039 3534 3236 3598 utitur,
3265 3533 3393 3589 dum
3425 3550 3512 3591 -ex

1905 3621 2148 3689 gentium
2191 3623 2596 3690 comparatione
2625 3631 2920 3678 tumentem
2948 3624 3189 3679 animum
3219 3625 3510 3695 pudclaeit,

1907 3722 1963 3768 et
1992 3712 2184 3767 horum
2207 3713 2486 3782 invidiam,
2519 3714 2731 3770 illorum
2761 3719 3123 3787 arrogantiam
3150 3717 3415 3785 succidit;
3447 3735 3512 3774 ac

1907 3804 1953 3861 si
1975 3805 2181 3860 diceret
2208 3823 2222 3857 :
2253 3804 2331 3861 Nc
2357 3806 2711 3877 indignemini
2754 3810 2906 3878 quasi
2939 3812 3265 3866 contumelia
3310 3810 3510 3866 aﬂ‘ccti.

1909 3897 2128 3966 Seipsos
2157 3900 2391 3955 maxime
2425 3900 2657 3967 lardum,
2681 3910 2732 3956 et
2759 3901 3026 3958 dedecore
3056 3902 3294 3958 afﬁciunt
3339 3904 3397 3968 ii,
3421 3905 3512 3975 qui

1908 3992 2195 4061 primatum
2227 3992 2500 4060 ambiunt;
2543 4009 2668 4049 nam
2714 3997 2960 4050 ultimum
3009 3997 3186 4053 locum
3226 4008 3512 4068 occupant.

1909 4084 2025 4139 Non
2051 4085 2194 4140 enim
2238 4100 2328 4140 res
2353 4086 2496 4156 apud
2550 4102 2652 4142 nos
2695 4101 2756 4142 se
2785 4088 2947 4143 habet
2991 4101 3048 4144 ut
3091 4091 3229 4160 apud
3273 4100 3512 4146 exteros.

1908 4176 2042 4231 Nam
2076 4175 2341 4248 Principes
2376 4167 2601 4249 gentium
2631 4180 2964 4234 dominantur
2999 4198 3215 4242 eorum:
3261 4181 3400 4250 apud
3429 4199 3518 4239 me

1909 4277 2086 4321 autem
2113 4268 2331 4322 ultimus
2353 4271 2556 4342 primus
2578 4279 2678 4324 est.
2703 4270 2780 4325 Nc
2800 4287 2926 4326 vero
2959 4281 3113 4342 putes
3135 4272 3251 4327 inec
3277 4289 3364 4328 me
3393 4274 3513 4330 sine

1908 4373 2066 4412 causa
2095 4359 2304 4420 dicere.
2337 4359 2490 4415 factis
2522 4341 2663 4417 ‘meis
2691 4365 2997 4432 exemplum
3024 4378 3196 4418 sume.
3232 4365 3342 4434 Ego
3364 4382 3508 4419 etaim

1910 4454 2030 4523 plus
2053 4451 2323 4528 quidpiam
2341 4452 2460 4506 feci.
2494 4451 2609 4507 Rex
2640 4454 2838 4523 quippe
2869 4470 3222 4523 supernarum
3255 4457 3511 4511 virtutum

1909 4560 2030 4599 cum
2058 4559 2254 4607 essem,
2283 4535 2447 4598 homo
2480 4545 2592 4600 lieri
2626 4545 2769 4600 volui
2788 4587 2803 4611 ,
2832 4555 2889 4599 et
2907 4547 3090 4615 sperni
3118 4558 3282 4618 atque
3310 4559 3510 4604 contu-

1910 4636 2085 4690 meliis
2133 4635 2295 4690 afﬁci.
2347 4637 2533 4706 Neque
2589 4637 2674 4691 his
2712 4648 3020 4704 contentus,
3072 4652 3302 4696 mortem
3347 4641 3513 4695 adivi.

1909 4727 2034 4783 Ideo
2056 4730 2128 4782 ait
2158 4747 2170 4784 :
2200 4729 2289 4784 28.
2324 4729 2491 4784 Filius
2519 4730 2736 4784 hominis
2768 4748 2868 4785 non
2908 4733 3042 4786 venit
3086 4743 3141 4785 ut
3170 4733 3502 4799 ministretur,

1907 4821 1997 4875 scd
2031 4831 2081 4873 ut
2112 4822 2376 4886 ministret,
2423 4832 2472 4874 et
2500 4823 2583 4876 det
2611 4823 2836 4875 animant
2863 4840 3009 4877 suam
3035 4825 3086 4877 in
3115 4825 3509 4894 redemptionem

1910 4933 2003 4984 pro
2034 4916 2224 4968 multis.
2253 4915 2436 4985 Neque
2477 4916 2619 4969 enim
2653 4916 2737 4971 hic
2767 4918 2978 4970 substiti
3005 4919 3026 4949 '
3055 4959 3070 4984 ,
3101 4918 3307 4987 inquit;
3334 4917 3428 4973 sed
3460 4932 3514 4974 et

1908 5008 2140 5061 animam
2167 5023 2337 5062 meam
2363 5006 2484 5061 dedi
2510 5008 2561 5061 in
2593 5007 3022 5078 redemptionem
3055 5028 3067 5062 :
3093 5019 3140 5064 el
3169 5025 3266 5080 pro
3283 5011 3512 5079 quibus?

1912 5100 2017 5155 Pro
2048 5100 2299 5154 inimicis.
2334 5100 2412 5152 Tu
2441 5115 2569 5154 vero
2600 5101 2643 5154 si
2674 5100 2986 5154 humiliatus
3008 5101 3192 5164 fueris,
3225 5118 3320 5171 pro
3343 5104 3518 5171 tcipso

1910 5196 2025 5263 agis
2058 5211 2070 5246 :
2097 5210 2195 5263 ego
2225 5203 2404 5249 autem
2433 5210 2528 5262 pro
2563 5207 2632 5250 te.
2665 5195 2741 5249 Ne
2771 5196 2949 5265 itaque
2993 5197 3202 5262 timeas,
3233 5198 3384 5266 quasi
3415 5197 3510 5252 ho-

1911 5301 2095 5338 norem
2126 5297 2272 5337 tuum
2306 5287 2577 5338 amittens.
2615 5285 3121 5355 Quantumcumque
3143 5288 3285 5340 cnim
3319 5297 3368 5341 te
3401 5289 3503 5342 hu-

1911 5378 2203 5431 miliavcris
2223 5417 2238 5442 ,
2271 5393 2375 5430 non
2404 5388 2558 5447 putes
2598 5388 2806 5432 tantum
2849 5379 3178 5434 descendere
3203 5421 3218 5445 ,
3249 5391 3507 5450 quantum

1945 5515 1960 5545 ι
1975 5520 2344 5576 Juxtagrzecum
2362 5510 2631 5573 legendum
2647 5519 2738 5568 est,
2753 5504 3132 5576 apostolumqne.
3149 5523 3293 5565 Porro
3304 5523 3512 5565 Joannes

1910 5574 1990 5647 llic
2014 5573 2250 5647 intelligit
2275 5583 2674 5647 tjetrum..quem
2711 5573 2807 5647 sibi
2830 5573 3118 5647 praeponit,
3147 5591 3243 5627 non
3286 5592 3347 5647 eo_
3383 5580 3510 5639 quol

1912 5636 1997 5702 ille
2023 5644 2085 5702 sit
2111 5637 2378 5699 apostolus,
2425 5637 2513 5685 sed
2542 5636 2602 5685 eo
2627 5639 2756 5702 quod
2801 5639 2866 5702 sit
2890 5636 3122 5702 princeps
3162 5636 3505 5702 apostolorum.

1911 5699 2236 5765 Principatum
2262 5702 2388 5748 Petri
2416 5713 2507 5748 vox
2535 5699 2801 5762 apostolum
2826 5699 3095 5763 designare
3118 5699 3280 5765 potest
3313 5715 3401 5764 per
3423 5715 3511 5752 an-

1909 5763 2237 5810 toncmasiam.

1973 5846 1993 5877 ³
2011 5843 2128 5904 Alii,
2142 5844 2280 5905 quasi
2304 5843 2505 5906 diceret,
2524 5847 2684 5908 Neque
2706 5846 2834 5897 enim
2857 5844 2935 5895 hic
2958 5844 3163 5896 substiti.
