4174 6332
671 342 778 397 6'15

676 458 930 512 Dominus
953 465 1098 509 unis.
1115 455 1363 509 Attamen
1385 454 1470 510 hic
1497 454 1788 508 descensus
1803 452 2038 505 omnium
2059 466 2247 506 ascert-

672 562 765 601 sus
789 546 955 601 factus
993 556 1113 611 est,
1154 555 1206 599 et
1234 546 1455 616 gloriam
1497 546 1614 614 ejus
1659 543 2032 600 manifestavit.
2078 545 2243 597 Ante-

671 652 827 706 quam
873 636 1013 692 enim
1063 635 1215 690 fieret
1256 638 1436 699 homo,
1477 634 1545 688 ab
1567 633 1774 703 angelis
1821 642 2022 688 tantum
2050 646 2243 703 cogno-

671 727 913 781 scebatur
956 743 972 781 :
1027 735 1301 796 postquam
1345 735 1520 802 autem
1545 712 1729 780 ﬂbomo
1770 724 1938 779 factus
1977 733 2032 780 et
2072 723 2246 779 cruci-

673 821 806 873 fixus
830 832 931 880 est,
960 833 1064 871 non
1087 817 1244 871 tnodo
1288 817 1428 870 illaut
1474 833 1577 871 non
1610 817 1799 875 minuit
1836 816 2083 887 gloriam,
2144 813 2239 869 sed

669 920 720 966 et
765 909 921 964 aliam
959 911 1165 978 accepit
1215 925 1244 963 a
1298 909 1601 978 cOguiliune
1646 910 1812 962 orbis.
1866 907 1942 964 Ne
1990 922 2120 977 ergo
2172 906 2239 961 ti-

669 1015 855 1065 meas,
909 1014 973 1054 ac
1043 999 1086 1052 si
1143 998 1312 1053 honor
1382 999 1472 1053 tibi
1535 998 1847 1064 auferatur,
1893 998 1939 1053 si
2010 1000 2233 1066 teipsum

667 1091 918 1146 humilies
967 1109 979 1144 :
1036 1092 1134 1144 hoc
1212 1091 1354 1146 enim
1409 1091 1566 1145 tundo
1602 1091 1801 1160 ‘magis
1855 1098 2076 1158 augetur
2143 1086 2235 1140 tibi

666 1183 830 1250 gloria
879 1181 981 1235 hoc
1017 1180 1176 1236 modo
1215 1182 1382 1250 major
1419 1183 1663 1236 eflicitur.
1719 1182 1840 1235 llaec
1884 1180 2028 1247 regni
2075 1178 2235 1246 janmt

667 1274 767 1318 est.
811 1263 890 1322 No
922 1265 1247 1320 contrariam
1294 1267 1537 1320 ineamus
1579 1266 1738 1328 viam,
1795 1277 1862 1318 ne
1909 1264 2060 1317 nobis
2106 1263 2236 1330 ipsis

666 1357 865 1413 bellum
914 1357 1219 1412 inferamus.
1272 1357 1404 1412 Nam
1448 1358 1494 1411 si
1544 1358 1765 1412 velimus
1812 1357 1985 1421 magni
2031 1353 2232 1422 videri,

668 1463 772 1503 non
800 1447 974 1517 magni
1009 1450 1211 1503 erimus
1236 1490 1251 1512 ,
1279 1448 1386 1501 imo
1413 1447 1648 1501 omnium
1699 1445 2059 1516 abjectissimi.
2092 1443 2237 1500 Vidi-

660 1539 783 1595 stiu'
806 1539 1073 1610 quomodo
1102 1539 1293 1612 ubique
1319 1539 1436 1594 illos
1457 1555 1487 1593 s
1510 1541 1794 1596 contrariis
1814 1538 2074 1604 hortetur,
2100 1537 2234 1592 dans

661 1639 839 1686 tatuon
881 1630 1011 1700 ipsis
1065 1629 1116 1685 id
1165 1629 1304 1697 quod
1359 1629 1695 1685 desiderant?
1743 1629 1956 1684 Etenim
1995 1630 2234 1702 pluribus

662 1720 715 1775 id
745 1735 903 1791 supra
933 1718 1302 1786 ostendimus;
1347 1729 1402 1775 et
1451 1721 1528 1775 sic
1565 1735 1777 1790 quoque
1824 1718 1968 1786 fecit,
1999 1734 2134 1773 cum
2165 1721 2232 1774 de

660 1810 835 1863 avaris
855 1809 988 1865 etde
1010 1825 1159 1864 venre
1181 1809 1361 1879 gloria:
1385 1809 1593 1879 cupidis
1614 1819 1880 1878 ageretur.
1912 1808 2017 1862 Cur
2059 1807 2227 1873 enim,

661 1897 851 1968 inquit,
879 1915 1060 1954 coram
1089 1897 1393 1954 hominibus
1429 1898 1528 1954 das
1547 1897 1991 1970 eleemosynaml
2029 1906 2085 1952 ut
2109 1898 2225 1968 glo-

659 1989 736 2044 ria
767 1989 995 2045 fruaris?
1037 1988 1114 2044 Ne
1139 1990 1209 2045 ita
1253 1990 1438 2054 facias,
1494 1998 1548 2046 et
1588 1989 1810 2060 gloriam
1860 1989 2224 2058 consequeris.

657 2079 765 2136 Cur
794 2081 1068 2148 pecuniam
1095 2079 1437 2134 sccumulas'!
1457 2089 1516 2134 ut
1550 2079 1780 2134 ditescas
1799 2079 1823 2133 ἵ
1845 2077 1924 2134 Ne
1951 2079 2225 2147 pecuniam

657 2185 935 2240 congeras,
964 2180 1018 2225 et
1037 2171 1288 2227 ditesees.
1317 2170 1404 2224 Sic
1426 2170 1587 2223 etiam
1619 2184 1760 2224 nunc
1791 2165 1999 2233 :Quare
2028 2167 2226 2238 primas

656 2262 867 2316 ambis?
897 2271 952 2316 ut
991 2261 1125 2314 alios
1154 2256 1465 2330 pnecedas‘l
1495 2259 1747 2316 Ultimum
1777 2274 1906 2329 ergo
1933 2260 2104 2313 locum
2128 2259 2224 2314 de-

656 2354 779 2424 lige.
806 2366 858 2408 et
887 2355 1084 2423 primas
1126 2353 1372 2408 tenebis:
1417 2352 1545 2406 illud
1590 2354 1730 2406 enim
1770 2351 1976 2405 ambire
2022 2351 2224 2405 minimi

654 2453 757 2503 est.
789 2445 969 2516 Itaque
997 2445 1040 2500 si
1072 2445 1152 2499 vis
1182 2459 1403 2514 magnus
1439 2458 1592 2501 esse.
1623 2458 1690 2499 ne
1719 2457 1928 2512 queres
1948 2457 2068 2497 esse
2112 2458 2225 2497 nta-

656 2552 808 2608 gnus,
835 2546 889 2591 et
917 2547 1044 2591 tunc
1065 2549 1288 2606 magnus
1327 2534 1457 2590 eris.
1490 2532 1619 2589 Illud
1659 2534 1804 2588 enim
1826 2541 1908 2588 est
1948 2531 2223 2587 minimum

654 2642 794 2684 οδες.

724 2742 778 2798 5.
808 2739 950 2794 Nihil
960 2739 1241 2793 humilitate
1260 2737 1544 2803 sublimius,
1568 2737 1696 2790 nihil
1705 2737 1938 2806 superbia
1960 2735 2218 2807 abjeetius.

651 2831 973 2901 Camparatio
1014 2830 1216 2899 superbi
1242 2845 1354 2882 cum
1385 2828 1583 2882 humili.
1609 2842 1682 2868 -ί-
1724 2826 1906 2881 Viden‘
1929 2841 2037 2898 quo
2066 2838 2220 2896 [necto

649 2923 769 2978 illos
815 2921 883 2976 ab
911 2923 1009 2975 hoc
1048 2919 1234 2973 morbo
1268 2919 1529 2982 abducat,
1563 2927 1616 2972 ut
1642 2918 1910 2980 ostendat,
1959 2919 2077 2971 illos
2116 2916 2217 2970 hoc

648 3013 808 3069 modo
833 3012 1101 3074 excidere,
1126 3011 1215 3064 illo
1252 3020 1428 3064 autem
1454 3024 1567 3064 rem
1593 3009 1879 3077 consequi;
1917 3016 1974 3061 ut
2000 3008 2101 3063 hoc
2135 3011 2216 3060 lu-

647 3106 811 3176 giant,
845 3102 972 3157 illud
994 3111 1300 3171 sequantur.
1331 3099 1530 3155 Gentes
1549 3107 1725 3154 autem
1748 3097 1868 3152 ideo
1887 3113 2215 3152 commemo-

647 3195 804 3263 ravit,
833 3203 889 3250 ιιι
916 3209 1026 3250 rem
1049 3193 1314 3249 dedecore
1344 3191 1553 3260 plenam
1580 3200 1639 3244 ut
1659 3189 2068 3244 abominabilem
2097 3203 2220 3245 esse

645 3288 1052 3345 demonstraret.
1083 3282 1214 3339 Nam
1241 3289 1580 3353 arrogantem
1606 3295 1827 3336 necesse
1853 3289 1937 3336 est
1958 3279 2210 3334 humilem

644 3381 816 3445 effici,
843 3388 899 3433 et
935 3378 1164 3432 vicissim
1191 3375 1445 3430 humilem
1486 3373 1770 3430 sublimem
1808 3372 2056 3428 evadere.
2089 3372 2216 3428 [hec

642 3453 784 3528 enim
811 3485 934 3524 vera
958 3480 1038 3524 est
1064 3482 1418 3538 germsnaque
1437 3465 1756 3531 sublimitas,
1779 3481 1898 3536 quis
1923 3480 2022 3522 nec
2051 3466 2220 3520 inno-

640 3564 804 3629 nnine,
817 3568 927 3617 nec
951 3560 1003 3614 in
1019 3559 1372 3629 appellatione
1390 3557 1654 3613 consistit.
1679 3556 1746 3612 Et
1766 3567 1982 3611 externa
2000 3557 2212 3626 quidem

637 3653 904 3711 celsitudo
927 3651 1258 3706 necessitatis
1281 3660 1442 3718 atque
1463 3648 1670 3702 timoris
1689 3655 1775 3702 est
1801 3666 1815 3702 :
1841 3647 1955 3703 hare
1970 3663 2096 3703 vero
2116 3648 2209 3704 Dei

638 3744 934 3803 celsitudini
961 3741 1150 3796 similis
1194 3751 1294 3796 est.
1332 3740 1435 3807 Qui
1467 3740 1568 3793 hoc
1607 3739 1767 3794 modo
1807 3739 2047 3794 sublimis
2087 3748 2207 3808 est,

635 3837 842 3893 etiamsi
871 3832 1010 3903 apud
1039 3832 1306 3888 neminem
1333 3829 1672 3884 admirationi
1701 3829 1791 3893 sit,
1823 3831 2066 3884 excelsus
2089 3845 2204 3884 ma-

636 3936 726 3983 net
754 3943 770 3980 :
799 3933 856 3979 ut
878 3932 1061 3980 contra
1093 3923 1374 3993 superbus,
1395 3920 1600 3975 etiamsi
1621 3920 1692 3975 ab
1708 3920 1956 3975 omnibus
1975 3922 2205 3985 colatur,

635 4019 870 4076 omnium
897 4025 979 4071 est
1020 4014 1362 4071 humillimus.
1397 4014 1461 4067 Et
1489 4013 1575 4067 ille
1602 4012 1816 4081 quidem
1866 4012 2034 4066 honor
2067 4012 2117 4066 vi
2151 4022 2207 4068 et

638 4109 958 4163 necessitate
1003 4105 1146 4167 stat,
1174 4103 1400 4172 ideoque
1432 4100 1583 4156 facile
1620 4099 1842 4166 deﬂuit;
1871 4100 1957 4157 hic
1990 4116 2117 4156 vero
2139 4117 2206 4157 ex

633 4197 908 4269 proposito
930 4196 1232 4260 voluntatis,
1267 4194 1406 4248 unde
1433 4193 1488 4246 fit
1516 4191 1788 4269 ut.firmus
1818 4203 2046 4248 maneat.
2071 4193 2230 4248 Nam-

629 4267 683 4346 ξι
712 4267 925 4346 sanctos
955 4287 1074 4341 ideo
1100 4287 1356 4340 miramur
1374 4324 1388 4346 ,
1414 4284 1554 4353 quod
1578 4267 1698 4338 cum
1723 4284 1962 4338 omnium
1989 4287 2204 4340 maximi

627 4393 845 4445 essem,
894 4395 952 4435 se
987 4379 1222 4434 omnium
1265 4377 1495 4442 maxime
1539 4374 1768 4430 humiles
1824 4375 2202 4438 exhihucrunt.

632 4475 859 4543 Ideoque
879 4473 943 4525 ad
973 4471 1106 4524 hanc
1130 4483 1298 4538 usque
1324 4466 1465 4522 diem
1489 4467 1746 4521 sublimes
1773 4478 2007 4534 manent,
2042 4467 2200 4522 nihil-

627 4572 730 4634 que
755 4577 900 4617 mors
921 4577 984 4616 ex
1014 4561 1099 4614 illa
1128 4559 1440 4615 celsitudine
1465 4558 1713 4626 dempsit.
1745 4556 1801 4611 Si
1832 4558 1999 4626 placet
2025 4570 2199 4614 autem

627 4651 992 4709 ratiocinatith
1030 4651 1130 4704 hoc
1173 4651 1343 4720 ipsum
1387 4649 1746 4718 exploremus.
1791 4649 1941 4704 Altus
1985 4650 2196 4719 quidam

628 4747 751 4800 hinc
779 4745 992 4806 dicitur,
1026 4759 1145 4796 cum
1175 4743 1490 4812 proceritate
1531 4743 1774 4812 corporis
1807 4743 1926 4797 talis
1963 4752 2068 4806 est,
2112 4745 2194 4797 νυΙ

620 4853 742 4892 cum
782 4837 833 4888 in
866 4835 973 4888 alto
1003 4835 1120 4888 loco
1161 4838 1285 4897 stat,
1317 4833 1529 4887 humilis
1570 4848 1696 4887 vero
1721 4850 1752 4887 e
1779 4835 2065 4887 conuario.
2103 4833 2191 4884 Vi-

620 4926 841 4982 dcatnus
871 4927 1026 4996 igitur
1052 4926 1170 4994 quis
1199 4925 1336 4978 altus
1361 4926 1449 4986 sit,
1479 4925 1756 4994 superbus,
1785 4940 1850 4978 an
1881 4925 2151 4978 modestus
2180 4943 2190 4978 :

622 5029 680 5074 ιιι
702 5017 876 5071 discas
897 5059 912 5084 ,
954 5016 1087 5070 nihil
1117 5032 1234 5070 esse
1267 5015 1563 5069 humilitate
1613 5016 1890 5070 sublimius
1911 5057 1925 5080 ,
1957 5015 2082 5068 nihil
2115 5035 2192 5069 su-

623 5107 802 5178 perbia
828 5108 1104 5176 abjectius.
1134 5105 1264 5161 Nam
1296 5122 1548 5176 arrogans
1573 5116 1626 5161 et
1663 5107 1925 5175 superbus
1954 5109 2187 5161 ornnium

621 5199 731 5252 vult
756 5213 875 5254 esse
912 5199 1201 5263 maximus,
1235 5197 1604 5266 neminemque
1631 5212 1690 5250 se
1721 5197 1936 5266 dignum
1965 5212 2085 5252 esse
2111 5200 2188 5251 ui-

618 5290 712 5355 cit,
743 5299 795 5344 et
821 5298 1303 5357 quantumcumque
1351 5285 1568 5340 honoris
1596 5299 1977 5356 consequatur,
2012 5291 2182 5358 majo-

619 5395 734 5435 rem
765 5395 973 5447 semper
999 5379 1218 5449 rcquirit
1242 5389 1296 5434 et
1340 5378 1524 5440 ambit,
1548 5393 1608 5432 ac
1639 5377 1765 5431 nihil
1796 5394 1856 5432 se
1885 5393 2187 5447 consequu-

617 5481 726 5525 tum
765 5471 1080 5534 arbitratur;
1109 5470 1202 5524 sed
1232 5472 1430 5538 spernit
1456 5469 1714 5532 homines,
1742 5470 2060 5539 illorumque
2088 5469 2185 5521 ho-

617 5575 800 5615 norem
823 5560 1068 5629 rcquirit;
1099 5576 1203 5628 quo
1232 5559 1352 5627 quid
1380 5559 1792 5613 irrationabilius
1816 5573 1937 5614 esse
1966 5564 2134 5629 possit
2158 5561 2180 5612 ?

618 5653 820 5708 Etenim
853 5651 978 5706 illud
1005 5651 1269 5736 inuigmati
1306 5653 1480 5705 simile
1502 5662 1603 5706 est.
1652 5654 1795 5717 Quos
1837 5653 1977 5706 enim
2009 5652 2183 5721 despi-

615 5747 718 5812 cit,
760 5749 824 5800 ab
854 5746 956 5801 illis
985 5745 1206 5815 gloriam
1233 5747 1441 5812 qttu'ril.
1474 5745 1653 5800 \‘idcu?
1680 5761 1785 5815 quo
1819 5762 1970 5816 pacm
2005 5746 2066 5810 is,
2089 5745 2179 5815 qui

1390 343 1446 397 S.
1486 341 1761 395 “MNle
1797 335 2268 394 CllliYSOSTUhll
2309 336 2626 392 ARClllEl’.
2664 337 3196 397 CONSTAN'I'INOP.

3826 355 3928 407 σει

2353 464 2413 505 se
2459 451 2617 507 altius
2664 454 3153 533 exudlit,ldccidit,
3190 469 3351 528 atque
3399 459 3541 514 humi
3583 461 3769 531 jacet!
3797 466 3928 524 Nam

2349 542 2490 613 quod
2518 554 2740 600 czctcros
2765 540 3007 604 homines
3035 549 3135 604 sibi
3174 564 3513 621 comparatos
3535 556 3665 610 nihil
3692 571 3812 612 esse
3834 576 3927 627 pu-

2351 639 2447 696 trt,
2500 648 2564 686 ex
2596 633 2712 701 ipso
2739 638 3059 706 arrogantiae
3101 641 3319 696 nomine
3359 644 3618 711 arguitur.
3659 645 3770 700 Cur
3795 662 3926 719 ergo

2347 723 2516 776 curris
2543 722 2610 776 ad
2649 738 2771 778 eum
2806 728 2894 795 qui
2931 728 3006 782 nil
3030 729 3157 784 est?
3178 745 3276 786 cur
3313 731 3382 787 ab
3403 733 3496 799 illo
3527 735 3725 804 quieris
3748 735 3922 795 hono-

2347 815 2500 868 rem?
2548 831 2644 872 cur
2683 826 2759 872 tot
2798 820 2979 874 turbas
3021 820 3380 894 circumagisl
3434 825 3639 897 Viden’_
3666 827 3920 888 humilem

2343 920 2506 975 super
2536 907 2720 963 humili
2757 911 3026 966 stantem?
3075 912 3208 982 Age.
3259 929 3384 969 eum
3431 915 3521 984 qui
3559 915 3805 972 sublimis
3844 935 3926 974 est

2343 998 2726 1054 examinemus.
2755 999 2851 1056 Hic
2872 1002 3020 1056 novit
3037 1010 3292 1071 quantum
3327 1006 3396 1058 sit
3422 1005 3581 1061 homo
3606 1024 3621 1060 :
3647 1009 3792 1063 novit
3814 1026 3922 1063 tua-

2342 1105 2502 1153 gnum
2528 1105 2649 1144 esse
2678 1089 2946 1146 hominem
2974 1133 2990 1158 ,
3017 1107 3181 1162 seque
3201 1096 3438 1149 omnium
3472 1109 3798 1166 postremum
3826 1115 3923 1170 pn-

2344 1180 2450 1236 tat;
2475 1171 2595 1227 ideo
2610 1176 3093 1246 quantulocumque
3113 1176 3317 1232 fruatur
3344 1182 3566 1243 honore,
3595 1182 3645 1236 id
3669 1196 3920 1252 magtuun

2339 1277 2462 1318 esse
2504 1271 2670 1333 putat.
2704 1263 2885 1336 Itaque
2915 1265 3000 1321 bic
3043 1268 3142 1323 sibi
3172 1278 3403 1335 constat,
3432 1280 3620 1342 estque
3653 1273 3918 1334 sublimis,

2339 1368 2404 1409 ac
2428 1355 2747 1410 sententiam
2776 1372 2882 1412 non
2917 1369 3085 1412 mutat
3116 1376 3130 1414 :
3163 1375 3297 1429 quos
3323 1361 3467 1416 enim
3487 1376 3710 1433 magnos
3738 1373 3885 1432 putat
3904 1405 3919 1424 .

2339 1444 2530 1500 horum
2556 1445 2790 1502 honores
2827 1463 3049 1519 magnos
3091 1464 3212 1505 esse
3238 1451 3541 1517 existimat,
3567 1453 3778 1510 etiamsi
3809 1457 3924 1510 exi-

2337 1539 2424 1608 gui
2446 1553 2565 1594 esse
2589 1538 2885 1604 videantur,
2910 1541 3030 1605 quia
3052 1540 3259 1596 scilicet
3298 1557 3520 1613 magnos
3550 1545 3670 1601 illos
3688 1545 3924 1600 arbitra-

2338 1639 2443 1683 tur.
2471 1632 2738 1699 Arrogans
2763 1639 2972 1694 contra,
2995 1646 3088 1688 eos
3111 1631 3200 1702 qui
3229 1645 3292 1686 se
3318 1633 3602 1702 honorant,
3631 1635 3766 1692 nihil
3797 1652 3924 1693 esse

2336 1727 2506 1788 putat.
2533 1719 2628 1776 sed
2655 1719 2885 1775 honores
2913 1720 2982 1775 ab
3002 1720 3108 1776 illis
3135 1722 3404 1779 exbibitos
3433 1739 3656 1796 magnos
3677 1727 3919 1783 arbitra-

2339 1819 2443 1864 tur.
2475 1809 2704 1866 Rursum
2736 1811 2950 1868 humilis
2981 1829 3014 1868 a
3058 1813 3204 1868 nullo
3249 1816 3456 1884 capitur
3479 1818 3644 1874 animi
3674 1821 3870 1876 morbo
3902 1838 3916 1874 :

2337 1916 2443 1956 non
2486 1901 2563 1957 ira
2606 1902 2776 1972 ipsum
2817 1903 3088 1975 exagitare
3119 1907 3334 1975 poterit,
3367 1923 3472 1964 non
3502 1909 3689 1981 gloriae
3735 1928 3915 1978 amor,

2335 2011 2441 2049 non
2473 1994 2668 2050 invidia
2691 2037 2707 2061 ,
2737 2010 2842 2051 non
2877 1997 3045 2064 livor;
3085 1999 3260 2053 anitus
3306 2016 3434 2056 vero
3471 1999 3554 2058 his
3583 2004 3787 2060 morbis
3818 2007 3918 2060 im-

2332 2085 2478 2140 muni
2521 2085 2648 2156 quid
2678 2085 2986 2142 excelsius?
3028 2089 3301 2159 Arrogan's
3346 2101 3523 2146 autem
3554 2091 3638 2147 bis
3666 2095 3919 2150 omnibus

2331 2186 2625 2246 occupatur
2653 2176 2874 2242 morbis,
2900 2178 3050 2248 quasi
3069 2179 3264 2234 vermis
3292 2181 3346 2235 in
3364 2196 3522 2237 omne
3541 2197 3601 2238 se
3623 2184 3872 2256 volutans
3898 2203 3913 2240 :

2329 2283 2450 2322 nam
2483 2267 2636 2332 livor,
2670 2268 2868 2323 invidia
2888 2309 2905 2333 ,
2938 2269 3014 2324 ira
3044 2285 3258 2339 semper
3296 2271 3412 2340 ejus
3438 2274 3676 2330 animum
3724 2279 3917 2347 exagi-

2331 2367 2461 2413 tant.
2496 2358 2626 2427 Quis
2668 2375 2799 2429 ergo
2844 2359 3088 2417 sublimis
3112 2363 3234 2422 est?
3260 2377 3328 2417 an
3360 2364 3451 2434 qui
3499 2365 3701 2422 morbis
3746 2369 3912 2422 animi

2330 2450 2574 2516 superior
2591 2460 2693 2517 est,
2723 2467 2791 2504 an
2818 2453 2904 2522 qui
2932 2467 3117 2507 eorum
3147 2455 3376 2510 servus?
3397 2471 3463 2510 an
3486 2457 3576 2526 qui
3607 2458 3691 2513 illa
3727 2463 3908 2514 tremit

2326 2551 2382 2594 ct
2410 2539 2678 2606 formidat,
2706 2557 2774 2596 an
2795 2542 2883 2613 qui
2916 2543 3141 2598 invictus
3162 2552 3267 2611 est,
3294 2557 3346 2600 et
3379 2562 3667 2618 numquam
3707 2553 3779 2604 ab
3804 2551 3916 2606 illis

2325 2631 2570 2698 capimr?
2596 2637 2762 2699 Quam
2793 2647 2944 2688 avem
2971 2634 3263 2690 dixerimus
3280 2637 3441 2691 altius
3464 2640 3663 2706 volare,
3691 2658 3759 2696 an
3785 2660 3913 2714 qua:

2324 2723 2571 2777 inanibus
2601 2735 2655 2779 et
2683 2723 3030 2781 arundinibus
3060 2729 3326 2784 venatoris
3355 2730 3513 2785 altior
3552 2741 3662 2798 est,
3686 2749 3752 2788 an
3784 2749 3910 2791 eam

2325 2813 2409 2868 cui
2434 2814 2706 2882 capienda:
2742 2826 2956 2870 venator
2976 2817 3237 2873 arundine
3258 2834 3361 2876 nou
3390 2832 3534 2890 eget,
3564 2823 3703 2893 quod
3729 2824 3907 2880 humi-

2329 2906 2428 2959 lius
2449 2907 2613 2970 volet,
2644 2920 2743 2960 nec
2775 2909 2942 2975 possit
2965 2907 3071 2961 aha
3099 2910 3319 2977 petere?
3344 2909 3488 2965 Talis
3510 2923 3592 2967 est
3611 2929 3909 2985 arrogans;

2325 3011 2447 3050 nam
2477 2995 2650 3065 quivis
2680 2996 2900 3068 laqueus
2941 2998 3114 3068 ipsum
3141 2999 3298 3056 facile
3333 3002 3496 3072 capit,
3531 3012 3716 3074 utpote
3758 3003 3911 3061 humi

2320 3096 2616 3157 rcpentem.

2389 3178 2442 3234 ϐ.
2473 3177 2529 3235 Si
2559 3178 2638 3234 vis
2675 3188 2853 3235 autem
2879 3221 2896 3246 ,
2924 3195 2987 3236 ex
3017 3181 3248 3254 maligno
3272 3198 3484 3254 qucque
3511 3184 3778 3250 daemone,
3800 3189 3913 3246 hoc

2319 3268 2492 3339 ipsum
2519 3269 2759 3343 explora.
2787 3270 2924 3339 Quid
2953 3271 3167 3328 diabolo
3191 3273 3479 3330 demissius
3503 3285 3606 3344 est,
3628 3279 3748 3347 quis
3779 3294 3913 3338 sese

2318 3359 2543 3415 extulit?
2570 3361 2696 3433 quid
2718 3361 2930 3419 homine
2955 3365 3234 3442 excelsius,
3268 3367 3312 3424 si
3337 3366 3556 3426 humilis
3583 3385 3704 3427 esse
3731 3372 3865 3428 velit
3885 3375 3914 3429 τ

2319 3450 2414 3507 Ille
2434 3453 2576 3506 enim
2602 3452 2746 3507 humi
2773 3454 2911 3521 repit
2929 3447 3032 3510 sub
3054 3457 3312 3514 calcaneo
3338 3467 3523 3515 nostro
3541 3462 3748 3532 positus
3779 3481 3794 3517 :
3822 3464 3912 3520 ait

2317 3544 2482 3610 enim,
2507 3541 2712 3600 Calacte
2755 3562 2907 3617 super
2940 3558 3194 3618 serpentes
3221 3560 3270 3604 et
3292 3552 3582 3621 scorpiones
3607 3555 3627 3623 (
3649 3553 3776 3608 Luc.
3809 3555 3908 3613 l0.

2317 3637 2462 3708 l9);
2496 3637 2581 3692 hic
2601 3652 2729 3694 vero
2756 3653 2877 3695 cum
2907 3642 3111 3710 angelis
3137 3656 3372 3712 superne
3418 3653 3551 3714 stat,
3578 3645 3635 3702 Si
3667 3644 3907 3717 idlpsntn

2303 3731 2381 3788 'cx
2402 3733 2646 3803 superbis
2669 3733 2973 3789 hominibus
2993 3735 3200 3792 discere
3217 3737 3350 3792 velis
3367 3779 3383 3806 ,
3408 3739 3588 3809 cogita
3609 3739 3906 3811 barbarum

2316 3827 2464 3881 illum
2486 3866 2500 3891 ,
2533 3826 2620 3896 qui
2653 3835 2856 3881 tantum
2886 3822 3076 3897 agebat
3099 3829 3390 3884 exercitum
3410 3869 3428 3896 ,
3472 3831 3562 3901 qui
3594 3847 3662 3886 ne
3692 3846 3756 3886 ea
3779 3831 3908 3902 qui.

2312 3917 2436 3972 dem
2486 3917 2648 3972 sciret
2689 3933 2808 3987 qua:
2846 3917 3095 3974 omnibus
3145 3919 3354 3988 cognita
3398 3929 3614 3986 essent;
3663 3924 3907 3993 exempli

2314 4024 2474 4063 mulsa
2498 4009 2637 4076 quod
2669 4010 2802 4076 lapis
2829 4020 2971 4065 esset
3000 4010 3152 4080 lapis,
3174 4013 3312 4079 quod
3336 4011 3473 4066 idola
3503 4023 3685 4068 essent
3709 4013 3850 4068 idola
3885 4031 3904 4069 :

2317 4099 2541 4169 ideoque
2569 4098 2652 4153 his
2678 4098 2897 4155 inferior
2924 4110 3059 4155 erat.
3092 4101 3167 4156 Pii
3200 4117 3327 4156 vero
3352 4113 3407 4157 et
3430 4102 3622 4160 fideles
3651 4104 3787 4158 ultra
3805 4119 3908 4159 so-

2315 4191 2417 4245 lent
2448 4191 2844 4258 conscendunt;
2874 4191 2940 4246 iis
2958 4192 3083 4261 quid
3105 4193 3386 4265 sublimius
3407 4210 3529 4251 esse
3555 4195 3766 4267 possit?
3788 4197 3903 4263 Qui

2312 4284 2454 4355 ipsas
2482 4284 2642 4338 etiam
2672 4284 2786 4339 czcli
2834 4283 3067 4342 fornices
3114 4287 3521 4354 transcendunt,
3576 4299 3629 4344 et
3669 4289 3904 4360 angelos

2311 4376 2674 4445 prsetergressi
2703 4417 2717 4439 ,
2767 4375 2866 4443 ipsi
2915 4377 3050 4430 solio
3104 4379 3252 4447 regio
3304 4379 3539 4436 adstant.
3599 4379 3667 4437 Ut
3711 4389 3900 4438 autem

2307 4466 2518 4520 aliunde
2557 4469 2918 4534 arrogantium
2952 4467 3206 4523 vilitatem
3234 4484 3493 4540 agnoscas
3524 4511 3539 4529 .
3569 4471 3687 4542 quis
3717 4472 3902 4527 humi-

2295 4555 2522 4613 liabitur
2547 4572 2610 4611 ac
2635 4555 2935 4625 dejicielttr,
2968 4558 3080 4612 isne
3107 4559 3193 4626 qui
3220 4574 3251 4612 a
3291 4558 3400 4614 Deo
3435 4560 3672 4629 juvatur,
3701 4578 3769 4617 an
3799 4565 3898 4634 qui

2285 4660 2332 4700 .a
2363 4646 2472 4700 Deo
2500 4646 2878 4715 itnpugnatur‘l
2924 4647 2972 4700 Is
3001 4648 3180 4714 procul
3213 4647 3378 4703 dubio
3403 4651 3492 4719 qui
3519 4651 3894 4724 imp'uguatur.

2307 4740 2440 4794 Audi
2493 4741 2650 4810 igitur
2690 4739 2813 4809 quid
2857 4739 2925 4794 de
2966 4739 3049 4795 his
3091 4741 3352 4797 ambobus
3399 4743 3543 4798 dicat
3575 4744 3850 4815 Scriptura
3876 4764 3894 4800 :

2306 4830 2444 4885 Deus
2489 4834 2712 4900 superbis
2759 4832 2963 4896 resistit,
3016 4831 3288 4886 [inutilibus
3325 4843 3494 4886 autem
3538 4834 3626 4888 dat
3671 4835 3896 4904 gratiam

2306 4920 2443 4988 (Jac.
2477 4922 2529 4975 4.
2564 4922 2652 4990 6).
2685 4921 2854 4974 Aliam
2884 4923 3074 4976 iterum
3110 4921 3329 4976 afferam
3391 4921 3894 4994 interrogationi-ni.

2302 5013 2429 5080 Quis
2469 5011 2780 5077 sublimior,
2818 5012 2904 5081 qui
2947 5025 3097 5066 sacra
3132 5012 3241 5067 Deo
3271 5012 3418 5077 facit,
3471 5023 3528 5069 et
3565 5013 3892 5069 sacrificium

2301 5086 2474 5167 olle”,
2504 5111 2595 5157 aut
2627 5104 2715 5174 qui
2744 5105 2927 5174 procul
2958 5118 2987 5157 a
3019 5105 3126 5157 Deo
3155 5104 3358 5158 nullam
3403 5105 3455 5160 in
3475 5121 3596 5161 eum
3636 5105 3889 5159 fiduciam

2301 5197 2500 5251 habet?
2531 5197 2594 5250 Et
2617 5196 2755 5267 quod
2780 5196 3124 5262 sacrificium,
3147 5195 3376 5265 inquies,
3400 5197 3611 5252 humilis
3640 5196 3727 5253 ille
3753 5195 3892 5251 offe-

2299 5289 2419 5342 ret?
2452 5287 2586 5342 Audi
2640 5288 2893 5341 Davidem
2918 5287 3183 5342 dicentem
3229 5304 3243 5339 :
3274 5287 3598 5357 Sacriﬁcium
3646 5285 3751 5340 Deo
3776 5288 3892 5356 spi-

2297 5380 2422 5432 ritus
2443 5379 2954 5442 contribulatus;cor
2997 5378 3264 5431 contritum
3293 5388 3340 5432 et
3381 5378 3699 5431 huiniliatum
3746 5377 3892 5434 Deus

2296 5489 2394 5526 non
2418 5472 2654 5540 despiciet
2681 5470 2850 5533 (Psnl.
2878 5471 2966 5525 50.
2999 5470 3109 5541 l9).
3137 5470 3382 5526 Vidistin'
3403 5471 3518 5540 ejus
3546 5471 3833 5540 pravitatem
3855 5475 3883 5525 ἐ

2298 5563 2441 5617 Illius
2468 5563 2828 5631 impuritatem
2885 5561 3091 5629 respice
3137 5579 3149 5614 :
3193 5579 3315 5616 nam
3345 5562 3416 5615 ait
3466 5561 3755 5629 :lmpurns
3809 5574 3891 5616 est

2295 5655 2432 5719 apud
2464 5653 2621 5708 Deum
2647 5639 2807 5706 omnis
2831 5653 2914 5720 qui
2943 5661 3014 5707 est
3044 5647 3146 5706 alto
3186 5655 3336 5707 corde
3357 5653 3544 5722 (Prov.
3578 5654 3663 5707 l6.
3697 5654 3773 5722 5).
3801 5655 3887 5710 Ad

2301 5746 2412 5800 llu‘c
2440 5746 2490 5800 in
2519 5747 2684 5800 altero
2736 5745 2874 5800 Deus
2901 5745 3188 5814 requiescit
3218 5764 3228 5799 :
3266 5746 3433 5814 Super
3462 5763 3606 5811 quem
3633 5744 3769 5799 enim
3795 5759 3884 5798 re-
