4174 6332
259 379 364 436 δίὅ

263 499 494 570 spiciam,
519 495 622 549 nisi
645 510 803 564 super
825 501 1140 546 mansuetum
1158 499 1208 544 et
1231 490 1478 560 quietum,
1495 497 1542 541 et
1567 495 1867 540 trementem

262 589 410 644 verba
438 587 717 655 mea(lsai.
741 585 830 640 66.
853 583 963 653 2)?
993 583 1143 638 Alter
1163 596 1291 637 vero
1313 595 1434 635 cum
1465 579 1680 633 diabolo
1703 576 1869 632 trahi-

265 693 354 738 tur
390 701 403 735 :
436 680 655 736 inﬂatus
683 679 829 734 enim
861 676 1059 732 diaboli
1087 674 1348 745 supplicia
1380 673 1536 728 feret.
1569 670 1694 726 Ideo
1724 671 1864 725 Pau-

265 776 351 830 lus
381 774 595 828 dicebat
629 790 643 826 :
673 770 758 825 Ne
787 774 917 840 forte
944 770 995 823 in
1013 767 1302 836 superbiam
1331 765 1517 830 elatus,
1538 765 1590 817 in
1606 762 1865 835 judicium

264 867 464 920 incidat
491 864 684 919 diaboli
715 863 791 936 (l.
822 861 955 917 Tim.
984 862 1038 917 ὅ.
1078 860 1156 932 6).
1188 861 1267 914 Ac
1290 869 1478 913 contra
1517 871 1733 927 semper
1764 856 1862 924 ipsi

262 960 467 1023 evenit,
488 973 648 1027 quam
679 957 825 1010 velit.
862 954 986 1008 Vult
1014 954 1156 1008 enim
1185 953 1297 1022 ipse
1324 950 1638 1022 superbire,
1673 957 1731 1003 ιιι
1761 948 1861 1002 ho-

263 1058 526 1114 nuretur;
585 1050 803 1118 ipseque
850 1045 1090 1102 omuiutn
1137 1044 1368 1099 maxime
1421 1041 1736 1112 despicitur.
1797 1041 1860 1096 lli

260 1157 497 1211 namque
519 1153 642 1195 sunt
672 1140 903 1194 maxime
931 1139 1172 1193 omnium
1215 1135 1449 1199 ridiculi,
1475 1135 1726 1188 omnibus
1760 1134 1861 1186 iui-

259 1236 413 1301 mici,
466 1235 698 1290 inimicis
733 1243 891 1302 captu
936 1233 1138 1295 faciles,
1189 1229 1256 1285 ad
1307 1229 1437 1284 iram
1495 1228 1668 1298 proni.
1718 1226 1858 1297 apud

259 1327 436 1381 Deum
467 1327 680 1396 impuri.
732 1324 870 1394 Quid
894 1339 1022 1394 ergo
1066 1323 1168 1377 hoc
1210 1320 1452 1376 deterius
1495 1334 1616 1376 esse
1647 1318 1859 1389 possit?

258 1417 374 1472 Hoc
402 1418 604 1488 quippe
631 1418 842 1472 culmen
870 1427 951 1471 est
987 1415 1248 1470 malorum
1276 1413 1538 1468 omnium.
1569 1411 1706 1478 Quid
1730 1425 1859 1467 vero

253 1508 474 1563 dulcius
532 1508 861 1563 humilibus?
899 1508 1024 1578 quid
1056 1506 1307 1562 beatius?
1335 1505 1397 1560 lli
1420 1505 1680 1560 amabiles
1709 1503 1858 1559 desi~

254 1599 642 1670 derabilesque
693 1599 806 1654 Deo
855 1607 1019 1664 sunt,
1065 1607 1120 1652 et
1168 1597 1310 1667 apud
1349 1596 1594 1651 homines
1645 1611 1857 1665 quoque

255 1691 491 1744 maxima
517 1691 687 1760 gloria
720 1691 968 1745 fruuntur
997 1708 1010 1744 :
1040 1705 1228 1744 omnes
1261 1689 1524 1743 honorant
1553 1689 1698 1758 ipsos
1721 1698 1856 1743 tam-

251 1798 418 1853 quam
465 1797 666 1853 patres,
712 1792 770 1838 ut
817 1783 1010 1838 fratres
1063 1782 1481 1852 amplectuntur,
1537 1789 1596 1834 ut
1641 1781 1852 1851 propria

252 1873 501 1928 membra
529 1873 839 1929 admittunt.
873 1874 1052 1930 Simus
1071 1889 1200 1943 ergo
1223 1873 1475 1936 humiles,
1504 1881 1562 1926 ut
1587 1873 1849 1927 sublimes

247 1963 577 2020 efﬁcimur.
612 1965 744 2020 Nam
773 1967 1073 2036 arrogantia
1101 1965 1386 2020 admodum
1427 1965 1703 2035 deprimit.
1732 1965 1858 2022 llzec

252 2053 596 2111 Pharaonem
643 2059 951 2128 prostravit.
988 2056 1110 2111 Non
1149 2058 1264 2111 nari
1286 2098 1300 2120 ,
1337 2057 1544 2125 inquit,
1577 2055 1854 2112 Dominum

250 2147 453 2216 (Exod.
483 2151 538 2205 5.
568 2149 640 2220 2)
661 2190 676 2215 ,
704 2165 768 2204 ac
810 2151 1043 2215 muscis,
1083 2149 1228 2203 ranis
1253 2157 1311 2204 et
1356 2149 1578 2203 locustis
1620 2148 1856 2206 deterior

249 2240 426 2293 factus
453 2251 573 2294 est:
613 2252 904 2312 posteaque
923 2256 1044 2296 cum
1079 2241 1244 2294 armis
1273 2251 1325 2295 et
1362 2243 1514 2311 equis
1540 2241 1855 2297 submersus

249 2328 373 2382 fuit.
427 2329 627 2385 Contra
661 2346 790 2386 vero
837 2333 1105 2386 Abraham
1135 2332 1282 2394 dicit,
1323 2330 1436 2402 Ego
1478 2349 1588 2386 sum
1618 2332 1780 2401 pulvis
1807 2343 1853 2386 et

246 2419 379 2472 riuis
413 2419 568 2489 (Gen.
599 2422 685 2477 l8.
717 2421 864 2492 27),
894 2432 949 2478 et
976 2423 1140 2477 multa
1172 2423 1523 2478 barbarorum
1570 2425 1735 2478 tuillia
1770 2425 1850 2479 vi-

1232 372 1292 427 ΙΝ
1331 367 1741 428 ΜΑΤΤΙΙιΕυΜ
1785 364 2015 420 “Dalii”
2057 364 2243 424 LXVI.
2283 369 2354 424 al.
2396 367 2605 426 LXVII.

3474 368 3579 424 6‘26

1978 482 2072 548 cit,
2102 498 2166 538 ac
2192 501 2314 540 cum
2348 486 2399 540 in
2429 489 2661 543 mediam
2710 486 2999 562 Egyptum
3046 483 3344 552 incidisset,
3396 488 3580 540 rever-

1975 576 2068 634 sus
2111 590 2217 644 est,
2261 580 2598 649 splendidius
2644 596 2806 650 quam
2851 590 2979 635 ante
3020 591 3281 650 tropaeum
3313 578 3578 644 referens,

1975 679 2139 740 atque
2168 670 2293 726 huic
2337 673 2517 727 virtuti
2559 673 2853 738 inluerens,
2893 687 3109 743 semper
3134 670 3418 726 sublimior
3445 686 3576 726 eva-

1974 765 2065 819 sit.
2094 764 2222 819 ldeo
2275 765 2472 836 ubique
2512 763 2820 820 celebratur
2841 805 2857 831 ,
2885 763 3012 818 ideo
3054 762 3254 834 ubique
3282 772 3579 818 coronatur

1973 865 2028 912 et
2052 855 2375 928 praedicatur
2404 874 2416 921 ;
2449 857 2660 913 Pharao
2685 866 2961 912 autemest
2987 868 3131 913 terra
3151 866 3206 912 et
3228 856 3387 922 cinis,
3415 857 3502 912 vel
3525 858 3570 912 si

1972 948 2099 1018 quid
2130 949 2302 1002 vilius.
2339 948 2480 1004 Nihil
2506 950 2650 1004 enim
2697 950 2766 1003 ita
2793 959 3073 1004 aversatur
3105 949 3245 1006 Deus
3293 958 3350 1003 ut
3377 964 3576 1020 super-

1973 1042 2138 1098 biam.
2169 1042 2292 1098 Ideo
2319 1042 2386 1095 ab
2414 1044 2564 1098 initio
2593 1043 2725 1097 nihil
2751 1058 2857 1096 non
2881 1042 3028 1107 fecit,
3065 1051 3122 1096 ut
3153 1044 3296 1097 lumc
3323 1043 3572 1098 morbum

1972 1137 2248 1192 avelleret.
2283 1137 2486 1192 Idcirco
2519 1138 2778 1192 mortales
2810 1136 2936 1190 facti
2972 1151 3193 1201 smnus,
3223 1146 3275 1191 et
3305 1136 3358 1190 in
3385 1137 3576 1192 dolore

1969 1243 2032 1282 ac
2049 1233 2252 1298 gemitu
2293 1229 2556 1285 vivimus:
2595 1229 2715 1285 ideo
2744 1230 2795 1284 in
2825 1229 3030 1290 labore,
3057 1228 3278 1295 sudore,
3302 1238 3356 1282 et
3381 1231 3566 1299 operi-

1970 1322 2069 1375 bus
2101 1321 2376 1390 perpetuis
2417 1321 2776 1391 miseriisqne.
2809 1321 2882 1375 Ex
2925 1321 3232 1389 arrogantia
3278 1320 3423 1375 enim
3463 1322 3572 1389 pri.

1970 1426 2090 1464 mus
2113 1412 2274 1465 homo
2301 1412 2564 1481 peccavit,
2588 1411 2730 1483 quod
2785 1425 2846 1465 se
2871 1419 3117 1480 speraret
3146 1409 3412 1480 aequalem
3461 1409 3575 1464 fore

1970 1503 2102 1557 Deo.
2133 1502 2470 1573 Quapropter
2486 1519 2554 1558 ne
2571 1503 2624 1557 id
2638 1502 2866 1573 quidem
2888 1502 3029 1571 quod
3061 1502 3294 1556 habebat
3315 1502 3562 1566 retinuit,

1967 1597 2059 1650 sed
2093 1597 2160 1650 ab
2184 1597 2438 1652 omnibus
2471 1598 2692 1652 excidit.
2718 1596 3034 1665 Huiusmodi
3069 1613 3155 1652 res
3200 1606 3284 1651 est
3312 1614 3574 1667 arrogan-

1970 1688 2037 1740 tia
2064 1707 2075 1736 τ
2111 1702 2215 1741 non
2246 1686 2408 1742 modo
2439 1687 2570 1741 nihil
2593 1688 2750 1742 nobis
2773 1687 2896 1742 boni
2920 1687 3132 1765 confert
3159 1687 3224 1741 ad
3260 1689 3444 1753 vitam,
3479 1689 3576 1743 sed

1967 1779 2130 1832 etiam
2184 1795 2304 1848 qua:
2353 1779 2614 1834 habemus
2654 1780 2881 1835 succidit
2932 1796 2946 1834 :
2986 1789 3180 1836 contra
3232 1797 3364 1836 vero
3396 1781 3574 1834 humi-

1965 1869 2086 1923 litas
2135 1870 2267 1924 nihil
2318 1870 2844 1937 aufert’bonorum,
2879 1870 2974 1928 sed
3024 1888 3145 1942 qua:
3193 1888 3301 1928 nan
3347 1872 3578 1928 aderant

1963 1961 2165 2028 adjicit.
2225 1961 2373 2018 llanc
2424 1962 2588 2033 igitur
2637 1964 2989 2029 temulemur,
3040 1964 3182 2020 hanc
3238 1979 3569 2034 ecquamur,

1963 2065 2021 2109 ut
2045 2065 2100 2108 et
2125 2057 2231 2110 vita
2269 2056 2517 2126 prtesenti
2556 2055 2820 2124 fruamur,
2847 2066 2904 2112 et
2934 2055 3164 2112 futuram
3185 2057 3411 2128 gloriam
3433 2073 3570 2112 con-

1962 2162 2298 2215 sequamur,
2347 2148 2518 2218 gratia
2577 2155 2632 2203 et
2684 2147 3055 2203 misericordia
3117 2147 3329 2203 Domini
3402 2149 3574 2203 nostri

1959 2237 2087 2293 Jesu
2121 2237 2345 2302 Christi,
2379 2239 2708 2309 quicumque
2733 2239 2878 2292 Patri
2901 2247 2957 2292 et
2985 2237 3206 2308 Spiritui
3238 2247 3428 2292 sancto
3457 2238 3578 2308 glo.

1961 2331 2036 2384 ria
2064 2341 2117 2384 et
2142 2331 2452 2399 imperium,
2487 2345 2630 2385 nunc
2658 2341 2714 2387 et
2740 2346 2960 2402 semper
2983 2373 2998 2400 ,
3021 2340 3079 2388 et
3099 2331 3153 2387 in
3177 2332 3370 2387 smcula
3400 2347 3576 2392 sa-ctt-

1961 2423 2159 2478 lorum.
2192 2428 2387 2480 Amen.

1377 2690 1726 2754 HOMILIA
1769 2636 2129 2756 LXVI..al.
2177 2690 2434 2751 LXVII.

243 2851 380 2908 Car.
410 2853 500 2908 20.
551 2871 600 2907 v.
648 2853 738 2907 29.
774 2851 839 2907 Et
892 2854 1256 2924 egredientibus
1285 2854 1386 2908 illis
1432 2872 1462 2908 a
1490 2854 1719 2922 Iericho,
1765 2872 1844 2910 se-

315 2957 481 3011 quuta
525 2955 596 2997 est
640 2961 751 2998 eum
799 2944 944 2997 turba
975 2945 1151 2998 multa.
1186 2944 1272 2998 50.
1309 2942 1373 2997 Et
1417 2961 1531 2998 ecce
1574 2945 1676 2999 duo
1727 2947 1844 3000 ι’ωεὶ

318 3035 549 3088 sedentes
575 3051 716 3087 serus
745 3035 893 3092 uiam.
919 3051 1032 3087 cum
1059 3035 1314 3088 audissent
1339 3036 1477 3103 quod
1501 3035 1652 3090 Jesus
1680 3046 1847 3090 trans-

320 3127 448 3188 iret,
489 3127 834 3178 clamauerunt
885 3126 1106 3180 dicentes
1149 3140 1170 3175 :
1217 3125 1460 3181 Miserere
1511 3127 1690 3194 nostri,
1737 3125 1847 3182 Do—

316 3218 478 3284 mine,
504 3216 583 3286 ﬁli
612 3214 800 3269 David.

322 3377 378 3429 1.
413 3374 701 3442 Quaestione
728 3373 792 3428 de
817 3374 994 3430 itinere
1031 3375 1217 3429 Christi
1258 3377 1310 3430 in
1357 3379 1578 3432 medium
1607 3379 1848 3448 adducta,

243 3467 474 3520 duorum
502 3481 755 3520 ccci-orum
777 3467 990 3519 historia
1020 3477 1405 3524 commentatur.
1439 3471 1850 3523 commendatur-

240 3577 344 3630 que
376 3561 767 3629 perseverantia.
784 3588 855 3597 —
872 3558 1003 3612 Vide
1030 3558 1171 3612 unde
1188 3558 1577 3631 .lerosolymam
1596 3577 1652 3615 se
1669 3562 1852 3616 confc-

244 3660 353 3714 rat,
392 3659 448 3703 ct
495 3665 602 3717 quo
633 3650 752 3703 loco
790 3657 944 3703 antea
976 3661 1281 3704 versaretur
1317 3667 1329 3702 :
1368 3653 1506 3722 quod
1539 3662 1682 3707 certe
1723 3655 1851 3708 mihi

243 3741 487 3795 maxime
506 3739 880 3808 inquirendum
902 3740 1129 3796 videtur.
1158 3743 1268 3796 Cur
1282 3752 1458 3798 autem
1475 3760 1578 3798 non
1616 3755 1770 3799 antea
1801 3747 1851 3800 in

241 3831 531 3887 Galilaeam
551 3831 661 3892 ivit.
683 3830 775 3885 sed
797 3846 890 3902 per
907 3831 1201 3887 Samariam
1217 3833 1240 3886 ?
1257 3834 1450 3888 Verum
1467 3835 1586 3890 hzec
1598 3837 1854 3892 studiosis

243 3925 642 3995 relinquemus.
677 3925 808 3980 Nam
863 3926 907 3980 si
961 3925 1081 3997 quis
1118 3925 1422 3982 accuratius
1475 3932 1588 3983 lucc
1627 3932 1851 3985 scrutari

242 4015 506 4080 voluerit,
557 4013 817 4070 Joannem
863 4016 1097 4072 inveniet
1137 4017 1238 4072 hoc
1287 4018 1451 4086 probe
1492 4019 1850 4088 subindicarc,

242 4121 583 4175 causamque
615 4123 817 4178 ponere
843 4107 1022 4177 (Joan.
1054 4110 1105 4162 4.
1133 4109 1312 4179 1-5).
1355 4109 1466 4164 Nos
1508 4121 1686 4165 autem
1731 4129 1854 4182 pro-

243 4197 646 4269 ptisiltt'DOSer
671 4198 988 4265 lnnreamus,
1026 4209 1080 4255 et
1108 4200 1205 4254 hns
1226 4214 1398 4256 cazcos
1426 4202 1725 4267 audiamus,
1764 4205 1853 4274 qui

244 4287 440 4342 multis
477 4287 769 4342 videntium
798 4290 1046 4345 meliores
1076 4302 1248 4345 erant.
1285 4290 1418 4346 Nam
1463 4310 1634 4364 neqtte
1661 4295 1852 4351 ducem

245 4377 537 4442 habentes,
589 4395 763 4447 neque
809 4379 956 4434 illum
999 4381 1372 4436 adventantem
1423 4383 1688 4447 videntes.
1731 4402 1852 4440 cum

242 4471 605 4524 contentione
644 4471 708 4524 ad
743 4471 892 4526 illum
921 4473 1176 4528 accedere
1219 4474 1515 4541 tentabant,
1559 4491 1855 4548 magnaque

243 4579 389 4619 voce
425 4564 660 4619 clamare
685 4574 998 4634 emperunt;
1030 4577 1082 4621 et
1107 4566 1240 4635 jnssi
1298 4579 1494 4633 tacere,
1542 4574 1710 4640 magis
1748 4575 1854 4626 cla—

244 4657 498 4712 mabant.
546 4655 690 4710 Talis
737 4658 934 4728 quippe
971 4667 1053 4712 cst
1105 4674 1452 4728 perseverans
1507 4661 1682 4714 anima
1712 4678 1727 4718 :
1761 4678 1858 4732 per

241 4762 345 4801 eos
379 4748 472 4816 qui
520 4747 778 4817 impedire
806 4760 1051 4819 satagunt
1092 4750 1422 4819 provehitur.
1452 4749 1700 4807 Christus
1727 4770 1856 4810 vero

245 4841 522 4912 permittit
574 4851 629 4895 ut
658 4840 929 4895 silentium
979 4841 1108 4911 ipsis
1154 4843 1467 4912 imperetur,
1523 4861 1631 4914 quo
1679 4845 1858 4901 fervor

237 4947 445 4988 eorum
489 4942 761 5000 appareat,
794 4941 847 4986 et
877 4932 1072 4996 discas,
1110 4933 1231 4988 illos
1270 4945 1418 4988 certe
1462 4936 1655 5006 dignos
1697 4939 1859 4993 fuisse

239 5027 339 5098 qui
369 5035 707 5082 curarentur.
741 5025 864 5082 Ideo
900 5043 1074 5097 neque
1111 5029 1398 5097 interrogat
1434 5046 1500 5084 an
1529 5031 1770 5096 credant,
1801 5043 1858 5087 ut

237 5117 504 5173 solebat:
538 5131 658 5171 nam
685 5127 737 5170 ct
763 5118 966 5172 clamor
994 5127 1046 5172 et
1068 5119 1353 5173 accedendi
1394 5132 1617 5176 conatus
1647 5123 1856 5178 illorum

241 5209 420 5266 ﬁdem
447 5209 579 5263 satis
625 5209 1064 5265 testificabantur.
1105 5211 1238 5265 lliuc
1275 5212 1441 5276 disce,
1484 5214 1696 5277 dilecte,
1738 5216 1860 5271 licet

240 5298 548 5355 admodum
603 5301 733 5355 viles
764 5310 816 5354 et
859 5301 1050 5371 abjecti
1103 5309 1291 5366 simus,
1318 5304 1359 5356 si
1405 5321 1526 5358 cum
1577 5307 1753 5362 studio
1789 5309 1857 5364 ad

243 5395 424 5447 Deum
453 5393 795 5458 accedamus,
833 5409 927 5461 per
954 5407 1052 5448 nus
1090 5394 1232 5463 ipsos
1269 5409 1425 5464 posse
1465 5412 1582 5465 qum
1619 5399 1857 5465 postula-

240 5503 374 5544 mus
405 5488 713 5556 impetrare.
752 5487 881 5542 Vide
902 5489 1043 5542 enim
1075 5487 1344 5557 quomodo
1373 5489 1456 5542 isti
1481 5491 1683 5544 nullum
1725 5506 1858 5562 apo-

239 5580 516 5636 stolontm
549 5578 809 5634 habentes
835 5588 1142 5648 patronum,
1174 5579 1267 5635 sed
1301 5581 1495 5636 multus
1521 5583 1609 5651 qui
1633 5597 1691 5638 se
1709 5599 1862 5639 coera

238 5683 457 5738 cerent,
489 5682 779 5742 pomerunt
807 5686 995 5726 omnes
1021 5671 1203 5728 obices
1233 5673 1521 5738 transilire,
1566 5684 1620 5729 et
1655 5675 1720 5728 ad
1761 5675 1857 5731 Je-

239 5780 364 5822 sum
397 5767 576 5836 ipsum
615 5764 874 5820 accedere
909 5781 921 5816 :
955 5765 1054 5820 etsi
1095 5779 1199 5820 non
1232 5765 1544 5820 testilicctur
1588 5769 1858 5840 evangeli-

1964 2867 2044 2912 sta
2076 2857 2219 2926 ipsos
2245 2858 2474 2926 aliquam
2501 2875 2568 2913 ex
2597 2860 2715 2913 vita:
2745 2876 2944 2928 genere
2982 2860 3229 2916 fiduciam
3275 2862 3526 2918 habuisse
3561 2882 3574 2918 :

1956 2952 2049 3005 sed
2075 2952 2238 3007 animi
2268 2951 2446 3008 fervor
2476 2953 2593 3008 vice
2635 2955 2876 3008 omnium
2918 2955 3048 3023 ipsis
3084 2954 3203 3009 fuit.
3239 2955 3348 3010 Hos
3377 2965 3433 3011 et
3474 2971 3573 3011 nos

1957 3045 2116 3098 etiam
2170 3044 2505 3099 mmulcmur.
2567 3044 2791 3099 Etiamsi
2857 3045 3002 3100 Deus
3061 3044 3262 3101 donum
3321 3047 3571 3113 dilferat,

1957 3137 2164 3191 etiamsi
2196 3136 2346 3191 multi
2392 3139 2678 3202 abducant,
2722 3154 2788 3191 ne
2833 3138 3044 3205 petendi
3085 3137 3247 3194 linem
3285 3138 3565 3196 faciamus.

1959 3228 2048 3283 Sic
2075 3229 2217 3283 enim
2257 3229 2490 3282 maxime
2528 3228 2692 3283 Deum
2729 3228 3083 3286 attrahi-mus.
3118 3229 3216 3286 llic
3259 3231 3419 3300 igitur
3452 3226 3575 3288 vide

1959 3320 2230 3388 quomodo
2258 3321 2469 3374 illorum
2503 3319 2767 3374 fervorem
2809 3336 2909 3376 nec
2939 3333 3244 3392 paupertas,
3276 3339 3374 3378 nec
3415 3327 3574 3381 caeci-

1963 3423 2059 3468 tas.
2099 3429 2195 3467 nec
2225 3413 2363 3482 quod
2394 3428 2497 3466 non
2525 3413 2830 3474 audiantur,
2860 3429 2958 3468 nec
2978 3414 3119 3484 quod
3150 3431 3179 3468 a
3209 3417 3376 3471 turbis
3399 3416 3572 3473 incre-

1963 3519 2173 3574 pentur,
2208 3506 2470 3575 impedire
2510 3508 2737 3576 possint.
2773 3507 2919 3561 Talis
2957 3519 3038 3563 est
3065 3509 3240 3564 anima
3269 3509 3486 3566 fervens
3521 3521 3576 3567 et

1962 3597 2011 3650 in
2047 3599 2227 3652 labore
2273 3614 2514 3652 versans.
2555 3599 2693 3666 Quid
2733 3615 2862 3666 ergo
2905 3599 3198 3660 Christus?
3230 3602 3316 3654 52.
3370 3601 3575 3656 Vocavit

1959 3688 2075 3743 illos
2105 3698 2149 3741 et
2179 3688 2309 3742 dixit
2337 3705 2355 3742 :
2389 3689 2523 3754 Quid
2554 3691 2712 3744 vultis
2745 3701 2796 3742 ut
2822 3692 2957 3744 vobis
2987 3694 3174 3770 faciant
3197 3693 3223 3746 .7
3265 3693 3353 3747 55.
3385 3691 3574 3746 Dicunt

1959 3783 2004 3837 ei
2035 3799 2054 3837 :
2089 3782 2321 3848 Domine,
2356 3794 2408 3836 ut
2442 3785 2741 3852 aperiantur
2775 3784 2911 3837 oculi
2965 3787 3143 3839 nostri.
3178 3786 3284 3840 Cur
3326 3786 3446 3840 illus
3491 3788 3573 3840 in-

1962 3874 2236 3943 terrogat?
2266 3873 2340 3928 Ne
2371 3873 2492 3944 quis
2523 3883 2755 3942 putaret,
2787 3876 2960 3944 ipsum
2998 3876 3100 3928 alia
3135 3876 3441 3945 petentibus
3467 3877 3573 3932 alia

1959 3967 2107 4022 dare.
2136 3967 2347 4022 Etenim
2375 3967 2510 4022 solet
2537 3983 2756 4038 semper
2787 3970 2958 4037 primo
2990 3969 3238 4024 virtutem
3269 3985 3455 4023 eorum
3482 3970 3572 4040 qni

1960 4068 2218 4113 curantur
2250 4059 2500 4114 omnibus
2539 4060 2863 4129 patefacere,
2902 4068 2958 4115 et
2998 4070 3124 4116 tunc
3167 4061 3465 4115 remedium
3497 4062 3570 4116 af-

1960 4150 2140 4206 ferre:
2173 4159 2282 4205 tum
2312 4159 2368 4204 ιιι
2397 4152 2534 4207 alios
2555 4151 2620 4205 ad
2651 4151 2901 4207 emudem
2930 4155 3102 4207 zelum
3131 4153 3286 4207 ducat
3311 4170 3325 4220 ;
3376 4165 3486 4211 tum
3518 4163 3577 4209 ut

1960 4241 2211 4297 ostendat
2239 4243 2360 4298 illos
2394 4242 2517 4313 jure
2555 4245 2752 4298 tnerito
2781 4243 2938 4298 donis
2971 4243 3093 4298 frui.
3127 4245 3238 4300 lloc
3266 4257 3320 4301 et
3352 4247 3402 4301 iu
3432 4245 3574 4302 Cha-

1961 4351 2146 4391 nanma
2177 4336 2319 4399 facit,
2352 4335 2453 4392 hoc
2488 4339 2540 4392 in
2573 4338 2911 4405 centurione,
2956 4340 3058 4393 hoc
3101 4340 3151 4394 in
3193 4341 3417 4396 muliere
3445 4357 3570 4397 San-

1961 4430 2134 4501 guinis
2157 4429 2356 4484 fluxum
2389 4431 2658 4500 patiente;
2691 4430 2798 4484 into
2821 4445 2948 4485 vero
2975 4431 3237 4486 mirabilis
3264 4433 3349 4488 illa
3380 4435 3576 4488 mulier

1962 4524 2220 4592 prievenit
2249 4523 2720 4592 interrogationem
2750 4523 2956 4577 Domini
2987 4541 2999 4576 :
3029 4534 3264 4581 attamen
3298 4542 3404 4578 non
3431 4526 3572 4580 illam

1961 4615 2335 4684 praatermisit;
2369 4615 2462 4667 sed
2502 4626 2554 4668 et
2599 4625 2714 4681 post
2763 4615 3023 4669 redditam
3065 4616 3375 4682 sanitatem,
3425 4619 3570 4671 illam

1961 4708 2232 4763 celebrem
2260 4708 2451 4763 reddit.
2484 4708 2572 4762 Sic
2601 4724 2729 4776 ergo
2764 4711 2986 4764 curabat
3017 4711 3390 4766 acoedentium
3418 4713 3482 4766 ad
3513 4728 3574 4767 sc

1958 4806 2100 4862 bona
2141 4821 2306 4875 opera
2357 4805 2657 4875 praedicare
2695 4815 2748 4860 ct
2791 4805 2963 4860 multo
3011 4807 3222 4875 majora
3272 4810 3573 4877 pratdicare

1960 4915 2125 4971 quam
2171 4899 2367 4952 eraut‘
2399 4939 2414 4963 ,
2449 4898 2594 4968 quod
2631 4898 2719 4953 hic
2761 4898 2928 4953 etiam
2965 4897 3114 4955 facit.
3164 4898 3386 4965 Deinde,
3419 4911 3572 4971 post-

1959 5007 2128 5063 quam
2164 5008 2284 5061 qua:
2326 4991 2583 5043 volebant
2626 4990 2904 5053 dixerunt,
2944 4993 3327 5047 misericordia
3362 5005 3567 5059 motus,

1961 5085 2084 5140 illos
2111 5084 2304 5154 tetigit.
2335 5081 2460 5137 llaec
2485 5085 2686 5152 quippe
2710 5083 2823 5138 sola
2853 5101 3016 5138 causa
3041 5094 3126 5139 est
3153 5085 3472 5145 cura:ionis.
3498 5086 3570 5139 ob

1961 5190 2122 5244 quam
2154 5177 2299 5229 venit
2345 5177 2397 5228 in
2430 5176 2716 5230 mundum.
2749 5176 3024 5241 Attamen,
3053 5178 3153 5231 etsi
3189 5179 3564 5232 misericordia

1961 5274 2016 5319 et
2043 5267 2217 5336 gratia
2243 5276 2409 5330 esset,
2434 5266 2630 5337 dignos
2657 5269 2959 5337 quierebat.
2989 5267 3150 5335 Quod
3175 5285 3303 5324 vero
3329 5269 3382 5324 bi
3416 5269 3566 5340 digni

1961 5370 2166 5427 essent,
2195 5373 2340 5431 patet
2370 5374 2483 5418 tum
2516 5379 2579 5418 es
2619 5365 2881 5430 clamore,
2910 5374 3022 5418 tum
3055 5381 3120 5419 cx
3165 5381 3231 5419 eo
3265 5367 3408 5432 quod
3441 5382 3566 5420 eum

1963 5455 2307 5523 accepissent
2330 5471 2435 5508 non
2465 5466 2836 5523 recesserunt,
2861 5457 3006 5527 quod
3027 5458 3180 5510 multi
3216 5457 3443 5524 faciunt,
3471 5460 3566 5528 qui

2024 5643 2042 5671 ⁸
2068 5639 2185 5688 Hec
2207 5638 2377 5708 verba,
2412 5644 2456 5689 et
2478 5638 2637 5710 multo,
2671 5639 3194 5710 majora-praedicare
3237 5652 3565 5710 quam_cra_nt,

1963 5715 2019 5750 se
2046 5703 2358 5764 expunxisse
2386 5709 2647 5764 monuerat
2671 5703 3098 5762 Montefalconius,
3119 5713 3168 5752 ut
3188 5703 3296 5764 pote
3308 5711 3350 5753 et
3375 5705 3567 5755 Christo

1963 5771 2006 5815 et
2042 5763 2380 5827 CItrysostomo
2406 5762 2627 5828 indigna.
2656 5764 2853 5814 Videsis
2890 5767 3062 5815 Adnot.
3103 5762 3244 5816 l-‘ie'ld
3270 5766 3326 5815 ad
3360 5782 3411 5831 p.
3451 5768 3565 5815 656.
