4174 6332
638 359 739 409 6‘37

642 490 758 542 post
788 477 1032 532 bcnetlcia
1079 488 1200 533 sunt
1245 479 1454 548 ingrati.
1491 482 1559 532 At
1603 479 1674 532 illi
1707 494 1809 532 non
1852 476 1983 533 tales
2024 485 2209 544 erant;

640 566 733 620 sed
781 576 834 620 et
875 577 999 621 ante
1039 569 1239 623 donum
1275 569 1703 638 perseverabant,
1749 578 1801 624 et
1851 579 1968 637 post
2019 569 2215 622 donum

641 656 773 724 grati
810 657 971 713 animi
1009 659 1221 714 filerunt
1253 676 1266 712 :
1299 677 1418 714 nun
1468 661 1677 730 sequuti
1724 671 1846 714 sunt
1888 675 2028 714 cum.
2063 660 2212 728 (Cap.

588 776 606 792 -
649 747 790 815 XXI)
823 749 872 803 Ι.
904 749 966 804 Et
992 767 1104 804 cum
1129 757 1556 823 appropinquaret
1584 752 1887 818 Jerusalem,
1911 761 1956 805 ct
1984 759 2218 803 venerunt

639 838 708 889 ad
736 836 1028 910 Bcthplsage
1066 842 1134 895 ad
1183 854 1396 896 lltOtllcm
1429 841 1708 904 Oliuarum,
1741 853 1858 894 tunc
1901 841 2050 896 Iesus
2090 839 2221 892 misit

643 929 769 982 duos
796 945 859 985 ea:
881 932 1141 1004 discipulis
1165 936 1290 1002 suis,
1316 936 1367 988 2.
1390 935 1562 988 dicens
1581 950 1601 987 .°
1623 932 1650 986 Ι
1657 946 1700 987 te
1727 935 1776 986 in
1804 933 2060 986 castellum
2087 931 2222 997 quod

643 1032 817 1076 contra
839 1039 921 1079 ros
945 1036 1035 1089 cst,
1067 1038 1111 1080 et
1134 1027 1388 1081 invenietis
1415 1030 1610 1081 asinam
1634 1026 1916 1095 alligatoris,
1958 1033 2002 1075 et
2029 1024 2222 1092 pullum

643 1129 755 1167 cum
785 1131 845 1170 ea
867 1131 887 1170 :
915 1119 1154 1172 salientes
1190 1120 1433 1174 adducite
1473 1119 1616 1171 ini/ti.
1656 1118 1709 1172 ὅ.
1740 1116 1805 1170 Et
1847 1116 1889 1170 si
1931 1116 2041 1184 quis
2092 1114 2223 1166 vobis

643 1206 826 1259 dixerit
851 1206 1060 1276 aliquid,
1094 1210 1283 1271 dicetis.
1315 1227 1434 1282 quia
1460 1208 1707 1264 Dominus
1735 1208 1811 1262 liis
1836 1223 1965 1277 opus
1989 1205 2151 1269 habet,
2179 1213 2224 1256 α

644 1298 906 1366 confestim
923 1299 1132 1354 dimittet
1154 1317 1253 1354 eos.
1276 1302 1328 1356 ὁ.
1359 1300 1472 1354 Hoc
1490 1311 1658 1354 autem
1678 1309 1835 1353 totum
1859 1303 2047 1369 factum
2074 1308 2143 1349 est
2173 1301 2227 1347 ut

645 1386 1002 1454 adimpleretur
1016 1391 1150 1458 quod
1173 1391 1362 1444 dictum
1381 1400 1451 1444 est
1480 1407 1570 1461 per
1595 1390 1901 1445 Zachariam
1930 1387 2225 1458 prophetam

647 1475 889 1530 dicentem
915 1493 936 1532 :
961 1478 1014 1534 5.
1045 1478 1208 1534 Dicite
1235 1481 1358 1549 ﬁlias
1384 1481 1511 1535 Sion
1532 1497 1552 1535 :
1577 1480 1706 1535 Ecce
1729 1496 1816 1535 re:
1849 1487 1964 1532 tuus
1984 1477 2114 1531 venit
2139 1475 2226 1529 tibi

649 1577 952 1636 mansuetus,
981 1573 1157 1625 sedens
1181 1589 1332 1642 super
1359 1575 1554 1627 asina.-n
1597 1585 1642 1627 et
1690 1573 1885 1639 pullum
1913 1568 2076 1640 filium
2109 1569 2226 1621 sub-

643 1656 834 1726 iugalis
862 1649 1041 1729 (lac/1.
1077 1661 1137 1717 9.
1168 1663 1246 1730 9).
1294 1664 1451 1732 Atqui
1498 1678 1640 1734 saepe
1688 1673 1906 1718 venerat
1951 1661 2225 1730 Jerosoly-

649 1763 822 1811 ruam;
855 1751 949 1806 sed
975 1767 1261 1821 numquam
1284 1771 1402 1810 cum
1435 1765 1579 1810 tanto
1598 1768 1871 1825 apparatu.
1902 1755 2030 1823 Qua:
2071 1754 2228 1824 igitur

647 1853 805 1893 causa
829 1838 966 1894 fuit?
989 1843 1082 1896 illa
1110 1846 1283 1914 priora
1313 1855 1463 1901 erant
1485 1848 1705 1902 exordia
1735 1845 2097 1908 meonomize;
2135 1857 2228 1897 ne.

647 1945 752 2000 que
791 1931 903 2002 ipse
924 1933 1209 1992 admodum
1249 1949 1404 1991 notus
1430 1948 1565 2002 erat,
1596 1954 1767 2009 neque
1803 1937 2066 2007 passionis
2095 1944 2228 1989 tem—

650 2036 748 2090 pus
771 2031 883 2076 erat
908 2026 1207 2093 proximum
1239 2043 1252 2079 :
1275 2038 1598 2098 quapropter
1622 2027 2078 2083 indiseriminatim
2105 2041 2226 2080 cum

649 2111 757 2166 illis
807 2122 932 2168 tunc
979 2115 1320 2185 miscebatur,
1367 2119 1474 2172 imo
1515 2131 1634 2174 sese
1679 2118 2020 2174 occultabat:
2054 2130 2227 2187 neque

649 2201 792 2255 enim
828 2201 1161 2259 admirationi
1211 2207 1412 2272 luisset,
1442 2209 1484 2260 si
1518 2207 1588 2262 ita
1632 2222 1753 2264 sese
1793 2207 2139 2270 exhibuisset,
2174 2216 2228 2260 et

653 2291 726 2344 illi
756 2291 806 2345 in
845 2292 1099 2361 majorem
1155 2294 1284 2350 iram
1322 2297 1672 2351 exarsissent.
1723 2297 2009 2366 Postquam
2050 2309 2224 2350 autem

653 2382 900 2448 potentia:
928 2397 1038 2438 sua!
1075 2384 1261 2439 idonea
1289 2385 1509 2440 dederat
1535 2387 1918 2457 experimenta,
1946 2401 2064 2439 cum
2098 2401 2226 2440 crnx

650 2470 702 2524 in
720 2472 894 2538 jattuis
928 2483 1091 2540 esset,
1119 2475 1314 2531 clarius
1349 2478 1582 2545 seipsum
1624 2478 1843 2541 revelat,
1884 2487 1939 2532 et
1969 2493 2090 2533 cum
2119 2492 2231 2533 una-

645 2560 748 2630 jori
773 2562 1079 2617 celebritate
1107 2563 1234 2619 facit
1258 2565 1458 2631 omnia,
1486 2582 1605 2637 qua:
1635 2575 1851 2636 possent
1893 2567 2011 2620 illos
2047 2576 2228 2637 postea

652 2666 825 2706 urere.
854 2652 1100 2709 Poterant
1134 2655 1274 2710 enim
1304 2657 1416 2710 lucc
1458 2657 1510 2710 in
1538 2657 1800 2727 principio
1831 2657 1967 2724 ﬁeri,
1991 2657 2083 2710 sed
2109 2639 2226 2710 "non

653 2743 796 2794 utilia
827 2743 1068 2798 fuissent.
1095 2743 1171 2799 Tn
1198 2761 1330 2802 vero
1357 2746 1484 2800 mihi
1512 2747 1788 2801 considera
1817 2755 1946 2815 quot
1977 2748 2226 2801 miracula

653 2835 851 2888 lianth
890 2845 1015 2903 quot
1055 2835 1345 2905 prophetia:
1385 2837 1718 2906 impleantur.
1766 2838 1925 2901 Dixit,
1963 2835 2228 2890 Invenietis

649 2925 875 2988 asinam;
923 2925 1161 2993 pnedicit
1209 2927 1472 2980 neminem
1528 2941 1647 2982 esse
1688 2928 2084 2996 impediturum,
2131 2929 2224 2982 sed

647 3013 738 3082 qui
767 3013 1005 3070 audirent
1039 3016 1291 3070 tacituros
1315 3031 1454 3071 esse.
1489 3017 1599 3073 lloc
1617 3028 1793 3072 autem
1825 3033 1929 3073 non
1955 3034 2112 3089 parva
2135 3018 2228 3073 du-

648 3103 884 3160 d:eorum
910 3107 1284 3163 condemnatio
1314 3117 1414 3170 est,
1445 3109 1488 3163 si
1529 3109 1830 3164 hominibus
1862 3126 1966 3164 non
1995 3110 2095 3165 sibi
2126 3126 2226 3165 no-

651 3195 736 3254 tis,
766 3211 1004 3265 quosque
1049 3212 1156 3251 non
1206 3198 1429 3263 viderat,
1480 3198 1720 3261 suadent,
1776 3209 1831 3252 ut
1873 3215 1966 3254 sua
1995 3203 2221 3263 tradant,

649 3298 748 3339 nec
773 3286 1158 3341 contradicunt.
1201 3288 1367 3342 Julian
1421 3303 1567 3354 vero,
1613 3289 1824 3359 quando
1867 3289 1980 3360 ipse
2023 3307 2119 3362 per
2143 3291 2225 3344 di-

646 3375 882 3444 scipulos
932 3391 1057 3431 suos
1100 3379 1349 3433 miracula
1391 3380 1602 3446 edebat,
1658 3392 1951 3452 praesentes
1992 3397 2097 3437 non
2129 3384 2224 3438 oh-

649 3476 1026 3536 temperarunt.

717 3555 768 3610 2.
803 3558 1044 3613 Abductio
1085 3562 1244 3615 asina
1280 3574 1323 3616 et
1367 3565 1530 3632 aselli,
1564 3565 1758 3620 nemine
1801 3575 2079 3631 recusante,
2109 3568 2229 3635 quid

649 3651 835 3718 probet.
861 3650 1047 3706 Christi
1061 3654 1161 3707 vita
1185 3655 1325 3710 nobis
1343 3660 1646 3726 exeniplum.
1661 3657 1822 3714 —-l\'c
1843 3669 1992 3728 putes
2018 3659 2068 3713 id
2085 3660 2223 3731 quod

649 3741 840 3796 factum
871 3755 953 3798 est
983 3761 1196 3813 purvmn
1219 3749 1342 3817 quid
1370 3765 1508 3806 esse.
1545 3750 1672 3818 Quis
1701 3751 1842 3806 enim
1874 3751 1976 3806 illis
2003 3767 2224 3822 persua-

649 3835 734 3894 sit,
769 3832 892 3887 dum
930 3849 1021 3888 sua
1066 3832 1423 3903 auferreniur,
1455 3855 1713 3910 pauperes
1762 3857 1882 3897 cum
1931 3853 2129 3908 essent,
2173 3853 2228 3899 et

649 3923 886 3978 lortassis
913 3925 1180 3991 agricolae,
1222 3945 1324 3983 non
1355 3935 1688 4002 repugnare?
1725 3945 1776 3989 et
1814 3936 1940 4005 quid
1970 3937 2090 3990 dico
2119 3953 2224 3992 non

648 4017 978 4083 repugnare?
1007 4031 1073 4072 ne
1099 4021 1422 4089 respondere
1465 4025 1698 4090 quidem,
1733 4026 1810 4080 vel
1846 4037 1963 4096 post
2007 4043 2227 4098 ι’θεμοιι-

648 4102 849 4157 sionem
882 4115 1057 4161 tacere
1085 4124 1147 4163 ac
1192 4111 1474 4167 recedere?
1514 4113 1642 4168 Nam
1687 4126 1968 4187 utrttmque
2009 4119 2227 4189 perinde

651 4194 889 4249 mirabile
936 4208 1069 4264 crat,
1100 4201 1240 4269 quod
1283 4202 1408 4256 nihil
1459 4203 1710 4272 dixerint,
1754 4207 1881 4262 dum
1925 4211 2228 4280 subiugales

649 4287 1060 4355 abducerentur,
1083 4302 1138 4346 et
1163 4295 1300 4362 quod
1322 4296 1616 4363 audientes,
1651 4298 1929 4354 Dominum
1948 4303 2073 4372 ipsis
2093 4319 2226 4372 opus

649 4377 863 4447 habere,
887 4387 1224 4451 recesserint,
1249 4402 1345 4441 nec
1373 4391 1808 4458 contradixerunt,
1841 4394 2069 4449 maxime
2103 4411 2222 4450 cum

647 4485 753 4523 non
783 4470 952 4542 ipsum
984 4474 1289 4544 Dominum,
1341 4479 1434 4534 sed
1469 4481 1755 4552 discipulos
1801 4488 1916 4554 ejus
1965 4487 2220 4542 viderent.

650 4560 782 4615 Hinc
825 4564 980 4619 docet
1010 4583 1122 4635 eos,
1154 4584 1212 4623 se
1249 4572 1484 4640 potuisse
1512 4573 1722 4629 dildil‘OS
1762 4578 1841 4629 vel
1885 4577 2076 4631 invitos
2105 4595 2223 4632 ont-

648 4653 1069 4723 niuocohiberc,
1110 4662 1322 4728 quando
1367 4677 1423 4716 se
1464 4663 1693 4718 invasuri
1735 4675 1936 4730 essent,
1979 4668 2225 4738 ipsosque

652 4754 825 4798 unitos
848 4748 1089 4813 reddere,
1123 4751 1214 4804 sed
1245 4753 1499 4809 noluisse.
1532 4755 1665 4810 Hinc
1694 4759 1853 4812 etiam
1882 4759 2036 4815 docet
2070 4759 2226 4814 disciw

651 4834 844 4900 pulos,
888 4836 1140 4908 quidquid
1201 4841 1311 4911 ipse
1373 4855 1579 4915 peteret
1634 4848 1864 4903 dandum
1934 4861 2222 4919 oportere.

649 4925 855 4979 etiamsi
875 4925 1085 4996 juberet
1112 4932 1275 5001 ipsam
1303 4937 1530 4992 animam
1565 4940 1794 5002 tradere,
1820 4955 1918 4996 nec
1953 4943 2225 4998 contradi-

648 5016 876 5072 cendum
905 5033 1042 5076 esse.
1073 5022 1201 5078 Nam
1247 5027 1291 5081 si
1336 5028 1494 5099 ignoti
1525 5044 1834 5101 paruerunt,
1865 5035 2030 5089 multo
2060 5038 2225 5105 magis

650 5106 792 5177 ipsos
817 5113 992 5165 omnia
1037 5115 1333 5197 relinquere
1363 5125 1659 5188 oportebat.
1690 5126 1766 5178 Ad
1801 5127 1913 5179 haec
1941 5126 2095 5180 aliam
2128 5130 2224 5181 dn-

652 5202 943 5275 plicemquc
995 5209 1324 5280 prophetiam
1373 5214 1650 5283 implebat;
1697 5219 1854 5273 aliam
1908 5236 2001 5289 per
2038 5236 2221 5289 opera,

647 5297 804 5350 aliam
832 5314 926 5368 per
950 5301 1128 5370 verba,
1171 5321 1358 5377 nempe
1386 5308 1652 5365 Zacharim
1697 5313 1987 5383 propheta,
2029 5315 2115 5383 qui
2147 5314 2225 5368 di-

649 5389 744 5448 xit,
776 5405 953 5460 regem
983 5407 1255 5452 sessurum
1282 5415 1400 5454 esse
1431 5418 1588 5471 super
1611 5407 1810 5458 asinam
1843 5405 2028 5471 (Zach.
2056 5407 2106 5462 9.
2133 5409 2218 5476 9);

650 5493 771 5532 nam
795 5481 985 5536 sedens
1012 5484 1122 5554 ipse
1162 5492 1490 5559 prophetiam
1519 5495 1771 5563 implevit.
1821 5499 1976 5552 Aliud
2027 5499 2220 5554 iterum

650 5573 941 5643 prophetiae
974 5576 1177 5634 initium
1205 5581 1377 5646 dabat,
1408 5587 1570 5654 gustis
1608 5588 1718 5640 suis
1746 5589 1914 5644 futura
1950 5591 2222 5662 pnesigni-

651 5667 833 5720 licans.
880 5668 995 5736 Quo
1038 5673 1583 5746 pactoilmpurarutn
1623 5683 1856 5751 gentium
1891 5685 2218 5739 vocationem

651 5763 1037 5830 pra-nuntiabat
1069 5782 1081 5818 :
1113 5765 1226 5821 l'orc
1265 5784 1446 5839 nempe
1494 5783 1545 5826 ut
1579 5776 1626 5828 iu
1660 5776 1784 5846 ipsis
1815 5781 2128 5848 requiescat,
2166 5792 2219 5837 ut

1425 360 1480 416 S.
1521 360 1800 418 .IOANNiS
1832 357 2306 415 CHRYSOSTOMI
2350 357 2662 417 ARCHIEP.
2694 359 3226 421 CONSTANTINUP.

3797 364 3909 415 (iis

2327 477 2541 532 veniant
2566 477 2631 532 ad
2661 494 2806 544 eum,
2834 481 3110 550 ipsumque
3153 488 3483 548 sequantur;
3520 477 3597 531 sic
3627 479 3913 547 prepheon

2324 565 2658 638 prophetiam
2684 572 2914 640 excepit.
2950 571 3072 623 Mihi
3095 585 3221 623 vero
3251 586 3354 624 non
3381 584 3442 622 ea
3465 568 3636 623 solum
3658 569 3723 623 dc
3746 582 3914 620 causa

2325 661 2532 714 videtur
2569 675 2732 730 super
2756 664 2958 715 asinam
2989 663 3213 727 sedisse,
3245 661 3338 717 sed
3376 671 3433 715 ut
3473 661 3628 717 nobis
3673 659 3918 730 philoso-

2326 751 2462 821 phia:
2501 752 2714 806 modum
2761 754 3011 809 traderet.
3062 754 3176 809 Non
3225 754 3383 808 modo
3425 751 3566 808 enim
3606 750 3916 823 prophetias

2329 842 2598 912 implebat,
2629 859 2803 914 neque
2840 854 3048 899 tantum
3077 846 3321 916 dogmata
3352 843 3590 899 veritatis
3618 842 3912 899 inserebat.

2327 932 2422 988 sed
2453 949 2546 1002 per
2577 933 2690 989 bu-c
2729 936 2883 990 nobis
2923 945 3126 992 rectum
3159 937 3278 991 vitae
3309 936 3607 990 institutum
3648 934 3914 998 tradebat,

2331 1027 2523 1096 ubique
2553 1028 2706 1082 nobis
2727 1028 2936 1097 regulas
2961 1030 3238 1099 assignans
3264 1029 3329 1083 ad
3355 1026 3713 1083 necessarium
3731 1041 3911 1091 usum,

2329 1126 2382 1171 et
2432 1118 2497 1172 ad
2542 1119 2700 1172 vitam
2734 1119 2896 1188 probe
2946 1135 3161 1190 semper
3187 1119 3470 1190 agendam.
3510 1117 3742 1186 Ideoque
3786 1131 3915 1173 cum

2330 1210 2625 1264 nasciturus
2671 1221 2830 1276 esset,
2863 1226 2966 1265 non
3008 1210 3340 1280 splendidam
3387 1209 3602 1265 domum
3644 1207 3909 1279 quaesivit,

2330 1316 2434 1354 non
2462 1312 2682 1356 matrem
2712 1301 2927 1358 divitem
2956 1313 3012 1357 et
3054 1303 3335 1368 illustrem,
3379 1300 3474 1357 sed
3522 1315 3814 1370 pauperem
3859 1308 3918 1354 et

2329 1406 2582 1462 sponsum
2628 1393 2832 1450 fabrum
2862 1394 3166 1460 habentem,
3213 1401 3372 1464 atque
3403 1393 3454 1448 in
3503 1390 3713 1462 tugurio
3741 1391 3917 1446 nasci.

2331 1492 2416 1537 tur
2437 1494 2486 1537 et
2515 1485 2564 1538 in
2595 1487 2855 1554 pra-sapio
2893 1484 3197 1540 reclinatur.
3245 1483 3380 1539 Cum
3410 1482 3701 1550 discipulos
3727 1482 3915 1551 elegit.

2333 1591 2435 1629 non
2465 1577 2708 1630 rhetoras
2747 1585 2802 1630 et
2837 1574 3034 1646 sophos
3058 1575 3319 1646 qumsivit,
3350 1589 3524 1644 neque
3548 1573 3837 1643 opulentos
3863 1585 3917 1626 et

2333 1663 2558 1727 nobiles,
2590 1663 2684 1718 sed
2714 1680 2993 1734 pauperes,
3029 1679 3322 1734 pauperum
3350 1664 3506 1727 ﬁlios,
3538 1672 3594 1718 et
3632 1660 3916 1732 ignobiles.

2334 1755 2542 1810 Etcum
2588 1770 2827 1810 mensam
2865 1765 3174 1825 apponeret,
3214 1755 3371 1809 modo
3396 1769 3562 1825 panes
3588 1753 3918 1809 hordeaceus

2334 1844 2552 1909 inducit,
2584 1843 2743 1900 modo
2767 1844 3056 1916 discipulos
3086 1847 3135 1900 in
3163 1845 3278 1899 foro
3297 1844 3450 1914 jubet
3473 1860 3688 1910 emere;
3719 1857 3771 1900 et
3792 1860 3916 1900 cum

2296 1947 2306 1954 '
2331 1935 2500 1990 lectos
2517 1934 2582 1988 ad
2607 1949 2842 1990 mensam
2864 1945 3037 2006 parat,
3063 1938 3204 1991 {Inoo
3231 1935 3297 1988 ad
3326 1936 3374 1990 id
3400 1937 3582 1991 utitur.
3612 1934 3917 1988 Vestimen-

2334 2027 2402 2081 Iis
2428 2026 2664 2082 induitur
2700 2027 2892 2083 vilibus
2919 2036 2974 2084 et
3010 2028 3077 2083 ad
3109 2028 3251 2098 vulgi
3293 2044 3446 2083 usum
3476 2027 3874 2098 pertinentibus
3901 2044 3915 2080 :

2331 2116 2548 2172 domum
2580 2132 2647 2172 ne
2679 2116 2860 2172 habuit
2890 2117 3126 2189 quidem.
3157 2117 3212 2173 Si
3241 2133 3369 2174 vero
3398 2135 3460 2173 ex
3503 2118 3622 2172 loco
3649 2119 3700 2172 in
3739 2117 3918 2172 locum

2330 2209 2479 2265 abire
2507 2223 2642 2279 Opus
2671 2219 2832 2276 esset,
2864 2209 2915 2266 id
2954 2210 3179 2281 pedibus
3209 2210 3354 2276 facit,
3381 2221 3541 2281 atque
3572 2211 3640 2265 ita
3674 2220 3729 2264 ut
3760 2210 3919 2265 defa-

2333 2301 2546 2371 tigetur.
2575 2300 2781 2357 Sedens
2809 2317 2915 2357 non
2944 2302 3082 2357 solio
3119 2316 3254 2372 opus
3300 2302 3475 2364 habet,
3531 2316 3703 2370 neque
3747 2301 3922 2370 pulvi-

2334 2392 2469 2458 nari,
2497 2392 2592 2448 sed
2614 2393 2666 2448 in
2691 2394 2807 2448 solo
2832 2393 2948 2463 ipso
2969 2393 3139 2457 sedet,
3165 2393 3455 2464 aliquando
3495 2393 3546 2448 in
3585 2403 3784 2455 monte,
3819 2391 3921 2445 aii-

2332 2483 2549 2552 quando
2576 2481 2643 2538 ad
2672 2483 2869 2539 fontem
2895 2501 2911 2551 ;
2939 2498 3038 2539 nec
3063 2485 3130 2539 ad
3159 2482 3357 2539 fontem
3386 2492 3609 2546 tantum,
3637 2483 3730 2537 sed
3769 2485 3921 2536 solos

2332 2588 2453 2628 cum
2480 2573 2812 2630 Samaritana
2844 2573 3074 2643 loquitur
3100 2573 3275 2643 (Joan.
3308 2574 3388 2643 4).
3436 2571 3564 2628 Item
3606 2573 3696 2643 qui
3741 2572 3922 2628 dolori

2334 2665 2551 2721 modum
2576 2666 2782 2733 statuit,
2810 2682 2932 2722 cum
2965 2667 3144 2737 lugere
3169 2676 3400 2737 oportet,
3435 2666 3708 2736 paululum
3738 2665 3920 2738 lacry-

2334 2766 2527 2822 matur,
2558 2757 2772 2826 ubique,
2812 2767 2869 2811 ut
2891 2757 3020 2825 dixi,
3051 2760 3258 2827 regulas
3285 2759 3644 2827 terminosque
3683 2771 3917 2828 ponens,

2331 2863 2606 2916 quousque
2635 2848 2848 2918 procedi
2875 2846 3090 2913 debeat,
3143 2858 3197 2903 et
3222 2849 3306 2902 ubi
3353 2850 3542 2904 sistere
3567 2849 3789 2917 gradum
3823 2863 3923 2917 pur

2330 2941 2417 2994 sit.
2467 2937 2591 2994 Ideo
2641 2955 2783 2994 nunc
2821 2941 3003 3006 etiam,
3047 2940 3170 3010 quia
3209 2941 3426 3010 contigit
3449 2938 3707 3010 quosdam
3761 2939 3920 2994 intir-

2332 3031 2526 3085 miores
2551 3045 2685 3100 opus
2709 3029 2904 3084 babere
2928 3029 3307 3101 subjugulibus,
3341 3031 3426 3085 hic
3452 3045 3662 3101 quoque
3695 3031 3921 3086 modum

2333 3122 2526 3192 posuit,
2558 3123 2844 3177 ostendens
2864 3138 2969 3177 non
2989 3124 3172 3198 equis,_
3193 3139 3296 3177 non
3327 3123 3589 3177 mulorum
3615 3123 3758 3192 iugis
3778 3139 3922 3192 opus

2330 3229 2482 3278 esse;
2515 3215 2606 3268 sed
2654 3215 2805 3268 asino
2855 3214 3128 3280 utendum,
3185 3230 3284 3269 nec
3326 3216 3466 3270 ultra
3515 3213 3922 3285 procedendum

2329 3320 2470 3369 esse,
2502 3305 2660 3375 idque
2705 3307 2769 3358 ad
2825 3319 2976 3359 nsum
3029 3306 3158 3360 satis
3195 3320 3334 3361 esse.
3369 3306 3657 3362 Videamus
3700 3319 3924 3375 quoque

2331 3396 2658 3466 prephetiam
2690 3398 2868 3451 verbis
2893 3409 2945 3451 et
2969 3397 3121 3453 factis
3145 3399 3159 3429 ¹
3183 3413 3509 3466 expressam.
3530 3397 3659 3464 Qum
3681 3406 3762 3452 est
3786 3412 3924 3467 ergo

2332 3487 2418 3541 illa
2449 3487 2764 3558 prapbetia?
2794 3487 2921 3542 Ecce
2940 3506 3028 3543 rea:
3057 3502 3170 3542 tuus
3200 3492 3328 3542 venit
3349 3490 3434 3542 tibi
3460 3498 3768 3556 vitansuetus,
3793 3506 3925 3545 con-

2329 3579 2568 3633 scendens
2605 3579 2916 3651 subjngulem
2962 3592 3009 3634 et
3049 3581 3242 3648 pullum
3275 3583 3512 3650 juvenem
3542 3598 3560 3634 ε
3589 3597 3692 3636 non
3727 3597 3927 3637 currus

2329 3684 2512 3737 agens,
2537 3681 2594 3724 ut
2619 3675 2797 3725 ca-teri
2839 3688 3024 3743 reges;
3058 3688 3162 3727 non
3205 3673 3478 3743 vectigalia
3523 3673 3764 3743 exigens,
3807 3689 3925 3730 non

2330 3769 2588 3816 terrorem
2638 3762 2917 3826 incutiens,
2966 3773 3019 3817 et
3048 3763 3307 3818 satellites
3343 3763 3711 3833 circumagens
3759 3781 3774 3818 :
3818 3765 3926 3819 sed

2334 3851 2646 3907 modestiam
2679 3853 2800 3908 hinc
2828 3857 3036 3923 quoque
3056 3869 3298 3924 magnam
3323 3853 3601 3909 exhibens.
3643 3853 3927 3927 Interroga

2329 3941 2507 4013 itaque
2530 3943 2772 3998 indutum
2800 3963 2812 3998 :
2842 3948 2968 4013 Quis
3001 3962 3087 4001 rex
3129 3933 3281 4000 asino
3313 3957 3497 4001 vectus
3528 3947 3801 4016 ingressus
3838 3959 3929 4004 est

2328 4032 2751 4104 .lerOSolymam?
2779 4038 2881 4090 Sed
2913 4054 3016 4091 non
3039 4038 3197 4092 alium
3227 4056 3382 4107 quam
3417 4041 3555 4094 hunc
3580 4040 3761 4096 dicere
3790 4057 3926 4110 pos—

2331 4126 2453 4177 sint.
2486 4124 2573 4178 Illa
2598 4140 2757 4194 porro
2781 4126 3026 4193 faciebat,
3068 4140 3120 4181 ut
3156 4128 3283 4195 dixi,
3318 4128 3488 4183 futura
3523 4133 3926 4199 prtenuntians.

2331 4215 2428 4271 llic
2464 4216 2605 4272 enim
2652 4233 2746 4287 per
2792 4221 2989 4288 pullum
3042 4219 3277 4274 Ecclesia
3325 4221 3667 4290 signiﬁcatur,
3704 4238 3928 4280 necnon

2329 4310 2555 4377 populus
2576 4323 2765 4375 novus,
2792 4311 2915 4364 olim
2945 4311 3201 4379 impurus,
3233 4321 3506 4381 postquam
3537 4324 3714 4367 autem
3758 4313 3930 4371 Iesus

2329 4399 2540 4466 insedit,
2568 4416 2729 4470 purus
2756 4401 2992 4457 euectus.
3024 4401 3090 4456 Et
3117 4403 3231 4456 vide
3259 4403 3539 4471 imaginem
3569 4404 3764 4476 ubique
3796 4422 3924 4461 ser-

2330 4503 2522 4544 vatam.
2547 4489 2675 4544 Nam
2699 4490 2945 4561 discipuli
2969 4494 3180 4546 solvunt
3218 4493 3531 4562 subjugalia.
3569 4493 3672 4548 Per
3693 4505 3929 4564 aposto-

2329 4581 2410 4636 los
2435 4582 2575 4636 enim
2606 4590 2658 4638 et
2687 4583 2786 4652 ipsi
2818 4595 2873 4638 et
2914 4599 3011 4637 nos
3041 4586 3209 4638 vocati
3253 4599 3458 4649 sumus,
3509 4599 3602 4654 per
3641 4587 3932 4655 apostolos

2335 4676 2555 4732 adducti
2579 4695 2592 4730 :
2619 4675 2747 4744 quia
2768 4689 2897 4728 vero
2920 4674 3092 4744 gloria
3118 4671 3422 4728 vocationis
3461 4681 3660 4726 nostra
3682 4672 3924 4726 amula-

2329 4768 2529 4820 tionem
2545 4781 2733 4820 eorum
2750 4767 3015 4828 accendit,
3039 4765 3160 4820 ideo
3180 4766 3390 4818 videtur
3421 4762 3802 4835 asinapullum
3823 4779 3922 4819 se-

2330 4857 2445 4928 qui.
2470 4859 2765 4926 Postquam
2790 4857 2934 4911 enim
2954 4856 3208 4912 Christus
3226 4856 3491 4911 insederit
3507 4871 3670 4927 ~uper
3685 4863 3915 4924 gentos,

2325 4957 2455 5002 tunc
2475 4947 2692 5002 venient
2706 4958 2760 5002 et
2775 4948 2849 5021 illi
2866 4948 3012 5003 malo
3024 4947 3206 5004 studio
3219 4947 3461 5014 incensi;
3487 4947 3539 5002 id
3555 4947 3701 5018 quod
3716 4946 3924 5003 decia-

2326 5049 2410 5094 rat
2425 5037 2626 5094 Paulus
2639 5038 2723 5093 bis
2742 5038 2950 5094 verbis:
2976 5038 3339 5109 Quiactecitas
3358 5052 3584 5110 exparte
3602 5036 3802 5091 Israeli
3820 5056 3925 5091 ac—

2337 5130 2486 5195 cidit,
2505 5130 2666 5184 donec
2699 5129 2970 5196 plenitudo
2996 5133 3224 5200 gentium
3245 5133 3463 5184 intraret
3488 5147 3505 5185 :
3531 5132 3671 5185 etsic
3699 5132 3716 5160 ¹
3735 5134 3926 5184 omnis

2328 5223 2493 5278 Israel
2545 5222 2816 5277 mirabitur
2841 5218 3015 5294 (Rom.
3065 5217 3153 5273 Η.
3199 5215 3290 5272 25.
3320 5215 3434 5285 26).
3463 5214 3615 5282 Quod
3664 5211 3816 5268 enim
3880 5219 3931 5267 id

2329 5315 2603 5388 prophetia
2633 5323 2793 5373 esset.
2827 5312 3040 5382 planum
3072 5319 3154 5364 est
3187 5324 3250 5363 ex
3270 5323 3380 5377 tam
3410 5306 3599 5368 dictis;
3636 5304 3739 5358 nisi
3771 5304 3932 5361 enim

2329 5412 2397 5464 ita
2426 5420 2584 5469 esset.
2621 5424 2724 5460 non
2754 5415 2993 5462 CHI‘iiSSCl
3020 5403 3272 5473 propheta
3307 5411 3411 5453 tam
3439 5397 3722 5466 diligenter
3750 5399 3932 5452 asina:

2327 5495 2536 5558 atatem
2565 5500 2762 5554 dicere.
2799 5497 2912 5553 Non
2951 5501 3063 5550 tunc
3092 5504 3294 5552 tantum
3328 5507 3423 5564 per
3461 5506 3617 5561 supra
3663 5488 3812 5545 dicta
3846 5492 3931 5546 si-

2392 5679 2406 5708 ¹
2437 5673 2598 5725 Morel.
2625 5674 2818 5730 omittit,
2845 5677 2889 5721 et
2913 5668 3068 5731 factis.

2392 5765 2411 5793 ³
2438 5758 2595 5809 \ton-l.
2627 5765 2675 5806 et
2699 5756 2891 5819 quidam
2917 5753 2996 5804 alii
3025 5753 3221 5816 legunt,
3246 5760 3291 5803 et
3313 5759 3441 5804 utne.
