4174 6332
223 383 326 436 629

226 497 569 568 gniticantur,
594 493 688 549 sed
719 492 876 549 etiam
910 490 1049 560 quod
1079 490 1305 561 apostoli
1331 489 1486 544 facile
1515 488 1635 543 illos
1656 485 1824 540 addu-

239 589 382 646 cturi
408 589 542 645 sint.
579 585 895 642 Sicutenim
916 579 1575 638 bicnulluscontradixit,
1603 587 1657 630 ut
1692 590 1822 629 teu-

234 692 388 739 neret
405 680 644 743 asinam,
686 677 767 733 sic
805 677 858 730 in
895 673 1253 729 conversione
1273 673 1516 742 gentium
1535 671 1826 723 nulluseo—

227 790 350 830 rum
369 774 465 845 qui
493 774 615 826 illos
638 781 766 824 ante
787 774 1215 838 occupaverant,
1253 767 1403 836 ipsos
1423 765 1692 834 impedire
1721 779 1804 816 va-

227 868 352 922 luit.
399 863 518 919 Non
565 864 722 918 sedet
764 870 949 917 autem
999 875 1164 929 supra
1224 856 1434 911 nudum
1467 857 1699 926 pullum,
1729 853 1826 909 sed

229 966 395 1021 supra
425 949 743 1005 vestimenta
768 947 1154 1018 apostolorum.
1183 944 1314 1012 Quia
1335 944 1476 997 enim
1509 942 1709 1012 pullum
1739 955 1827 995 ac-

230 1051 511 1110 ceperant,
559 1040 736 1093 omnia
762 1039 874 1107 jam
911 1039 1173 1108 prmbent,
1231 1044 1287 1089 ut
1325 1034 1535 1089 dicebat
1586 1032 1826 1087 Paulus:

233 1129 346 1201 Ego
375 1141 545 1184 autem
570 1128 892 1184 libentissime
910 1129 1199 1197 impendam
1229 1136 1273 1180 et
1297 1124 1564 1194 impendar
1594 1139 1685 1193 pro
1710 1121 1826 1175 ani-

231 1224 413 1276 mabus
441 1223 616 1275 vestris
643 1219 716 1291 (2.
748 1218 867 1275 Cor.
897 1221 983 1273 η.
1018 1217 1129 1288 15).
1161 1217 1237 1272 Tu
1261 1232 1388 1271 vero
1416 1216 1542 1286 pulli
1581 1227 1829 1268 mansue-

234 1314 476 1367 tudinem
525 1312 824 1376 c0u5idera,
867 1311 1136 1381 quomodo
1172 1309 1460 1364 indomitus
1506 1324 1626 1362 cum
1666 1316 1829 1371 esset,

231 1412 288 1458 et
343 1403 480 1458 freni
511 1417 723 1472 exlers,
770 1418 876 1455 non
928 1401 1136 1464 resiliit,
1189 1401 1282 1456 sed
1327 1401 1507 1470 quiete
1554 1399 1828 1466 agebatur.

233 1494 389 1562 Quod
421 1505 475 1550 et
505 1496 673 1564 ipsum
702 1494 980 1565 prophetia
1021 1492 1096 1546 rei
1140 1492 1329 1545 futurae
1376 1501 1510 1556 erat,
1541 1489 1835 1560 morigerae

233 1595 428 1658 gentes
458 1586 786 1657 signiﬁcans,
811 1593 866 1640 et
892 1593 1189 1654 promptam
1220 1581 1424 1637 ordinis
1461 1583 1830 1637 mutationem.

233 1675 371 1733 Nam
398 1679 576 1732 omnia
617 1676 782 1731 efficit
825 1677 1042 1730 verbum
1093 1675 1263 1730 illud:
1296 1675 1559 1731 Solventes
1598 1674 1837 1729 adducite

233 1771 398 1833 mihi;
430 1770 500 1823 ita
541 1777 598 1822 ut
644 1767 944 1821 inordinata
984 1767 1035 1820 iu
1067 1766 1313 1821 ordinem
1355 1767 1745 1836 redigerentur,
1783 1774 1839 1820 et

235 1861 517 1916 immunda
545 1859 759 1913 demum
791 1857 986 1911 munda
1017 1856 1230 1912 fierent.

309 1955 365 2008 5.
405 1951 706 2006 Iudaicum
747 1951 972 2019 abiectus
1016 1951 1238 2003 animus.
1289 1947 1521 2002 Christus
1573 1965 1725 2017 quam
1775 1950 1836 2003 ob

234 2063 448 2101 causam
473 2046 546 2099 sic
569 2045 883 2114 triumphare
907 2043 1136 2097 voluerit.
1162 2040 1496 2113 Eleemosyna
1516 2041 1842 2095 commenda-

236 2149 343 2193 tur.
390 2136 812 2191 Antiochenarum
855 2136 1184 2204 eleemosynat
1227 2133 1460 2202 ipsorum
1509 2131 1838 2202 facultatibus

199 2234 591 2300 —confmmtur.
635 2224 838 2282 ——Sed
879 2225 1002 2280 vide
1044 2223 1174 2279 mihi
1216 2222 1524 2278 Judazorum
1568 2222 1838 2293 abjectum

236 2322 500 2377 animum.
515 2321 616 2376 Tot
636 2320 886 2376 miracula
915 2319 1160 2389 patravit,
1182 2329 1234 2374 et
1251 2333 1540 2389 numquam
1564 2320 1641 2374 sic
1665 2319 1838 2389 ipsum

236 2412 490 2468 admirati
531 2420 656 2468 sunt
684 2411 842 2481 :quia
870 2419 1048 2466 autem
1080 2409 1328 2465 viderunt
1362 2411 1573 2465 turbam
1610 2425 1840 2465 concur-

235 2515 472 2573 tentem,
496 2516 622 2560 tunc
649 2504 823 2559 mirati
853 2514 997 2557 sunt.
1029 2502 1112 2557 10.
1140 2502 1399 2557 Commota
1419 2503 1607 2572 quippe
1632 2512 1704 2556 est
1730 2504 1842 2556 uni-

235 2616 388 2655 uersa
410 2600 585 2654 civitas
626 2597 799 2651 dicens
822 2613 838 2651 :
864 2596 990 2662 Quis
1018 2605 1090 2650 est
1121 2595 1200 2650 hic
1220 2596 1246 2650 2’
1272 2593 1458 2648 Turba:
1486 2605 1652 2648 autent
1699 2594 1837 2648 dice-

238 2691 364 2746 baut
385 2707 406 2746 .·
426 2689 528 2744 Hic
554 2698 627 2744 est
666 2689 816 2744 Iesus
853 2688 1100 2758 propheta
1122 2702 1154 2740 α
1185 2684 1446 2740 Nazareth
1492 2685 1738 2740 Galiltew.
1774 2685 1842 2740 Et

236 2798 366 2838 cum
410 2782 511 2837 sibi
563 2781 878 2836 videbantur
914 2779 1114 2850 aliquid
1165 2793 1415 2848 maguum
1460 2776 1641 2832 dicere
1667 2819 1682 2841 ,
1713 2786 1841 2832 tunc

238 2876 393 2931 humi
423 2889 615 2945 repens
643 2883 698 2929 et
741 2873 958 2928 humilis
1002 2883 1057 2927 et
1093 2872 1298 2942 abjecta
1332 2872 1542 2927 illorum
1571 2872 1840 2926 sententia

236 2977 382 3024 erat.
406 2967 534 3022 Haec
553 2974 732 3029 autem
762 2966 849 3020 ille
880 2965 1124 3029 faciebat,
1153 2979 1261 3019 non
1292 2964 1358 3019 ad
1381 2967 1795 3019 ostentationem
1821 3006 1837 3032 ,

236 3061 336 3116 sed
366 3059 561 3127 simul,
589 3059 731 3130 quod
761 3059 873 3113 dixi
902 3100 917 3123 ,
950 3059 1282 3127 prepbetiant
1326 3059 1586 3127 implens,
1621 3068 1674 3113 et
1720 3058 1841 3127 pbi-

237 3154 542 3224 l050phiam
571 3152 770 3208 docens
791 3194 805 3216 ,
830 3151 1092 3221 simulque
1127 3150 1417 3220 discipulos
1456 3150 1742 3203 consolans
1772 3148 1843 3203 ob

238 3258 474 3305 mortem
504 3263 656 3302 suam
675 3246 939 3309 dolentes,
959 3243 1352 3313 ostendensque
1378 3259 1435 3298 se
1456 3243 1642 3297 isthzec
1664 3241 1841 3296 omnia

241 3342 476 3396 libenter
505 3354 789 3409 passurum
816 3352 956 3393 esse.
985 3337 1063 3391 Tu
1097 3351 1224 3392 vero
1252 3337 1379 3389 mihi
1418 3336 1686 3388 admirare
1716 3349 1840 3404 pro-

243 3437 421 3500 pheta:
449 3433 847 3487 accurationem
872 3471 887 3495 ,
911 3428 1180 3498 quomodo
1207 3429 1384 3482 Omnia
1419 3426 1745 3496 pra-dixerit.
1776 3426 1844 3482 Et

237 3529 341 3581 alia
369 3525 586 3595 quidem
615 3523 798 3589 David,
829 3523 930 3576 alia
953 3521 1236 3575 Zacharias
1260 3521 1654 3591 prmnuntiavit.
1691 3523 1761 3576 Ita
1790 3533 1844 3577 et

241 3632 342 3671 nos
379 3616 639 3670 faciamus
664 3657 679 3680 ,
707 3623 760 3668 et
789 3614 999 3684 hymnis
1029 3613 1360 3668 celebremus
1385 3655 1400 3679 ,
1431 3623 1483 3666 et
1526 3613 1842 3669 vesﬁmenta

241 3707 522 3762 tradamus
550 3706 615 3760 iis
643 3705 731 3775 qui
772 3705 942 3775 ipsum
969 3703 1218 3757 aderunt.
1248 3703 1359 3771 Qua
1399 3705 1540 3758 enim
1574 3706 1728 3758 venia
1764 3705 1846 3758 di-

240 3801 330 3870 gni
361 3801 568 3854 erimus
593 3841 608 3863 ,
643 3799 689 3851 si
715 3812 835 3851 cum
865 3798 953 3852 alii
997 3798 1202 3850 asinam
1251 3798 1333 3851 cui
1386 3798 1650 3851 insidebat
1679 3797 1844 3851 vesti-

240 3893 444 3948 mentis
468 3890 738 3962 operiunt,
765 3889 852 3943 alii
878 3889 997 3956 ejus
1023 3889 1248 3958 pedibus
1273 3890 1585 3944 vestimenta
1609 3891 1846 3945 subster-

241 3995 399 4050 nunt,
423 3999 526 4039 nos
556 3983 754 4038 nudum
787 3982 932 4037 illum
955 3982 1213 4043 videntes,
1231 3998 1327 4036 nec
1343 3983 1476 4051 jussi
1507 3999 1603 4037 nos
1625 4001 1842 4052 exuere,

239 4079 337 4134 sed
363 4077 566 4148 aliquid
597 4073 933 4145 impendere,
967 4091 1032 4129 nc
1061 4075 1196 4130 hanc
1231 4077 1445 4147 quidem
1476 4077 1844 4132 liberalitati-tn

241 4167 637 4224 exhibeatnus?
666 4167 740 4222 illi
765 4178 1062 4235 sequuntur
1100 4176 1224 4222 ante
1253 4177 1301 4221 et
1338 4178 1477 4235 post,
1510 4184 1607 4222 nos
1639 4185 1766 4224 vero
1792 4179 1844 4223 et

241 4260 596 4315 accedentem
651 4258 1003 4328 repellimus,
1054 4269 1107 4312 et
1158 4259 1494 4313 contumeliis
1541 4260 1846 4316 afficimus?

239 4355 459 4420 Quanto
491 4351 605 4405 ha-c
628 4349 888 4420 supplicio
912 4392 926 4416 ,
952 4359 1145 4418 quanta
1170 4351 1369 4404 ultione
1395 4350 1551 4418 digna
1579 4353 1740 4406 sunt?
1768 4353 1845 4406 Ad

242 4451 299 4494 te
343 4439 552 4493 accedit
593 4439 850 4494 Dominus
895 4454 1256 4508 egenos;uec
1293 4440 1736 4510 supplicationem
1768 4458 1846 4495 vis

241 4531 470 4595 audire;
493 4529 588 4584 sed
620 4530 851 4597 incusas,
887 4531 1160 4600 inerepas,
1193 4540 1246 4586 ct
1274 4534 1387 4586 llaec
1420 4533 1610 4588 talibus
1649 4536 1846 4591 auditis

240 4623 451 4678 verbis.
485 4622 541 4677 Si
567 4637 698 4676 vero
731 4622 813 4677 vel
846 4637 1038 4692 panem
1069 4623 1283 4677 unicum
1327 4623 1557 4694 largiens
1587 4637 1642 4680 et
1671 4629 1848 4682 tantil-

241 4715 354 4769 lum
403 4714 682 4784 pecuniaz,
712 4713 783 4769 ita
833 4723 990 4768 tenax
1035 4730 1094 4768 es
1119 4757 1136 4781 ,
1166 4729 1360 4770 avarus
1389 4725 1442 4770 et
1479 4718 1658 4788 segnis
1681 4758 1698 4785 ,
1726 4721 1846 4791 quis

241 4805 459 4858 futurus
486 4819 666 4870 esses,
689 4804 732 4859 si
761 4807 938 4859 omnia
966 4815 1147 4860 essent
1187 4808 1529 4863 evacuauda?
1551 4810 1664 4866 Non
1690 4812 1844 4869 vides

240 4897 366 4950 illos
394 4895 449 4950 in
481 4896 690 4950 theatro
715 4895 957 4952 liberales
984 4896 1225 4951 homines
1255 4909 1448 4966 quanta
1475 4904 1844 4960 meretricibus

239 4984 620 5053 profundunt?
651 4985 729 5040 Tu
771 5001 902 5041 vero
947 5002 1013 5040 ne
1051 4987 1325 5042 dimidiam
1372 4989 1584 5060 quidem
1630 4994 1843 5050 illorum

244 5086 476 5142 partem,
511 5076 619 5129 imo
647 5090 791 5144 strpe
821 5093 889 5130 ne
918 5093 1075 5147 quam
1104 5078 1374 5133 minimam
1403 5091 1604 5148 partem
1630 5098 1842 5154 erogas.

242 5174 311 5221 At
335 5169 583 5223 diabolus
608 5170 1028 5240 quibuscumque
1049 5172 1176 5225 dare
1197 5171 1366 5241 jubet;
1397 5173 1521 5228 dum
1544 5176 1840 5246 gehennam

244 5262 403 5316 llﬂbls
427 5261 677 5316 conciliat
701 5304 717 5328 ,
745 5273 799 5317 et
829 5271 1003 5318 tamen
1037 5263 1133 5318 das
1161 5283 1172 5318 :
1197 5264 1442 5321 Christus
1491 5283 1622 5322 vero
1657 5274 1841 5340 egenis

245 5357 376 5410 dare
414 5355 590 5426 jubet,
620 5366 675 5411 et
720 5373 942 5430 regnum
991 5361 1289 5428 promittit,
1335 5371 1390 5416 et
1421 5374 1474 5416 ttt
1527 5381 1631 5418 non
1681 5365 1841 5420 modo

245 5462 350 5500 non
399 5447 540 5510 das.
586 5447 679 5502 sed
737 5449 898 5503 etiam
954 5455 1377 5508 contumeliosus
1424 5471 1519 5519 es;
1566 5460 1842 5528 mavisque

245 5539 466 5594 obl-dire
491 5539 726 5604 diaboio,
761 5551 815 5594 ut
842 5542 1097 5597 crucieris
1121 5585 1135 5608 ,
1163 5560 1321 5613 quam
1344 5546 1578 5613 Christo,
1611 5559 1668 5601 ut
1697 5550 1841 5604 salu-

246 5641 351 5685 tem
378 5632 748 5704 consequaris.
773 5632 907 5702 Quid
929 5635 1025 5689 bac
1055 5637 1275 5692 stultitia
1302 5638 1574 5694 deterius?
1604 5642 1697 5697 llle
1744 5660 1840 5714 ge-

245 5720 474 5778 hennam
505 5722 598 5776 tibi
630 5722 812 5790 affert,
841 5723 927 5778 hic
952 5741 1171 5795 regnum
1200 5745 1213 5781 :
1239 5737 1290 5784 et
1320 5739 1495 5785 tamen
1525 5731 1626 5787 hoc
1655 5735 1840 5791 relicto

243 5811 309 5868 ad
339 5813 488 5870 illum
517 5815 816 5870 accol-ritis.
854 5816 912 5869 Et
965 5818 1103 5873 hunc
1151 5816 1490 5877 accedentem
1541 5827 1832 5898 repellitis,

566 5932 811 5993 Pnnm
832 5977 847 5988 .
892 5932 1009 5994 Gn.
1067 5931 1288 5993 LVIII.

1158 374 1223 430 [Ν
1260 371 1670 431 ΜΑΤΉΙΑΞΗΜ
1713 371 1942 429 ΗΟΜΙΙ...
1986 368 2174 428 LXVI.
2217 367 2288 421 al.
2333 361 2537 420 LXV".

3427 357 3533 412 630

1933 481 2083 536 illum
2131 477 2314 550 procul
2358 476 2592 547 positum
2617 473 2911 528 advocatis.
2952 470 3136 542 Neque
3173 470 3330 526 aliter
3361 483 3450 526 nes
3479 487 3538 525 se

1932 569 2112 635 habet,
2131 586 2288 640 quam
2317 569 2361 622 si
2394 582 2486 623 rex
2517 579 2748 637 purpura
2777 563 3003 619 vestitus
3032 570 3086 617 et
3114 560 3417 617 diademate
3441 575 3538 615 or-

1931 675 2086 718 natus
2136 679 2241 717 non
2290 661 2809 733 persuadeat:latro
2851 665 3030 712 autem
3068 670 3256 712 ensem
3293 654 3538 718 vibrans,

1931 769 2269 826 mortemque
2295 754 2654 810 comminatus
2677 751 2829 806 facile
2853 747 3187 821 persuadeat.
3215 745 3339 803 llasc
3361 747 3541 818 itaque

1932 852 2259 919 cogitmtcs,
2289 848 2466 903 dilecti
2494 889 2508 912 ,
2540 845 2754 901 tandem
2783 841 3075 913 aliquando
3111 855 3298 896 ecutos
3327 854 3538 911 aperta-

1933 960 2072 1007 mus,
2091 953 2145 999 et
2163 943 2461 1013 vigilemus.
2489 939 2618 996 Nam
2636 947 2782 995 certe
2804 937 2969 1008 pudet
2994 951 3079 991 me
3105 934 3173 990 de
3198 934 3542 1004 eleemosyna

1933 1037 2116 1106 loqui,
2147 1051 2270 1089 cum
2303 1045 2409 1088 tant
2439 1048 2583 1103 sarpe
2630 1033 2732 1087 hoc
2773 1037 3154 1100 argumentum
3204 1027 3540 1081 tractaverint

1936 1143 2053 1183 sine
2076 1143 2267 1196 magno
2287 1127 2708 1181 admonitionum
2732 1123 2925 1179 fruetu.
2952 1122 3078 1177 Plus
3105 1130 3253 1176 certe
3271 1119 3538 1189 quidpiam

1939 1222 2204 1289 przestatis
2229 1261 2241 1279 ,
2273 1218 2368 1273 sed
2397 1234 2502 1272 non
2542 1227 2797 1288 quantum
2829 1215 3046 1270 vellem.
3077 1211 3188 1269 Vos
3214 1204 3543 1268 seminantcs

1939 1313 2094 1368 video
2120 1354 2133 1378 ,
2167 1313 2259 1367 sed
2307 1329 2412 1366 non
2463 1313 2606 1382 larga
2649 1326 2832 1365 manu.
2860 1308 3224 1377 Quamobrem
3272 1307 3435 1360 timeo
3479 1321 3545 1359 ne

1939 1419 2098 1474 parce
2128 1404 2358 1459 metatis.
2387 1402 2540 1472 Quod
2586 1403 2728 1456 enim
2761 1414 2920 1471 parce
2962 1398 3326 1460 seminemus,
3359 1395 3404 1450 si
3438 1395 3548 1465 pla-

1940 1506 2059 1550 ceat
2079 1537 2092 1558 ,
2123 1496 2464 1565 exploremus
2487 1537 2502 1562 ,
2536 1504 2711 1550 utrum
2747 1492 2927 1562 plures
2955 1491 3062 1545 sint
3089 1490 3139 1545 in
3170 1491 3390 1545 civitate
3419 1503 3548 1558 pau-

1941 1603 2099 1658 peres
2128 1603 2289 1657 quam
2317 1587 2510 1641 divites
2532 1628 2545 1650 ,
2579 1595 2633 1640 et
2660 1585 2874 1655 quinam
2918 1597 3015 1638 nec
3049 1595 3312 1653 pauperes
3339 1594 3440 1635 nec
3470 1577 3552 1634 di-

1941 1681 2078 1733 vites
2103 1680 2208 1732 sint
2233 1720 2247 1742 ,
2276 1679 2369 1734 sed
2403 1677 2635 1733 medium
2665 1678 2841 1731 locum
2875 1684 3143 1730 tenentes.
3181 1675 3394 1729 Decima
3426 1686 3552 1742 pars

1942 1771 2137 1824 civium
2169 1771 2362 1824 divites
2386 1811 2400 1833 ,
2429 1769 2637 1824 decima
2673 1782 2797 1838 pars
2837 1780 3100 1837 pauperes
3139 1765 3230 1836 qui
3277 1764 3408 1819 nihil
3451 1762 3541 1817 ba-

1944 1862 2108 1916 bent:
2135 1863 2322 1932 reliqui
2357 1876 2485 1915 vero
2525 1870 2645 1915 sunt
2687 1861 2738 1914 in
2771 1859 2949 1914 medio
2976 1858 3096 1913 loco
3124 1856 3304 1926 positi.
3340 1854 3555 1910 Divida-

1947 1971 2064 2008 mus
2097 1955 2271 2024 itaque
2297 1969 2392 2024 per
2417 1968 2708 2024 egenorum
2739 1965 3021 2006 numerum
3045 1959 3210 2004 totam
3239 1947 3388 2004 urbis
3413 1945 3554 2001 mul-

1945 2049 2340 2115 titudinem,et
2382 2058 2641 2114 quantum
2691 2045 2763 2100 sit
2811 2045 3049 2101 dedecus
3099 2041 3369 2097 videbitis.
3416 2038 3554 2096 Nam

1943 2141 2231 2198 admodum
2257 2141 2447 2196 divites
2475 2139 2624 2210 pauci
2648 2147 2806 2204 sunt;
2835 2137 2925 2208 qui
2965 2136 3064 2192 hos
3089 2141 3392 2206 sequuntur
3422 2131 3548 2203 plu-

1945 2236 2102 2300 rimi;
2132 2249 2346 2288 rursum
2379 2245 2642 2304 pauperes
2674 2231 2833 2299 longe
2861 2228 2945 2284 bis
2972 2225 3252 2297 pauciores
3273 2234 3420 2281 sunt.
3453 2225 3554 2279 At-

1948 2339 2126 2383 tamen
2149 2342 2270 2381 cunt
2293 2333 2373 2380 tot
2390 2326 2495 2381 sint
2526 2325 2616 2395 qui
2641 2323 2944 2378 esurientes
2973 2319 3122 2375 alere
3148 2317 3379 2389 possint,
3400 2315 3555 2371 multi

1945 2430 2067 2475 sunt
2082 2419 2480 2489 quiesurientes
2495 2418 2694 2472 lectum
2713 2425 2794 2485 pet
2814 2425 2917 2479 unt,
2934 2428 3040 2468 non
3055 2411 3199 2483 quod
3215 2427 3323 2467 non
3339 2409 3556 2467 valeant

1945 2513 2183 2583 opulenti
2217 2512 2319 2568 illis
2342 2510 2500 2566 facile
2529 2502 2831 2566 necessaria
2853 2507 3284 2574 subministrare,
3307 2505 3402 2562 sed
3431 2504 3555 2577 quia

1945 2603 2234 2659 admodum
2265 2602 2385 2658 duri
2415 2601 2801 2669 inhumauique
2840 2608 2984 2654 sunt.
3017 2597 3149 2692 Nam
3179 2596 3224 2652 si
3269 2596 3463 2692 divites
3501 2605 3602 2692 et]

1948 2696 1981 2749 ii
2003 2696 2092 2766 qui
2118 2694 2455 2750 facultatibus
2475 2693 2823 2749 mediocriter
2845 2692 3047 2762 pollent
3069 2690 3209 2745 inter
3233 2703 3293 2745 se
3314 2687 3559 2743 dividant

1946 2805 2040 2844 eos
2069 2790 2158 2860 qui
2190 2803 2326 2857 pane
2355 2797 2411 2842 ct
2437 2786 2672 2843 vestibus
2701 2795 2881 2857 egent,
2912 2784 2999 2839 vix
3027 2783 3434 2855 quinquaginta,
3464 2782 3552 2836 vel

1946 2882 2083 2935 forte
2129 2889 2343 2934 centum
2376 2880 2502 2933 viris
2543 2893 2744 2949 pauper
2771 2893 2912 2932 unus
2956 2877 3182 2932 alendus
3227 2877 3549 2949 reperietur,

1949 2977 2197 3028 Attameu
2230 2972 2283 3025 in
2314 2979 2460 3026 tanta
2490 2973 2642 3040 cepia
2673 2984 2860 3024 eorum
2887 2969 2976 3038 qui
3006 2968 3312 3023 necessaria
3345 2967 3555 3021 submi-

1949 3067 2177 3120 nistrare
2208 3072 2467 3134 possunt,
2497 3062 2736 3133 quotidie
2774 3075 3039 3132 pauperes
3063 3069 3360 3130 egestatem
3403 3075 3555 3114 suam

1947 3157 2248 3227 deplorant.
2270 3157 2335 3211 Et
2364 3166 2420 3210 ut
2440 3156 2616 3210 discas
2639 3154 2849 3208 illorum
2873 3153 3285 3218 immanitatem,
3317 3151 3556 3206 Ecclesia

1946 3251 2106 3303 unius
2153 3249 2441 3302 admodum
2483 3246 2663 3302 divitis
2701 3254 2758 3301 et
2797 3246 2954 3300 unius
3000 3243 3288 3299 mediocris
3333 3244 3558 3300 fortuna:
3607 3241 3620 3303 ἱ

1948 3342 2176 3396 reditum
2219 3341 2415 3408 habet,
2445 3349 2500 3394 et
2550 3340 2753 3410 cogites
2792 3338 2954 3392 velim
2995 3345 3128 3408 quot
3173 3334 3396 3402 viduas,
3430 3346 3557 3408 quot
3618 3334 3622 3410 Ι

1950 3437 2182 3504 virgines
2210 3435 2317 3489 alat
2353 3433 2593 3506 quotidie
2656 3449 2840 3488 earum
2885 3441 3033 3487 certe
3077 3431 3352 3500 catalogus
3382 3430 3446 3484 ad
3480 3440 3561 3484 ter
3614 3409 3623 3468 Ῐ

1950 3529 2095 3582 mille
2143 3527 2417 3597 pertingit.
2449 3519 2531 3580 Ad
2563 3525 2679 3580 lucc
2708 3525 2868 3579 etiam
2899 3525 2950 3579 in
2982 3538 3202 3578 carcere
3231 3524 3438 3578 vinctos
3459 3566 3477 3591 ,
3508 3523 3558 3577 in

1950 3618 2286 3674 xenodocbio
2313 3632 2485 3686 a-gros
2511 3658 2525 3682 ,
2550 3617 2688 3672 alios
2732 3617 2870 3671 bene
2900 3616 3138 3670 valentes
3159 3657 3173 3678 ,
3203 3616 3518 3685 peregrinos
3540 3655 3558 3680 ,

1950 3710 2206 3766 membris
2230 3709 2466 3772 mutilos,
2491 3708 2643 3762 altari
2673 3706 2993 3772 assidentes,
3020 3706 3261 3762 alimenti
3289 3707 3560 3777 vestisque

1951 3820 2134 3868 causa,
2159 3804 2400 3873 aliosque
2420 3816 2547 3856 casu
2570 3800 2890 3855 accedentes
2914 3799 3058 3854 foret
3080 3797 3318 3868 quotidie
3346 3816 3357 3852 :
3387 3813 3561 3868 neque

1953 3905 2128 3952 tamen
2159 3896 2277 3961 ejus
2301 3895 2576 3949 facultates
2600 3893 2896 3947 imminuta:
2923 3900 3066 3946 sunt.
3095 3893 3277 3960 Itaque
3301 3891 3341 3945 si
3370 3889 3558 3944 decem

1953 3991 2053 4043 viri
2083 4001 2286 4042 tantum
2323 3987 2467 4057 paria
2493 3986 2907 4042 subministrare
2936 3985 3170 4052 vellent,
3205 3983 3383 4037 nullus
3419 3982 3560 4038 foret

1953 4096 2017 4151 pa
2026 4098 2056 4135 ιι
2064 4097 2175 4149 per.

2025 4175 2078 4230 ι.
2115 4173 2313 4244 Ecquid
2342 4215 2356 4238 ,
2387 4172 2595 4242 inquies
2616 4214 2629 4235 ,
2663 4171 2848 4226 liberis
2876 4171 3075 4225 nostris
3101 4168 3400 4239 supererit?
3426 4167 3560 4223 Sors

1953 4284 2166 4338 semper
2197 4277 2408 4330 manet,
2441 4276 2494 4321 et
2521 4265 2723 4321 reditus
2748 4273 2977 4334 augetur
3001 4304 3017 4329 ,
3046 4264 3091 4318 si
3125 4265 3176 4317 in
3208 4263 3356 4318 ca-lis
3384 4260 3556 4315 facul-

1955 4369 2091 4414 tates
2120 4375 2307 4414 eorum
2327 4368 2676 4428 reponantur.
2696 4356 2850 4425 Quod
2868 4357 2912 4412 si
2935 4357 3005 4411 ita
3030 4371 3135 4410 non
3160 4355 3340 4420 vultis,
3369 4355 3557 4408 saltem

1953 4450 2226 4504 dimidiam
2251 4490 2267 4515 ,
2300 4449 2381 4503 vel
2433 4448 2642 4503 tertiam
2669 4489 2684 4513 ,
2718 4448 2799 4502 vel
2846 4457 3088 4517 quartam
3115 4489 3130 4513 ,
3159 4450 3437 4516 quintam,
3466 4457 3562 4500 aut

1952 4542 2215 4598 decimam
2246 4551 2542 4597 numerate.
2569 4542 2670 4595 Per
2700 4540 2790 4594 Dei
2819 4540 3048 4610 gratiam
3071 4539 3214 4594 enim
3244 4547 3425 4608 posset
3446 4539 3562 4594 haec

1951 4636 2138 4690 civitas
2183 4644 2363 4688 nostra
2390 4635 2577 4688 decem
2609 4633 2882 4688 civitatum
2912 4646 3175 4704 pauperes
3214 4631 3379 4686 alere.
3411 4631 3476 4686 Et
3514 4633 3560 4688 si

1953 4730 2151 4800 placet,
2183 4728 2301 4784 haec
2326 4737 2733 4799 computemus;
2762 4727 2871 4781 imo
2910 4727 3054 4782 nulla
3084 4726 3428 4795 computandi
3463 4742 3562 4782 ne-

1951 4823 2176 4876 cessitas
2208 4838 2221 4874 :
2252 4820 2594 4875 manifestum
2627 4820 2825 4890 quippe
2856 4828 2938 4873 est
2964 4833 3122 4885 quam
3153 4817 3327 4873 facilis
3358 4832 3445 4872 res
3472 4818 3556 4877 illa

1949 4915 2040 4968 sit.
2073 4913 2262 4968 Videte
2309 4914 2470 4981 igitur
2512 4921 2642 4983 quot
2684 4923 2998 4982 quantaque-
3017 4927 3120 4966 una
3151 4910 3346 4966 domus
3373 4910 3439 4966 ad
3470 4927 3563 4967 ur-

1953 5005 2087 5059 bana
2118 5022 2280 5060 onera
2305 5021 2449 5073 saepe
2470 5003 2880 5059 subministrare
2911 5020 3016 5058 nam
3045 5013 3295 5074 gravetur
3318 5047 3333 5071 ,
3366 5009 3562 5074 vixque

1949 5107 2128 5151 tamen
2159 5099 2302 5152 hunc
2328 5109 2600 5167 sumptum
2628 5097 2825 5151 sentiat
2848 5115 2860 5148 :
2884 5097 2928 5150 si
2957 5097 3057 5151 hoc
3079 5099 3306 5167 quisque
3332 5097 3558 5152 divitum

1951 5190 2302 5245 niiniSIcrium
2327 5189 2394 5251 in,
2408 5203 2670 5259 pauperes
2691 5203 2945 5244 exercere
2967 5189 3147 5250 vellet,
3171 5203 3279 5242 uno
3301 5191 3562 5259 temporis

1950 5292 2224 5336 momento
2261 5282 2450 5336 cadum
2499 5282 2790 5350 abriperet.
2824 5282 2954 5347 Qua:
3002 5286 3153 5336 venia
3201 5282 3364 5351 igitur
3391 5323 3407 5349 ,
3440 5299 3560 5354 qua:

1948 5373 2308 5427 excusationis
2338 5374 2523 5426 umbra
2549 5414 2565 5438 ,
2597 5371 2815 5442 quando
2845 5388 2912 5427 ne
2937 5388 2998 5427 ea
3039 5372 3294 5441 quidem,
3325 5389 3443 5443 qua:
3476 5375 3560 5428 hic

1950 5465 2240 5533 migrantes
2267 5465 2502 5519 relicturi
2534 5481 2740 5528 sumus,
2777 5474 2883 5519 tam
2915 5465 3133 5535 largiter
3158 5467 3345 5536 egenis
3366 5481 3559 5535 suppe-

1947 5555 2198 5619 ditamus,
2218 5573 2377 5627 quam
2409 5558 2494 5610 alii
2521 5558 2750 5612 scenicis
2775 5565 3019 5627 erogant,
3045 5573 3168 5611 cum
3199 5567 3403 5612 tantum
3436 5557 3558 5609 inde

1947 5649 2176 5701 fructum
2207 5663 2428 5717 carpere
2457 5648 2786 5704 debeamus?
2809 5649 3027 5724 Et'qtmsi
3061 5652 3202 5704 enim
3232 5649 3318 5704 hic
3346 5662 3560 5716 semper

1948 5743 2187 5795 mansuri
2213 5757 2477 5806 essemus,
2503 5741 2590 5795 ltic
2614 5741 2851 5811 pulchris
2873 5736 3175 5809 sumptibus
3203 5757 3422 5812 parcere
3449 5754 3557 5793 non

1948 5843 2262 5905 oporteret;
2289 5851 2412 5890 cum
2444 5844 2622 5891 autem
2655 5841 2777 5906 post
2819 5834 3083 5888 tantillum
3130 5833 3385 5898 temporis
3432 5833 3556 5887 hinc

3162 5942 3228 6002 11
