  <div class='ocr_page' id='page_1' title='image "/cluster/home/n/w/nwhite01/storage/ocr_20150623/58/pst.000005712571/173.png"; bbox 0 0 4174 6332; ppageno 0'>
   <div class='ocr_carea' id='block_1_1' title="bbox 675 349 3203 429">
    <p class='ocr_par' dir='ltr' id='par_1_1' title="bbox 675 349 3203 429">
     <span class='ocr_line' id='line_1_1' title="bbox 675 349 3203 429; baseline -0.004 -12"><span class='ocrx_word' id='word_1_1' title='bbox 675 375 766 429; x_wconf 62' lang='grc' dir='ltr'><strong>κῃ</strong></span> <span class='ocrx_word' id='word_1_2' title='bbox 1412 365 1451 419; x_wconf 86' lang='lat' dir='ltr'><strong>S</strong></span> <span class='ocrx_word' id='word_1_3' title='bbox 1502 359 1774 417; x_wconf 63' lang='grc' dir='ltr'><strong>ιυλΝΝις</strong></span> <span class='ocrx_word' id='word_1_4' title='bbox 1811 351 2280 412; x_wconf 71' lang='lat' dir='ltr'><strong>(IllllYSOSTUIII</strong></span> <span class='ocrx_word' id='word_1_5' title='bbox 2324 351 2640 408; x_wconf 77' lang='lat' dir='ltr'><strong>ARCIIIEP.</strong></span> <span class='ocrx_word' id='word_1_6' title='bbox 2673 349 3203 408; x_wconf 66' lang='lat' dir='ltr'><strong>CONSTANTINOP.</strong></span> 
     </span>
    </p>
   </div>
   <div class='ocr_carea' id='block_1_2' title="bbox 674 473 2253 562">
    <p class='ocr_par' dir='ltr' id='par_1_2' title="bbox 674 473 2253 562">
     <span class='ocr_line' id='line_1_2' title="bbox 674 473 2253 562; baseline -0.013 -14"><span class='ocrx_word' id='word_1_7' title='bbox 674 493 968 562; x_wconf 79' lang='lat' dir='ltr'><strong>niigraturi,</strong></span> <span class='ocrx_word' id='word_1_8' title='bbox 999 489 1227 557; x_wconf 87' lang='lat' dir='ltr'><strong>nudique</strong></span> <span class='ocrx_word' id='word_1_9' title='bbox 1250 482 1485 552; x_wconf 79' lang='lat' dir='ltr'><strong>rapiendi</strong></span> <span class='ocrx_word' id='word_1_10' title='bbox 1510 482 1694 542; x_wconf 86' lang='lat' dir='ltr'><strong>simus,</strong></span> <span class='ocrx_word' id='word_1_11' title='bbox 1715 491 1868 546; x_wconf 90' lang='lat' dir='ltr'><strong>quam</strong></span> <span class='ocrx_word' id='word_1_12' title='bbox 1891 473 2253 530; x_wconf 84' lang='lat' dir='ltr'><strong>defensionem</strong></span> 
     </span>
    </p>
   </div>
   <div class='ocr_carea' id='block_1_3' title="bbox 677 565 2257 649">
    <p class='ocr_par' dir='ltr' id='par_1_3' title="bbox 677 565 2257 649">
     <span class='ocr_line' id='line_1_3' title="bbox 677 565 2257 649; baseline -0.013 -10"><span class='ocrx_word' id='word_1_13' title='bbox 677 586 1004 642; x_wconf 82' lang='lat' dir='ltr'><strong>habebimus,</strong></span> <span class='ocrx_word' id='word_1_14' title='bbox 1031 581 1117 649; x_wconf 85' lang='lat' dir='ltr'><strong>qui</strong></span> <span class='ocrx_word' id='word_1_15' title='bbox 1147 593 1211 632; x_wconf 78' lang='lat' dir='ltr'><strong>ex</strong></span> <span class='ocrx_word' id='word_1_16' title='bbox 1243 567 1585 645; x_wconf 78' lang='lat' dir='ltr'><strong>proventibus</strong></span> <span class='ocrx_word' id='word_1_17' title='bbox 1623 568 1876 623; x_wconf 68' lang='lat' dir='ltr'><strong>famelicis</strong></span> <span class='ocrx_word' id='word_1_18' title='bbox 1907 574 1960 620; x_wconf 90' lang='lat' dir='ltr'><strong>et</strong></span> <span class='ocrx_word' id='word_1_19' title='bbox 1986 565 2257 636; x_wconf 81' lang='lat' dir='ltr'><strong>oppressis</strong></span> 
     </span>
    </p>
   </div>
   <div class='ocr_carea' id='block_1_4' title="bbox 678 659 2250 743">
    <p class='ocr_par' dir='ltr' id='par_1_4' title="bbox 678 659 2250 743">
     <span class='ocr_line' id='line_1_4' title="bbox 678 659 2250 743; baseline -0.013 -14"><span class='ocrx_word' id='word_1_20' title='bbox 678 694 778 729; x_wconf 90' lang='lat' dir='ltr'><strong>non</strong></span> <span class='ocrx_word' id='word_1_21' title='bbox 813 670 1100 743; x_wconf 75' lang='lat' dir='ltr'><strong>largimur?</strong></span> <span class='ocrx_word' id='word_1_22' title='bbox 1130 669 1242 723; x_wconf 84' lang='lat' dir='ltr'><strong>Non</strong></span> <span class='ocrx_word' id='word_1_23' title='bbox 1284 673 1335 721; x_wconf 86' lang='lat' dir='ltr'><strong>te</strong></span> <span class='ocrx_word' id='word_1_24' title='bbox 1364 679 1497 734; x_wconf 83' lang='lat' dir='ltr'><strong>cogo</strong></span> <span class='ocrx_word' id='word_1_25' title='bbox 1524 673 1579 716; x_wconf 89' lang='lat' dir='ltr'><strong>ut</strong></span> <span class='ocrx_word' id='word_1_26' title='bbox 1611 659 1976 730; x_wconf 82' lang='lat' dir='ltr'><strong>possessiones</strong></span> <span class='ocrx_word' id='word_1_27' title='bbox 2003 659 2211 710; x_wconf 91' lang='lat' dir='ltr'><strong>minuas</strong></span> <span class='ocrx_word' id='word_1_28' title='bbox 2240 697 2250 715; x_wconf 87' lang='lat'><strong>.</strong></span> 
     </span>
    </p>
   </div>
   <div class='ocr_carea' id='block_1_5' title="bbox 677 748 2251 836">
    <p class='ocr_par' dir='ltr' id='par_1_5' title="bbox 677 748 2251 836">
     <span class='ocr_line' id='line_1_5' title="bbox 677 748 2251 836; baseline -0.012 -17"><span class='ocrx_word' id='word_1_29' title='bbox 677 784 777 819; x_wconf 93' lang='lat' dir='ltr'><strong>non</strong></span> <span class='ocrx_word' id='word_1_30' title='bbox 804 763 943 836; x_wconf 88' lang='lat' dir='ltr'><strong>quod</strong></span> <span class='ocrx_word' id='word_1_31' title='bbox 989 762 1184 824; x_wconf 90' lang='lat' dir='ltr'><strong>nolim,</strong></span> <span class='ocrx_word' id='word_1_32' title='bbox 1213 758 1305 812; x_wconf 88' lang='lat' dir='ltr'><strong>sed</strong></span> <span class='ocrx_word' id='word_1_33' title='bbox 1332 755 1472 825; x_wconf 87' lang='lat' dir='ltr'><strong>quod</strong></span> <span class='ocrx_word' id='word_1_34' title='bbox 1525 765 1574 806; x_wconf 89' lang='lat' dir='ltr'><strong>te</strong></span> <span class='ocrx_word' id='word_1_35' title='bbox 1617 750 1897 804; x_wconf 90' lang='lat' dir='ltr'><strong>admodum</strong></span> <span class='ocrx_word' id='word_1_36' title='bbox 1937 762 2151 817; x_wconf 81' lang='lat' dir='ltr'><strong>segnem</strong></span> <span class='ocrx_word' id='word_1_37' title='bbox 2182 748 2251 800; x_wconf 82' lang='lat' dir='ltr'><strong>vi-</strong></span> 
     </span>
    </p>
   </div>
   <div class='ocr_carea' id='block_1_6' title="bbox 675 841 2254 922">
    <p class='ocr_par' dir='ltr' id='par_1_6' title="bbox 675 841 2254 922">
     <span class='ocr_line' id='line_1_6' title="bbox 675 841 2254 922; baseline -0.013 -10"><span class='ocrx_word' id='word_1_38' title='bbox 675 863 847 916; x_wconf 89' lang='lat' dir='ltr'><strong>deam.</strong></span> <span class='ocrx_word' id='word_1_39' title='bbox 877 857 990 912; x_wconf 88' lang='lat' dir='ltr'><strong>Non</strong></span> <span class='ocrx_word' id='word_1_40' title='bbox 1019 855 1120 910; x_wconf 92' lang='lat' dir='ltr'><strong>hoc</strong></span> <span class='ocrx_word' id='word_1_41' title='bbox 1147 868 1274 922; x_wconf 82' lang='lat' dir='ltr'><strong>ergo</strong></span> <span class='ocrx_word' id='word_1_42' title='bbox 1303 851 1455 904; x_wconf 89' lang='lat' dir='ltr'><strong>dico:</strong></span> <span class='ocrx_word' id='word_1_43' title='bbox 1482 847 1573 900; x_wconf 89' lang='lat' dir='ltr'><strong>sed</strong></span> <span class='ocrx_word' id='word_1_44' title='bbox 1603 861 1663 899; x_wconf 75' lang='lat' dir='ltr'><strong>ex</strong></span> <span class='ocrx_word' id='word_1_45' title='bbox 1697 843 1952 897; x_wconf 86' lang='lat' dir='ltr'><strong>fructibus</strong></span> <span class='ocrx_word' id='word_1_46' title='bbox 1978 841 2215 909; x_wconf 78' lang='lat' dir='ltr'><strong>expende</strong></span> <span class='ocrx_word' id='word_1_47' title='bbox 2239 881 2254 904; x_wconf 94' lang='lat'><strong>,</strong></span> 
     </span>
    </p>
   </div>
   <div class='ocr_carea' id='block_1_7' title="bbox 676 931 2259 1020">
    <p class='ocr_par' dir='ltr' id='par_1_7' title="bbox 676 931 2259 1020">
     <span class='ocr_line' id='line_1_7' title="bbox 676 931 2259 1020; baseline -0.015 -15"><span class='ocrx_word' id='word_1_48' title='bbox 676 965 846 1020; x_wconf 86' lang='lat' dir='ltr'><strong>neque</strong></span> <span class='ocrx_word' id='word_1_49' title='bbox 878 948 963 1002; x_wconf 93' lang='lat' dir='ltr'><strong>hic</strong></span> <span class='ocrx_word' id='word_1_50' title='bbox 987 945 1238 1017; x_wconf 89' lang='lat' dir='ltr'><strong>pecunias</strong></span> <span class='ocrx_word' id='word_1_51' title='bbox 1264 942 1471 1010; x_wconf 86' lang='lat' dir='ltr'><strong>collige.</strong></span> <span class='ocrx_word' id='word_1_52' title='bbox 1502 936 1640 991; x_wconf 82' lang='lat' dir='ltr'><strong>Satis</strong></span> <span class='ocrx_word' id='word_1_53' title='bbox 1669 944 1748 988; x_wconf 88' lang='lat' dir='ltr'><strong>est</strong></span> <span class='ocrx_word' id='word_1_54' title='bbox 1777 933 1864 985; x_wconf 91' lang='lat' dir='ltr'><strong>tibi</strong></span> <span class='ocrx_word' id='word_1_55' title='bbox 1885 973 1898 993; x_wconf 89' lang='lat'><strong>,</strong></span> <span class='ocrx_word' id='word_1_56' title='bbox 1929 933 1970 985; x_wconf 87' lang='lat' dir='ltr'><strong>si</strong></span> <span class='ocrx_word' id='word_1_57' title='bbox 2002 931 2259 1000; x_wconf 77' lang='lat' dir='ltr'><strong>pecunia-</strong></span> 
     </span>
    </p>
   </div>
   <div class='ocr_carea' id='block_1_8' title="bbox 674 1021 2256 1111">
    <p class='ocr_par' dir='ltr' id='par_1_8' title="bbox 674 1021 2256 1111">
     <span class='ocr_line' id='line_1_8' title="bbox 674 1021 2256 1111; baseline -0.012 -14"><span class='ocrx_word' id='word_1_58' title='bbox 674 1059 790 1097; x_wconf 87' lang='lat' dir='ltr'><strong>rum</strong></span> <span class='ocrx_word' id='word_1_59' title='bbox 821 1048 1132 1111; x_wconf 75' lang='lat' dir='ltr'><strong>proventum</strong></span> <span class='ocrx_word' id='word_1_60' title='bbox 1164 1035 1312 1104; x_wconf 86' lang='lat' dir='ltr'><strong>quasi</strong></span> <span class='ocrx_word' id='word_1_61' title='bbox 1354 1049 1418 1088; x_wconf 77' lang='lat' dir='ltr'><strong>ex</strong></span> <span class='ocrx_word' id='word_1_62' title='bbox 1459 1030 1602 1084; x_wconf 89' lang='lat' dir='ltr'><strong>fonte</strong></span> <span class='ocrx_word' id='word_1_63' title='bbox 1626 1029 1873 1082; x_wconf 84' lang='lat' dir='ltr'><strong>fluentem</strong></span> <span class='ocrx_word' id='word_1_64' title='bbox 1908 1024 2103 1079; x_wconf 87' lang='lat' dir='ltr'><strong>habeas</strong></span> <span class='ocrx_word' id='word_1_65' title='bbox 2132 1041 2143 1076; x_wconf 92' lang='lat'>:</span> <span class='ocrx_word' id='word_1_66' title='bbox 2176 1021 2256 1078; x_wconf 90' lang='lat' dir='ltr'><strong>fac</strong></span> 
     </span>
    </p>
   </div>
   <div class='ocr_carea' id='block_1_9' title="bbox 675 1117 2259 1195">
    <p class='ocr_par' dir='ltr' id='par_1_9' title="bbox 675 1117 2259 1195">
     <span class='ocr_line' id='line_1_9' title="bbox 675 1117 2259 1195; baseline -0.014 -7"><span class='ocrx_word' id='word_1_67' title='bbox 675 1149 856 1188; x_wconf 85' lang='lat' dir='ltr'><strong>earum</strong></span> <span class='ocrx_word' id='word_1_68' title='bbox 883 1138 1160 1188; x_wconf 74' lang='lat' dir='ltr'><strong>CODSOI&#39;IBS</strong></span> <span class='ocrx_word' id='word_1_69' title='bbox 1199 1138 1458 1195; x_wconf 80' lang='lat' dir='ltr'><strong>pauperes</strong></span> <span class='ocrx_word' id='word_1_70' title='bbox 1478 1161 1492 1183; x_wconf 82' lang='grc'>,</span> <span class='ocrx_word' id='word_1_71' title='bbox 1527 1131 1579 1175; x_wconf 78' lang='grc' dir='ltr'><strong>οι</strong></span> <span class='ocrx_word' id='word_1_72' title='bbox 1611 1128 1726 1173; x_wconf 54' lang='grc' dir='ltr'><strong>θμιο</strong></span> <span class='ocrx_word' id='word_1_73' title='bbox 1752 1117 1921 1170; x_wconf 77' lang='lat' dir='ltr'><strong>bonus</strong></span> <span class='ocrx_word' id='word_1_74' title='bbox 1949 1129 2259 1170; x_wconf 63' lang='lat' dir='ltr'><strong>teconomus</strong></span> 
     </span>
    </p>
   </div>
   <div class='ocr_carea' id='block_1_10' title="bbox 673 1207 2255 1294">
    <p class='ocr_par' dir='ltr' id='par_1_10' title="bbox 673 1207 2255 1294">
     <span class='ocr_line' id='line_1_10' title="bbox 673 1207 2255 1294; baseline -0.015 -13"><span class='ocrx_word' id='word_1_75' title='bbox 673 1242 857 1282; x_wconf 89' lang='lat' dir='ltr'><strong>eorum</strong></span> <span class='ocrx_word' id='word_1_76' title='bbox 887 1238 1003 1294; x_wconf 68' lang='lat' dir='ltr'><strong>quae</strong></span> <span class='ocrx_word' id='word_1_77' title='bbox 1032 1222 1122 1276; x_wconf 89' lang='lat' dir='ltr'><strong>tibi</strong></span> <span class='ocrx_word' id='word_1_78' title='bbox 1151 1235 1176 1272; x_wconf 86' lang='lat' dir='ltr'><strong>a</strong></span> <span class='ocrx_word' id='word_1_79' title='bbox 1211 1219 1319 1273; x_wconf 85' lang='lat' dir='ltr'><strong>Deo</strong></span> <span class='ocrx_word' id='word_1_80' title='bbox 1347 1215 1466 1269; x_wconf 87' lang='lat' dir='ltr'><strong>data</strong></span> <span class='ocrx_word' id='word_1_81' title='bbox 1495 1223 1636 1267; x_wconf 85' lang='lat' dir='ltr'><strong>sunt.</strong></span> <span class='ocrx_word' id='word_1_82' title='bbox 1669 1209 1794 1272; x_wconf 88' lang='lat' dir='ltr'><strong>Sed,</strong></span> <span class='ocrx_word' id='word_1_83' title='bbox 1824 1208 2060 1276; x_wconf 82' lang='lat' dir='ltr'><strong>inquies,</strong></span> <span class='ocrx_word' id='word_1_84' title='bbox 2089 1207 2255 1260; x_wconf 89' lang='lat' dir='ltr'><strong>vecti-</strong></span> 
     </span>
    </p>
   </div>
   <div class='ocr_carea' id='block_1_11' title="bbox 672 1294 2258 1386">
    <p class='ocr_par' dir='ltr' id='par_1_11' title="bbox 672 1294 2258 1386">
     <span class='ocr_line' id='line_1_11' title="bbox 672 1294 2258 1386; baseline -0.015 -15"><span class='ocrx_word' id='word_1_85' title='bbox 672 1318 807 1386; x_wconf 84' lang='lat' dir='ltr'><strong>galia</strong></span> <span class='ocrx_word' id='word_1_86' title='bbox 840 1313 1033 1385; x_wconf 88' lang='lat' dir='ltr'><strong>pendo.</strong></span> <span class='ocrx_word' id='word_1_87' title='bbox 1066 1312 1256 1365; x_wconf 91' lang='lat' dir='ltr'><strong>ldeone</strong></span> <span class='ocrx_word' id='word_1_88' title='bbox 1281 1306 1366 1361; x_wconf 87' lang='lat' dir='ltr'><strong>hic</strong></span> <span class='ocrx_word' id='word_1_89' title='bbox 1386 1301 1702 1365; x_wconf 89' lang='lat' dir='ltr'><strong>contemnis,</strong></span> <span class='ocrx_word' id='word_1_90' title='bbox 1727 1299 1844 1369; x_wconf 90' lang='lat' dir='ltr'><strong>quia</strong></span> <span class='ocrx_word' id='word_1_91' title='bbox 1874 1312 2030 1351; x_wconf 85' lang='lat' dir='ltr'><strong>nemo</strong></span> <span class='ocrx_word' id='word_1_92' title='bbox 2058 1294 2258 1364; x_wconf 80' lang='lat' dir='ltr'><strong>exigit?</strong></span> 
     </span>
    </p>
   </div>
   <div class='ocr_carea' id='block_1_12' title="bbox 675 1385 2264 1477">
    <p class='ocr_par' dir='ltr' id='par_1_12' title="bbox 675 1385 2264 1477">
     <span class='ocr_line' id='line_1_12' title="bbox 675 1385 2264 1477; baseline -0.016 -14"><span class='ocrx_word' id='word_1_93' title='bbox 675 1385 739 1463; x_wconf 68' lang='lat' dir='ltr'><strong>Et</strong></span> <span class='ocrx_word' id='word_1_94' title='bbox 770 1408 843 1462; x_wconf 87' lang='lat' dir='ltr'><strong>illi</strong></span> <span class='ocrx_word' id='word_1_95' title='bbox 870 1404 1083 1477; x_wconf 82' lang='lat' dir='ltr'><strong>quidem</strong></span> <span class='ocrx_word' id='word_1_96' title='bbox 1115 1400 1369 1471; x_wconf 78' lang='lat' dir='ltr'><strong>qui,&#39;sive</strong></span> <span class='ocrx_word' id='word_1_97' title='bbox 1401 1405 1540 1450; x_wconf 90' lang='lat' dir='ltr'><strong>terra</strong></span> <span class='ocrx_word' id='word_1_98' title='bbox 1573 1393 1883 1461; x_wconf 82' lang='lat' dir='ltr'><strong>pr‘oventutu</strong></span> <span class='ocrx_word' id='word_1_99' title='bbox 1919 1388 2114 1446; x_wconf 89' lang='lat' dir='ltr'><strong>tulerit,</strong></span> <span class='ocrx_word' id='word_1_100' title='bbox 2147 1385 2264 1448; x_wconf 27' lang='lat' dir='ltr'><strong>sive.</strong></span> 
     </span>
    </p>
   </div>
   <div class='ocr_carea' id='block_1_13' title="bbox 676 1476 2257 1564">
    <p class='ocr_par' dir='ltr' id='par_1_13' title="bbox 676 1476 2257 1564">
     <span class='ocr_line' id='line_1_13' title="bbox 676 1476 2257 1564; baseline -0.016 -10"><span class='ocrx_word' id='word_1_101' title='bbox 676 1513 830 1554; x_wconf 76' lang='lat' dir='ltr'><strong>secus</strong></span> <span class='ocrx_word' id='word_1_102' title='bbox 857 1539 867 1559; x_wconf 90' lang='lat'><strong>,</strong></span> <span class='ocrx_word' id='word_1_103' title='bbox 891 1476 947 1550; x_wconf 81' lang='lat' dir='ltr'><strong>te</strong></span> <span class='ocrx_word' id='word_1_104' title='bbox 994 1494 1134 1564; x_wconf 91' lang='lat' dir='ltr'><strong>cogit</strong></span> <span class='ocrx_word' id='word_1_105' title='bbox 1176 1498 1228 1546; x_wconf 91' lang='lat' dir='ltr'><strong>et</strong></span> <span class='ocrx_word' id='word_1_106' title='bbox 1255 1496 1438 1551; x_wconf 77' lang='lat' dir='ltr'><strong>vexat,</strong></span> <span class='ocrx_word' id='word_1_107' title='bbox 1466 1497 1762 1553; x_wconf 84' lang='lat' dir='ltr'><strong>repugnare</strong></span> <span class='ocrx_word' id='word_1_108' title='bbox 1802 1496 1906 1534; x_wconf 88' lang='lat' dir='ltr'><strong>non</strong></span> <span class='ocrx_word' id='word_1_109' title='bbox 1949 1476 2113 1531; x_wconf 90' lang='lat' dir='ltr'><strong>audes</strong></span> <span class='ocrx_word' id='word_1_110' title='bbox 2144 1494 2156 1528; x_wconf 88' lang='lat'><strong>:</strong></span> <span class='ocrx_word' id='word_1_111' title='bbox 2184 1476 2257 1529; x_wconf 92' lang='lat' dir='ltr'><strong>illi</strong></span> 
     </span>
    </p>
   </div>
   <div class='ocr_carea' id='block_1_14' title="bbox 674 1568 2256 1658">
    <p class='ocr_par' dir='ltr' id='par_1_14' title="bbox 674 1568 2256 1658">
     <span class='ocr_line' id='line_1_14' title="bbox 674 1568 2256 1658; baseline -0.015 -16"><span class='ocrx_word' id='word_1_112' title='bbox 674 1597 820 1654; x_wconf 81' lang='lat' dir='ltr'><strong>vero,</strong></span> <span class='ocrx_word' id='word_1_113' title='bbox 843 1588 929 1658; x_wconf 89' lang='lat' dir='ltr'><strong>qui</strong></span> <span class='ocrx_word' id='word_1_114' title='bbox 963 1589 1030 1640; x_wconf 89' lang='lat' dir='ltr'><strong>ita</strong></span> <span class='ocrx_word' id='word_1_115' title='bbox 1058 1589 1362 1638; x_wconf 87' lang='lat' dir='ltr'><strong>mansuetus</strong></span> <span class='ocrx_word' id='word_1_116' title='bbox 1383 1586 1482 1640; x_wconf 88' lang='lat' dir='ltr'><strong>est,</strong></span> <span class='ocrx_word' id='word_1_117' title='bbox 1513 1584 1564 1628; x_wconf 89' lang='lat' dir='ltr'><strong>et</strong></span> <span class='ocrx_word' id='word_1_118' title='bbox 1586 1584 1709 1627; x_wconf 91' lang='lat' dir='ltr'><strong>tunc</strong></span> <span class='ocrx_word' id='word_1_119' title='bbox 1733 1572 1903 1626; x_wconf 92' lang='lat' dir='ltr'><strong>solum</strong></span> <span class='ocrx_word' id='word_1_120' title='bbox 1927 1568 2107 1638; x_wconf 67' lang='lat' dir='ltr'><strong>exigit,</strong></span> <span class='ocrx_word' id='word_1_121' title='bbox 2137 1581 2256 1620; x_wconf 83' lang='lat' dir='ltr'><strong>cuin</strong></span> 
     </span>
    </p>
   </div>
   <div class='ocr_carea' id='block_1_15' title="bbox 678 1657 2258 1746">
    <p class='ocr_par' dir='ltr' id='par_1_15' title="bbox 678 1657 2258 1746">
     <span class='ocr_line' id='line_1_15' title="bbox 678 1657 2258 1746; baseline -0.014 -14"><span class='ocrx_word' id='word_1_122' title='bbox 678 1692 811 1734; x_wconf 90' lang='lat' dir='ltr'><strong>terra</strong></span> <span class='ocrx_word' id='word_1_123' title='bbox 837 1657 1131 1746; x_wconf 82' lang='lat' dir='ltr'><strong>protulerit,</strong></span> <span class='ocrx_word' id='word_1_124' title='bbox 1156 1688 1223 1726; x_wconf 90' lang='lat' dir='ltr'><strong>ne</strong></span> <span class='ocrx_word' id='word_1_125' title='bbox 1239 1669 1456 1724; x_wconf 85' lang='lat' dir='ltr'><strong>verbum</strong></span> <span class='ocrx_word' id='word_1_126' title='bbox 1479 1665 1688 1735; x_wconf 87' lang='lat' dir='ltr'><strong>quidem</strong></span> <span class='ocrx_word' id='word_1_127' title='bbox 1714 1658 2038 1730; x_wconf 87' lang='lat' dir='ltr'><strong>respondes?</strong></span> <span class='ocrx_word' id='word_1_128' title='bbox 2067 1657 2258 1724; x_wconf 86' lang='lat' dir='ltr'><strong>Ecquis</strong></span> 
     </span>
    </p>
   </div>
   <div class='ocr_carea' id='block_1_16' title="bbox 679 1747 2258 1823">
    <p class='ocr_par' dir='ltr' id='par_1_16' title="bbox 679 1747 2258 1823">
     <span class='ocr_line' id='line_1_16' title="bbox 679 1747 2258 1823; baseline -0.014 -1"><span class='ocrx_word' id='word_1_129' title='bbox 679 1779 731 1823; x_wconf 88' lang='lat' dir='ltr'><strong>te</strong></span> <span class='ocrx_word' id='word_1_130' title='bbox 766 1766 1013 1822; x_wconf 80' lang='lat' dir='ltr'><strong>liberabit</strong></span> <span class='ocrx_word' id='word_1_131' title='bbox 1041 1765 1107 1819; x_wconf 88' lang='lat' dir='ltr'><strong>ab</strong></span> <span class='ocrx_word' id='word_1_132' title='bbox 1139 1758 1556 1818; x_wconf 84' lang='lat' dir='ltr'><strong>intolerabilibus</strong></span> <span class='ocrx_word' id='word_1_133' title='bbox 1601 1754 1709 1809; x_wconf 91' lang='lat' dir='ltr'><strong>illis</strong></span> <span class='ocrx_word' id='word_1_134' title='bbox 1737 1749 2051 1821; x_wconf 86' lang='lat' dir='ltr'><strong>suppliciis?</strong></span> <span class='ocrx_word' id='word_1_135' title='bbox 2075 1747 2258 1801; x_wconf 88' lang='lat' dir='ltr'><strong>Nullus</strong></span> 
     </span>
    </p>
   </div>
   <div class='ocr_carea' id='block_1_17' title="bbox 679 1836 2259 1926">
    <p class='ocr_par' dir='ltr' id='par_1_17' title="bbox 679 1836 2259 1926">
     <span class='ocr_line' id='line_1_17' title="bbox 679 1836 2259 1926; baseline -0.013 -17"><span class='ocrx_word' id='word_1_136' title='bbox 679 1859 849 1926; x_wconf 84' lang='lat' dir='ltr'><strong>plane.</strong></span> <span class='ocrx_word' id='word_1_137' title='bbox 871 1857 924 1911; x_wconf 92' lang='lat' dir='ltr'><strong>Si</strong></span> <span class='ocrx_word' id='word_1_138' title='bbox 953 1855 1091 1910; x_wconf 91' lang='lat' dir='ltr'><strong>enim</strong></span> <span class='ocrx_word' id='word_1_139' title='bbox 1123 1853 1206 1906; x_wconf 89' lang='lat' dir='ltr'><strong>hic</strong></span> <span class='ocrx_word' id='word_1_140' title='bbox 1233 1850 1350 1905; x_wconf 91' lang='lat' dir='ltr'><strong>ideo</strong></span> <span class='ocrx_word' id='word_1_141' title='bbox 1370 1847 1608 1902; x_wconf 89' lang='lat' dir='ltr'><strong>studiose</strong></span> <span class='ocrx_word' id='word_1_142' title='bbox 1633 1844 1816 1908; x_wconf 89' lang='lat' dir='ltr'><strong>solvis,</strong></span> <span class='ocrx_word' id='word_1_143' title='bbox 1840 1841 1960 1910; x_wconf 88' lang='lat' dir='ltr'><strong>quia</strong></span> <span class='ocrx_word' id='word_1_144' title='bbox 1987 1854 2092 1893; x_wconf 90' lang='lat' dir='ltr'><strong>non</strong></span> <span class='ocrx_word' id='word_1_145' title='bbox 2115 1836 2259 1891; x_wconf 85' lang='lat' dir='ltr'><strong>danti</strong></span> 
     </span>
    </p>
   </div>
   <div class='ocr_carea' id='block_1_18' title="bbox 675 1930 2258 2019">
    <p class='ocr_par' dir='ltr' id='par_1_18' title="bbox 675 1930 2258 2019">
     <span class='ocr_line' id='line_1_18' title="bbox 675 1930 2258 2019; baseline -0.015 -16"><span class='ocrx_word' id='word_1_146' title='bbox 675 1950 1004 2019; x_wconf 70' lang='lat' dir='ltr'><strong>gravissimae</strong></span> <span class='ocrx_word' id='word_1_147' title='bbox 1032 1959 1202 2014; x_wconf 74' lang='lat' dir='ltr'><strong>ptente</strong></span> <span class='ocrx_word' id='word_1_148' title='bbox 1233 1949 1428 2012; x_wconf 76' lang='lat' dir='ltr'><strong>parata:</strong></span> <span class='ocrx_word' id='word_1_149' title='bbox 1457 1947 1599 2002; x_wconf 91' lang='lat' dir='ltr'><strong>sunt,</strong></span> <span class='ocrx_word' id='word_1_150' title='bbox 1627 1933 1828 2006; x_wconf 89' lang='lat' dir='ltr'><strong>cogites</strong></span> <span class='ocrx_word' id='word_1_151' title='bbox 1849 1931 2003 1985; x_wconf 79' lang='lat' dir='ltr'><strong>Vt‘lllll</strong></span> <span class='ocrx_word' id='word_1_152' title='bbox 2033 1930 2116 1984; x_wconf 92' lang='lat' dir='ltr'><strong>hic</strong></span> <span class='ocrx_word' id='word_1_153' title='bbox 2138 1945 2258 1998; x_wconf 86' lang='lat' dir='ltr'><strong>gra-</strong></span> 
     </span>
    </p>
   </div>
   <div class='ocr_carea' id='block_1_19' title="bbox 677 2022 2257 2108">
    <p class='ocr_par' dir='ltr' id='par_1_19' title="bbox 677 2022 2257 2108">
     <span class='ocr_line' id='line_1_19' title="bbox 677 2022 2257 2108; baseline -0.011 -18"><span class='ocrx_word' id='word_1_154' title='bbox 677 2045 847 2095; x_wconf 76' lang='lat' dir='ltr'><strong>viores</strong></span> <span class='ocrx_word' id='word_1_155' title='bbox 880 2038 1052 2108; x_wconf 88' lang='lat' dir='ltr'><strong>parari</strong></span> <span class='ocrx_word' id='word_1_156' title='bbox 1079 2077 1093 2101; x_wconf 90' lang='lat'><strong>,</strong></span> <span class='ocrx_word' id='word_1_157' title='bbox 1120 2049 1228 2088; x_wconf 92' lang='lat' dir='ltr'><strong>non</strong></span> <span class='ocrx_word' id='word_1_158' title='bbox 1272 2030 1410 2101; x_wconf 89' lang='lat' dir='ltr'><strong>quod</strong></span> <span class='ocrx_word' id='word_1_159' title='bbox 1444 2028 1669 2083; x_wconf 90' lang='lat' dir='ltr'><strong>vinculis</strong></span> <span class='ocrx_word' id='word_1_160' title='bbox 1715 2022 2093 2093; x_wconf 88' lang='lat' dir='ltr'><strong>conslringaris</strong></span> <span class='ocrx_word' id='word_1_161' title='bbox 2115 2063 2127 2084; x_wconf 94' lang='lat'><strong>,</strong></span> <span class='ocrx_word' id='word_1_162' title='bbox 2154 2036 2257 2073; x_wconf 92' lang='lat' dir='ltr'><strong>non</strong></span> 
     </span>
    </p>
   </div>
   <div class='ocr_carea' id='block_1_20' title="bbox 678 2112 2257 2202">
    <p class='ocr_par' dir='ltr' id='par_1_20' title="bbox 678 2112 2257 2202">
     <span class='ocr_line' id='line_1_20' title="bbox 678 2112 2257 2202; baseline -0.016 -14"><span class='ocrx_word' id='word_1_163' title='bbox 678 2132 815 2202; x_wconf 86' lang='lat' dir='ltr'><strong>quod</strong></span> <span class='ocrx_word' id='word_1_164' title='bbox 869 2132 921 2184; x_wconf 93' lang='lat' dir='ltr'><strong>in</strong></span> <span class='ocrx_word' id='word_1_165' title='bbox 978 2140 1247 2184; x_wconf 88' lang='lat' dir='ltr'><strong>carcerem</strong></span> <span class='ocrx_word' id='word_1_166' title='bbox 1296 2119 1640 2190; x_wconf 90' lang='lat' dir='ltr'><strong>conjiciaris,</strong></span> <span class='ocrx_word' id='word_1_167' title='bbox 1669 2116 1761 2171; x_wconf 87' lang='lat' dir='ltr'><strong>sed</strong></span> <span class='ocrx_word' id='word_1_168' title='bbox 1809 2113 1951 2184; x_wconf 87' lang='lat' dir='ltr'><strong>quod</strong></span> <span class='ocrx_word' id='word_1_169' title='bbox 2002 2117 2052 2165; x_wconf 91' lang='lat' dir='ltr'><strong>in</strong></span> <span class='ocrx_word' id='word_1_170' title='bbox 2084 2112 2257 2179; x_wconf 87' lang='lat' dir='ltr'><strong>ignem</strong></span> 
     </span>
    </p>
   </div>
   <div class='ocr_carea' id='block_1_21' title="bbox 679 2201 2259 2285">
    <p class='ocr_par' dir='ltr' id='par_1_21' title="bbox 679 2201 2259 2285">
     <span class='ocr_line' id='line_1_21' title="bbox 679 2201 2259 2285; baseline -0.018 -4"><span class='ocrx_word' id='word_1_171' title='bbox 679 2227 835 2281; x_wconf 88' lang='lat' dir='ltr'><strong>abeas</strong></span> <span class='ocrx_word' id='word_1_172' title='bbox 879 2232 1155 2276; x_wconf 71' lang='lat' dir='ltr'><strong>aeternum.</strong></span> <span class='ocrx_word' id='word_1_173' title='bbox 1197 2214 1554 2285; x_wconf 83' lang='lat' dir='ltr'><strong>Quamobrem</strong></span> <span class='ocrx_word' id='word_1_174' title='bbox 1605 2210 1719 2263; x_wconf 59' lang='lat' dir='ltr'><strong>haec</strong></span> <span class='ocrx_word' id='word_1_175' title='bbox 1774 2208 1940 2276; x_wconf 91' lang='lat' dir='ltr'><strong>prima</strong></span> <span class='ocrx_word' id='word_1_176' title='bbox 1989 2201 2259 2272; x_wconf 68' lang='lat' dir='ltr'><strong>vectigalia</strong></span> 
     </span>
    </p>
   </div>
   <div class='ocr_carea' id='block_1_22' title="bbox 680 2298 2261 2379">
    <p class='ocr_par' dir='ltr' id='par_1_22' title="bbox 680 2298 2261 2379">
     <span class='ocr_line' id='line_1_22' title="bbox 680 2298 2261 2379; baseline -0.015 -9"><span class='ocrx_word' id='word_1_177' title='bbox 680 2317 965 2370; x_wconf 81' lang='lat' dir='ltr'><strong>solvamus.</strong></span> <span class='ocrx_word' id='word_1_178' title='bbox 994 2311 1177 2379; x_wconf 86' lang='lat' dir='ltr'><strong>Magna</strong></span> <span class='ocrx_word' id='word_1_179' title='bbox 1211 2307 1404 2376; x_wconf 87' lang='lat' dir='ltr'><strong>quippe</strong></span> <span class='ocrx_word' id='word_1_180' title='bbox 1432 2303 1676 2363; x_wconf 80' lang='lat' dir='ltr'><strong>facilitas,</strong></span> <span class='ocrx_word' id='word_1_181' title='bbox 1706 2298 1874 2367; x_wconf 83' lang='lat' dir='ltr'><strong>major</strong></span> <span class='ocrx_word' id='word_1_182' title='bbox 1904 2305 2108 2350; x_wconf 88' lang='lat' dir='ltr'><strong>merces</strong></span> <span class='ocrx_word' id='word_1_183' title='bbox 2131 2335 2143 2356; x_wconf 91' lang='lat'><strong>,</strong></span> <span class='ocrx_word' id='word_1_184' title='bbox 2171 2308 2261 2347; x_wconf 89' lang='lat' dir='ltr'><strong>co-</strong></span> 
     </span>
    </p>
   </div>
   <div class='ocr_carea' id='block_1_23' title="bbox 681 2385 2288 2476">
    <p class='ocr_par' dir='ltr' id='par_1_23' title="bbox 681 2385 2288 2476">
     <span class='ocr_line' id='line_1_23' title="bbox 681 2385 2288 2476; baseline -0.014 -16"><span class='ocrx_word' id='word_1_185' title='bbox 681 2405 877 2476; x_wconf 89' lang='lat' dir='ltr'><strong>piosior</strong></span> <span class='ocrx_word' id='word_1_186' title='bbox 922 2400 1210 2471; x_wconf 84' lang='lat' dir='ltr'><strong>negotiatio</strong></span> <span class='ocrx_word' id='word_1_187' title='bbox 1235 2440 1250 2464; x_wconf 93' lang='lat'><strong>,</strong></span> <span class='ocrx_word' id='word_1_188' title='bbox 1282 2397 1496 2467; x_wconf 87' lang='lat' dir='ltr'><strong>gravior</strong></span> <span class='ocrx_word' id='word_1_189' title='bbox 1541 2391 1694 2446; x_wconf 88' lang='lat' dir='ltr'><strong>nobis</strong></span> <span class='ocrx_word' id='word_1_190' title='bbox 1741 2389 1903 2452; x_wconf 91' lang='lat' dir='ltr'><strong>ultio,</strong></span> <span class='ocrx_word' id='word_1_191' title='bbox 1933 2388 1974 2440; x_wconf 92' lang='lat' dir='ltr'><strong>si</strong></span> <span class='ocrx_word' id='word_1_192' title='bbox 2025 2385 2288 2454; x_wconf 81' lang='lat' dir='ltr'><strong>improbe</strong></span> 
     </span>
    </p>
   </div>
   <div class='ocr_carea' id='block_1_24' title="bbox 680 2475 2261 2565">
    <p class='ocr_par' dir='ltr' id='par_1_24' title="bbox 680 2475 2261 2565">
     <span class='ocr_line' id='line_1_24' title="bbox 680 2475 2261 2565; baseline -0.015 -17"><span class='ocrx_word' id='word_1_193' title='bbox 680 2509 917 2565; x_wconf 84' lang='lat' dir='ltr'><strong>agamus.</strong></span> <span class='ocrx_word' id='word_1_194' title='bbox 949 2492 1082 2546; x_wconf 87' lang='lat' dir='ltr'><strong>Nam</strong></span> <span class='ocrx_word' id='word_1_195' title='bbox 1123 2487 1439 2557; x_wconf 90' lang='lat' dir='ltr'><strong>supplicium</strong></span> <span class='ocrx_word' id='word_1_196' title='bbox 1485 2498 1582 2537; x_wconf 92' lang='lat' dir='ltr'><strong>nos</strong></span> <span class='ocrx_word' id='word_1_197' title='bbox 1608 2480 1835 2547; x_wconf 82' lang='lat' dir='ltr'><strong>excipiet</strong></span> <span class='ocrx_word' id='word_1_198' title='bbox 1867 2476 2067 2530; x_wconf 89' lang='lat' dir='ltr'><strong>nulltun</strong></span> <span class='ocrx_word' id='word_1_199' title='bbox 2103 2475 2261 2526; x_wconf 91' lang='lat' dir='ltr'><strong>finem</strong></span> 
     </span>
    </p>
   </div>
   <div class='ocr_carea' id='block_1_25' title="bbox 683 2565 2264 2647">
    <p class='ocr_par' dir='ltr' id='par_1_25' title="bbox 683 2565 2264 2647">
     <span class='ocr_line' id='line_1_25' title="bbox 683 2565 2264 2647; baseline -0.013 -9"><span class='ocrx_word' id='word_1_200' title='bbox 683 2565 1002 2640; x_wconf 62' lang='lat' dir='ltr'><strong>habiturum.</strong></span> <span class='ocrx_word' id='word_1_201' title='bbox 1038 2579 1188 2647; x_wconf 86' lang='lat' dir='ltr'><strong>Quod</strong></span> <span class='ocrx_word' id='word_1_202' title='bbox 1217 2579 1258 2632; x_wconf 90' lang='lat' dir='ltr'><strong>si</strong></span> <span class='ocrx_word' id='word_1_203' title='bbox 1303 2575 1430 2629; x_wconf 91' lang='lat' dir='ltr'><strong>mihi</strong></span> <span class='ocrx_word' id='word_1_204' title='bbox 1475 2572 1669 2626; x_wconf 87' lang='lat' dir='ltr'><strong>milites</strong></span> <span class='ocrx_word' id='word_1_205' title='bbox 1711 2568 1906 2636; x_wconf 85' lang='lat' dir='ltr'><strong>alleges</strong></span> <span class='ocrx_word' id='word_1_206' title='bbox 1929 2608 1941 2631; x_wconf 95' lang='lat'><strong>,</strong></span> <span class='ocrx_word' id='word_1_207' title='bbox 1970 2566 2056 2634; x_wconf 92' lang='lat' dir='ltr'><strong>qui</strong></span> <span class='ocrx_word' id='word_1_208' title='bbox 2090 2580 2182 2631; x_wconf 90' lang='lat' dir='ltr'><strong>pro</strong></span> <span class='ocrx_word' id='word_1_209' title='bbox 2214 2573 2264 2617; x_wconf 88' lang='lat' dir='ltr'><strong>le</strong></span> 
     </span>
    </p>
   </div>
   <div class='ocr_carea' id='block_1_26' title="bbox 683 2656 2261 2736">
    <p class='ocr_par' dir='ltr' id='par_1_26' title="bbox 683 2656 2261 2736">
     <span class='ocr_line' id='line_1_26' title="bbox 683 2656 2261 2736; baseline -0.016 -5"><span class='ocrx_word' id='word_1_210' title='bbox 683 2688 863 2732; x_wconf 86' lang='lat' dir='ltr'><strong>contra</strong></span> <span class='ocrx_word' id='word_1_211' title='bbox 894 2672 1146 2727; x_wconf 89' lang='lat' dir='ltr'><strong>barbaros</strong></span> <span class='ocrx_word' id='word_1_212' title='bbox 1177 2673 1443 2736; x_wconf 89' lang='lat' dir='ltr'><strong>pugnant,</strong></span> <span class='ocrx_word' id='word_1_213' title='bbox 1469 2673 1546 2716; x_wconf 92' lang='lat' dir='ltr'><strong>est</strong></span> <span class='ocrx_word' id='word_1_214' title='bbox 1588 2673 1795 2730; x_wconf 90' lang='lat' dir='ltr'><strong>quoque</strong></span> <span class='ocrx_word' id='word_1_215' title='bbox 1842 2656 1925 2709; x_wconf 89' lang='lat' dir='ltr'><strong>hic</strong></span> <span class='ocrx_word' id='word_1_216' title='bbox 1974 2668 2261 2724; x_wconf 81' lang='lat' dir='ltr'><strong>pauperum</strong></span> 
     </span>
    </p>
   </div>
   <div class='ocr_carea' id='block_1_27' title="bbox 685 2743 2260 2832">
    <p class='ocr_par' dir='ltr' id='par_1_27' title="bbox 685 2743 2260 2832">
     <span class='ocr_line' id='line_1_27' title="bbox 685 2743 2260 2832; baseline -0.017 -9"><span class='ocrx_word' id='word_1_217' title='bbox 685 2767 968 2830; x_wconf 76' lang='lat' dir='ltr'><strong>exercitus,</strong></span> <span class='ocrx_word' id='word_1_218' title='bbox 996 2761 1083 2832; x_wconf 92' lang='lat' dir='ltr'><strong>qui</strong></span> <span class='ocrx_word' id='word_1_219' title='bbox 1116 2773 1210 2830; x_wconf 91' lang='lat' dir='ltr'><strong>pro</strong></span> <span class='ocrx_word' id='word_1_220' title='bbox 1242 2767 1291 2811; x_wconf 87' lang='lat' dir='ltr'><strong>te</strong></span> <span class='ocrx_word' id='word_1_221' title='bbox 1319 2755 1512 2809; x_wconf 91' lang='lat' dir='ltr'><strong>bellum</strong></span> <span class='ocrx_word' id='word_1_222' title='bbox 1542 2759 1729 2822; x_wconf 88' lang='lat' dir='ltr'><strong>gerunt</strong></span> <span class='ocrx_word' id='word_1_223' title='bbox 1761 2759 1813 2803; x_wconf 92' lang='lat' dir='ltr'><strong>et</strong></span> <span class='ocrx_word' id='word_1_224' title='bbox 1844 2755 2096 2816; x_wconf 83' lang='lat' dir='ltr'><strong>pugnant.</strong></span> <span class='ocrx_word' id='word_1_225' title='bbox 2128 2743 2260 2798; x_wconf 88' lang='lat' dir='ltr'><strong>Cum</strong></span> 
     </span>
    </p>
   </div>
   <div class='ocr_carea' id='block_1_28' title="bbox 683 2835 2262 2922">
    <p class='ocr_par' dir='ltr' id='par_1_28' title="bbox 683 2835 2262 2922">
     <span class='ocr_line' id='line_1_28' title="bbox 683 2835 2262 2922; baseline -0.018 -9"><span class='ocrx_word' id='word_1_226' title='bbox 683 2858 822 2912; x_wconf 88' lang='lat' dir='ltr'><strong>enim</strong></span> <span class='ocrx_word' id='word_1_227' title='bbox 876 2853 1182 2922; x_wconf 87' lang='lat' dir='ltr'><strong>accipiunt,</strong></span> <span class='ocrx_word' id='word_1_228' title='bbox 1211 2847 1455 2918; x_wconf 89' lang='lat' dir='ltr'><strong>precibus</strong></span> <span class='ocrx_word' id='word_1_229' title='bbox 1511 2843 1676 2896; x_wconf 91' lang='lat' dir='ltr'><strong>Deum</strong></span> <span class='ocrx_word' id='word_1_230' title='bbox 1722 2841 1813 2894; x_wconf 91' lang='lat' dir='ltr'><strong>tibi</strong></span> <span class='ocrx_word' id='word_1_231' title='bbox 1872 2835 2262 2908; x_wconf 80' lang='lat' dir='ltr'><strong>placautzpla-</strong></span> 
     </span>
    </p>
   </div>
   <div class='ocr_carea' id='block_1_29' title="bbox 683 2927 2265 3004">
    <p class='ocr_par' dir='ltr' id='par_1_29' title="bbox 683 2927 2265 3004">
     <span class='ocr_line' id='line_1_29' title="bbox 683 2927 2265 3004; baseline -0.015 -2"><span class='ocrx_word' id='word_1_232' title='bbox 683 2959 863 3004; x_wconf 82' lang='lat' dir='ltr'><strong>rantes</strong></span> <span class='ocrx_word' id='word_1_233' title='bbox 889 2954 1065 3000; x_wconf 90' lang='lat' dir='ltr'><strong>autem</strong></span> <span class='ocrx_word' id='word_1_234' title='bbox 1089 2983 1101 3004; x_wconf 88' lang='lat'><strong>,</strong></span> <span class='ocrx_word' id='word_1_235' title='bbox 1133 2955 1237 2995; x_wconf 90' lang='lat' dir='ltr'><strong>non</strong></span> <span class='ocrx_word' id='word_1_236' title='bbox 1267 2938 1518 2992; x_wconf 84' lang='lat' dir='ltr'><strong>barbaros</strong></span> <span class='ocrx_word' id='word_1_237' title='bbox 1543 2975 1557 3000; x_wconf 90' lang='lat'><strong>,</strong></span> <span class='ocrx_word' id='word_1_238' title='bbox 1592 2933 1684 2988; x_wconf 83' lang='lat' dir='ltr'><strong>sed</strong></span> <span class='ocrx_word' id='word_1_239' title='bbox 1715 2932 2016 2985; x_wconf 67' lang='lat' dir='ltr'><strong>dmmontnn</strong></span> <span class='ocrx_word' id='word_1_240' title='bbox 2048 2927 2265 2980; x_wconf 81' lang='lat' dir='ltr'><strong>insidias</strong></span> 
     </span>
    </p>
   </div>
   <div class='ocr_carea' id='block_1_30' title="bbox 685 3017 2268 3111">
    <p class='ocr_par' dir='ltr' id='par_1_30' title="bbox 685 3017 2268 3111">
     <span class='ocr_line' id='line_1_30' title="bbox 685 3017 2268 3111; baseline -0.018 -14"><span class='ocrx_word' id='word_1_241' title='bbox 685 3040 943 3111; x_wconf 87' lang='lat' dir='ltr'><strong>repellunt</strong></span> <span class='ocrx_word' id='word_1_242' title='bbox 971 3054 983 3089; x_wconf 91' lang='lat'><strong>:</strong></span> <span class='ocrx_word' id='word_1_243' title='bbox 1021 3050 1122 3088; x_wconf 92' lang='lat' dir='ltr'><strong>non</strong></span> <span class='ocrx_word' id='word_1_244' title='bbox 1155 3031 1466 3100; x_wconf 74' lang='lat' dir='ltr'><strong>permittunt</strong></span> <span class='ocrx_word' id='word_1_245' title='bbox 1492 3035 1546 3080; x_wconf 93' lang='lat' dir='ltr'><strong>ut</strong></span> <span class='ocrx_word' id='word_1_246' title='bbox 1574 3034 1625 3079; x_wconf 90' lang='lat' dir='ltr'><strong>te</strong></span> <span class='ocrx_word' id='word_1_247' title='bbox 1656 3023 1917 3090; x_wconf 85' lang='lat' dir='ltr'><strong>malignus</strong></span> <span class='ocrx_word' id='word_1_248' title='bbox 1948 3019 2032 3072; x_wconf 91' lang='lat' dir='ltr'><strong>ille</strong></span> <span class='ocrx_word' id='word_1_249' title='bbox 2063 3017 2268 3070; x_wconf 81' lang='lat' dir='ltr'><strong>fortiter</strong></span> 
     </span>
    </p>
   </div>
   <div class='ocr_carea' id='block_1_31' title="bbox 687 3110 2266 3194">
    <p class='ocr_par' dir='ltr' id='par_1_31' title="bbox 687 3110 2266 3194">
     <span class='ocr_line' id='line_1_31' title="bbox 687 3110 2266 3194; baseline -0.017 -6"><span class='ocrx_word' id='word_1_250' title='bbox 687 3110 915 3194; x_wconf 84' lang='lat' dir='ltr'><strong>invadat,</strong></span> <span class='ocrx_word' id='word_1_251' title='bbox 945 3142 1042 3184; x_wconf 89' lang='lat' dir='ltr'><strong>nec</strong></span> <span class='ocrx_word' id='word_1_252' title='bbox 1067 3136 1123 3180; x_wconf 89' lang='lat' dir='ltr'><strong>ut</strong></span> <span class='ocrx_word' id='word_1_253' title='bbox 1145 3126 1449 3194; x_wconf 85' lang='lat' dir='ltr'><strong>frequenter</strong></span> <span class='ocrx_word' id='word_1_254' title='bbox 1478 3121 1732 3187; x_wconf 84' lang='lat' dir='ltr'><strong>insurgat,</strong></span> <span class='ocrx_word' id='word_1_255' title='bbox 1763 3114 1855 3169; x_wconf 89' lang='lat' dir='ltr'><strong>sed</strong></span> <span class='ocrx_word' id='word_1_256' title='bbox 1881 3111 1994 3182; x_wconf 77' lang='lat' dir='ltr'><strong>ejus</strong></span> <span class='ocrx_word' id='word_1_257' title='bbox 2018 3110 2155 3164; x_wconf 90' lang='lat' dir='ltr'><strong>vires</strong></span> <span class='ocrx_word' id='word_1_258' title='bbox 2183 3122 2266 3162; x_wconf 86' lang='lat' dir='ltr'><strong>re-</strong></span> 
     </span>
    </p>
   </div>
   <div class='ocr_carea' id='block_1_32' title="bbox 687 3226 917 3280">
    <p class='ocr_par' dir='ltr' id='par_1_32' title="bbox 687 3226 917 3280">
     <span class='ocr_line' id='line_1_32' title="bbox 687 3226 917 3280; baseline -0.026 0"><span class='ocrx_word' id='word_1_259' title='bbox 687 3226 917 3280; x_wconf 82' lang='lat' dir='ltr'><strong>solvunt.</strong></span> 
     </span>
    </p>
   </div>
   <div class='ocr_carea' id='block_1_33' title="bbox 755 3337 2270 3422">
    <p class='ocr_par' dir='ltr' id='par_1_33' title="bbox 755 3337 2270 3422">
     <span class='ocr_line' id='line_1_33' title="bbox 755 3337 2270 3422; baseline -0.019 -9"><span class='ocrx_word' id='word_1_260' title='bbox 755 3361 806 3414; x_wconf 87' lang='lat'><strong>5.</strong></span> <span class='ocrx_word' id='word_1_261' title='bbox 836 3357 967 3412; x_wconf 88' lang='lat' dir='ltr'><strong>Cum</strong></span> <span class='ocrx_word' id='word_1_262' title='bbox 1015 3368 1141 3422; x_wconf 84' lang='lat' dir='ltr'><strong>ergo</strong></span> <span class='ocrx_word' id='word_1_263' title='bbox 1190 3352 1286 3406; x_wconf 93' lang='lat' dir='ltr'><strong>hos</strong></span> <span class='ocrx_word' id='word_1_264' title='bbox 1332 3349 1526 3402; x_wconf 87' lang='lat' dir='ltr'><strong>milites</strong></span> <span class='ocrx_word' id='word_1_265' title='bbox 1575 3343 1758 3398; x_wconf 89' lang='lat' dir='ltr'><strong>videas</strong></span> <span class='ocrx_word' id='word_1_266' title='bbox 1799 3337 2036 3410; x_wconf 85' lang='lat' dir='ltr'><strong>quotidie</strong></span> <span class='ocrx_word' id='word_1_267' title='bbox 2088 3342 2270 3389; x_wconf 91' lang='lat' dir='ltr'><strong>contra</strong></span> 
     </span>
    </p>
   </div>
   <div class='ocr_carea' id='block_1_34' title="bbox 687 3423 2272 3516">
    <p class='ocr_par' dir='ltr' id='par_1_34' title="bbox 687 3423 2272 3516">
     <span class='ocr_line' id='line_1_34' title="bbox 687 3423 2272 3516; baseline -0.02 -11"><span class='ocrx_word' id='word_1_268' title='bbox 687 3449 950 3505; x_wconf 87' lang='lat' dir='ltr'><strong>diabolum</strong></span> <span class='ocrx_word' id='word_1_269' title='bbox 989 3454 1205 3516; x_wconf 88' lang='lat' dir='ltr'><strong>propter</strong></span> <span class='ocrx_word' id='word_1_270' title='bbox 1235 3451 1285 3495; x_wconf 91' lang='lat' dir='ltr'><strong>te</strong></span> <span class='ocrx_word' id='word_1_271' title='bbox 1318 3445 1610 3510; x_wconf 84' lang='lat' dir='ltr'><strong>pugnantes</strong></span> <span class='ocrx_word' id='word_1_272' title='bbox 1649 3431 1894 3503; x_wconf 83' lang='lat' dir='ltr'><strong>precibus</strong></span> <span class='ocrx_word' id='word_1_273' title='bbox 1920 3423 2272 3482; x_wconf 82' lang='lat' dir='ltr'><strong>orationibus-</strong></span> 
     </span>
    </p>
   </div>
   <div class='ocr_carea' id='block_1_35' title="bbox 692 3513 2268 3609">
    <p class='ocr_par' dir='ltr' id='par_1_35' title="bbox 692 3513 2268 3609">
     <span class='ocr_line' id='line_1_35' title="bbox 692 3513 2268 3609; baseline -0.016 -19"><span class='ocrx_word' id='word_1_274' title='bbox 692 3555 809 3609; x_wconf 85' lang='lat' dir='ltr'><strong>que,</strong></span> <span class='ocrx_word' id='word_1_275' title='bbox 837 3554 866 3592; x_wconf 92' lang='lat' dir='ltr'><strong>a</strong></span> <span class='ocrx_word' id='word_1_276' title='bbox 895 3513 1062 3606; x_wconf 78' lang='lat' dir='ltr'><strong>teipse</strong></span> <span class='ocrx_word' id='word_1_277' title='bbox 1086 3513 1186 3587; x_wconf 91' lang='lat' dir='ltr'><strong>hoc</strong></span> <span class='ocrx_word' id='word_1_278' title='bbox 1212 3529 1624 3601; x_wconf 89' lang='lat' dir='ltr'><strong>pulcherrimum</strong></span> <span class='ocrx_word' id='word_1_279' title='bbox 1656 3524 1910 3576; x_wconf 88' lang='lat' dir='ltr'><strong>tributum</strong></span> <span class='ocrx_word' id='word_1_280' title='bbox 1944 3525 2142 3587; x_wconf 90' lang='lat' dir='ltr'><strong>repete,</strong></span> <span class='ocrx_word' id='word_1_281' title='bbox 2170 3513 2268 3566; x_wconf 90' lang='lat' dir='ltr'><strong>ali-</strong></span> 
     </span>
    </p>
   </div>
   <div class='ocr_carea' id='block_1_36' title="bbox 690 3605 2270 3698">
    <p class='ocr_par' dir='ltr' id='par_1_36' title="bbox 690 3605 2270 3698">
     <span class='ocr_line' id='line_1_36' title="bbox 690 3605 2270 3698; baseline -0.019 -10"><span class='ocrx_word' id='word_1_282' title='bbox 690 3641 862 3688; x_wconf 89' lang='lat' dir='ltr'><strong>menta</strong></span> <span class='ocrx_word' id='word_1_283' title='bbox 887 3643 1075 3698; x_wconf 87' lang='lat' dir='ltr'><strong>nempe</strong></span> <span class='ocrx_word' id='word_1_284' title='bbox 1102 3629 1354 3698; x_wconf 89' lang='lat' dir='ltr'><strong>ipsorum.</strong></span> <span class='ocrx_word' id='word_1_285' title='bbox 1383 3622 1513 3676; x_wconf 86' lang='lat' dir='ltr'><strong>Cum</strong></span> <span class='ocrx_word' id='word_1_286' title='bbox 1543 3619 1686 3674; x_wconf 91' lang='lat' dir='ltr'><strong>enim</strong></span> <span class='ocrx_word' id='word_1_287' title='bbox 1714 3619 2016 3669; x_wconf 86' lang='lat' dir='ltr'><strong>mansuetus</strong></span> <span class='ocrx_word' id='word_1_288' title='bbox 2045 3607 2132 3662; x_wconf 90' lang='lat' dir='ltr'><strong>hic</strong></span> <span class='ocrx_word' id='word_1_289' title='bbox 2160 3605 2270 3660; x_wconf 79' lang='lat' dir='ltr'><strong>Rex</strong></span> 
     </span>
    </p>
   </div>
   <div class='ocr_carea' id='block_1_37' title="bbox 690 3703 2271 3789">
    <p class='ocr_par' dir='ltr' id='par_1_37' title="bbox 690 3703 2271 3789">
     <span class='ocr_line' id='line_1_37' title="bbox 690 3703 2271 3789; baseline -0.019 -11"><span class='ocrx_word' id='word_1_290' title='bbox 690 3725 776 3789; x_wconf 80' lang='lat' dir='ltr'><strong>sit,</strong></span> <span class='ocrx_word' id='word_1_291' title='bbox 812 3737 916 3776; x_wconf 92' lang='lat' dir='ltr'><strong>non</strong></span> <span class='ocrx_word' id='word_1_292' title='bbox 949 3716 1198 3787; x_wconf 87' lang='lat' dir='ltr'><strong>imposuit</strong></span> <span class='ocrx_word' id='word_1_293' title='bbox 1230 3714 1320 3768; x_wconf 88' lang='lat' dir='ltr'><strong>tibi</strong></span> <span class='ocrx_word' id='word_1_294' title='bbox 1368 3720 1644 3765; x_wconf 80' lang='lat' dir='ltr'><strong>exactores</strong></span> <span class='ocrx_word' id='word_1_295' title='bbox 1668 3745 1684 3772; x_wconf 92' lang='lat'><strong>,</strong></span> <span class='ocrx_word' id='word_1_296' title='bbox 1716 3704 1808 3759; x_wconf 89' lang='lat' dir='ltr'><strong>sed</strong></span> <span class='ocrx_word' id='word_1_297' title='bbox 1838 3703 1947 3755; x_wconf 82' lang='lat' dir='ltr'><strong>vult</strong></span> <span class='ocrx_word' id='word_1_298' title='bbox 1993 3710 2042 3753; x_wconf 89' lang='lat' dir='ltr'><strong>te</strong></span> <span class='ocrx_word' id='word_1_299' title='bbox 2081 3707 2271 3766; x_wconf 90' lang='lat' dir='ltr'><strong>sponte</strong></span> 
     </span>
    </p>
   </div>
   <div class='ocr_carea' id='block_1_38' title="bbox 690 3790 2268 3884">
    <p class='ocr_par' dir='ltr' id='par_1_38' title="bbox 690 3790 2268 3884">
     <span class='ocr_line' id='line_1_38' title="bbox 690 3790 2268 3884; baseline -0.018 -15"><span class='ocrx_word' id='word_1_300' title='bbox 690 3815 961 3884; x_wconf 87' lang='lat' dir='ltr'><strong>deponere</strong></span> <span class='ocrx_word' id='word_1_301' title='bbox 987 3824 999 3863; x_wconf 91' lang='lat'><em>:</em></span> <span class='ocrx_word' id='word_1_302' title='bbox 1027 3808 1230 3863; x_wconf 87' lang='lat' dir='ltr'><strong>etiamsi</strong></span> <span class='ocrx_word' id='word_1_303' title='bbox 1264 3820 1446 3884; x_wconf 69' lang='lat' dir='ltr'><strong>parum</strong></span> <span class='ocrx_word' id='word_1_304' title='bbox 1475 3802 1707 3870; x_wconf 89' lang='lat' dir='ltr'><strong>deponas</strong></span> <span class='ocrx_word' id='word_1_305' title='bbox 1728 3838 1742 3863; x_wconf 93' lang='lat'><strong>,</strong></span> <span class='ocrx_word' id='word_1_306' title='bbox 1766 3794 1956 3862; x_wconf 90' lang='lat' dir='ltr'><strong>accipit</strong></span> <span class='ocrx_word' id='word_1_307' title='bbox 1987 3802 2195 3851; x_wconf 87' lang='lat' dir='ltr'><strong>tamen;</strong></span> <span class='ocrx_word' id='word_1_308' title='bbox 2225 3790 2268 3841; x_wconf 91' lang='lat' dir='ltr'><strong>si</strong></span> 
     </span>
    </p>
   </div>
   <div class='ocr_carea' id='block_1_39' title="bbox 694 3878 2268 3968">
    <p class='ocr_par' dir='ltr' id='par_1_39' title="bbox 694 3878 2268 3968">
     <span class='ocr_line' id='line_1_39' title="bbox 694 3878 2268 3968; baseline -0.018 -9"><span class='ocrx_word' id='word_1_309' title='bbox 694 3921 796 3959; x_wconf 91' lang='lat' dir='ltr'><strong>non</strong></span> <span class='ocrx_word' id='word_1_310' title='bbox 829 3904 898 3956; x_wconf 92' lang='lat' dir='ltr'><strong>ita</strong></span> <span class='ocrx_word' id='word_1_311' title='bbox 938 3899 1172 3968; x_wconf 85' lang='lat' dir='ltr'><strong>locuples</strong></span> <span class='ocrx_word' id='word_1_312' title='bbox 1204 3878 1321 3965; x_wconf 64' lang='lat' dir='ltr'><strong>pus&#39;t</strong></span> <span class='ocrx_word' id='word_1_313' title='bbox 1365 3878 1584 3947; x_wconf 83' lang='lat' dir='ltr'><strong>multum</strong></span> <span class='ocrx_word' id='word_1_314' title='bbox 1633 3886 1884 3956; x_wconf 90' lang='lat' dir='ltr'><strong>temporis</strong></span> <span class='ocrx_word' id='word_1_315' title='bbox 1929 3879 2228 3950; x_wconf 88' lang='lat' dir='ltr'><strong>reposueris</strong></span> <span class='ocrx_word' id='word_1_316' title='bbox 2254 3918 2268 3943; x_wconf 94' lang='lat'><strong>,</strong></span> 
     </span>
    </p>
   </div>
   <div class='ocr_carea' id='block_1_40' title="bbox 694 3969 2273 4062">
    <p class='ocr_par' dir='ltr' id='par_1_40' title="bbox 694 3969 2273 4062">
     <span class='ocr_line' id='line_1_40' title="bbox 694 3969 2273 4062; baseline -0.018 -14"><span class='ocrx_word' id='word_1_317' title='bbox 694 4011 795 4049; x_wconf 89' lang='lat' dir='ltr'><strong>non</strong></span> <span class='ocrx_word' id='word_1_318' title='bbox 824 3991 964 4062; x_wconf 83' lang='lat' dir='ltr'><strong>cogit</strong></span> <span class='ocrx_word' id='word_1_319' title='bbox 988 4006 1090 4044; x_wconf 91' lang='lat' dir='ltr'><strong>non</strong></span> <span class='ocrx_word' id='word_1_320' title='bbox 1125 3988 1424 4041; x_wconf 83' lang='lat' dir='ltr'><strong>habentem.</strong></span> <span class='ocrx_word' id='word_1_321' title='bbox 1445 3982 1520 4036; x_wconf 85' lang='lat' dir='ltr'><strong>Ne</strong></span> <span class='ocrx_word' id='word_1_322' title='bbox 1543 3981 1699 4051; x_wconf 89' lang='lat' dir='ltr'><strong>igitur</strong></span> <span class='ocrx_word' id='word_1_323' title='bbox 1721 3975 1972 4048; x_wconf 87' lang='lat' dir='ltr'><strong>patientia</strong></span> <span class='ocrx_word' id='word_1_324' title='bbox 2001 3972 2116 4039; x_wconf 86' lang='lat' dir='ltr'><strong>ejus</strong></span> <span class='ocrx_word' id='word_1_325' title='bbox 2143 3969 2273 4022; x_wconf 89' lang='lat' dir='ltr'><strong>abu-</strong></span> 
     </span>
    </p>
   </div>
   <div class='ocr_carea' id='block_1_41' title="bbox 695 4061 2272 4147">
    <p class='ocr_par' dir='ltr' id='par_1_41' title="bbox 695 4061 2272 4147">
     <span class='ocr_line' id='line_1_41' title="bbox 695 4061 2272 4147; baseline -0.017 -8"><span class='ocrx_word' id='word_1_326' title='bbox 695 4098 862 4139; x_wconf 90' lang='lat' dir='ltr'><strong>tamur</strong></span> <span class='ocrx_word' id='word_1_327' title='bbox 888 4125 901 4147; x_wconf 92' lang='lat'><strong>,</strong></span> <span class='ocrx_word' id='word_1_328' title='bbox 935 4082 1026 4136; x_wconf 90' lang='lat' dir='ltr'><strong>sed</strong></span> <span class='ocrx_word' id='word_1_329' title='bbox 1053 4079 1469 4134; x_wconf 84' lang='lat' dir='ltr'><strong>thesaurizemus</strong></span> <span class='ocrx_word' id='word_1_330' title='bbox 1497 4074 1650 4146; x_wconf 77' lang='lat' dir='ltr'><strong>nobis</strong></span> <span class='ocrx_word' id='word_1_331' title='bbox 1677 4085 1779 4124; x_wconf 91' lang='lat' dir='ltr'><strong>non</strong></span> <span class='ocrx_word' id='word_1_332' title='bbox 1810 4069 1939 4121; x_wconf 91' lang='lat' dir='ltr'><strong>iram</strong></span> <span class='ocrx_word' id='word_1_333' title='bbox 1962 4105 1976 4129; x_wconf 95' lang='lat'><strong>,</strong></span> <span class='ocrx_word' id='word_1_334' title='bbox 2004 4063 2096 4117; x_wconf 88' lang='lat' dir='ltr'><strong>sed</strong></span> <span class='ocrx_word' id='word_1_335' title='bbox 2126 4061 2272 4115; x_wconf 81' lang='lat' dir='ltr'><strong>salu-</strong></span> 
     </span>
    </p>
   </div>
   <div class='ocr_carea' id='block_1_42' title="bbox 696 4151 2274 4238">
    <p class='ocr_par' dir='ltr' id='par_1_42' title="bbox 696 4151 2274 4238">
     <span class='ocr_line' id='line_1_42' title="bbox 696 4151 2274 4238; baseline -0.019 -8"><span class='ocrx_word' id='word_1_336' title='bbox 696 4188 821 4238; x_wconf 90' lang='lat' dir='ltr'><strong>tem;</strong></span> <span class='ocrx_word' id='word_1_337' title='bbox 850 4190 951 4227; x_wconf 92' lang='lat' dir='ltr'><strong>non</strong></span> <span class='ocrx_word' id='word_1_338' title='bbox 980 4181 1226 4231; x_wconf 76' lang='lat' dir='ltr'><strong>mortem,</strong></span> <span class='ocrx_word' id='word_1_339' title='bbox 1254 4165 1345 4220; x_wconf 90' lang='lat' dir='ltr'><strong>sed</strong></span> <span class='ocrx_word' id='word_1_340' title='bbox 1374 4166 1552 4226; x_wconf 80' lang='lat' dir='ltr'><strong>vitam;</strong></span> <span class='ocrx_word' id='word_1_341' title='bbox 1579 4176 1681 4215; x_wconf 93' lang='lat' dir='ltr'><strong>non</strong></span> <span class='ocrx_word' id='word_1_342' title='bbox 1711 4157 2024 4228; x_wconf 89' lang='lat' dir='ltr'><strong>supplicium</strong></span> <span class='ocrx_word' id='word_1_343' title='bbox 2045 4160 2098 4207; x_wconf 89' lang='lat' dir='ltr'><strong>et</strong></span> <span class='ocrx_word' id='word_1_344' title='bbox 2119 4151 2274 4204; x_wconf 87' lang='lat' dir='ltr'><strong>ultio-</strong></span> 
     </span>
    </p>
   </div>
   <div class='ocr_carea' id='block_1_43' title="bbox 695 4243 2272 4332">
    <p class='ocr_par' dir='ltr' id='par_1_43' title="bbox 695 4243 2272 4332">
     <span class='ocr_line' id='line_1_43' title="bbox 695 4243 2272 4332; baseline -0.016 -9"><span class='ocrx_word' id='word_1_345' title='bbox 695 4284 835 4332; x_wconf 87' lang='lat' dir='ltr'><strong>nem,</strong></span> <span class='ocrx_word' id='word_1_346' title='bbox 869 4266 961 4321; x_wconf 87' lang='lat' dir='ltr'><strong>sed</strong></span> <span class='ocrx_word' id='word_1_347' title='bbox 987 4266 1220 4318; x_wconf 86' lang='lat' dir='ltr'><strong>honores</strong></span> <span class='ocrx_word' id='word_1_348' title='bbox 1249 4269 1303 4316; x_wconf 89' lang='lat' dir='ltr'><strong>et</strong></span> <span class='ocrx_word' id='word_1_349' title='bbox 1328 4271 1574 4315; x_wconf 85' lang='lat' dir='ltr'><strong>coronas.</strong></span> <span class='ocrx_word' id='word_1_350' title='bbox 1613 4254 1728 4310; x_wconf 83' lang='lat' dir='ltr'><strong>Non</strong></span> <span class='ocrx_word' id='word_1_351' title='bbox 1759 4260 1844 4307; x_wconf 90' lang='lat' dir='ltr'><strong>est</strong></span> <span class='ocrx_word' id='word_1_352' title='bbox 1874 4251 1959 4304; x_wconf 90' lang='lat' dir='ltr'><strong>hic</strong></span> <span class='ocrx_word' id='word_1_353' title='bbox 1986 4243 2109 4318; x_wconf 88' lang='lat' dir='ltr'><strong>quid</strong></span> <span class='ocrx_word' id='word_1_354' title='bbox 2141 4261 2272 4314; x_wconf 88' lang='lat' dir='ltr'><strong>pen-</strong></span> 
     </span>
    </p>
   </div>
   <div class='ocr_carea' id='block_1_44' title="bbox 696 4335 2272 4416">
    <p class='ocr_par' dir='ltr' id='par_1_44' title="bbox 696 4335 2272 4416">
     <span class='ocr_line' id='line_1_44' title="bbox 696 4335 2272 4416; baseline -0.016 -2"><span class='ocrx_word' id='word_1_355' title='bbox 696 4359 921 4416; x_wconf 89' lang='lat' dir='ltr'><strong>dendum</strong></span> <span class='ocrx_word' id='word_1_356' title='bbox 948 4357 1014 4411; x_wconf 91' lang='lat' dir='ltr'><strong>ad</strong></span> <span class='ocrx_word' id='word_1_357' title='bbox 1046 4365 1313 4409; x_wconf 78' lang='lat' dir='ltr'><strong>vecturam</strong></span> <span class='ocrx_word' id='word_1_358' title='bbox 1341 4352 1639 4407; x_wconf 88' lang='lat' dir='ltr'><strong>oblatorum</strong></span> <span class='ocrx_word' id='word_1_359' title='bbox 1663 4363 1676 4410; x_wconf 91' lang='lat'><strong>;</strong></span> <span class='ocrx_word' id='word_1_360' title='bbox 1706 4360 1809 4400; x_wconf 91' lang='lat' dir='ltr'><strong>non</strong></span> <span class='ocrx_word' id='word_1_361' title='bbox 1835 4339 2180 4398; x_wconf 86' lang='lat' dir='ltr'><strong>laborandum</strong></span> <span class='ocrx_word' id='word_1_362' title='bbox 2208 4335 2272 4390; x_wconf 91' lang='lat' dir='ltr'><strong>ad</strong></span> 
     </span>
    </p>
   </div>
   <div class='ocr_carea' id='block_1_45' title="bbox 696 4427 2275 4523">
    <p class='ocr_par' dir='ltr' id='par_1_45' title="bbox 696 4427 2275 4523">
     <span class='ocr_line' id='line_1_45' title="bbox 696 4427 2275 4523; baseline -0.018 -16"><span class='ocrx_word' id='word_1_363' title='bbox 696 4459 969 4523; x_wconf 88' lang='lat' dir='ltr'><strong>argentum</strong></span> <span class='ocrx_word' id='word_1_364' title='bbox 997 4445 1403 4503; x_wconf 90' lang='lat' dir='ltr'><strong>corradendum.</strong></span> <span class='ocrx_word' id='word_1_365' title='bbox 1429 4441 1487 4499; x_wconf 88' lang='lat' dir='ltr'><strong>Si</strong></span> <span class='ocrx_word' id='word_1_366' title='bbox 1517 4441 1753 4509; x_wconf 85' lang='lat' dir='ltr'><strong>deponas</strong></span> <span class='ocrx_word' id='word_1_367' title='bbox 1792 4437 1878 4490; x_wconf 90' lang='lat' dir='ltr'><strong>illa</strong></span> <span class='ocrx_word' id='word_1_368' title='bbox 1905 4476 1920 4500; x_wconf 95' lang='lat'><strong>,</strong></span> <span class='ocrx_word' id='word_1_369' title='bbox 1953 4432 2066 4502; x_wconf 90' lang='lat' dir='ltr'><strong>ipse</strong></span> <span class='ocrx_word' id='word_1_370' title='bbox 2093 4427 2275 4483; x_wconf 89' lang='lat' dir='ltr'><strong>Domi-</strong></span> 
     </span>
    </p>
   </div>
   <div class='ocr_carea' id='block_1_46' title="bbox 698 4525 2273 4603">
    <p class='ocr_par' dir='ltr' id='par_1_46' title="bbox 698 4525 2273 4603">
     <span class='ocr_line' id='line_1_46' title="bbox 698 4525 2273 4603; baseline -0.019 -5"><span class='ocrx_word' id='word_1_371' title='bbox 698 4562 794 4598; x_wconf 87' lang='lat' dir='ltr'><strong>nus</strong></span> <span class='ocrx_word' id='word_1_372' title='bbox 819 4545 868 4597; x_wconf 93' lang='lat' dir='ltr'><strong>in</strong></span> <span class='ocrx_word' id='word_1_373' title='bbox 895 4541 1083 4596; x_wconf 67' lang='lat' dir='ltr'><strong>caalum</strong></span> <span class='ocrx_word' id='word_1_374' title='bbox 1110 4535 1386 4592; x_wconf 88' lang='lat' dir='ltr'><strong>transfert:</strong></span> <span class='ocrx_word' id='word_1_375' title='bbox 1413 4532 1526 4603; x_wconf 88' lang='lat' dir='ltr'><strong>ipse</strong></span> <span class='ocrx_word' id='word_1_376' title='bbox 1558 4532 1647 4585; x_wconf 91' lang='lat' dir='ltr'><strong>tibi</strong></span> <span class='ocrx_word' id='word_1_377' title='bbox 1685 4525 2094 4597; x_wconf 87' lang='lat' dir='ltr'><strong>negotiationem</strong></span> <span class='ocrx_word' id='word_1_378' title='bbox 2123 4525 2273 4588; x_wconf 88' lang='lat' dir='ltr'><strong>parat</strong></span> 
     </span>
    </p>
   </div>
   <div class='ocr_carea' id='block_1_47' title="bbox 3845 351 3947 405">
    <p class='ocr_par' dir='ltr' id='par_1_47' title="bbox 3845 351 3947 405">
     <span class='ocr_line' id='line_1_47' title="bbox 3845 351 3947 405; baseline 0.02 -3"><span class='ocrx_word' id='word_1_379' title='bbox 3845 351 3947 405; x_wconf 64' lang='lat'><strong>679.</strong></span> 
     </span>
    </p>
   </div>
   <div class='ocr_carea' id='block_1_48' title="bbox 2362 466 3948 538">
    <p class='ocr_par' dir='ltr' id='par_1_48' title="bbox 2362 466 3948 538">
     <span class='ocr_line' id='line_1_48' title="bbox 2362 466 3948 538; baseline -0.006 -13"><span class='ocrx_word' id='word_1_380' title='bbox 2362 472 2582 525; x_wconf 89' lang='lat' dir='ltr'><strong>multum</strong></span> <span class='ocrx_word' id='word_1_381' title='bbox 2601 469 2731 522; x_wconf 85' lang='lat' dir='ltr'><strong>lucri</strong></span> <span class='ocrx_word' id='word_1_382' title='bbox 2754 468 3083 522; x_wconf 89' lang='lat' dir='ltr'><strong>afl&#39;crentem.</strong></span> <span class='ocrx_word' id='word_1_383' title='bbox 3103 467 3216 522; x_wconf 86' lang='lat' dir='ltr'><strong>Non</strong></span> <span class='ocrx_word' id='word_1_384' title='bbox 3239 476 3320 521; x_wconf 85' lang='lat' dir='ltr'><strong>est</strong></span> <span class='ocrx_word' id='word_1_385' title='bbox 3343 466 3427 522; x_wconf 90' lang='lat' dir='ltr'><strong>hic</strong></span> <span class='ocrx_word' id='word_1_386' title='bbox 3447 466 3768 538; x_wconf 73' lang='lat' dir='ltr'><strong>qumrendns</strong></span> <span class='ocrx_word' id='word_1_387' title='bbox 3794 467 3948 520; x_wconf 82' lang='lat' dir='ltr'><strong>homo</strong></span> 
     </span>
    </p>
   </div>
   <div class='ocr_carea' id='block_1_49' title="bbox 2360 559 3953 639">
    <p class='ocr_par' dir='ltr' id='par_1_49' title="bbox 2360 559 3953 639">
     <span class='ocr_line' id='line_1_49' title="bbox 2360 559 3953 639; baseline -0.009 -17"><span class='ocrx_word' id='word_1_388' title='bbox 2360 570 2446 639; x_wconf 89' lang='lat' dir='ltr'><strong>qui</strong></span> <span class='ocrx_word' id='word_1_389' title='bbox 2476 567 2714 636; x_wconf 86' lang='lat' dir='ltr'><strong>deposita</strong></span> <span class='ocrx_word' id='word_1_390' title='bbox 2746 567 3064 621; x_wconf 82' lang='lat' dir='ltr'><strong>transferat:</strong></span> <span class='ocrx_word' id='word_1_391' title='bbox 3093 573 3296 620; x_wconf 88' lang='lat' dir='ltr'><strong>tantum</strong></span> <span class='ocrx_word' id='word_1_392' title='bbox 3326 563 3549 630; x_wconf 81' lang='lat' dir='ltr'><strong>depone,</strong></span> <span class='ocrx_word' id='word_1_393' title='bbox 3581 562 3758 614; x_wconf 84' lang='lat' dir='ltr'><strong>statim</strong></span> <span class='ocrx_word' id='word_1_394' title='bbox 3787 559 3953 627; x_wconf 76' lang='lat' dir='ltr'><strong>depo-</strong></span> 
     </span>
    </p>
   </div>
   <div class='ocr_carea' id='block_1_50' title="bbox 2362 650 3952 722">
    <p class='ocr_par' dir='ltr' id='par_1_50' title="bbox 2362 650 3952 722">
     <span class='ocr_line' id='line_1_50' title="bbox 2362 650 3952 722; baseline -0.006 -10"><span class='ocrx_word' id='word_1_395' title='bbox 2362 660 2521 713; x_wconf 89' lang='lat' dir='ltr'><strong>situm</strong></span> <span class='ocrx_word' id='word_1_396' title='bbox 2549 657 2810 722; x_wconf 87' lang='lat' dir='ltr'><strong>ascendit;</strong></span> <span class='ocrx_word' id='word_1_397' title='bbox 2839 672 2941 711; x_wconf 91' lang='lat' dir='ltr'><strong>non</strong></span> <span class='ocrx_word' id='word_1_398' title='bbox 2971 667 3026 710; x_wconf 93' lang='lat' dir='ltr'><strong>ut</strong></span> <span class='ocrx_word' id='word_1_399' title='bbox 3053 656 3138 710; x_wconf 89' lang='lat' dir='ltr'><strong>alii</strong></span> <span class='ocrx_word' id='word_1_400' title='bbox 3169 655 3366 710; x_wconf 90' lang='lat' dir='ltr'><strong>milites</strong></span> <span class='ocrx_word' id='word_1_401' title='bbox 3395 653 3624 715; x_wconf 88' lang='lat' dir='ltr'><strong>alantur,</strong></span> <span class='ocrx_word' id='word_1_402' title='bbox 3656 650 3752 704; x_wconf 88' lang='lat' dir='ltr'><strong>sed</strong></span> <span class='ocrx_word' id='word_1_403' title='bbox 3780 659 3840 703; x_wconf 90' lang='lat' dir='ltr'><strong>ut</strong></span> <span class='ocrx_word' id='word_1_404' title='bbox 3863 651 3952 702; x_wconf 89' lang='lat' dir='ltr'><strong>tibi</strong></span> 
     </span>
    </p>
   </div>
   <div class='ocr_carea' id='block_1_51' title="bbox 2363 742 3953 819">
    <p class='ocr_par' dir='ltr' id='par_1_51' title="bbox 2363 742 3953 819">
     <span class='ocr_line' id='line_1_51' title="bbox 2363 742 3953 819; baseline -0.005 -15"><span class='ocrx_word' id='word_1_405' title='bbox 2363 759 2606 806; x_wconf 88' lang='lat' dir='ltr'><strong>maneant</strong></span> <span class='ocrx_word' id='word_1_406' title='bbox 2630 767 2746 805; x_wconf 89' lang='lat' dir='ltr'><strong>cum</strong></span> <span class='ocrx_word' id='word_1_407' title='bbox 2777 765 2967 819; x_wconf 88' lang='lat' dir='ltr'><strong>magno</strong></span> <span class='ocrx_word' id='word_1_408' title='bbox 3000 751 3218 806; x_wconf 82' lang='lat' dir='ltr'><strong>fcenore.</strong></span> <span class='ocrx_word' id='word_1_409' title='bbox 3255 748 3348 802; x_wconf 86' lang='lat' dir='ltr'><strong>Hie</strong></span> <span class='ocrx_word' id='word_1_410' title='bbox 3379 748 3518 802; x_wconf 90' lang='lat' dir='ltr'><strong>enim</strong></span> <span class='ocrx_word' id='word_1_411' title='bbox 3545 761 3665 800; x_wconf 91' lang='lat' dir='ltr'><strong>eum</strong></span> <span class='ocrx_word' id='word_1_412' title='bbox 3689 744 3808 808; x_wconf 87' lang='lat' dir='ltr'><strong>das,</strong></span> <span class='ocrx_word' id='word_1_413' title='bbox 3833 742 3953 797; x_wconf 87' lang='lat' dir='ltr'><strong>data</strong></span> 
     </span>
    </p>
   </div>
   <div class='ocr_carea' id='block_1_52' title="bbox 2365 836 3955 910">
    <p class='ocr_par' dir='ltr' id='par_1_52' title="bbox 2365 836 3955 910">
     <span class='ocr_line' id='line_1_52' title="bbox 2365 836 3955 910; baseline -0.005 -16"><span class='ocrx_word' id='word_1_414' title='bbox 2365 850 2607 910; x_wconf 85' lang='lat' dir='ltr'><strong>repetere</strong></span> <span class='ocrx_word' id='word_1_415' title='bbox 2638 857 2740 895; x_wconf 91' lang='lat' dir='ltr'><strong>non</strong></span> <span class='ocrx_word' id='word_1_416' title='bbox 2768 841 2890 895; x_wconf 88' lang='lat' dir='ltr'><strong>licet</strong></span> <span class='ocrx_word' id='word_1_417' title='bbox 2923 860 2932 891; x_wconf 94' lang='lat'>:</span> <span class='ocrx_word' id='word_1_418' title='bbox 2967 841 3075 895; x_wconf 90' lang='lat' dir='ltr'><strong>illic</strong></span> <span class='ocrx_word' id='word_1_419' title='bbox 3106 856 3232 895; x_wconf 87' lang='lat' dir='ltr'><strong>vero</strong></span> <span class='ocrx_word' id='word_1_420' title='bbox 3261 854 3454 909; x_wconf 87' lang='lat' dir='ltr'><strong>magno</strong></span> <span class='ocrx_word' id='word_1_421' title='bbox 3485 853 3604 892; x_wconf 92' lang='lat' dir='ltr'><strong>cum</strong></span> <span class='ocrx_word' id='word_1_422' title='bbox 3636 839 3844 890; x_wconf 86' lang='lat' dir='ltr'><strong>honore</strong></span> <span class='ocrx_word' id='word_1_423' title='bbox 3872 836 3955 888; x_wconf 90' lang='lat' dir='ltr'><strong>illa</strong></span> 
     </span>
    </p>
   </div>
   <div class='ocr_carea' id='block_1_53' title="bbox 2362 926 3950 1002">
    <p class='ocr_par' dir='ltr' id='par_1_53' title="bbox 2362 926 3950 1002">
     <span class='ocr_line' id='line_1_53' title="bbox 2362 926 3950 1002; baseline -0.004 -17"><span class='ocrx_word' id='word_1_424' title='bbox 2362 947 2569 985; x_wconf 89' lang='lat' dir='ltr'><strong>rursum</strong></span> <span class='ocrx_word' id='word_1_425' title='bbox 2604 932 2862 1002; x_wconf 90' lang='lat' dir='ltr'><strong>recipies,</strong></span> <span class='ocrx_word' id='word_1_426' title='bbox 2889 931 3195 1001; x_wconf 85' lang='lat' dir='ltr'><strong>majoraque</strong></span> <span class='ocrx_word' id='word_1_427' title='bbox 3241 943 3304 984; x_wconf 91' lang='lat' dir='ltr'><strong>ac</strong></span> <span class='ocrx_word' id='word_1_428' title='bbox 3342 929 3636 998; x_wconf 84' lang='lat' dir='ltr'><strong>spiritualia</strong></span> <span class='ocrx_word' id='word_1_429' title='bbox 3674 926 3823 980; x_wconf 89' lang='lat' dir='ltr'><strong>lucra</strong></span> <span class='ocrx_word' id='word_1_430' title='bbox 3869 942 3950 979; x_wconf 82' lang='lat' dir='ltr'><strong>re-</strong></span> 
     </span>
    </p>
   </div>
   <div class='ocr_carea' id='block_1_54' title="bbox 2365 1019 3951 1094">
    <p class='ocr_par' dir='ltr' id='par_1_54' title="bbox 2365 1019 3951 1094">
     <span class='ocr_line' id='line_1_54' title="bbox 2365 1019 3951 1094; baseline -0.003 -18"><span class='ocrx_word' id='word_1_431' title='bbox 2365 1025 2521 1078; x_wconf 90' lang='lat' dir='ltr'><strong>feres.</strong></span> <span class='ocrx_word' id='word_1_432' title='bbox 2551 1025 2646 1080; x_wconf 87' lang='lat' dir='ltr'><strong>llic</strong></span> <span class='ocrx_word' id='word_1_433' title='bbox 2662 1041 2779 1094; x_wconf 76' lang='lat' dir='ltr'><strong>qua:</strong></span> <span class='ocrx_word' id='word_1_434' title='bbox 2801 1025 2993 1078; x_wconf 89' lang='lat' dir='ltr'><strong>dantur</strong></span> <span class='ocrx_word' id='word_1_435' title='bbox 3015 1035 3133 1078; x_wconf 89' lang='lat' dir='ltr'><strong>sunt</strong></span> <span class='ocrx_word' id='word_1_436' title='bbox 3156 1023 3384 1088; x_wconf 79' lang='lat' dir='ltr'><strong>exactio,</strong></span> <span class='ocrx_word' id='word_1_437' title='bbox 3416 1021 3521 1076; x_wconf 89' lang='lat' dir='ltr'><strong>illic</strong></span> <span class='ocrx_word' id='word_1_438' title='bbox 3547 1035 3727 1085; x_wconf 89' lang='lat' dir='ltr'><strong>usura,</strong></span> <span class='ocrx_word' id='word_1_439' title='bbox 3756 1019 3951 1080; x_wconf 68' lang='lat' dir='ltr'><strong>faenus,</strong></span> 
     </span>
    </p>
   </div>
   <div class='ocr_carea' id='block_1_55' title="bbox 2362 1111 3954 1186">
    <p class='ocr_par' dir='ltr' id='par_1_55' title="bbox 2362 1111 3954 1186">
     <span class='ocr_line' id='line_1_55' title="bbox 2362 1111 3954 1186; baseline -0.005 -19"><span class='ocrx_word' id='word_1_440' title='bbox 2362 1115 2619 1169; x_wconf 91' lang='lat' dir='ltr'><strong>debitum.</strong></span> <span class='ocrx_word' id='word_1_441' title='bbox 2647 1115 2776 1170; x_wconf 84' lang='lat' dir='ltr'><strong>Nam</strong></span> <span class='ocrx_word' id='word_1_442' title='bbox 2809 1116 3158 1186; x_wconf 89' lang='lat' dir='ltr'><strong>chirographa</strong></span> <span class='ocrx_word' id='word_1_443' title='bbox 3194 1115 3284 1168; x_wconf 88' lang='lat' dir='ltr'><strong>tibi</strong></span> <span class='ocrx_word' id='word_1_444' title='bbox 3324 1114 3460 1167; x_wconf 86' lang='lat' dir='ltr'><strong>Deus</strong></span> <span class='ocrx_word' id='word_1_445' title='bbox 3487 1112 3608 1166; x_wconf 86' lang='lat' dir='ltr'><strong>fecit</strong></span> <span class='ocrx_word' id='word_1_446' title='bbox 3629 1129 3641 1165; x_wconf 91' lang='lat'>:</span> <span class='ocrx_word' id='word_1_447' title='bbox 3666 1111 3739 1164; x_wconf 87' lang='lat' dir='ltr'><strong>ait</strong></span> <span class='ocrx_word' id='word_1_448' title='bbox 3768 1112 3917 1164; x_wconf 86' lang='lat' dir='ltr'><strong>enim</strong></span> <span class='ocrx_word' id='word_1_449' title='bbox 3943 1127 3954 1159; x_wconf 91' lang='lat'><strong>:</strong></span> 
     </span>
    </p>
   </div>
   <div class='ocr_carea' id='block_1_56' title="bbox 2365 1203 3959 1280">
    <p class='ocr_par' dir='ltr' id='par_1_56' title="bbox 2365 1203 3959 1280">
     <span class='ocr_line' id='line_1_56' title="bbox 2365 1203 3959 1280; baseline -0.004 -20"><span class='ocrx_word' id='word_1_450' title='bbox 2365 1208 2462 1273; x_wconf 81' lang='lat' dir='ltr'><strong>Qui</strong></span> <span class='ocrx_word' id='word_1_451' title='bbox 2499 1209 2760 1262; x_wconf 78' lang='lat' dir='ltr'><strong>miseretur</strong></span> <span class='ocrx_word' id='word_1_452' title='bbox 2786 1209 3039 1280; x_wconf 77' lang='lat' dir='ltr'><strong>pauperis,</strong></span> <span class='ocrx_word' id='word_1_453' title='bbox 3069 1205 3176 1259; x_wconf 84' lang='lat' dir='ltr'><strong>Deo</strong></span> <span class='ocrx_word' id='word_1_454' title='bbox 3203 1207 3479 1275; x_wconf 70' lang='lat' dir='ltr'><strong>[teneretur</strong></span> <span class='ocrx_word' id='word_1_455' title='bbox 3509 1203 3688 1274; x_wconf 72' lang='lat' dir='ltr'><strong>(Prov.</strong></span> <span class='ocrx_word' id='word_1_456' title='bbox 3723 1203 3810 1258; x_wconf 81' lang='grc'><strong>19.</strong></span> <span class='ocrx_word' id='word_1_457' title='bbox 3847 1203 3959 1269; x_wconf 77' lang='grc'><strong>17).</strong></span> 
     </span>
    </p>
   </div>
   <div class='ocr_carea' id='block_1_57' title="bbox 2365 1293 3956 1362">
    <p class='ocr_par' dir='ltr' id='par_1_57' title="bbox 2365 1293 3956 1362">
     <span class='ocr_line' id='line_1_57' title="bbox 2365 1293 3956 1362; baseline -0.008 -6"><span class='ocrx_word' id='word_1_458' title='bbox 2365 1302 2515 1356; x_wconf 88' lang='lat' dir='ltr'><strong>Dedit</strong></span> <span class='ocrx_word' id='word_1_459' title='bbox 2541 1300 2634 1353; x_wconf 92' lang='lat' dir='ltr'><strong>tibi</strong></span> <span class='ocrx_word' id='word_1_460' title='bbox 2663 1298 2877 1352; x_wconf 89' lang='lat' dir='ltr'><strong>arrham</strong></span> <span class='ocrx_word' id='word_1_461' title='bbox 2900 1305 2952 1351; x_wconf 93' lang='lat' dir='ltr'><strong>et</strong></span> <span class='ocrx_word' id='word_1_462' title='bbox 2977 1298 3159 1362; x_wconf 82' lang='lat' dir='ltr'><strong>vades,</strong></span> <span class='ocrx_word' id='word_1_463' title='bbox 3189 1297 3286 1350; x_wconf 88' lang='lat' dir='ltr'><strong>etsi</strong></span> <span class='ocrx_word' id='word_1_464' title='bbox 3320 1295 3458 1349; x_wconf 87' lang='lat' dir='ltr'><strong>Deus</strong></span> <span class='ocrx_word' id='word_1_465' title='bbox 3485 1297 3571 1347; x_wconf 86' lang='lat' dir='ltr'><strong>sit.</strong></span> <span class='ocrx_word' id='word_1_466' title='bbox 3605 1294 3737 1362; x_wconf 67' lang='lat' dir='ltr'><strong>Quae</strong></span> <span class='ocrx_word' id='word_1_467' title='bbox 3768 1293 3956 1349; x_wconf 76' lang='lat' dir='ltr'><strong>arrha.</strong></span> 
     </span>
    </p>
   </div>
   <div class='ocr_carea' id='block_1_58' title="bbox 2345 1385 3955 1462">
    <p class='ocr_par' dir='ltr' id='par_1_58' title="bbox 2345 1385 3955 1462">
     <span class='ocr_line' id='line_1_58' title="bbox 2345 1385 3955 1462; baseline -0.006 -18"><span class='ocrx_word' id='word_1_468' title='bbox 2345 1393 2447 1462; x_wconf 84' lang='lat' dir='ltr'><strong>qui</strong></span> <span class='ocrx_word' id='word_1_469' title='bbox 2472 1388 2815 1455; x_wconf 75' lang='lat' dir='ltr'><strong>vades?Qn;e</strong></span> <span class='ocrx_word' id='word_1_470' title='bbox 2836 1397 2959 1442; x_wconf 91' lang='lat' dir='ltr'><strong>sunt</strong></span> <span class='ocrx_word' id='word_1_471' title='bbox 2983 1389 3033 1441; x_wconf 90' lang='lat' dir='ltr'><strong>in</strong></span> <span class='ocrx_word' id='word_1_472' title='bbox 3056 1387 3300 1456; x_wconf 63' lang='lat' dir='ltr'><strong>praisenti</strong></span> <span class='ocrx_word' id='word_1_473' title='bbox 3328 1386 3452 1449; x_wconf 87' lang='lat' dir='ltr'><strong>vita,</strong></span> <span class='ocrx_word' id='word_1_474' title='bbox 3475 1385 3767 1444; x_wconf 81' lang='lat' dir='ltr'><strong>sensibilia,</strong></span> <span class='ocrx_word' id='word_1_475' title='bbox 3793 1385 3955 1452; x_wconf 85' lang='lat' dir='ltr'><strong>spiri-</strong></span> 
     </span>
    </p>
   </div>
   <div class='ocr_carea' id='block_1_59' title="bbox 2365 1475 3959 1548">
    <p class='ocr_par' dir='ltr' id='par_1_59' title="bbox 2365 1475 3959 1548">
     <span class='ocr_line' id='line_1_59' title="bbox 2365 1475 3959 1548; baseline -0.006 -10"><span class='ocrx_word' id='word_1_476' title='bbox 2365 1484 2542 1548; x_wconf 88' lang='lat' dir='ltr'><strong>tualia,</strong></span> <span class='ocrx_word' id='word_1_477' title='bbox 2557 1481 2774 1536; x_wconf 81' lang='lat' dir='ltr'><strong>exordia</strong></span> <span class='ocrx_word' id='word_1_478' title='bbox 2792 1478 3112 1533; x_wconf 90' lang='lat' dir='ltr'><strong>futurorum.</strong></span> <span class='ocrx_word' id='word_1_479' title='bbox 3129 1478 3263 1544; x_wconf 84' lang='lat' dir='ltr'><strong>Quid</strong></span> <span class='ocrx_word' id='word_1_480' title='bbox 3285 1478 3439 1546; x_wconf 87' lang='lat' dir='ltr'><strong>igitur</strong></span> <span class='ocrx_word' id='word_1_481' title='bbox 3460 1477 3635 1530; x_wconf 76' lang='lat' dir='ltr'><strong>tardas</strong></span> <span class='ocrx_word' id='word_1_482' title='bbox 3655 1475 3959 1538; x_wconf 83' lang='lat' dir='ltr'><strong>etdnhitas,</strong></span> 
     </span>
    </p>
   </div>
   <div class='ocr_carea' id='block_1_60' title="bbox 2361 1566 3959 1641">
    <p class='ocr_par' dir='ltr' id='par_1_60' title="bbox 2361 1566 3959 1641">
     <span class='ocr_line' id='line_1_60' title="bbox 2361 1566 3959 1641; baseline -0.008 -11"><span class='ocrx_word' id='word_1_483' title='bbox 2361 1592 2480 1630; x_wconf 91' lang='lat' dir='ltr'><strong>cum</strong></span> <span class='ocrx_word' id='word_1_484' title='bbox 2520 1582 2595 1628; x_wconf 86' lang='lat' dir='ltr'><strong>tot</strong></span> <span class='ocrx_word' id='word_1_485' title='bbox 2625 1581 2876 1641; x_wconf 90' lang='lat' dir='ltr'><strong>tantaque</strong></span> <span class='ocrx_word' id='word_1_486' title='bbox 2908 1571 3017 1640; x_wconf 90' lang='lat' dir='ltr'><strong>jam</strong></span> <span class='ocrx_word' id='word_1_487' title='bbox 3050 1568 3350 1639; x_wconf 89' lang='lat' dir='ltr'><strong>receperis,</strong></span> <span class='ocrx_word' id='word_1_488' title='bbox 3375 1578 3451 1622; x_wconf 87' lang='lat' dir='ltr'><strong>tot</strong></span> <span class='ocrx_word' id='word_1_489' title='bbox 3487 1567 3797 1636; x_wconf 83' lang='lat' dir='ltr'><strong>exspectes?</strong></span> <span class='ocrx_word' id='word_1_490' title='bbox 3827 1566 3959 1620; x_wconf 73' lang='lat' dir='ltr'><strong>Nam</strong></span> 
     </span>
    </p>
   </div>
   <div class='ocr_carea' id='block_1_61' title="bbox 2362 1659 3960 1737">
    <p class='ocr_par' dir='ltr' id='par_1_61' title="bbox 2362 1659 3960 1737">
     <span class='ocr_line' id='line_1_61' title="bbox 2362 1659 3960 1737; baseline -0.008 -16"><span class='ocrx_word' id='word_1_491' title='bbox 2362 1683 2480 1737; x_wconf 66' lang='lat' dir='ltr'><strong>quae</strong></span> <span class='ocrx_word' id='word_1_492' title='bbox 2497 1665 2742 1734; x_wconf 83' lang='lat' dir='ltr'><strong>recepisti</strong></span> <span class='ocrx_word' id='word_1_493' title='bbox 2759 1665 2871 1718; x_wconf 76' lang='lat' dir='ltr'><strong>inec</strong></span> <span class='ocrx_word' id='word_1_494' title='bbox 2890 1670 3010 1718; x_wconf 91' lang='lat' dir='ltr'><strong>sunt</strong></span> <span class='ocrx_word' id='word_1_495' title='bbox 3033 1681 3044 1715; x_wconf 89' lang='lat'>:</span> <span class='ocrx_word' id='word_1_496' title='bbox 3063 1675 3254 1730; x_wconf 85' lang='lat' dir='ltr'><strong>corpus</strong></span> <span class='ocrx_word' id='word_1_497' title='bbox 3272 1661 3362 1715; x_wconf 89' lang='lat' dir='ltr'><strong>tibi</strong></span> <span class='ocrx_word' id='word_1_498' title='bbox 3381 1659 3699 1721; x_wconf 75' lang='lat' dir='ltr'><strong>efformavit,</strong></span> <span class='ocrx_word' id='word_1_499' title='bbox 3723 1660 3960 1711; x_wconf 86' lang='lat' dir='ltr'><strong>animam</strong></span> 
     </span>
    </p>
   </div>
   <div class='ocr_carea' id='block_1_62' title="bbox 2365 1752 3961 1822">
    <p class='ocr_par' dir='ltr' id='par_1_62' title="bbox 2365 1752 3961 1822">
     <span class='ocr_line' id='line_1_62' title="bbox 2365 1752 3961 1822; baseline -0.006 -9"><span class='ocrx_word' id='word_1_500' title='bbox 2365 1759 2454 1813; x_wconf 90' lang='lat' dir='ltr'><strong>tibi</strong></span> <span class='ocrx_word' id='word_1_501' title='bbox 2486 1757 2706 1822; x_wconf 89' lang='lat' dir='ltr'><strong>indidit;</strong></span> <span class='ocrx_word' id='word_1_502' title='bbox 2739 1765 2788 1810; x_wconf 91' lang='lat' dir='ltr'><strong>te</strong></span> <span class='ocrx_word' id='word_1_503' title='bbox 2819 1756 2986 1809; x_wconf 91' lang='lat' dir='ltr'><strong>solum</strong></span> <span class='ocrx_word' id='word_1_504' title='bbox 3022 1754 3074 1806; x_wconf 93' lang='lat' dir='ltr'><strong>in</strong></span> <span class='ocrx_word' id='word_1_505' title='bbox 3104 1763 3241 1808; x_wconf 88' lang='lat' dir='ltr'><strong>terra</strong></span> <span class='ocrx_word' id='word_1_506' title='bbox 3267 1752 3471 1805; x_wconf 84' lang='lat' dir='ltr'><strong>ratione</strong></span> <span class='ocrx_word' id='word_1_507' title='bbox 3497 1752 3734 1812; x_wconf 87' lang='lat' dir='ltr'><strong>ornavit;</strong></span> <span class='ocrx_word' id='word_1_508' title='bbox 3770 1767 3961 1805; x_wconf 75' lang='lat' dir='ltr'><strong>eorum</strong></span> 
     </span>
    </p>
   </div>
   <div class='ocr_carea' id='block_1_63' title="bbox 2363 1842 3965 1922">
    <p class='ocr_par' dir='ltr' id='par_1_63' title="bbox 2363 1842 3965 1922">
     <span class='ocr_line' id='line_1_63' title="bbox 2363 1842 3965 1922; baseline -0.006 -20"><span class='ocrx_word' id='word_1_509' title='bbox 2363 1868 2480 1922; x_wconf 67' lang='lat' dir='ltr'><strong>quae</strong></span> <span class='ocrx_word' id='word_1_510' title='bbox 2497 1851 2595 1905; x_wconf 88' lang='lat' dir='ltr'><strong>sub</strong></span> <span class='ocrx_word' id='word_1_511' title='bbox 2611 1858 2880 1917; x_wconf 89' lang='lat' dir='ltr'><strong>aspectum</strong></span> <span class='ocrx_word' id='word_1_512' title='bbox 2896 1847 3086 1900; x_wconf 88' lang='lat' dir='ltr'><strong>cadunt</strong></span> <span class='ocrx_word' id='word_1_513' title='bbox 3103 1845 3337 1899; x_wconf 92' lang='lat' dir='ltr'><strong>omnium</strong></span> <span class='ocrx_word' id='word_1_514' title='bbox 3358 1860 3508 1898; x_wconf 89' lang='lat' dir='ltr'><strong>usum</strong></span> <span class='ocrx_word' id='word_1_515' title='bbox 3527 1842 3692 1908; x_wconf 86' lang='lat' dir='ltr'><strong>dedit;</strong></span> <span class='ocrx_word' id='word_1_516' title='bbox 3708 1844 3965 1912; x_wconf 75' lang='lat' dir='ltr'><strong>cognitiu-</strong></span> 
     </span>
    </p>
   </div>
   <div class='ocr_carea' id='block_1_64' title="bbox 2367 1933 3962 2009">
    <p class='ocr_par' dir='ltr' id='par_1_64' title="bbox 2367 1933 3962 2009">
     <span class='ocr_line' id='line_1_64' title="bbox 2367 1933 3962 2009; baseline -0.009 -11"><span class='ocrx_word' id='word_1_517' title='bbox 2367 1960 2484 1998; x_wconf 90' lang='lat' dir='ltr'><strong>nem</strong></span> <span class='ocrx_word' id='word_1_518' title='bbox 2512 1944 2590 1997; x_wconf 91' lang='lat' dir='ltr'><strong>sui</strong></span> <span class='ocrx_word' id='word_1_519' title='bbox 2621 1941 2709 1995; x_wconf 90' lang='lat' dir='ltr'><strong>tibi</strong></span> <span class='ocrx_word' id='word_1_520' title='bbox 2730 1941 2946 2009; x_wconf 81' lang='lat' dir='ltr'><strong>largitus</strong></span> <span class='ocrx_word' id='word_1_521' title='bbox 2969 1947 3086 2002; x_wconf 88' lang='lat' dir='ltr'><strong>est;</strong></span> <span class='ocrx_word' id='word_1_522' title='bbox 3114 1935 3306 1990; x_wconf 87' lang='lat' dir='ltr'><strong>Filium</strong></span> <span class='ocrx_word' id='word_1_523' title='bbox 3335 1949 3487 1988; x_wconf 91' lang='lat' dir='ltr'><strong>suum</strong></span> <span class='ocrx_word' id='word_1_524' title='bbox 3510 1949 3604 2004; x_wconf 89' lang='lat' dir='ltr'><strong>pro</strong></span> <span class='ocrx_word' id='word_1_525' title='bbox 3627 1943 3677 1988; x_wconf 91' lang='lat' dir='ltr'><strong>te</strong></span> <span class='ocrx_word' id='word_1_526' title='bbox 3706 1933 3922 1987; x_wconf 85' lang='lat' dir='ltr'><strong>tradidit</strong></span> <span class='ocrx_word' id='word_1_527' title='bbox 3948 1949 3962 1996; x_wconf 89' lang='lat'><strong>;</strong></span> 
     </span>
    </p>
   </div>
   <div class='ocr_carea' id='block_1_65' title="bbox 2367 2026 3964 2105">
    <p class='ocr_par' dir='ltr' id='par_1_65' title="bbox 2367 2026 3964 2105">
     <span class='ocr_line' id='line_1_65' title="bbox 2367 2026 3964 2105; baseline -0.008 -15"><span class='ocrx_word' id='word_1_528' title='bbox 2367 2036 2623 2105; x_wconf 85' lang='lat' dir='ltr'><strong>baptisma</strong></span> <span class='ocrx_word' id='word_1_529' title='bbox 2657 2041 2732 2087; x_wconf 93' lang='lat' dir='ltr'><strong>tot</strong></span> <span class='ocrx_word' id='word_1_530' title='bbox 2757 2031 3008 2085; x_wconf 90' lang='lat' dir='ltr'><strong>refertum</strong></span> <span class='ocrx_word' id='word_1_531' title='bbox 3027 2027 3181 2082; x_wconf 93' lang='lat' dir='ltr'><strong>donis</strong></span> <span class='ocrx_word' id='word_1_532' title='bbox 3201 2026 3487 2091; x_wconf 88' lang='lat' dir='ltr'><strong>concessit,</strong></span> <span class='ocrx_word' id='word_1_533' title='bbox 3512 2039 3718 2079; x_wconf 82' lang='lat' dir='ltr'><strong>necnon</strong></span> <span class='ocrx_word' id='word_1_534' title='bbox 3751 2037 3964 2078; x_wconf 85' lang='lat' dir='ltr'><strong>sacram</strong></span> 
     </span>
    </p>
   </div>
   <div class='ocr_carea' id='block_1_66' title="bbox 2365 2115 3967 2196">
    <p class='ocr_par' dir='ltr' id='par_1_66' title="bbox 2365 2115 3967 2196">
     <span class='ocr_line' id='line_1_66' title="bbox 2365 2115 3967 2196; baseline -0.007 -14"><span class='ocrx_word' id='word_1_535' title='bbox 2365 2141 2636 2191; x_wconf 87' lang='lat' dir='ltr'><strong>mensam;</strong></span> <span class='ocrx_word' id='word_1_536' title='bbox 2680 2123 2925 2196; x_wconf 88' lang='lat' dir='ltr'><strong>promisit</strong></span> <span class='ocrx_word' id='word_1_537' title='bbox 2971 2135 3190 2192; x_wconf 89' lang='lat' dir='ltr'><strong>regnum</strong></span> <span class='ocrx_word' id='word_1_538' title='bbox 3240 2128 3294 2174; x_wconf 91' lang='lat' dir='ltr'><strong>et</strong></span> <span class='ocrx_word' id='word_1_539' title='bbox 3340 2117 3622 2173; x_wconf 83' lang='lat' dir='ltr'><strong>ineffabilia</strong></span> <span class='ocrx_word' id='word_1_540' title='bbox 3671 2118 3830 2170; x_wconf 92' lang='lat' dir='ltr'><strong>bona.</strong></span> <span class='ocrx_word' id='word_1_541' title='bbox 3861 2115 3967 2171; x_wconf 81' lang='lat' dir='ltr'><strong>Tot</strong></span> 
     </span>
    </p>
   </div>
   <div class='ocr_carea' id='block_1_67' title="bbox 2364 2208 3963 2291">
    <p class='ocr_par' dir='ltr' id='par_1_67' title="bbox 2364 2208 3963 2291">
     <span class='ocr_line' id='line_1_67' title="bbox 2364 2208 3963 2291; baseline -0.012 -16"><span class='ocrx_word' id='word_1_542' title='bbox 2364 2235 2491 2291; x_wconf 91' lang='lat' dir='ltr'><strong>ergo</strong></span> <span class='ocrx_word' id='word_1_543' title='bbox 2507 2217 2738 2287; x_wconf 89' lang='lat' dir='ltr'><strong>acceptis</strong></span> <span class='ocrx_word' id='word_1_544' title='bbox 2757 2225 2810 2270; x_wconf 89' lang='lat' dir='ltr'><strong>et</strong></span> <span class='ocrx_word' id='word_1_545' title='bbox 2830 2226 2904 2270; x_wconf 89' lang='lat' dir='ltr'><strong>tot</strong></span> <span class='ocrx_word' id='word_1_546' title='bbox 2922 2222 3233 2283; x_wconf 89' lang='lat' dir='ltr'><strong>accepturus</strong></span> <span class='ocrx_word' id='word_1_547' title='bbox 3251 2211 3324 2279; x_wconf 89' lang='lat' dir='ltr'><strong>(id</strong></span> <span class='ocrx_word' id='word_1_548' title='bbox 3346 2210 3487 2265; x_wconf 91' lang='lat' dir='ltr'><strong>enim</strong></span> <span class='ocrx_word' id='word_1_549' title='bbox 3509 2223 3716 2263; x_wconf 88' lang='lat' dir='ltr'><strong>rursum</strong></span> <span class='ocrx_word' id='word_1_550' title='bbox 3738 2208 3937 2278; x_wconf 75' lang='lat' dir='ltr'><strong>dicam)</strong></span> <span class='ocrx_word' id='word_1_551' title='bbox 3951 2250 3963 2265; x_wconf 79' lang='lat'><strong>,</strong></span> 
     </span>
    </p>
   </div>
   <div class='ocr_carea' id='block_1_68' title="bbox 2365 2302 3968 2382">
    <p class='ocr_par' dir='ltr' id='par_1_68' title="bbox 2365 2302 3968 2382">
     <span class='ocr_line' id='line_1_68' title="bbox 2365 2302 3968 2382; baseline -0.008 -14"><span class='ocrx_word' id='word_1_552' title='bbox 2365 2315 2503 2369; x_wconf 89' lang='lat' dir='ltr'><strong>circa</strong></span> <span class='ocrx_word' id='word_1_553' title='bbox 2533 2312 2795 2382; x_wconf 88' lang='lat' dir='ltr'><strong>perituras</strong></span> <span class='ocrx_word' id='word_1_554' title='bbox 2833 2308 3081 2378; x_wconf 89' lang='lat' dir='ltr'><strong>pecunias</strong></span> <span class='ocrx_word' id='word_1_555' title='bbox 3110 2320 3302 2375; x_wconf 86' lang='lat' dir='ltr'><strong>parcus</strong></span> <span class='ocrx_word' id='word_1_556' title='bbox 3347 2305 3447 2360; x_wconf 86' lang='lat' dir='ltr'><strong>es?</strong></span> <span class='ocrx_word' id='word_1_557' title='bbox 3475 2319 3695 2373; x_wconf 74' lang='lat' dir='ltr'><strong>ecquam</strong></span> <span class='ocrx_word' id='word_1_558' title='bbox 3742 2302 3968 2356; x_wconf 85' lang='lat' dir='ltr'><strong>habebis</strong></span> 
     </span>
    </p>
   </div>
   <div class='ocr_carea' id='block_1_69' title="bbox 2367 2392 3969 2466">
    <p class='ocr_par' dir='ltr' id='par_1_69' title="bbox 2367 2392 3969 2466">
     <span class='ocr_line' id='line_1_69' title="bbox 2367 2392 3969 2466; baseline -0.006 -11"><span class='ocrx_word' id='word_1_559' title='bbox 2367 2405 2572 2458; x_wconf 84' lang='lat' dir='ltr'><strong>veniam</strong></span> <span class='ocrx_word' id='word_1_560' title='bbox 2596 2403 2618 2453; x_wconf 67' lang='grc' dir='ltr'><strong>’ἔ</strong></span> <span class='ocrx_word' id='word_1_561' title='bbox 2646 2401 2750 2455; x_wconf 89' lang='lat' dir='ltr'><strong>Sed</strong></span> <span class='ocrx_word' id='word_1_562' title='bbox 2781 2399 2976 2454; x_wconf 88' lang='lat' dir='ltr'><strong>liberos</strong></span> <span class='ocrx_word' id='word_1_563' title='bbox 3008 2396 3232 2466; x_wconf 86' lang='lat' dir='ltr'><strong>respicis</strong></span> <span class='ocrx_word' id='word_1_564' title='bbox 3261 2437 3273 2460; x_wconf 92' lang='lat'><strong>,</strong></span> <span class='ocrx_word' id='word_1_565' title='bbox 3305 2403 3357 2449; x_wconf 90' lang='lat' dir='ltr'><strong>et</strong></span> <span class='ocrx_word' id='word_1_566' title='bbox 3385 2395 3597 2448; x_wconf 88' lang='lat' dir='ltr'><strong>illorum</strong></span> <span class='ocrx_word' id='word_1_567' title='bbox 3626 2407 3787 2446; x_wconf 88' lang='lat' dir='ltr'><strong>causa</strong></span> <span class='ocrx_word' id='word_1_568' title='bbox 3836 2392 3969 2445; x_wconf 87' lang='lat' dir='ltr'><strong>dare</strong></span> 
     </span>
    </p>
   </div>
   <div class='ocr_carea' id='block_1_70' title="bbox 2367 2480 3970 2563">
    <p class='ocr_par' dir='ltr' id='par_1_70' title="bbox 2367 2480 3970 2563">
     <span class='ocr_line' id='line_1_70' title="bbox 2367 2480 3970 2563; baseline -0.01 -15"><span class='ocrx_word' id='word_1_569' title='bbox 2367 2493 2600 2563; x_wconf 77' lang='lat' dir='ltr'><strong>refugis?</strong></span> <span class='ocrx_word' id='word_1_570' title='bbox 2624 2492 2690 2546; x_wconf 89' lang='lat' dir='ltr'><strong>Et</strong></span> <span class='ocrx_word' id='word_1_571' title='bbox 2713 2492 2809 2544; x_wconf 90' lang='lat' dir='ltr'><strong>hos</strong></span> <span class='ocrx_word' id='word_1_572' title='bbox 2837 2502 3046 2559; x_wconf 86' lang='lat' dir='ltr'><strong>quoque</strong></span> <span class='ocrx_word' id='word_1_573' title='bbox 3087 2486 3302 2540; x_wconf 90' lang='lat' dir='ltr'><strong>institue</strong></span> <span class='ocrx_word' id='word_1_574' title='bbox 3339 2484 3404 2538; x_wconf 89' lang='lat' dir='ltr'><strong>ad</strong></span> <span class='ocrx_word' id='word_1_575' title='bbox 3434 2483 3732 2552; x_wconf 71' lang='lat' dir='ltr'><strong>hujusntodi</strong></span> <span class='ocrx_word' id='word_1_576' title='bbox 3768 2480 3970 2535; x_wconf 71' lang='lat' dir='ltr'><strong>facien-</strong></span> 
     </span>
    </p>
   </div>
   <div class='ocr_carea' id='block_1_71' title="bbox 2369 2573 3968 2648">
    <p class='ocr_par' dir='ltr' id='par_1_71' title="bbox 2369 2573 3968 2648">
     <span class='ocr_line' id='line_1_71' title="bbox 2369 2573 3968 2648; baseline -0.009 -10"><span class='ocrx_word' id='word_1_577' title='bbox 2369 2586 2433 2638; x_wconf 90' lang='lat' dir='ltr'><strong>da</strong></span> <span class='ocrx_word' id='word_1_578' title='bbox 2469 2585 2634 2638; x_wconf 91' lang='lat' dir='ltr'><strong>lucra.</strong></span> <span class='ocrx_word' id='word_1_579' title='bbox 2664 2583 2793 2637; x_wconf 84' lang='lat' dir='ltr'><strong>Nam</strong></span> <span class='ocrx_word' id='word_1_580' title='bbox 2823 2582 2866 2634; x_wconf 89' lang='lat' dir='ltr'><strong>si</strong></span> <span class='ocrx_word' id='word_1_581' title='bbox 2895 2589 3171 2648; x_wconf 84' lang='lat' dir='ltr'><strong>argentum</strong></span> <span class='ocrx_word' id='word_1_582' title='bbox 3219 2575 3442 2630; x_wconf 88' lang='lat' dir='ltr'><strong>haberes</strong></span> <span class='ocrx_word' id='word_1_583' title='bbox 3484 2575 3583 2628; x_wconf 91' lang='lat' dir='ltr'><strong>sub</strong></span> <span class='ocrx_word' id='word_1_584' title='bbox 3615 2573 3819 2629; x_wconf 75' lang='lat' dir='ltr'><strong>fteuore</strong></span> <span class='ocrx_word' id='word_1_585' title='bbox 3851 2573 3968 2625; x_wconf 86' lang='lat' dir='ltr'><strong>col-</strong></span> 
     </span>
    </p>
   </div>
   <div class='ocr_carea' id='block_1_72' title="bbox 2370 2665 3970 2739">
    <p class='ocr_par' dir='ltr' id='par_1_72' title="bbox 2370 2665 3970 2739">
     <span class='ocr_line' id='line_1_72' title="bbox 2370 2665 3970 2739; baseline -0.009 -10"><span class='ocrx_word' id='word_1_586' title='bbox 2370 2676 2618 2739; x_wconf 84' lang='lat' dir='ltr'><strong>locatum,</strong></span> <span class='ocrx_word' id='word_1_587' title='bbox 2643 2683 2696 2726; x_wconf 89' lang='lat' dir='ltr'><strong>et</strong></span> <span class='ocrx_word' id='word_1_588' title='bbox 2725 2672 2932 2726; x_wconf 87' lang='lat' dir='ltr'><strong>debitor</strong></span> <span class='ocrx_word' id='word_1_589' title='bbox 2956 2669 3149 2738; x_wconf 91' lang='lat' dir='ltr'><strong>probus</strong></span> <span class='ocrx_word' id='word_1_590' title='bbox 3171 2675 3333 2730; x_wconf 90' lang='lat' dir='ltr'><strong>esset,</strong></span> <span class='ocrx_word' id='word_1_591' title='bbox 3360 2665 3545 2719; x_wconf 87' lang='lat' dir='ltr'><strong>malles</strong></span> <span class='ocrx_word' id='word_1_592' title='bbox 3571 2673 3719 2718; x_wconf 89' lang='lat' dir='ltr'><strong>certe</strong></span> <span class='ocrx_word' id='word_1_593' title='bbox 3740 2679 3970 2733; x_wconf 69' lang='lat' dir='ltr'><strong>syngra~</strong></span> 
     </span>
    </p>
   </div>
   <div class='ocr_carea' id='block_1_73' title="bbox 2368 2756 3971 2835">
    <p class='ocr_par' dir='ltr' id='par_1_73' title="bbox 2368 2756 3971 2835">
     <span class='ocr_line' id='line_1_73' title="bbox 2368 2756 3971 2835; baseline -0.004 -19"><span class='ocrx_word' id='word_1_594' title='bbox 2368 2765 2526 2835; x_wconf 85' lang='lat' dir='ltr'><strong>pham</strong></span> <span class='ocrx_word' id='word_1_595' title='bbox 2557 2778 2711 2834; x_wconf 90' lang='lat' dir='ltr'><strong>quam</strong></span> <span class='ocrx_word' id='word_1_596' title='bbox 2743 2777 2930 2816; x_wconf 89' lang='lat' dir='ltr'><strong>aurum</strong></span> <span class='ocrx_word' id='word_1_597' title='bbox 2963 2760 3071 2814; x_wconf 86' lang='lat' dir='ltr'><strong>filio</strong></span> <span class='ocrx_word' id='word_1_598' title='bbox 3093 2758 3413 2827; x_wconf 82' lang='lat' dir='ltr'><strong>relinquere,</strong></span> <span class='ocrx_word' id='word_1_599' title='bbox 3439 2764 3496 2810; x_wconf 86' lang='lat' dir='ltr'><strong>ut</strong></span> <span class='ocrx_word' id='word_1_600' title='bbox 3524 2756 3645 2810; x_wconf 89' lang='lat' dir='ltr'><strong>inde</strong></span> <span class='ocrx_word' id='word_1_601' title='bbox 3675 2765 3971 2825; x_wconf 77' lang='lat' dir='ltr'><strong>proventus</strong></span> 
     </span>
    </p>
   </div>
   <div class='ocr_carea' id='block_1_74' title="bbox 2371 2847 3965 2925">
    <p class='ocr_par' dir='ltr' id='par_1_74' title="bbox 2371 2847 3965 2925">
     <span class='ocr_line' id='line_1_74' title="bbox 2371 2847 3965 2925; baseline -0.008 -14"><span class='ocrx_word' id='word_1_602' title='bbox 2371 2857 2470 2925; x_wconf 79' lang='lat' dir='ltr'><strong>ipsi</strong></span> <span class='ocrx_word' id='word_1_603' title='bbox 2514 2863 2658 2910; x_wconf 85' lang='lat' dir='ltr'><strong>esset</strong></span> <span class='ocrx_word' id='word_1_604' title='bbox 2701 2866 2925 2924; x_wconf 85' lang='lat' dir='ltr'><strong>magnus</strong></span> <span class='ocrx_word' id='word_1_605' title='bbox 2945 2894 2958 2918; x_wconf 94' lang='lat'><strong>,</strong></span> <span class='ocrx_word' id='word_1_606' title='bbox 2984 2866 3084 2905; x_wconf 89' lang='lat' dir='ltr'><strong>nec</strong></span> <span class='ocrx_word' id='word_1_607' title='bbox 3121 2860 3402 2919; x_wconf 83' lang='lat' dir='ltr'><strong>cogeretur</strong></span> <span class='ocrx_word' id='word_1_608' title='bbox 3433 2848 3566 2901; x_wconf 89' lang='lat' dir='ltr'><strong>alios</strong></span> <span class='ocrx_word' id='word_1_609' title='bbox 3597 2862 3842 2916; x_wconf 77' lang='lat' dir='ltr'><strong>quaerere</strong></span> <span class='ocrx_word' id='word_1_610' title='bbox 3873 2847 3965 2899; x_wconf 86' lang='lat' dir='ltr'><strong>ubi</strong></span> 
     </span>
    </p>
   </div>
   <div class='ocr_carea' id='block_1_75' title="bbox 2375 2938 3972 3020">
    <p class='ocr_par' dir='ltr' id='par_1_75' title="bbox 2375 2938 3972 3020">
     <span class='ocr_line' id='line_1_75' title="bbox 2375 2938 3972 3020; baseline -0.007 -19"><span class='ocrx_word' id='word_1_611' title='bbox 2375 2960 2554 3020; x_wconf 89' lang='lat' dir='ltr'><strong>posset</strong></span> <span class='ocrx_word' id='word_1_612' title='bbox 2581 2948 2866 3002; x_wconf 89' lang='lat' dir='ltr'><strong>collocare.</strong></span> <span class='ocrx_word' id='word_1_613' title='bbox 2893 2944 3044 2999; x_wconf 85' lang='lat' dir='ltr'><strong>Nunc</strong></span> <span class='ocrx_word' id='word_1_614' title='bbox 3066 2942 3474 3013; x_wconf 83' lang='lat' dir='ltr'><strong>chirographum</strong></span> <span class='ocrx_word' id='word_1_615' title='bbox 3509 2940 3810 3009; x_wconf 87' lang='lat' dir='ltr'><strong>hujusmodi</strong></span> <span class='ocrx_word' id='word_1_616' title='bbox 3846 2938 3972 2991; x_wconf 84' lang='lat' dir='ltr'><strong>filiis</strong></span> 
     </span>
    </p>
   </div>
   <div class='ocr_carea' id='block_1_76' title="bbox 2371 3032 3972 3105">
    <p class='ocr_par' dir='ltr' id='par_1_76' title="bbox 2371 3032 3972 3105">
     <span class='ocr_line' id='line_1_76' title="bbox 2371 3032 3972 3105; baseline -0.006 -11"><span class='ocrx_word' id='word_1_617' title='bbox 2371 3040 2535 3100; x_wconf 87' lang='lat' dir='ltr'><strong>dato,</strong></span> <span class='ocrx_word' id='word_1_618' title='bbox 2567 3048 2620 3092; x_wconf 93' lang='lat' dir='ltr'><strong>et</strong></span> <span class='ocrx_word' id='word_1_619' title='bbox 2666 3039 2830 3092; x_wconf 92' lang='lat' dir='ltr'><strong>Deum</strong></span> <span class='ocrx_word' id='word_1_620' title='bbox 2861 3036 2988 3105; x_wconf 85' lang='lat' dir='ltr'><strong>ipsis</strong></span> <span class='ocrx_word' id='word_1_621' title='bbox 3028 3035 3265 3102; x_wconf 87' lang='lat' dir='ltr'><strong>relinque</strong></span> <span class='ocrx_word' id='word_1_622' title='bbox 3289 3032 3604 3087; x_wconf 88' lang='lat' dir='ltr'><strong>debitorem.</strong></span> <span class='ocrx_word' id='word_1_623' title='bbox 3639 3033 3810 3102; x_wconf 78' lang='lat' dir='ltr'><strong>Agros</strong></span> <span class='ocrx_word' id='word_1_624' title='bbox 3862 3047 3972 3084; x_wconf 89' lang='lat' dir='ltr'><strong>non</strong></span> 
     </span>
    </p>
   </div>
   <div class='ocr_carea' id='block_1_77' title="bbox 2376 3126 3975 3195">
    <p class='ocr_par' dir='ltr' id='par_1_77' title="bbox 2376 3126 3975 3195">
     <span class='ocr_line' id='line_1_77' title="bbox 2376 3126 3975 3195; baseline -0.005 -11"><span class='ocrx_word' id='word_1_625' title='bbox 2376 3132 2563 3185; x_wconf 84' lang='lat' dir='ltr'><strong>vendis</strong></span> <span class='ocrx_word' id='word_1_626' title='bbox 2589 3173 2603 3192; x_wconf 89' lang='lat'><strong>,</strong></span> <span class='ocrx_word' id='word_1_627' title='bbox 2627 3129 2719 3185; x_wconf 91' lang='lat' dir='ltr'><strong>sed</strong></span> <span class='ocrx_word' id='word_1_628' title='bbox 2752 3129 2873 3182; x_wconf 92' lang='lat' dir='ltr'><strong>filiis</strong></span> <span class='ocrx_word' id='word_1_629' title='bbox 2901 3126 3157 3195; x_wconf 89' lang='lat' dir='ltr'><strong>relinquis</strong></span> <span class='ocrx_word' id='word_1_630' title='bbox 3180 3166 3195 3191; x_wconf 94' lang='lat'><strong>,</strong></span> <span class='ocrx_word' id='word_1_631' title='bbox 3223 3133 3279 3178; x_wconf 92' lang='lat' dir='ltr'><strong>ut</strong></span> <span class='ocrx_word' id='word_1_632' title='bbox 3311 3133 3598 3193; x_wconf 88' lang='lat' dir='ltr'><strong>proventus</strong></span> <span class='ocrx_word' id='word_1_633' title='bbox 3631 3130 3848 3175; x_wconf 87' lang='lat' dir='ltr'><strong>maneat</strong></span> <span class='ocrx_word' id='word_1_634' title='bbox 3871 3162 3886 3184; x_wconf 91' lang='lat'><strong>,</strong></span> <span class='ocrx_word' id='word_1_635' title='bbox 3918 3131 3975 3176; x_wconf 90' lang='lat' dir='ltr'><strong>ut</strong></span> 
     </span>
    </p>
   </div>
   <div class='ocr_carea' id='block_1_78' title="bbox 2372 3214 3974 3289">
    <p class='ocr_par' dir='ltr' id='par_1_78' title="bbox 2372 3214 3974 3289">
     <span class='ocr_line' id='line_1_78' title="bbox 2372 3214 3974 3289; baseline -0.006 -12"><span class='ocrx_word' id='word_1_636' title='bbox 2372 3223 2608 3277; x_wconf 76' lang='lat' dir='ltr'><strong>accessio</strong></span> <span class='ocrx_word' id='word_1_637' title='bbox 2653 3223 2755 3275; x_wconf 92' lang='lat' dir='ltr'><strong>illis</strong></span> <span class='ocrx_word' id='word_1_638' title='bbox 2788 3220 3130 3289; x_wconf 89' lang='lat' dir='ltr'><strong>pecuniarum</strong></span> <span class='ocrx_word' id='word_1_639' title='bbox 3172 3219 3301 3272; x_wconf 86' lang='lat' dir='ltr'><strong>fiat:</strong></span> <span class='ocrx_word' id='word_1_640' title='bbox 3333 3217 3434 3270; x_wconf 91' lang='lat' dir='ltr'><strong>hoc</strong></span> <span class='ocrx_word' id='word_1_641' title='bbox 3479 3230 3640 3285; x_wconf 87' lang='lat' dir='ltr'><strong>porro</strong></span> <span class='ocrx_word' id='word_1_642' title='bbox 3689 3214 3974 3284; x_wconf 86' lang='lat' dir='ltr'><strong>chirogra-</strong></span> 
     </span>
    </p>
   </div>
   <div class='ocr_carea' id='block_1_79' title="bbox 2379 3304 3974 3383">
    <p class='ocr_par' dir='ltr' id='par_1_79' title="bbox 2379 3304 3974 3383">
     <span class='ocr_line' id='line_1_79' title="bbox 2379 3304 3974 3383; baseline -0.003 -20"><span class='ocrx_word' id='word_1_643' title='bbox 2379 3313 2559 3383; x_wconf 66' lang='lat' dir='ltr'><strong>phum,</strong></span> <span class='ocrx_word' id='word_1_644' title='bbox 2583 3312 2770 3380; x_wconf 89' lang='lat' dir='ltr'><strong>quovis</strong></span> <span class='ocrx_word' id='word_1_645' title='bbox 2790 3325 2940 3381; x_wconf 83' lang='lat' dir='ltr'><strong>agro,</strong></span> <span class='ocrx_word' id='word_1_646' title='bbox 2965 3308 3236 3379; x_wconf 84' lang='lat' dir='ltr'><strong>quibusvis</strong></span> <span class='ocrx_word' id='word_1_647' title='bbox 3258 3306 3600 3377; x_wconf 87' lang='lat' dir='ltr'><strong>proventibus</strong></span> <span class='ocrx_word' id='word_1_648' title='bbox 3620 3304 3974 3368; x_wconf 88' lang='lat' dir='ltr'><strong>fructuosius,</strong></span> 
     </span>
    </p>
   </div>
   <div class='ocr_carea' id='block_1_80' title="bbox 2377 3396 3977 3468">
    <p class='ocr_par' dir='ltr' id='par_1_80' title="bbox 2377 3396 3977 3468">
     <span class='ocr_line' id='line_1_80' title="bbox 2377 3396 3977 3468; baseline -0.006 -11"><span class='ocrx_word' id='word_1_649' title='bbox 2377 3413 2430 3458; x_wconf 91' lang='lat' dir='ltr'><strong>et</strong></span> <span class='ocrx_word' id='word_1_650' title='bbox 2463 3412 2539 3457; x_wconf 90' lang='lat' dir='ltr'><strong>tot</strong></span> <span class='ocrx_word' id='word_1_651' title='bbox 2565 3404 2738 3456; x_wconf 88' lang='lat' dir='ltr'><strong>ferens</strong></span> <span class='ocrx_word' id='word_1_652' title='bbox 2770 3401 3006 3463; x_wconf 57' lang='lat' dir='ltr'><strong>fructus,</strong></span> <span class='ocrx_word' id='word_1_653' title='bbox 3038 3399 3341 3468; x_wconf 85' lang='lat' dir='ltr'><strong>relinquere</strong></span> <span class='ocrx_word' id='word_1_654' title='bbox 3372 3397 3569 3452; x_wconf 83' lang='lat' dir='ltr'><strong>times?</strong></span> <span class='ocrx_word' id='word_1_655' title='bbox 3596 3411 3765 3465; x_wconf 88' lang='lat' dir='ltr'><strong>ecqua</strong></span> <span class='ocrx_word' id='word_1_656' title='bbox 3790 3396 3977 3450; x_wconf 88' lang='lat' dir='ltr'><strong>stulti-</strong></span> 
     </span>
    </p>
   </div>
   <div class='ocr_carea' id='block_1_81' title="bbox 2381 3489 3976 3565">
    <p class='ocr_par' dir='ltr' id='par_1_81' title="bbox 2381 3489 3976 3565">
     <span class='ocr_line' id='line_1_81' title="bbox 2381 3489 3976 3565; baseline -0.005 -15"><span class='ocrx_word' id='word_1_657' title='bbox 2381 3499 2484 3562; x_wconf 84' lang='lat' dir='ltr'><strong>tia,</strong></span> <span class='ocrx_word' id='word_1_658' title='bbox 2527 3511 2643 3565; x_wconf 75' lang='lat' dir='ltr'><strong>qua:</strong></span> <span class='ocrx_word' id='word_1_659' title='bbox 2687 3494 2888 3547; x_wconf 85' lang='lat' dir='ltr'><strong>insania</strong></span> <span class='ocrx_word' id='word_1_660' title='bbox 2940 3491 3052 3545; x_wconf 71' lang='lat' dir='ltr'><strong>htcc</strong></span> <span class='ocrx_word' id='word_1_661' title='bbox 3100 3490 3311 3544; x_wconf 78' lang='lat' dir='ltr'><strong>est‘iEt</strong></span> <span class='ocrx_word' id='word_1_662' title='bbox 3357 3489 3459 3543; x_wconf 90' lang='lat' dir='ltr'><strong>hoc</strong></span> <span class='ocrx_word' id='word_1_663' title='bbox 3515 3503 3634 3543; x_wconf 90' lang='lat' dir='ltr'><strong>cum</strong></span> <span class='ocrx_word' id='word_1_664' title='bbox 3690 3489 3833 3543; x_wconf 86' lang='lat' dir='ltr'><strong>scias</strong></span> <span class='ocrx_word' id='word_1_665' title='bbox 3884 3497 3976 3551; x_wconf 90' lang='lat' dir='ltr'><strong>te,</strong></span> 
     </span>
    </p>
   </div>
   <div class='ocr_carea' id='block_1_82' title="bbox 2378 3579 3979 3651">
    <p class='ocr_par' dir='ltr' id='par_1_82' title="bbox 2378 3579 3979 3651">
     <span class='ocr_line' id='line_1_82' title="bbox 2378 3579 3979 3651; baseline -0.007 -9"><span class='ocrx_word' id='word_1_666' title='bbox 2378 3587 2584 3642; x_wconf 89' lang='lat' dir='ltr'><strong>etiamsi</strong></span> <span class='ocrx_word' id='word_1_667' title='bbox 2615 3585 2742 3641; x_wconf 91' lang='lat' dir='ltr'><strong>illud</strong></span> <span class='ocrx_word' id='word_1_668' title='bbox 2784 3585 2908 3638; x_wconf 86' lang='lat' dir='ltr'><strong>filiis</strong></span> <span class='ocrx_word' id='word_1_669' title='bbox 2951 3580 3410 3651; x_wconf 80' lang='lat' dir='ltr'><strong>relinquas,illud</strong></span> <span class='ocrx_word' id='word_1_670' title='bbox 3455 3589 3630 3636; x_wconf 85' lang='lat' dir='ltr'><strong>tamen</strong></span> <span class='ocrx_word' id='word_1_671' title='bbox 3681 3579 3979 3634; x_wconf 81' lang='lat' dir='ltr'><strong>abeuntem</strong></span> 
     </span>
    </p>
   </div>
   <div class='ocr_carea' id='block_1_83' title="bbox 2382 3671 3973 3746">
    <p class='ocr_par' dir='ltr' id='par_1_83' title="bbox 2382 3671 3973 3746">
     <span class='ocr_line' id='line_1_83' title="bbox 2382 3671 3973 3746; baseline -0.006 -13"><span class='ocrx_word' id='word_1_672' title='bbox 2382 3690 2550 3734; x_wconf 91' lang='lat' dir='ltr'><strong>tecum</strong></span> <span class='ocrx_word' id='word_1_673' title='bbox 2581 3693 2698 3733; x_wconf 88' lang='lat' dir='ltr'><strong>csse</strong></span> <span class='ocrx_word' id='word_1_674' title='bbox 2731 3684 3079 3746; x_wconf 90' lang='lat' dir='ltr'><strong>portaturum.</strong></span> <span class='ocrx_word' id='word_1_675' title='bbox 3114 3673 3260 3728; x_wconf 88' lang='lat' dir='ltr'><strong>Talia</strong></span> <span class='ocrx_word' id='word_1_676' title='bbox 3283 3673 3476 3742; x_wconf 90' lang='lat' dir='ltr'><strong>quippe</strong></span> <span class='ocrx_word' id='word_1_677' title='bbox 3501 3681 3625 3727; x_wconf 89' lang='lat' dir='ltr'><strong>sunt</strong></span> <span class='ocrx_word' id='word_1_678' title='bbox 3651 3671 3973 3742; x_wconf 86' lang='lat' dir='ltr'><strong>spiritualia,</strong></span> 
     </span>
    </p>
   </div>
   <div class='ocr_carea' id='block_1_84' title="bbox 2379 3761 3978 3842">
    <p class='ocr_par' dir='ltr' id='par_1_84' title="bbox 2379 3761 3978 3842">
     <span class='ocr_line' id='line_1_84' title="bbox 2379 3761 3978 3842; baseline -0.005 -17"><span class='ocrx_word' id='word_1_679' title='bbox 2379 3784 2675 3842; x_wconf 89' lang='lat' dir='ltr'><strong>magnaque</strong></span> <span class='ocrx_word' id='word_1_680' title='bbox 2712 3769 2953 3838; x_wconf 87' lang='lat' dir='ltr'><strong>largitate</strong></span> <span class='ocrx_word' id='word_1_681' title='bbox 2983 3765 3248 3820; x_wconf 89' lang='lat' dir='ltr'><strong>fruuntur.</strong></span> <span class='ocrx_word' id='word_1_682' title='bbox 3279 3761 3357 3818; x_wconf 83' lang='lat' dir='ltr'><strong>Ne</strong></span> <span class='ocrx_word' id='word_1_683' title='bbox 3387 3764 3562 3842; x_wconf 73' lang='lat' dir='ltr'><strong>itaque</strong></span> <span class='ocrx_word' id='word_1_684' title='bbox 3593 3761 3666 3817; x_wconf 90' lang='lat' dir='ltr'><strong>ita</strong></span> <span class='ocrx_word' id='word_1_685' title='bbox 3705 3777 3978 3832; x_wconf 87' lang='lat' dir='ltr'><strong>pauperes</strong></span> 
     </span>
    </p>
   </div>
   <div class='ocr_carea' id='block_1_85' title="bbox 2379 3835 3981 3929">
    <p class='ocr_par' dir='ltr' id='par_1_85' title="bbox 2379 3835 3981 3929">
     <span class='ocr_line' id='line_1_85' title="bbox 2379 3835 3981 3929; baseline -0.006 -11"><span class='ocrx_word' id='word_1_686' title='bbox 2379 3865 2556 3918; x_wconf 91' lang='lat' dir='ltr'><strong>animo</strong></span> <span class='ocrx_word' id='word_1_687' title='bbox 2586 3863 2782 3927; x_wconf 87' lang='lat' dir='ltr'><strong>simus,</strong></span> <span class='ocrx_word' id='word_1_688' title='bbox 2809 3875 2981 3929; x_wconf 89' lang='lat' dir='ltr'><strong>neque</strong></span> <span class='ocrx_word' id='word_1_689' title='bbox 3013 3873 3137 3927; x_wconf 83' lang='lat' dir='ltr'><strong>erga</strong></span> <span class='ocrx_word' id='word_1_690' title='bbox 3167 3871 3264 3912; x_wconf 91' lang='lat' dir='ltr'><strong>nos</strong></span> <span class='ocrx_word' id='word_1_691' title='bbox 3293 3835 3736 3926; x_wconf 47' lang='lat' dir='ltr'><strong>ipsos&#39;iuhumani</strong></span> <span class='ocrx_word' id='word_1_692' title='bbox 3776 3854 3981 3910; x_wconf 81' lang='lat' dir='ltr'><strong>evada-</strong></span> 
     </span>
    </p>
   </div>
   <div class='ocr_carea' id='block_1_86' title="bbox 2382 3945 3978 4021">
    <p class='ocr_par' dir='ltr' id='par_1_86' title="bbox 2382 3945 3978 4021">
     <span class='ocr_line' id='line_1_86' title="bbox 2382 3945 3978 4021; baseline -0.006 -13"><span class='ocrx_word' id='word_1_693' title='bbox 2382 3951 2519 4018; x_wconf 68' lang='lat' dir='ltr'><strong>mus;</strong></span> <span class='ocrx_word' id='word_1_694' title='bbox 2539 3952 2633 4008; x_wconf 88' lang='lat' dir='ltr'><strong>sed</strong></span> <span class='ocrx_word' id='word_1_695' title='bbox 2662 3952 2796 4006; x_wconf 89' lang='lat' dir='ltr'><strong>hanc</strong></span> <span class='ocrx_word' id='word_1_696' title='bbox 2824 3959 3178 4021; x_wconf 85' lang='lat' dir='ltr'><strong>quaestuosam</strong></span> <span class='ocrx_word' id='word_1_697' title='bbox 3209 3955 3562 4002; x_wconf 88' lang='lat' dir='ltr'><strong>mercaturam</strong></span> <span class='ocrx_word' id='word_1_698' title='bbox 3591 3945 3978 4014; x_wconf 82' lang='lat' dir='ltr'><strong>suscipiamus.</strong></span> 
     </span>
    </p>
   </div>
   <div class='ocr_carea' id='block_1_87' title="bbox 2383 4035 3978 4114">
    <p class='ocr_par' dir='ltr' id='par_1_87' title="bbox 2383 4035 3978 4114">
     <span class='ocr_line' id='line_1_87' title="bbox 2383 4035 3978 4114; baseline -0.008 -14"><span class='ocrx_word' id='word_1_699' title='bbox 2383 4056 2440 4101; x_wconf 92' lang='lat' dir='ltr'><strong>ut</strong></span> <span class='ocrx_word' id='word_1_700' title='bbox 2464 4057 2517 4100; x_wconf 88' lang='lat' dir='ltr'><strong>et</strong></span> <span class='ocrx_word' id='word_1_701' title='bbox 2548 4045 2645 4114; x_wconf 89' lang='lat' dir='ltr'><strong>ipsi</strong></span> <span class='ocrx_word' id='word_1_702' title='bbox 2677 4043 2801 4095; x_wconf 90' lang='lat' dir='ltr'><strong>hinc</strong></span> <span class='ocrx_word' id='word_1_703' title='bbox 2829 4040 3116 4110; x_wconf 86' lang='lat' dir='ltr'><strong>migrantes</strong></span> <span class='ocrx_word' id='word_1_704' title='bbox 3148 4038 3290 4091; x_wconf 79' lang='lat' dir='ltr'><strong>illam</strong></span> <span class='ocrx_word' id='word_1_705' title='bbox 3330 4035 3633 4092; x_wconf 86' lang='lat' dir='ltr'><strong>auferamus</strong></span> <span class='ocrx_word' id='word_1_706' title='bbox 3653 4076 3669 4103; x_wconf 90' lang='lat'><strong>,</strong></span> <span class='ocrx_word' id='word_1_707' title='bbox 3693 4044 3748 4090; x_wconf 85' lang='lat' dir='ltr'><strong>et</strong></span> <span class='ocrx_word' id='word_1_708' title='bbox 3791 4044 3978 4090; x_wconf 87' lang='lat' dir='ltr'><strong>tamen</strong></span> 
     </span>
    </p>
   </div>
   <div class='ocr_carea' id='block_1_88' title="bbox 2385 4126 3978 4201">
    <p class='ocr_par' dir='ltr' id='par_1_88' title="bbox 2385 4126 3978 4201">
     <span class='ocr_line' id='line_1_88' title="bbox 2385 4126 3978 4201; baseline -0.007 -11"><span class='ocrx_word' id='word_1_709' title='bbox 2385 4136 2507 4190; x_wconf 88' lang='lat' dir='ltr'><strong>filiis</strong></span> <span class='ocrx_word' id='word_1_710' title='bbox 2558 4134 2953 4201; x_wconf 88' lang='lat' dir='ltr'><strong>relinquamus,</strong></span> <span class='ocrx_word' id='word_1_711' title='bbox 3001 4127 3284 4197; x_wconf 90' lang='lat' dir='ltr'><strong>futuraque</strong></span> <span class='ocrx_word' id='word_1_712' title='bbox 3336 4140 3731 4196; x_wconf 83' lang='lat' dir='ltr'><strong>consequamur</strong></span> <span class='ocrx_word' id='word_1_713' title='bbox 3793 4126 3978 4191; x_wconf 87' lang='lat' dir='ltr'><strong>bona,</strong></span> 
     </span>
    </p>
   </div>
   <div class='ocr_carea' id='block_1_89' title="bbox 2383 4215 3982 4300">
    <p class='ocr_par' dir='ltr' id='par_1_89' title="bbox 2383 4215 3982 4300">
     <span class='ocr_line' id='line_1_89' title="bbox 2383 4215 3982 4300; baseline -0.006 -18"><span class='ocrx_word' id='word_1_714' title='bbox 2383 4229 2550 4300; x_wconf 86' lang='lat' dir='ltr'><strong>gratia</strong></span> <span class='ocrx_word' id='word_1_715' title='bbox 2601 4235 2656 4281; x_wconf 89' lang='lat' dir='ltr'><strong>et</strong></span> <span class='ocrx_word' id='word_1_716' title='bbox 2696 4221 3060 4279; x_wconf 89' lang='lat' dir='ltr'><strong>misericordia</strong></span> <span class='ocrx_word' id='word_1_717' title='bbox 3106 4219 3308 4275; x_wconf 87' lang='lat' dir='ltr'><strong>Domini</strong></span> <span class='ocrx_word' id='word_1_718' title='bbox 3355 4219 3521 4273; x_wconf 90' lang='lat' dir='ltr'><strong>nostri</strong></span> <span class='ocrx_word' id='word_1_719' title='bbox 3565 4218 3692 4274; x_wconf 73' lang='lat' dir='ltr'><strong>Iesu</strong></span> <span class='ocrx_word' id='word_1_720' title='bbox 3732 4215 3982 4285; x_wconf 88' lang='lat' dir='ltr'><strong>Christi,</strong></span> 
     </span>
    </p>
   </div>
   <div class='ocr_carea' id='block_1_90' title="bbox 2382 4308 3980 4393">
    <p class='ocr_par' dir='ltr' id='par_1_90' title="bbox 2382 4308 3980 4393">
     <span class='ocr_line' id='line_1_90' title="bbox 2382 4308 3980 4393; baseline -0.005 -22"><span class='ocrx_word' id='word_1_721' title='bbox 2382 4323 2593 4393; x_wconf 88' lang='lat' dir='ltr'><strong>quicum</strong></span> <span class='ocrx_word' id='word_1_722' title='bbox 2644 4316 2784 4372; x_wconf 86' lang='lat' dir='ltr'><strong>Patri</strong></span> <span class='ocrx_word' id='word_1_723' title='bbox 2828 4323 2884 4369; x_wconf 88' lang='lat' dir='ltr'><strong>et</strong></span> <span class='ocrx_word' id='word_1_724' title='bbox 2923 4311 3141 4383; x_wconf 89' lang='lat' dir='ltr'><strong>Spiritui</strong></span> <span class='ocrx_word' id='word_1_725' title='bbox 3169 4319 3352 4366; x_wconf 88' lang='lat' dir='ltr'><strong>sancto</strong></span> <span class='ocrx_word' id='word_1_726' title='bbox 3396 4309 3563 4389; x_wconf 89' lang='lat' dir='ltr'><strong>gloria</strong></span> <span class='ocrx_word' id='word_1_727' title='bbox 3589 4350 3602 4374; x_wconf 91' lang='lat'><strong>,</strong></span> <span class='ocrx_word' id='word_1_728' title='bbox 3646 4308 3936 4378; x_wconf 87' lang='lat' dir='ltr'><strong>imperium</strong></span> <span class='ocrx_word' id='word_1_729' title='bbox 3965 4351 3980 4375; x_wconf 95' lang='lat'><strong>,</strong></span> 
     </span>
    </p>
   </div>
   <div class='ocr_carea' id='block_1_91' title="bbox 2384 4384 3980 4475">
    <p class='ocr_par' dir='ltr' id='par_1_91' title="bbox 2384 4384 3980 4475">
     <span class='ocr_line' id='line_1_91' title="bbox 2384 4384 3980 4475; baseline -0.008 -9"><span class='ocrx_word' id='word_1_730' title='bbox 2384 4413 2591 4475; x_wconf 90' lang='lat' dir='ltr'><strong>honor,</strong></span> <span class='ocrx_word' id='word_1_731' title='bbox 2626 4421 2767 4463; x_wconf 90' lang='lat' dir='ltr'><strong>nunc</strong></span> <span class='ocrx_word' id='word_1_732' title='bbox 2816 4414 2869 4460; x_wconf 89' lang='lat' dir='ltr'><strong>ct</strong></span> <span class='ocrx_word' id='word_1_733' title='bbox 2916 4417 3165 4473; x_wconf 88' lang='lat' dir='ltr'><strong>semper,</strong></span> <span class='ocrx_word' id='word_1_734' title='bbox 3191 4411 3243 4456; x_wconf 90' lang='lat' dir='ltr'><strong>et</strong></span> <span class='ocrx_word' id='word_1_735' title='bbox 3284 4401 3334 4455; x_wconf 94' lang='lat' dir='ltr'><strong>iu</strong></span> <span class='ocrx_word' id='word_1_736' title='bbox 3378 4384 3572 4455; x_wconf 66' lang='lat' dir='ltr'><strong>saecula</strong></span> <span class='ocrx_word' id='word_1_737' title='bbox 3613 4400 3980 4465; x_wconf 43' lang='lat' dir='ltr'><strong>,sa‘culoruni.</strong></span> 
     </span>
    </p>
   </div>
   <div class='ocr_carea' id='block_1_92' title="bbox 2385 4507 2576 4560">
    <p class='ocr_par' dir='ltr' id='par_1_92' title="bbox 2385 4507 2576 4560">
     <span class='ocr_line' id='line_1_92' title="bbox 2385 4507 2576 4560; baseline -0.021 0"><span class='ocrx_word' id='word_1_738' title='bbox 2385 4507 2576 4560; x_wconf 84' lang='lat' dir='ltr'><strong>Amen.</strong></span> 
     </span>
    </p>
   </div>
   <div class='ocr_carea' id='block_1_93' title="bbox 709 4626 3982 4697">
    <p class='ocr_par' dir='ltr' id='par_1_93' title="bbox 709 4626 3982 4697">
     <span class='ocr_line' id='line_1_93' title="bbox 709 4626 3982 4697; baseline -0.01 -26"><span class='ocrx_word' id='word_1_739' title='bbox 709 4626 3982 4697; x_wconf 37' lang='grc' dir='ltr'><strong>βψ</strong></span> 
     </span>
    </p>
   </div>
   <div class='ocr_carea' id='block_1_94' title="bbox 1807 4705 2893 4796">
    <p class='ocr_par' dir='ltr' id='par_1_94' title="bbox 1807 4705 2893 4796">
     <span class='ocr_line' id='line_1_94' title="bbox 1807 4705 2893 4796; baseline -0.029 1"><span class='ocrx_word' id='word_1_740' title='bbox 1807 4728 2151 4796; x_wconf 81' lang='lat' dir='ltr'><strong>HOMILIA</strong></span> <span class='ocrx_word' id='word_1_741' title='bbox 2194 4716 2445 4784; x_wconf 79' lang='lat' dir='ltr'><strong>LXVII.</strong></span> <span class='ocrx_word' id='word_1_742' title='bbox 2482 4711 2566 4774; x_wconf 87' lang='lat' dir='ltr'><strong>al.</strong></span> <span class='ocrx_word' id='word_1_743' title='bbox 2611 4705 2893 4770; x_wconf 79' lang='lat' dir='ltr'><strong>LXVIII.</strong></span> 
     </span>
    </p>
   </div>
   <div class='ocr_carea' id='block_1_95' title="bbox 701 4866 2278 4959">
    <p class='ocr_par' dir='ltr' id='par_1_95' title="bbox 701 4866 2278 4959">
     <span class='ocr_line' id='line_1_95' title="bbox 701 4866 2278 4959; baseline -0.02 -10"><span class='ocrx_word' id='word_1_744' title='bbox 701 4896 826 4949; x_wconf 67' lang='grc' dir='ltr'><strong>(λιι.</strong></span> <span class='ocrx_word' id='word_1_745' title='bbox 847 4893 937 4948; x_wconf 74' lang='lat'><strong>2|.</strong></span> <span class='ocrx_word' id='word_1_746' title='bbox 967 4907 1014 4945; x_wconf 82' lang='lat' dir='ltr'><strong>v.</strong></span> <span class='ocrx_word' id='word_1_747' title='bbox 1056 4889 1141 4944; x_wconf 73' lang='grc' dir='ltr'><strong>ΙΞ.</strong></span> <span class='ocrx_word' id='word_1_748' title='bbox 1175 4887 1238 4942; x_wconf 87' lang='lat' dir='ltr'><strong>Et</strong></span> <span class='ocrx_word' id='word_1_749' title='bbox 1265 4889 1517 4959; x_wconf 83' lang='lat' dir='ltr'><strong>ingressus</strong></span> <span class='ocrx_word' id='word_1_750' title='bbox 1542 4882 1692 4937; x_wconf 73' lang='lat' dir='ltr'><strong>Iesus</strong></span> <span class='ocrx_word' id='word_1_751' title='bbox 1729 4881 1782 4933; x_wconf 86' lang='lat' dir='ltr'><strong>in</strong></span> <span class='ocrx_word' id='word_1_752' title='bbox 1827 4876 2100 4943; x_wconf 83' lang='lat' dir='ltr'><strong>templum,</strong></span> <span class='ocrx_word' id='word_1_753' title='bbox 2135 4866 2278 4939; x_wconf 82' lang='lat' dir='ltr'><strong>ejecit</strong></span> 
     </span>
    </p>
   </div>
   <div class='ocr_carea' id='block_1_96' title="bbox 770 4963 2277 5040">
    <p class='ocr_par' dir='ltr' id='par_1_96' title="bbox 770 4963 2277 5040">
     <span class='ocr_line' id='line_1_96' title="bbox 770 4963 2277 5040; baseline -0.017 0"><span class='ocrx_word' id='word_1_754' title='bbox 770 5000 939 5040; x_wconf 79' lang='lat' dir='ltr'><strong>omnes</strong></span> <span class='ocrx_word' id='word_1_755' title='bbox 960 4982 1226 5036; x_wconf 71' lang='lat' dir='ltr'><strong>uendentes</strong></span> <span class='ocrx_word' id='word_1_756' title='bbox 1253 4987 1298 5032; x_wconf 87' lang='lat' dir='ltr'><strong>et</strong></span> <span class='ocrx_word' id='word_1_757' title='bbox 1323 4984 1556 5038; x_wconf 79' lang='lat' dir='ltr'><strong>ementes,</strong></span> <span class='ocrx_word' id='word_1_758' title='bbox 1581 4984 1627 5026; x_wconf 87' lang='lat' dir='ltr'><strong>et</strong></span> <span class='ocrx_word' id='word_1_759' title='bbox 1657 4985 1853 5025; x_wconf 82' lang='lat' dir='ltr'><strong>mensas</strong></span> <span class='ocrx_word' id='word_1_760' title='bbox 1876 4963 2277 5020; x_wconf 86' lang='lat' dir='ltr'><strong>numufariorum</strong></span> 
     </span>
    </p>
   </div>
   <div class='ocr_carea' id='block_1_97' title="bbox 776 5053 2277 5138">
    <p class='ocr_par' dir='ltr' id='par_1_97' title="bbox 776 5053 2277 5138">
     <span class='ocr_line' id='line_1_97' title="bbox 776 5053 2277 5138; baseline -0.016 -10"><span class='ocrx_word' id='word_1_761' title='bbox 776 5075 966 5138; x_wconf 80' lang='lat' dir='ltr'><strong>evertit,</strong></span> <span class='ocrx_word' id='word_1_762' title='bbox 994 5082 1039 5125; x_wconf 88' lang='lat' dir='ltr'><strong>et</strong></span> <span class='ocrx_word' id='word_1_763' title='bbox 1068 5069 1332 5124; x_wconf 81' lang='lat' dir='ltr'><strong>cathedras</strong></span> <span class='ocrx_word' id='word_1_764' title='bbox 1353 5064 1670 5121; x_wconf 81' lang='lat' dir='ltr'><strong>vendentium</strong></span> <span class='ocrx_word' id='word_1_765' title='bbox 1694 5060 1971 5122; x_wconf 86' lang='lat' dir='ltr'><strong>columbas,</strong></span> <span class='ocrx_word' id='word_1_766' title='bbox 1999 5056 2086 5110; x_wconf 77' lang='grc'><strong>15.</strong></span> <span class='ocrx_word' id='word_1_767' title='bbox 2120 5063 2165 5107; x_wconf 84' lang='lat' dir='ltr'><strong>et</strong></span> <span class='ocrx_word' id='word_1_768' title='bbox 2197 5053 2277 5105; x_wconf 87' lang='lat' dir='ltr'><strong>di-</strong></span> 
     </span>
    </p>
   </div>
   <div class='ocr_carea' id='block_1_98' title="bbox 773 5145 2280 5229">
    <p class='ocr_par' dir='ltr' id='par_1_98' title="bbox 773 5145 2280 5229">
     <span class='ocr_line' id='line_1_98' title="bbox 773 5145 2280 5229; baseline -0.015 -12"><span class='ocrx_word' id='word_1_769' title='bbox 773 5167 838 5218; x_wconf 85' lang='lat' dir='ltr'><strong>cit</strong></span> <span class='ocrx_word' id='word_1_770' title='bbox 867 5164 935 5217; x_wconf 80' lang='lat' dir='ltr'><strong>eis</strong></span> <span class='ocrx_word' id='word_1_771' title='bbox 963 5179 980 5216; x_wconf 91' lang='lat'><strong><em>:</em></strong></span> <span class='ocrx_word' id='word_1_772' title='bbox 1011 5160 1269 5229; x_wconf 85' lang='lat' dir='ltr'><strong>Scriptum</strong></span> <span class='ocrx_word' id='word_1_773' title='bbox 1297 5166 1368 5212; x_wconf 86' lang='lat' dir='ltr'><strong>est</strong></span> <span class='ocrx_word' id='word_1_774' title='bbox 1390 5158 1430 5223; x_wconf 80' lang='grc'><strong>¹,</strong></span> <span class='ocrx_word' id='word_1_775' title='bbox 1465 5154 1656 5208; x_wconf 80' lang='lat' dir='ltr'><strong>Domus</strong></span> <span class='ocrx_word' id='word_1_776' title='bbox 1684 5170 1791 5206; x_wconf 88' lang='lat' dir='ltr'><strong>mea</strong></span> <span class='ocrx_word' id='word_1_777' title='bbox 1825 5150 2004 5204; x_wconf 89' lang='lat' dir='ltr'><strong>domus</strong></span> <span class='ocrx_word' id='word_1_778' title='bbox 2041 5145 2280 5200; x_wconf 83' lang='lat' dir='ltr'><strong>orationis</strong></span> 
     </span>
    </p>
   </div>
   <div class='ocr_carea' id='block_1_99' title="bbox 775 5238 2280 5321">
    <p class='ocr_par' dir='ltr' id='par_1_99' title="bbox 775 5238 2280 5321">
     <span class='ocr_line' id='line_1_99' title="bbox 775 5238 2280 5321; baseline -0.013 -14"><span class='ocrx_word' id='word_1_779' title='bbox 775 5255 1027 5307; x_wconf 72' lang='lat' dir='ltr'><strong>vocabitur</strong></span> <span class='ocrx_word' id='word_1_780' title='bbox 1057 5249 1206 5321; x_wconf 83' lang='lat' dir='ltr'><strong>(Isai.</strong></span> <span class='ocrx_word' id='word_1_781' title='bbox 1237 5248 1325 5304; x_wconf 84' lang='lat'><strong>56.</strong></span> <span class='ocrx_word' id='word_1_782' title='bbox 1353 5245 1408 5319; x_wconf 87' lang='lat'><strong>7)</strong></span> <span class='ocrx_word' id='word_1_783' title='bbox 1436 5265 1448 5300; x_wconf 84' lang='lat'><strong>:</strong></span> <span class='ocrx_word' id='word_1_784' title='bbox 1480 5262 1566 5299; x_wconf 85' lang='lat' dir='ltr'><strong>vos</strong></span> <span class='ocrx_word' id='word_1_785' title='bbox 1593 5254 1756 5298; x_wconf 84' lang='lat' dir='ltr'><strong>autem</strong></span> <span class='ocrx_word' id='word_1_786' title='bbox 1782 5240 1970 5313; x_wconf 77' lang='lat' dir='ltr'><strong>fecistis</strong></span> <span class='ocrx_word' id='word_1_787' title='bbox 2002 5238 2143 5292; x_wconf 85' lang='lat' dir='ltr'><strong>illam</strong></span> <span class='ocrx_word' id='word_1_788' title='bbox 2171 5252 2280 5305; x_wconf 77' lang='lat' dir='ltr'><strong>spe-</strong></span> 
     </span>
    </p>
   </div>
   <div class='ocr_carea' id='block_1_100' title="bbox 778 5344 1283 5399">
    <p class='ocr_par' dir='ltr' id='par_1_100' title="bbox 778 5344 1283 5399">
     <span class='ocr_line' id='line_1_100' title="bbox 778 5344 1283 5399; baseline -0.012 0"><span class='ocrx_word' id='word_1_789' title='bbox 778 5349 973 5399; x_wconf 85' lang='lat' dir='ltr'><strong>luncam</strong></span> <span class='ocrx_word' id='word_1_790' title='bbox 996 5344 1283 5398; x_wconf 59' lang='lat' dir='ltr'><strong>&quot;latronum.</strong></span> 
     </span>
    </p>
   </div>
   <div class='ocr_carea' id='block_1_101' title="bbox 780 5465 2286 5546">
    <p class='ocr_par' dir='ltr' id='par_1_101' title="bbox 780 5465 2286 5546">
     <span class='ocr_line' id='line_1_101' title="bbox 780 5465 2286 5546; baseline -0.007 -15"><span class='ocrx_word' id='word_1_791' title='bbox 780 5479 831 5531; x_wconf 79' lang='grc'><strong>1.</strong></span> <span class='ocrx_word' id='word_1_792' title='bbox 863 5476 973 5531; x_wconf 82' lang='lat' dir='ltr'><strong>Hoc</strong></span> <span class='ocrx_word' id='word_1_793' title='bbox 1009 5485 1063 5531; x_wconf 88' lang='lat' dir='ltr'><strong>et</strong></span> <span class='ocrx_word' id='word_1_794' title='bbox 1101 5476 1332 5532; x_wconf 85' lang='lat' dir='ltr'><strong>Joannes</strong></span> <span class='ocrx_word' id='word_1_795' title='bbox 1362 5473 1527 5546; x_wconf 86' lang='lat' dir='ltr'><strong>(Cap.</strong></span> <span class='ocrx_word' id='word_1_796' title='bbox 1557 5472 1611 5525; x_wconf 77' lang='grc'><strong>2.</strong></span> <span class='ocrx_word' id='word_1_797' title='bbox 1646 5469 1846 5544; x_wconf 54' lang='grc'><strong>1446)</strong></span> <span class='ocrx_word' id='word_1_798' title='bbox 1887 5469 2045 5536; x_wconf 89' lang='lat' dir='ltr'><strong>dicit;</strong></span> <span class='ocrx_word' id='word_1_799' title='bbox 2077 5467 2167 5522; x_wconf 91' lang='lat' dir='ltr'><strong>sed</strong></span> <span class='ocrx_word' id='word_1_800' title='bbox 2201 5465 2286 5520; x_wconf 89' lang='lat' dir='ltr'><strong>ille</strong></span> 
     </span>
    </p>
   </div>
   <div class='ocr_carea' id='block_1_102' title="bbox 708 5559 2285 5641">
    <p class='ocr_par' dir='ltr' id='par_1_102' title="bbox 708 5559 2285 5641">
     <span class='ocr_line' id='line_1_102' title="bbox 708 5559 2285 5641; baseline -0.006 -19"><span class='ocrx_word' id='word_1_801' title='bbox 708 5568 920 5641; x_wconf 90' lang='lat' dir='ltr'><strong>quidem</strong></span> <span class='ocrx_word' id='word_1_802' title='bbox 969 5567 1022 5621; x_wconf 93' lang='lat' dir='ltr'><strong>in</strong></span> <span class='ocrx_word' id='word_1_803' title='bbox 1069 5567 1322 5637; x_wconf 90' lang='lat' dir='ltr'><strong>principio</strong></span> <span class='ocrx_word' id='word_1_804' title='bbox 1370 5565 1665 5635; x_wconf 86' lang='lat' dir='ltr'><strong>Evangelii,</strong></span> <span class='ocrx_word' id='word_1_805' title='bbox 1710 5564 1795 5617; x_wconf 91' lang='lat' dir='ltr'><strong>hic</strong></span> <span class='ocrx_word' id='word_1_806' title='bbox 1834 5571 2010 5617; x_wconf 90' lang='lat' dir='ltr'><strong>autem</strong></span> <span class='ocrx_word' id='word_1_807' title='bbox 2057 5562 2109 5615; x_wconf 89' lang='lat' dir='ltr'><strong>in</strong></span> <span class='ocrx_word' id='word_1_808' title='bbox 2160 5559 2285 5615; x_wconf 89' lang='lat' dir='ltr'><strong>fine.</strong></span> 
     </span>
    </p>
   </div>
   <div class='ocr_carea' id='block_1_103' title="bbox 712 5653 2287 5722">
    <p class='ocr_par' dir='ltr' id='par_1_103' title="bbox 712 5653 2287 5722">
     <span class='ocr_line' id='line_1_103' title="bbox 712 5653 2287 5722; baseline -0.006 -6"><span class='ocrx_word' id='word_1_809' title='bbox 712 5660 864 5716; x_wconf 61' lang='lat' dir='ltr'><strong>Linde</strong></span> <span class='ocrx_word' id='word_1_810' title='bbox 893 5659 1182 5714; x_wconf 79' lang='lat' dir='ltr'><strong>verisimile</strong></span> <span class='ocrx_word' id='word_1_811' title='bbox 1210 5669 1290 5712; x_wconf 88' lang='lat' dir='ltr'><strong>est</strong></span> <span class='ocrx_word' id='word_1_812' title='bbox 1323 5659 1421 5712; x_wconf 85' lang='lat' dir='ltr'><strong>hoe</strong></span> <span class='ocrx_word' id='word_1_813' title='bbox 1447 5657 1527 5711; x_wconf 91' lang='lat' dir='ltr'><strong>bis</strong></span> <span class='ocrx_word' id='word_1_814' title='bbox 1555 5659 1747 5711; x_wconf 89' lang='lat' dir='ltr'><strong>factum</strong></span> <span class='ocrx_word' id='word_1_815' title='bbox 1778 5655 1964 5721; x_wconf 84' lang='lat' dir='ltr'><strong>fuisse,</strong></span> <span class='ocrx_word' id='word_1_816' title='bbox 1986 5663 2039 5711; x_wconf 86' lang='lat' dir='ltr'><strong>et</strong></span> <span class='ocrx_word' id='word_1_817' title='bbox 2062 5653 2287 5722; x_wconf 77' lang='lat' dir='ltr'><strong>diversis</strong></span> 
     </span>
    </p>
   </div>
   <div class='ocr_carea' id='block_1_104' title="bbox 778 5794 1778 5857">
    <p class='ocr_par' dir='ltr' id='par_1_104' title="bbox 778 5794 1778 5857">
     <span class='ocr_line' id='line_1_104' title="bbox 778 5794 1778 5857; baseline -0.004 -11"><span class='ocrx_word' id='word_1_818' title='bbox 778 5800 794 5831; x_wconf 76' lang='grc' dir='ltr'>ι</span> <span class='ocrx_word' id='word_1_819' title='bbox 829 5795 880 5846; x_wconf 89' lang='lat' dir='ltr'><strong>In</strong></span> <span class='ocrx_word' id='word_1_820' title='bbox 904 5795 1062 5847; x_wconf 77' lang='lat' dir='ltr'><strong>alorci.</strong></span> <span class='ocrx_word' id='word_1_821' title='bbox 1093 5810 1187 5844; x_wconf 87' lang='lat' dir='ltr'><strong>non</strong></span> <span class='ocrx_word' id='word_1_822' title='bbox 1213 5795 1412 5857; x_wconf 76' lang='lat' dir='ltr'><strong>legitur,</strong></span> <span class='ocrx_word' id='word_1_823' title='bbox 1440 5794 1667 5856; x_wconf 81' lang='lat' dir='ltr'><strong>scriptum</strong></span> <span class='ocrx_word' id='word_1_824' title='bbox 1693 5801 1778 5844; x_wconf 78' lang='lat' dir='ltr'><strong>est.</strong></span> 
     </span>
    </p>
   </div>
   <div class='ocr_carea' id='block_1_105' title="bbox 2384 4844 3985 4924">
    <p class='ocr_par' dir='ltr' id='par_1_105' title="bbox 2384 4844 3985 4924">
     <span class='ocr_line' id='line_1_105' title="bbox 2384 4844 3985 4924; baseline -0.005 -13"><span class='ocrx_word' id='word_1_825' title='bbox 2384 4853 2712 4924; x_wconf 84' lang='lat' dir='ltr'><strong>temporibus</strong></span> <span class='ocrx_word' id='word_1_826' title='bbox 2741 4869 2754 4904; x_wconf 88' lang='lat'><strong>:</strong></span> <span class='ocrx_word' id='word_1_827' title='bbox 2784 4847 2924 4920; x_wconf 90' lang='lat' dir='ltr'><strong>quod</strong></span> <span class='ocrx_word' id='word_1_828' title='bbox 2956 4846 3127 4918; x_wconf 89' lang='lat' dir='ltr'><strong>palam</strong></span> <span class='ocrx_word' id='word_1_829' title='bbox 3150 4859 3270 4900; x_wconf 86' lang='lat' dir='ltr'><strong>esse</strong></span> <span class='ocrx_word' id='word_1_830' title='bbox 3294 4844 3500 4901; x_wconf 86' lang='lat' dir='ltr'><strong>videtur</strong></span> <span class='ocrx_word' id='word_1_831' title='bbox 3525 4854 3634 4900; x_wconf 90' lang='lat' dir='ltr'><strong>tum</strong></span> <span class='ocrx_word' id='word_1_832' title='bbox 3655 4859 3683 4898; x_wconf 90' lang='lat' dir='ltr'><strong>a</strong></span> <span class='ocrx_word' id='word_1_833' title='bbox 3709 4853 3985 4915; x_wconf 87' lang='lat' dir='ltr'><strong>tempore,</strong></span> 
     </span>
    </p>
   </div>
   <div class='ocr_carea' id='block_1_106' title="bbox 2387 4935 3990 5009">
    <p class='ocr_par' dir='ltr' id='par_1_106' title="bbox 2387 4935 3990 5009">
     <span class='ocr_line' id='line_1_106' title="bbox 2387 4935 3990 5009; baseline -0.007 -8"><span class='ocrx_word' id='word_1_834' title='bbox 2387 4957 2495 5001; x_wconf 90' lang='lat' dir='ltr'><strong>tum</strong></span> <span class='ocrx_word' id='word_1_835' title='bbox 2527 4946 2685 4999; x_wconf 89' lang='lat' dir='ltr'><strong>etiam</strong></span> <span class='ocrx_word' id='word_1_836' title='bbox 2714 4956 2744 4995; x_wconf 88' lang='lat' dir='ltr'><strong>a</strong></span> <span class='ocrx_word' id='word_1_837' title='bbox 2773 4939 3137 5009; x_wconf 89' lang='lat' dir='ltr'><strong>responsione.</strong></span> <span class='ocrx_word' id='word_1_838' title='bbox 3192 4936 3306 4991; x_wconf 92' lang='lat' dir='ltr'><strong>lllic</strong></span> <span class='ocrx_word' id='word_1_839' title='bbox 3348 4937 3489 4991; x_wconf 91' lang='lat' dir='ltr'><strong>enim</strong></span> <span class='ocrx_word' id='word_1_840' title='bbox 3537 4937 3652 5006; x_wconf 88' lang='lat' dir='ltr'><strong>ipso</strong></span> <span class='ocrx_word' id='word_1_841' title='bbox 3698 4935 3990 4993; x_wconf 83' lang='lat' dir='ltr'><strong>Paschalis</strong></span> 
     </span>
    </p>
   </div>
   <div class='ocr_carea' id='block_1_107' title="bbox 2397 5026 3991 5106">
    <p class='ocr_par' dir='ltr' id='par_1_107' title="bbox 2397 5026 3991 5106">
     <span class='ocr_line' id='line_1_107' title="bbox 2397 5026 3991 5106; baseline -0.005 -14"><span class='ocrx_word' id='word_1_842' title='bbox 2397 5048 2636 5106; x_wconf 89' lang='lat' dir='ltr'><strong>tempore</strong></span> <span class='ocrx_word' id='word_1_843' title='bbox 2657 5033 2869 5087; x_wconf 88' lang='lat' dir='ltr'><strong>advenit</strong></span> <span class='ocrx_word' id='word_1_844' title='bbox 2892 5049 2903 5082; x_wconf 88' lang='lat'><strong>:</strong></span> <span class='ocrx_word' id='word_1_845' title='bbox 2926 5029 3013 5084; x_wconf 86' lang='lat' dir='ltr'><strong>hic</strong></span> <span class='ocrx_word' id='word_1_846' title='bbox 3034 5044 3160 5084; x_wconf 86' lang='lat' dir='ltr'><strong>vero</strong></span> <span class='ocrx_word' id='word_1_847' title='bbox 3181 5028 3269 5081; x_wconf 88' lang='lat' dir='ltr'><strong>diu</strong></span> <span class='ocrx_word' id='word_1_848' title='bbox 3293 5037 3415 5083; x_wconf 87' lang='lat' dir='ltr'><strong>ante</strong></span> <span class='ocrx_word' id='word_1_849' title='bbox 3444 5027 3664 5082; x_wconf 84' lang='lat' dir='ltr'><strong>Pascha.</strong></span> <span class='ocrx_word' id='word_1_850' title='bbox 3690 5026 3764 5083; x_wconf 92' lang='lat' dir='ltr'><strong>lbi</strong></span> <span class='ocrx_word' id='word_1_851' title='bbox 3794 5029 3991 5085; x_wconf 82' lang='lat' dir='ltr'><strong>dicunt</strong></span> 
     </span>
    </p>
   </div>
   <div class='ocr_carea' id='block_1_108' title="bbox 2389 5119 3993 5196">
    <p class='ocr_par' dir='ltr' id='par_1_108' title="bbox 2389 5119 3993 5196">
     <span class='ocr_line' id='line_1_108' title="bbox 2389 5119 3993 5196; baseline -0.006 -9"><span class='ocrx_word' id='word_1_852' title='bbox 2389 5129 2579 5193; x_wconf 67' lang='lat' dir='ltr'><strong>Judaai,</strong></span> <span class='ocrx_word' id='word_1_853' title='bbox 2614 5126 2762 5193; x_wconf 77' lang='lat' dir='ltr'><strong>Quod</strong></span> <span class='ocrx_word' id='word_1_854' title='bbox 2791 5127 2989 5196; x_wconf 84' lang='lat' dir='ltr'><strong>signum</strong></span> <span class='ocrx_word' id='word_1_855' title='bbox 3015 5122 3233 5178; x_wconf 79' lang='lat' dir='ltr'><strong>ostendis</strong></span> <span class='ocrx_word' id='word_1_856' title='bbox 3263 5122 3405 5176; x_wconf 86' lang='lat' dir='ltr'><strong>nobis</strong></span> <span class='ocrx_word' id='word_1_857' title='bbox 3437 5120 3606 5194; x_wconf 84' lang='lat' dir='ltr'><strong>(Ibid.</strong></span> <span class='ocrx_word' id='word_1_858' title='bbox 3635 5138 3682 5176; x_wconf 82' lang='grc' dir='ltr'><strong>υ.</strong></span> <span class='ocrx_word' id='word_1_859' title='bbox 3717 5121 3784 5176; x_wconf 82' lang='lat' dir='ltr'><strong>l8</strong></span> <span class='ocrx_word' id='word_1_860' title='bbox 3806 5119 3870 5193; x_wconf 80' lang='lat'><strong>)?</strong></span> <span class='ocrx_word' id='word_1_861' title='bbox 3903 5122 3993 5177; x_wconf 88' lang='lat' dir='ltr'><strong>hic</strong></span> 
     </span>
    </p>
   </div>
   <div class='ocr_carea' id='block_1_109' title="bbox 2389 5215 3994 5286">
    <p class='ocr_par' dir='ltr' id='par_1_109' title="bbox 2389 5215 3994 5286">
     <span class='ocr_line' id='line_1_109' title="bbox 2389 5215 3994 5286; baseline -0.006 -5"><span class='ocrx_word' id='word_1_862' title='bbox 2389 5239 2517 5281; x_wconf 87' lang='lat' dir='ltr'><strong>vero</strong></span> <span class='ocrx_word' id='word_1_863' title='bbox 2565 5231 2780 5286; x_wconf 88' lang='lat' dir='ltr'><strong>tacent,</strong></span> <span class='ocrx_word' id='word_1_864' title='bbox 2823 5220 3028 5274; x_wconf 86' lang='lat' dir='ltr'><strong>etiamsi</strong></span> <span class='ocrx_word' id='word_1_865' title='bbox 3069 5218 3412 5286; x_wconf 89' lang='lat' dir='ltr'><strong>increpentur</strong></span> <span class='ocrx_word' id='word_1_866' title='bbox 3441 5234 3453 5270; x_wconf 91' lang='lat'><strong>:</strong></span> <span class='ocrx_word' id='word_1_867' title='bbox 3481 5230 3547 5270; x_wconf 93' lang='lat' dir='ltr'><strong>eo</strong></span> <span class='ocrx_word' id='word_1_868' title='bbox 3587 5215 3729 5285; x_wconf 89' lang='lat' dir='ltr'><strong>quod</strong></span> <span class='ocrx_word' id='word_1_869' title='bbox 3776 5216 3994 5271; x_wconf 84' lang='lat' dir='ltr'><strong>scilicet</strong></span> 
     </span>
    </p>
   </div>
   <div class='ocr_carea' id='block_1_110' title="bbox 2391 5308 3994 5389">
    <p class='ocr_par' dir='ltr' id='par_1_110' title="bbox 2391 5308 3994 5389">
     <span class='ocr_line' id='line_1_110' title="bbox 2391 5308 3994 5389; baseline -0.006 -17"><span class='ocrx_word' id='word_1_870' title='bbox 2391 5317 2530 5389; x_wconf 91' lang='lat' dir='ltr'><strong>apud</strong></span> <span class='ocrx_word' id='word_1_871' title='bbox 2557 5329 2744 5369; x_wconf 91' lang='lat' dir='ltr'><strong>omnes</strong></span> <span class='ocrx_word' id='word_1_872' title='bbox 2776 5315 2830 5367; x_wconf 92' lang='lat' dir='ltr'><strong>in</strong></span> <span class='ocrx_word' id='word_1_873' title='bbox 2856 5311 3206 5366; x_wconf 88' lang='lat' dir='ltr'><strong>admiratione</strong></span> <span class='ocrx_word' id='word_1_874' title='bbox 3243 5319 3406 5364; x_wconf 87' lang='lat' dir='ltr'><strong>esset.</strong></span> <span class='ocrx_word' id='word_1_875' title='bbox 3453 5308 3578 5362; x_wconf 61' lang='lat' dir='ltr'><strong>“me</strong></span> <span class='ocrx_word' id='word_1_876' title='bbox 3611 5317 3788 5362; x_wconf 89' lang='lat' dir='ltr'><strong>autem</strong></span> <span class='ocrx_word' id='word_1_877' title='bbox 3823 5323 3994 5363; x_wconf 87' lang='lat' dir='ltr'><strong>accu-</strong></span> 
     </span>
    </p>
   </div>
   <div class='ocr_carea' id='block_1_111' title="bbox 2395 5399 3998 5478">
    <p class='ocr_par' dir='ltr' id='par_1_111' title="bbox 2395 5399 3998 5478">
     <span class='ocr_line' id='line_1_111' title="bbox 2395 5399 3998 5478; baseline -0.008 -12"><span class='ocrx_word' id='word_1_878' title='bbox 2395 5412 2530 5466; x_wconf 89' lang='lat' dir='ltr'><strong>satio</strong></span> <span class='ocrx_word' id='word_1_879' title='bbox 2557 5410 2769 5478; x_wconf 88' lang='lat' dir='ltr'><strong>gravior</strong></span> <span class='ocrx_word' id='word_1_880' title='bbox 2796 5416 2978 5461; x_wconf 90' lang='lat' dir='ltr'><strong>contra</strong></span> <span class='ocrx_word' id='word_1_881' title='bbox 3002 5403 3215 5459; x_wconf 73' lang='lat' dir='ltr'><strong>Judrcos</strong></span> <span class='ocrx_word' id='word_1_882' title='bbox 3244 5412 3382 5467; x_wconf 91' lang='lat' dir='ltr'><strong>erat,</strong></span> <span class='ocrx_word' id='word_1_883' title='bbox 3411 5399 3573 5471; x_wconf 87' lang='lat' dir='ltr'><strong>quod,</strong></span> <span class='ocrx_word' id='word_1_884' title='bbox 3603 5399 3706 5454; x_wconf 89' lang='lat' dir='ltr'><strong>etsi</strong></span> <span class='ocrx_word' id='word_1_885' title='bbox 3737 5400 3916 5455; x_wconf 85' lang='lat' dir='ltr'><strong>semel</strong></span> <span class='ocrx_word' id='word_1_886' title='bbox 3945 5411 3998 5454; x_wconf 87' lang='lat' dir='ltr'><strong>et</strong></span> 
     </span>
    </p>
   </div>
   <div class='ocr_carea' id='block_1_112' title="bbox 2395 5493 4000 5565">
    <p class='ocr_par' dir='ltr' id='par_1_112' title="bbox 2395 5493 4000 5565">
     <span class='ocr_line' id='line_1_112' title="bbox 2395 5493 4000 5565; baseline -0.009 -6"><span class='ocrx_word' id='word_1_887' title='bbox 2395 5506 2477 5559; x_wconf 87' lang='lat' dir='ltr'><strong>bis</strong></span> <span class='ocrx_word' id='word_1_888' title='bbox 2521 5502 2572 5556; x_wconf 92' lang='lat' dir='ltr'><strong>id</strong></span> <span class='ocrx_word' id='word_1_889' title='bbox 2617 5501 2845 5560; x_wconf 90' lang='lat' dir='ltr'><strong>fecisset,</strong></span> <span class='ocrx_word' id='word_1_890' title='bbox 2890 5499 2941 5552; x_wconf 90' lang='lat' dir='ltr'><strong>in</strong></span> <span class='ocrx_word' id='word_1_891' title='bbox 2989 5495 3287 5565; x_wconf 73' lang='lat' dir='ltr'><strong>huiusmodi</strong></span> <span class='ocrx_word' id='word_1_892' title='bbox 3321 5493 3644 5549; x_wconf 90' lang='lat' dir='ltr'><strong>commercio</strong></span> <span class='ocrx_word' id='word_1_893' title='bbox 3671 5507 4000 5562; x_wconf 84' lang='lat' dir='ltr'><strong>persevera-</strong></span> 
     </span>
    </p>
   </div>
   <div class='ocr_carea' id='block_1_113' title="bbox 2396 5587 3999 5664">
    <p class='ocr_par' dir='ltr' id='par_1_113' title="bbox 2396 5587 3999 5664">
     <span class='ocr_line' id='line_1_113' title="bbox 2396 5587 3999 5664; baseline -0.008 -12"><span class='ocrx_word' id='word_1_894' title='bbox 2396 5604 2514 5652; x_wconf 89' lang='lat' dir='ltr'><strong>rent</strong></span> <span class='ocrx_word' id='word_1_895' title='bbox 2537 5613 2550 5649; x_wconf 87' lang='lat'><strong>:</strong></span> <span class='ocrx_word' id='word_1_896' title='bbox 2575 5596 2853 5664; x_wconf 90' lang='lat' dir='ltr'><strong>ipsumque</strong></span> <span class='ocrx_word' id='word_1_897' title='bbox 2876 5592 2988 5646; x_wconf 85' lang='lat' dir='ltr'><strong>Deo</strong></span> <span class='ocrx_word' id='word_1_898' title='bbox 3011 5589 3372 5644; x_wconf 85' lang='lat' dir='ltr'><strong>adversarium</strong></span> <span class='ocrx_word' id='word_1_899' title='bbox 3396 5587 3663 5650; x_wconf 85' lang='lat' dir='ltr'><strong>dicebant,</strong></span> <span class='ocrx_word' id='word_1_900' title='bbox 3685 5602 3807 5639; x_wconf 87' lang='lat' dir='ltr'><strong>cum</strong></span> <span class='ocrx_word' id='word_1_901' title='bbox 3831 5602 3999 5658; x_wconf 87' lang='lat' dir='ltr'><strong>opor-</strong></span> 
     </span>
    </p>
   </div>
   <div class='ocr_carea' id='block_1_114' title="bbox 2400 5679 3998 5753">
    <p class='ocr_par' dir='ltr' id='par_1_114' title="bbox 2400 5679 3998 5753">
     <span class='ocr_line' id='line_1_114' title="bbox 2400 5679 3998 5753; baseline -0.007 -10"><span class='ocrx_word' id='word_1_902' title='bbox 2400 5688 2588 5743; x_wconf 89' lang='lat' dir='ltr'><strong>tuisset</strong></span> <span class='ocrx_word' id='word_1_903' title='bbox 2609 5686 2848 5742; x_wconf 76' lang='lat' dir='ltr'><strong>ediscere</strong></span> <span class='ocrx_word' id='word_1_904' title='bbox 2872 5685 3041 5753; x_wconf 89' lang='lat' dir='ltr'><strong>ipsum</strong></span> <span class='ocrx_word' id='word_1_905' title='bbox 3067 5682 3321 5737; x_wconf 91' lang='lat' dir='ltr'><strong>honorem</strong></span> <span class='ocrx_word' id='word_1_906' title='bbox 3346 5681 3486 5736; x_wconf 83' lang='lat' dir='ltr'><strong>Patri</strong></span> <span class='ocrx_word' id='word_1_907' title='bbox 3508 5679 3744 5734; x_wconf 89' lang='lat' dir='ltr'><strong>debitum</strong></span> <span class='ocrx_word' id='word_1_908' title='bbox 3770 5694 3998 5743; x_wconf 87' lang='lat' dir='ltr'><strong>curare,</strong></span> 
     </span>
    </p>
   </div>
   <div class='ocr_carea' id='block_1_115' title="bbox 2401 5772 3999 5852">
    <p class='ocr_par' dir='ltr' id='par_1_115' title="bbox 2401 5772 3999 5852">
     <span class='ocr_line' id='line_1_115' title="bbox 2401 5772 3999 5852; baseline -0.006 -15"><span class='ocrx_word' id='word_1_909' title='bbox 2401 5793 2452 5837; x_wconf 87' lang='lat' dir='ltr'><strong>et</strong></span> <span class='ocrx_word' id='word_1_910' title='bbox 2478 5795 2720 5852; x_wconf 87' lang='lat' dir='ltr'><strong>magnam</strong></span> <span class='ocrx_word' id='word_1_911' title='bbox 2753 5779 3041 5850; x_wconf 75' lang='lat' dir='ltr'><strong>potentiam</strong></span> <span class='ocrx_word' id='word_1_912' title='bbox 3074 5775 3288 5831; x_wconf 85' lang='lat' dir='ltr'><strong>habere.</strong></span> <span class='ocrx_word' id='word_1_913' title='bbox 3338 5773 3549 5830; x_wconf 79' lang='lat' dir='ltr'><strong>Etenim</strong></span> <span class='ocrx_word' id='word_1_914' title='bbox 3586 5775 3698 5843; x_wconf 79' lang='lat' dir='ltr'><strong>jam</strong></span> <span class='ocrx_word' id='word_1_915' title='bbox 3730 5775 3890 5842; x_wconf 78' lang='lat' dir='ltr'><strong>signa</strong></span> <span class='ocrx_word' id='word_1_916' title='bbox 3924 5772 3999 5829; x_wconf 57' lang='lat' dir='ltr'><strong>fe</strong></span> 
     </span>
    </p>
   </div>
  </div>
