4174 6332
240 383 341 438 833

237 510 379 556 neunt
403 540 418 564 ,
451 506 508 554 et
538 497 790 552 videbant
818 508 978 562 opera
1012 505 1132 546 cum
1165 487 1340 544 verbis
1368 493 1666 540 consonare
1697 495 1710 531 :
1739 471 1833 530 sed

239 607 418 663 neque
444 593 523 648 sic
551 592 1007 658 obtemperarunt,
1033 586 1140 637 imo
1168 578 1600 643 imﬁgnabantur,
1624 565 1835 663 etiamsi

241 661 357 741 hate
405 685 644 739 clamare
690 681 999 751 prophetam
1041 675 1323 735 audirem,
1369 684 1433 723 ac
1478 661 1836 757 pueros-plus

242 788 410 844 quam
428 781 561 826 tetas
585 771 748 822 l'erret
777 765 1138 836 praedicantes
1158 775 1303 815 eum.
1321 757 1840 844 Quapropter-incu-

244 840 459 919 santeiit
480 862 606 915 illos
622 859 824 912 Isaiam
843 854 1052 909 inducit
1072 853 1260 906 dicens
1277 866 1288 899 :
1303 847 1500 900 Domus
1521 859 1634 895 inca
1655 840 1841 891 domus

235 950 489 1004 orationis
500 947 779 1002 vocabitur.
797 946 976 1016 Neque
995 947 1094 998 hoc
1108 940 1476 997 tantummodo
1491 953 1640 991 suam
1657 944 1838 1005 poten-

236 1043 367 1095 tiam
391 1040 646 1105 OStendit,
672 1041 764 1095 sed
792 1038 932 1109 quod
954 1047 1102 1092 curet
1124 1036 1295 1090 varias
1318 1033 1652 1088 inﬁrmitates
1679 1047 1690 1082 :
1713 1044 1834 1083 nam

237 1131 327 1186 14.
365 1133 701 1185 Accesserant
732 1130 801 1183 ad
837 1145 950 1182 eum
989 1127 1160 1182 claudi
1184 1137 1229 1180 et
1257 1125 1398 1190 caeci,
1424 1133 1469 1177 et
1495 1121 1691 1175 curavit
1715 1135 1798 1175 cos
1815 1134 1836 1182 ;

233 1235 284 1277 et
307 1223 394 1278 sic
407 1225 660 1278 virtutem
684 1230 1108 1292 potestatemque
1125 1233 1276 1273 suam
1301 1224 1583 1271 monstrat.
1611 1213 1686 1267 Illi
1711 1228 1836 1266 vero

239 1331 419 1384 neque
445 1315 525 1369 sic
548 1315 1006 1382 obtemperarunt,
1029 1309 1123 1365 sed
1145 1325 1264 1364 cum
1294 1307 1549 1362 miracula
1573 1305 1832 1369 viderent,

240 1419 554 1475 puerosque
575 1405 821 1458 audirent
847 1407 1018 1474 ipsum
1044 1401 1417 1468 prmdicantes,
1441 1398 1837 1452 snﬁ‘ocabantur

238 1507 294 1550 et
323 1493 582 1548 dicebant
614 1510 629 1548 :
663 1493 750 1548 16.
787 1491 908 1547 Non
936 1492 1082 1546 audis
1103 1492 1222 1561 quid
1247 1491 1331 1545 isti
1358 1489 1570 1543 dicunt?
1595 1489 1752 1556 Atqui
1783 1487 1833 1541 id

231 1584 486 1640 Christus
504 1587 632 1654 ipsis
650 1585 828 1640 dicere
847 1585 1098 1654 potuisset
1117 1582 1259 1636 :Non
1277 1582 1470 1636 auditis
1498 1580 1622 1651 quid
1657 1581 1738 1634 isti
1756 1579 1836 1633 di-

232 1675 410 1729 eunt?
453 1674 586 1729 Nam
616 1675 688 1729 illi
714 1675 864 1744 quasi
903 1675 1011 1729 Deo
1036 1673 1319 1729 canebant.
1353 1673 1490 1739 Quid
1523 1673 1681 1741 igitur
1705 1671 1834 1726 ille?

231 1769 371 1834 Quia
426 1769 587 1821 rehns
631 1768 928 1823 manifestis
969 1767 1440 1832 contradicebant,
1493 1769 1670 1820 acrius
1715 1765 1834 1819 illos

232 1861 412 1930 carpit
435 1861 620 1914 dicens
648 1878 662 1912 :
694 1859 988 1928 Numquam
1019 1859 1210 1929 legistis
1239 1873 1258 1909 .'
1281 1857 1364 1912 Ea:
1382 1874 1470 1911 ore
1492 1857 1766 1927 infantium
1786 1867 1834 1908 et

234 1952 534 2004 luctantium
583 1951 836 2022 perfecisti
883 1952 1084 2005 laudent
1128 1948 1320 2018 (Psal.
1343 1950 1395 2006 8.
1433 1950 1544 2017 δη
1584 1949 1651 2003 Ει
1687 1960 1834 2004 recte

230 2042 410 2107 dixit,
445 2041 527 2095 Ea:
555 2058 658 2096 ore.
691 2042 803 2095 Non
835 2041 978 2098 enim
1007 2041 1297 2096 secundum
1329 2053 1560 2096 mentem
1595 2043 1832 2111 ipsorum

234 2134 322 2186 illa
354 2135 518 2188 verba
549 2144 721 2199 erant,
745 2134 838 2188 sed
869 2137 1061 2189 virtute
1095 2135 1258 2204 ipsius
1284 2135 1564 2188 immatura
1594 2133 1832 2202 ipsorum

232 2225 416 2293 lingua
451 2225 796 2295 dirigebatur.
827 2225 940 2280 Hoc
971 2242 1099 2280 vero
1125 2225 1292 2296 ﬁgura
1321 2234 1436 2280 erat
1454 2226 1690 2294 gentium
1715 2226 1831 2279 bal-

228 2316 578 2380 butientium,
607 2334 724 2385 qum
746 2317 1028 2372 confeStim
1051 2333 1239 2386 magna
1265 2318 1612 2372 insonuerunt
1638 2326 1692 2371 et
1719 2318 1832 2372 ani-

234 2423 324 2460 mo
364 2418 422 2462 et
466 2408 590 2472 ﬁde.
617 2419 671 2463 et
707 2409 963 2480 apostolis
1008 2408 1144 2463 hinc-
1171 2425 1276 2463 non
1321 2425 1480 2479 parva
1510 2410 1828 2466 consolatio.

231 2499 310 2555 Ne
336 2501 482 2554 enim
508 2499 856 2571 ambigerent,
880 2500 1150 2570 quomodo
1177 2499 1338 2556 rudes
1367 2501 1612 2554 homines
1640 2501 1834 2570 praedi-

231 2595 500 2648 cationem
537 2594 856 2648 annnntiare
885 2603 1168 2663 poterunt,
1201 2604 1638 2664 praeoccupantes
1681 2594 1828 2664 pueri

229 2685 377 2744 illam
410 2686 572 2738 animi
603 2686 902 2754 angustiam
941 2686 1233 2754 ejecerunt,
1266 2695 1320 2740 et
1359 2701 1508 2756 spem
1553 2686 1826 2753 fecerunt,

231 2776 541 2830 tacultatem
569 2774 776 2830 dicendi
804 2775 1052 2829 daturum
1084 2775 1184 2829 sibi
1213 2790 1332 2830 esse
1361 2790 1484 2830 eum
1514 2776 1602 2846 qni
1635 2791 1829 2846 pueros

230 2867 493 2937 hymnum
542 2876 760 2922 cantare
806 2865 1025 2933 docuit;
1076 2881 1253 2937 neque
1302 2867 1403 2922 hoc
1445 2876 1688 2933 tantum,
1732 2868 1828 2924 sed

226 2961 391 3013 etiam
436 2974 554 3014 esse
594 2961 741 3013 illum
785 2969 988 3014 natura:
1031 2960 1384 3024 conditorem,
1421 2961 1520 3014 hoc
1570 2963 1828 3018 miracqu

226 3063 507 3106 ostensum
537 3061 638 3106 est.
666 3051 820 3107 Pueri
849 3054 1008 3122 igitur
1032 3053 1130 3106 etsi
1164 3054 1462 3108 immatura:
1491 3056 1682 3120 anatis,
1711 3056 1825 3110 fau-

224 3156 307 3199 sta
341 3154 396 3199 et
423 3146 669 3214 supernis
698 3160 932 3200 consona
974 3145 1327 3215 loquebantur
1359 3165 1371 3200 :
1406 3147 1506 3201 viri
1536 3158 1713 3203 autem
1745 3151 1825 3203 in-

224 3236 378 3290 sania
424 3245 480 3290 et
519 3236 702 3291 furore
749 3237 928 3306 plena.
974 3237 1118 3291 Talis
1157 3253 1246 3291 res
1284 3249 1365 3292 est
1398 3240 1654 3309 nequitia.
1688 3240 1821 3308 Quia

225 3329 390 3397 igitur
419 3329 583 3382 multa
610 3338 764 3384 erant
789 3344 908 3398 qua:
937 3329 1056 3384 illos
1081 3340 1485 3384 commoverent
1505 3372 1518 3395 ,
1549 3331 1718 3385 Ini-ha:
1747 3333 1824 3386 vi-

220 3422 440 3484 delicet,
466 3422 658 3490 ejectio
681 3420 1044 3485 vendentium,
1070 3421 1347 3487 miracula,
1371 3422 1518 3490 pueri
1542 3432 1818 3489 canentes,

219 3528 414 3568 rursus
451 3529 545 3568 eos
581 3514 851 3584 relinquit,
902 3523 958 3570 ut
1001 3515 1213 3570 illorum
1262 3515 1416 3570 sedet
1463 3525 1724 3571 tumorem
1768 3526 1822 3571 et

216 3605 385 3669 iram,
413 3604 690 3676 noluitque
709 3605 924 3674 docere,
946 3621 1013 3663 ne
1042 3607 1238 3664 invidia
1264 3607 1534 3663 ferventes
1563 3609 1700 3664 dicta
1723 3624 1820 3666 sua

218 3711 369 3768 ωσι-ε
395 3697 616 3754 ferrent.

297 3788 533 3843 Historia
554 3791 680 3859 ﬁcus
708 3807 741 3844 α
764 3791 963 3846 Christo
987 3792 1270 3849 maledicta:
1298 3803 1682 3850 commentatur.
1715 3795 1821 3852 Cur

216 3879 458 3934 Christus
487 3881 607 3948 ﬁcui
635 3882 915 3937 maledixit.
936 3914 1009 3924 —
1025 3885 1111 3940 18.
1139 3883 1297 3940 Hane
1313 3896 1479 3941 autem
1500 3896 1748 3943 revertens
1767 3891 1820 3943 in

217 3972 416 4036 urbem,
464 3973 659 4028 curiit.
700 3973 982 4040 Quomodo
1027 3991 1185 4032 mane
1226 3976 1449 4032 esuriit?
1489 3979 1718 4049 Quando
1766 3979 1819 4036 id

214 4067 372 4121 carni
400 4067 688 4132 concessit,
724 4079 849 4123 tunc
886 4070 1026 4124 illius
1059 4085 1250 4126 sensus
1275 4071 1598 4128 ostenditur.
1628 4073 1716 4129 I9.
1753 4073 1820 4129 Et

217 4159 398 4212 uidens
426 4158 578 4226 ﬁcum
607 4160 659 4213 in
688 4161 790 4225 via,
819 4163 950 4215 venit
975 4163 1044 4215 ad
1072 4179 1213 4227 eam,
1249 4173 1296 4217 et
1337 4163 1467 4218 nihil
1504 4165 1688 4220 inuenit
1722 4167 1820 4222 nisi

217 4251 373 4323 folia.
403 4251 557 4306 Alius
583 4254 904 4323 evangelista
929 4254 1120 4322 (Marc.
1152 4257 1238 4311 11.
1270 4257 1360 4328 15)
1387 4258 1551 4326 dicit,
1584 4259 1816 4314 nondum

217 4356 436 4414 tempus
465 4343 660 4410 fuisse;
688 4346 780 4401 sed
812 4347 855 4401 si
885 4348 1119 4404 nondum
1147 4359 1357 4418 tempus
1382 4360 1519 4417 erat,
1549 4353 1820 4423 quomodo

213 4437 360 4491 alter
385 4438 710 4507 evangelista
736 4442 750 4470 ³
781 4439 853 4492 ait
873 4481 888 4506 ,
923 4439 1100 4506 Venit,
1133 4452 1187 4495 ut
1214 4444 1256 4496 si
1282 4447 1414 4514 forte
1442 4449 1660 4514 fructum
1681 4447 1819 4499 inve-

216 4529 349 4580 niret
378 4529 431 4581 in
455 4529 555 4582 ea?
597 4527 751 4584 Unde
779 4532 1120 4586 manifestum
1153 4542 1255 4597 est,
1292 4535 1420 4589 illud
1457 4553 1522 4591 ex
1563 4538 1817 4606 opinione

213 4618 605 4686 discipulorum
649 4619 830 4683 fuisse,
864 4625 951 4692 qui
985 4624 1160 4679 adhuc
1192 4627 1614 4692 impertectiores
1642 4643 1813 4684 erant.

211 4708 352 4765 Nam
375 4710 657 4779 opiniones
684 4712 1068 4782 discipulorum
1090 4732 1232 4787 saepe
1253 4719 1566 4773 describunt
1591 4737 1818 4792 evange-

212 4807 380 4860 lista}.
419 4803 568 4859 Sicut
603 4805 765 4874 igitur
791 4807 917 4862 illud
947 4810 1240 4866 secundum
1270 4812 1480 4866 illorum
1508 4815 1814 4886 opinionem

209 4905 355 4963 crat,
389 4896 468 4952 sic
492 4911 705 4968 quoque
730 4912 851 4954 cum
881 4899 1155 4969 putabant,
1186 4902 1357 4972 ipsum
1388 4905 1725 4962 maledixissc
1753 4909 1813 4960 ﬁ-

208 4990 324 5052 cui,
360 4990 504 5060 quod
539 4991 766 5048 fructum
795 5009 900 5047 non
932 4993 1172 5049 haberet.
1217 4997 1324 5051 Cur
1364 5013 1493 5069 ergo
1536 5002 1812 5056 maledicta

209 5079 354 5134 fuit?
403 5081 631 5153 Propter
670 5083 982 5153 discipulos,
1016 5096 1072 5140 ut
1113 5103 1307 5157 nempe
1347 5090 1418 5143 illi
1460 5092 1813 5148 conﬁderent.

209 5173 351 5237 Quia
377 5187 521 5228 enim
545 5174 739 5246 ubique
760 5174 1015 5230 beneﬁcia
1040 5180 1345 5247 praestabat,
1377 5183 1689 5253 nullumque
1717 5164 1814 5255 pu-

210 5264 404 5317 niebat
446 5282 460 5320 :
501 5274 556 5320 et
597 5275 773 5322 tamen
815 5270 1099 5338 oportebat
1137 5271 1341 5327 ttllricis
1383 5289 1493 5328 sua:
1537 5282 1816 5345 potestatis

206 5353 523 5423 exemplum
547 5356 804 5425 praebere,
827 5369 882 5412 ut
903 5359 1243 5417 discerentet
1264 5362 1508 5434 discipuli
1541 5375 1597 5421 et
1622 5368 1812 5437 Judaei,

209 5447 391 5513 ipsum
409 5461 531 5500 enm
556 5460 736 5517 posset
756 5465 850 5504 eos
869 5453 956 5521 qui
981 5469 1039 5506 se
1056 5454 1434 5511 cruciﬁxerunt
1451 5463 1810 5530 exstinguere,

209 5539 448 5594 libenter
476 5549 650 5596 tamen
685 5543 733 5596 id
760 5547 1108 5610 concessisse,
1135 5564 1308 5618 neque
1337 5551 1680 5608 exstinxisse.
1710 5555 1817 5610 No-

209 5631 311 5686 Init
349 5647 516 5702 porro
561 5633 611 5688 id
658 5634 711 5689 in
757 5636 1062 5694 hominibus
1093 5638 1289 5698 factum
1320 5642 1604 5713 exhibere,
1633 5646 1728 5701 sed
1762 5648 1811 5701 in

509 5773 747 5850 ητιοηιᾳξο
783 5772 916 5850 ίάςιζι
954 5776 1286 5846 Evangelista;
1309 5786 1482 5835 recte:
1505 5786 1653 5836 verba
1681 5799 1810 5839 enim

206 5841 323 5884 aint
349 5836 510 5896 staret,
534 5848 640 5897 cap.
664 5836 738 5887 11.
769 5851 815 5886 v.
846 5836 920 5888 15.

1177 373 1240 429 IN
1281 354 1690 427 ΜΛΤΤΙΙζ-Ευλῑ
1734 357 1966 415 IIOMIL.
2010 354 2217 412 LXVII.
2261 357 2332 412 al.
2380 355 2606 409 LXVIII.

3444 355 3546 408 (5'5".

1949 472 2141 527 arbore
2183 472 2388 525 ultricis
2417 487 2529 524 sum
2562 471 2842 541 potestatis
2871 471 3176 538 ev-inplunt
3206 468 3370 524 dedit.
3413 473 3545 525 Cum

1947 573 2123 620 autem
2154 565 2204 618 in
2233 564 2348 619 loca
2376 606 2388 626 ,
2422 563 2503 617 vel
2532 564 2583 618 in
2611 563 2852 627 arbores,
2878 562 2960 617 vel
2995 562 3045 616 in
3074 564 3232 618 bruta
3255 563 3546 616 animantia

1947 659 2053 712 tale
2095 658 2366 727 quidpiam
2413 657 2737 722 immittitur,
2774 673 2841 710 ne
2885 655 3096 711 curiose
3142 655 3400 725 inquiras,
3445 670 3545 712 nec

1947 751 2092 805 dicas
2124 768 2136 802 :
2169 751 2449 818 Quomodo
2478 750 2622 818 jnste
2651 749 2920 805 exsiccata
2950 748 3080 803 ﬁcus
3105 757 3189 802 est
3211 789 3224 810 ,
3255 749 3299 803 si
3335 757 3546 818 tempus

1944 845 1982 898 tt
1999 855 2212 900 uctnum
2233 860 2338 896 non
2362 853 2469 897 erat
2490 843 2513 895 τ
2536 843 2619 897 illa
2641 843 2785 897 enim
2809 842 3037 912 qumstio
3053 840 3407 910 nngacissima
3425 851 3505 895 est
3529 859 3543 894 :

1945 936 2038 991 sed
2068 936 2383 990 miraculum
2404 935 2629 1003 respice,
2656 934 2872 997 mirare,
2893 942 2946 988 et
2968 932 3344 1007 miraculorum
3370 943 3544 1001 patra-

1946 1027 2047 1082 tori
2085 1028 2306 1097 gloriam
2353 1025 2514 1081 refer.
2561 1025 2694 1080 Nam
2737 1033 2790 1079 et
2825 1023 2894 1078 de
2935 1023 3227 1079 submersis
3260 1025 3435 1092 porcis
3466 1023 3548 1077 id-

1945 1121 2118 1190 ipsum
2149 1119 2297 1173 multi
2321 1117 2608 1185 dixerunt,
2633 1117 2861 1187 justitim
2888 1115 3148 1170 rationem
3176 1114 3544 1183 inquirentes;

1945 1211 2036 1267 sed
2060 1212 2167 1266 illis
2183 1227 2287 1266 non
2305 1209 2584 1265 attendere
2599 1218 2810 1278 oportet
2833 1227 2845 1263 :
2865 1223 2988 1262 nam
3013 1206 3129 1261 hate
3160 1205 3543 1260 irrationabilia

1944 1312 2099 1359 erant
2117 1345 2134 1370 ,
2168 1311 2224 1357 ut
2252 1302 2414 1356 arbor
2441 1302 2619 1355 anima
2646 1299 2883 1355 carebat.
2916 1299 3026 1354 Cur
3052 1313 3181 1368 ergo
3209 1297 3309 1353 bac
3336 1299 3548 1353 ratione

1944 1411 2030 1449 res
2064 1404 2182 1449 acta
2209 1404 2291 1448 est
2313 1436 2328 1455 ,
2365 1405 2420 1450 et
2454 1410 2550 1450 cur
2579 1393 2695 1448 haec
2723 1403 2806 1448 est
2832 1392 3222 1447 maledictlonis
3250 1391 3451 1447 causa?
3481 1392 3548 1446 l.‘t

1938 1486 2050 1554 jam
2091 1485 2221 1552 dixi,
2253 1486 2356 1540 hoc
2399 1487 2462 1539 ad
2510 1485 2892 1555 discipulorum
2938 1486 3245 1554 opinionem
3290 1487 3540 1554 pertinet.

1941 1580 2094 1646 Quod
2122 1581 2164 1633 si
2196 1579 2429 1634 nondum
2466 1592 2674 1648 tempus
2700 1589 2814 1633 erat
2833 1620 2848 1644 ,
2879 1588 3082 1633 temere
3110 1577 3326 1647 quidam
3356 1578 3442 1632 hic
3473 1577 3545 1631 le-

1942 1689 2062 1743 gem
2096 1672 2382 1742 signiﬁcari
2419 1671 2622 1726 dicunt.
2651 1671 2796 1726 Nam
2817 1671 2973 1740 hujus
3001 1669 3207 1726 fructus
3232 1671 3366 1726 lides
3390 1681 3502 1726 erat
3523 1712 3538 1733 ,

1945 1763 2173 1832 ﬁdeique
2219 1774 2428 1830 tempus
2471 1771 2596 1816 tunc
2637 1761 2967 1826 advenerat,
2999 1778 3160 1832 quem
3189 1762 3421 1816 fructum
3454 1762 3539 1816 illo

1941 1855 2137 1908 attulit.
2165 1853 2287 1908 Jam
2315 1855 2444 1906 enim
2468 1855 2695 1925 regiones
2721 1855 2852 1908 alba:
2869 1864 2988 1908 sunt
3009 1856 3077 1907 ad
3096 1871 3325 1913 messem.
3350 1855 3535 1924 inquit,

1941 1959 2014 2010 et,
2040 1947 2158 2000 Misi
2179 1962 2264 1998 uos
2282 1956 2462 1998 metere
2477 1961 2589 2015 qua'
2605 1962 2704 1999 non
2721 1945 2989 2000 laborastis
3023 1945 3202 2019 (Joan.
3232 1947 3282 2001 4.
3310 1947 3397 2002 55.
3427 1946 3528 2016 58).

2011 2038 2066 2091 9.
2099 2036 2237 2092 Nihil
2269 2051 2396 2105 ergo
2427 2037 2730 2106 hujusmodi
2761 2036 2850 2091 Itic
2878 2037 3278 2103 subindicatur,
3322 2038 3452 2105 scd-v,
3489 2051 3544 2093 ιιι

1940 2126 2071 2195 dixi,
2105 2137 2424 2198 potestatem
2454 2127 2699 2181 ultricem
2727 2122 2927 2181 iudicat
2951 2170 2964 2193 ,
2994 2138 3052 2182 et
3077 2128 3180 2182 hoc
3202 2127 3437 2183 ostendit
3463 2129 3542 2183 di-

1939 2235 2104 2285 cens,
2142 2219 2389 2274 Nondum
2423 2220 2557 2274 enim
2594 2230 2702 2273 erat
2742 2231 2962 2290 tempus,
2993 2220 3303 2291 signiﬁcans
3331 2237 3389 2276 se
3422 2221 3543 2276 ideo

1941 2313 2210 2382 prmcipue
2246 2312 2478 2375 venisse,
2508 2327 2615 2365 non
2653 2311 2795 2382 quod
2824 2312 3077 2377 esuriret,
3101 2312 3195 2367 sed
3225 2322 3441 2384 propter
3463 2314 3543 2367 di~

1937 2404 2193 2473 scipulos,
2215 2404 2304 2474 qui
2331 2403 2619 2459 admodum
2643 2404 2818 2458 mirati
2846 2414 2992 2470 sunt,
3012 2405 3111 2459 etsi
3141 2406 3308 2460 multa
3337 2406 3542 2477 majora

1937 2499 2088 2567 signa
2121 2497 2232 2566 jam
2265 2497 2398 2552 facta
2430 2497 2668 2564 fuerant;
2700 2497 2794 2552 scd
2820 2539 2834 2563 ,
2865 2507 2922 2552 ut
2948 2497 3058 2552 dixi
3086 2539 3100 2562 ,
3135 2501 3235 2554 hec.
3265 2499 3541 2554 insolitum

1936 2585 2076 2655 erat,
2107 2607 2248 2645 nunc
2275 2593 2416 2646 enim
2449 2592 2624 2662 primo
2654 2602 2974 2663 potestatem
3008 2593 3252 2648 ultricem
3281 2594 3539 2649 ostendit.

1939 2682 2142 2738 Idcirco
2168 2698 2273 2737 non
2303 2684 2353 2736 in
2385 2683 2486 2737 alia
2517 2683 2711 2738 arbore
2735 2724 2751 2749 ,
2781 2684 2875 2739 sed
2910 2685 2961 2739 in
2993 2686 3234 2740 omnium
3278 2684 3542 2740 humidis-

1937 2775 2070 2828 sima
2112 2775 2322 2845 signum
2369 2774 2495 2829 fecit
2517 2815 2532 2841 ,
2568 2776 2635 2828 ita
2666 2785 2722 2828 ut
2753 2775 2876 2830 inde
2905 2775 3080 2845 majus
3107 2777 3381 2832 videretur
3417 2792 3542 2833 esse

1936 2868 2271 2922 miraculum.
2322 2867 2391 2922 Et
2435 2877 2491 2920 nt
2528 2867 2727 2935 discas,
2765 2867 2867 2922 hoc
2912 2879 3132 2939 propter
3177 2870 3296 2926 illos
3341 2870 3538 2926 factum

1934 2973 2074 3022 esse,
2103 2968 2161 3013 nt
2184 2959 2286 3013 illis
2319 2959 2565 3015 tlduciam
2600 2959 2830 3026 inderet,
2853 2960 2978 3016 audi
3009 2977 3072 3017 ea
3099 2977 3220 3032 quae
3247 2972 3430 3033 postea
3460 2963 3539 3016 di.

1933 3052 2024 3106 cit.
2070 3051 2206 3120 Quid
2237 3053 2394 3121 igitur
2422 3053 2587 3108 dicit?
2633 3052 2702 3107 Et
2729 3067 2824 3108 vos
2855 3053 3057 3122 majora
3090 3055 3315 3118 facietis,
3341 3056 3385 3109 si
3415 3072 3537 3109 crc-

1929 3143 2060 3198 dcre
2087 3145 2384 3209 volueritis,
2409 3155 2463 3200 et
2486 3147 2536 3200 in
2559 3145 2804 3200 oratione
2830 3145 3122 3200 conﬁdere.
3151 3146 3339 3202 Viden’
3367 3157 3535 3202 totum

1931 3245 2148 3305 propter
2189 3237 2309 3290 illos
2349 3237 2544 3292 factum
2572 3253 2726 3303 esse,
2768 3253 2837 3294 ne
2878 3238 3098 3294 insidias
3141 3238 3538 3297 formidarent?

1931 3329 2054 3384 Ideo
2086 3329 2215 3384 illud
2242 3331 2432 3384 iterum
2470 3332 2686 3402 repetit,
2719 3342 2772 3386 ut
2800 3332 3052 3402 precibus
3079 3343 3133 3388 et
3156 3333 3278 3389 ﬁdei
3311 3333 3537 3389 ﬁrmiter

1928 3421 2134 3476 ligurere
2155 3422 2399 3477 suadeat.
2423 3421 2539 3478 Non
2566 3424 2710 3479 enim
2733 3424 2835 3480 hoc
2861 3434 3066 3480 tantum
3088 3424 3315 3489 facietis,
3339 3427 3534 3496 inquit,

1926 3514 2020 3568 sed
2050 3514 2214 3568 etiam
2245 3525 2458 3570 montes
2484 3515 2838 3581 transferatis,
2867 3527 2922 3573 et
2950 3519 3177 3587 plurima
3207 3520 3307 3574 alia
3337 3535 3533 3591 opera-

1925 3605 2110 3660 bimini
2137 3648 2152 3670 ,
2181 3608 2225 3660 si
2260 3606 2379 3662 ﬁdei
2412 3617 2467 3663 et
2494 3610 2723 3663 orationi
2751 3625 2871 3664 cum
2903 3611 3095 3668 ﬁducia
3128 3610 3397 3667 litereatis.
3429 3613 3533 3668 Ve-

1925 3711 2044 3751 rum
2073 3697 2242 3752 Judari
2271 3708 2581 3770 arrogantes
2603 3709 2658 3756 et
2679 3701 2868 3768 inﬂati,
2896 3711 2952 3755 ut
2977 3700 3279 3758 doctrinam
3308 3705 3423 3774 ejus
3448 3705 3532 3758 iu-

1927 3778 2320 3861 terpellarent,
2363 3793 2683 3848 accedentes
2724 3794 3184 3850 sciscitabantur:
3212 3797 3303 3851 25.
3336 3795 3404 3850 In
3433 3814 3533 3869 qua

1927 3892 2171 3953 potestate
2195 3883 2304 3939 hac
2343 3884 2514 3954 facis?
2555 3884 2689 3953 Quia
2730 3887 2874 3942 enim
2920 3887 3200 3944 miraculis
3243 3889 3532 3945 detrahere

1928 3993 2032 4030 non
2058 3985 2304 4046 poterant
2330 3977 2639 4034 venditores
2661 3993 2726 4033 ex
2756 3979 2956 4051 templo
2985 3980 3169 4050 pulsos
3199 3990 3254 4036 et
3276 3983 3533 4037 emenda-

1927 4077 2011 4122 tos
2038 4068 2110 4124 illi
2138 4069 2415 4138 objiciunt.
2449 4070 2647 4125 Eadem
2675 4071 2884 4128 ratione
2910 4073 3050 4143 apud
3073 4073 3335 4130 Joannem
3366 4076 3533 4132 inter-

1929 4172 2136 4231 rogant,
2160 4163 2282 4217 licet
2310 4177 2412 4216 non
2441 4163 2628 4218 iisdem
2658 4163 2855 4229 verbis,
2881 4181 3066 4220 verum
3091 4166 3280 4223 eadem
3313 4179 3534 4224 senten-

1927 4258 2027 4319 tia;
2074 4271 2196 4309 nam
2240 4257 2469 4310 dicunt:
2505 4257 2654 4321 Quod
2693 4259 2894 4329 signum
2943 4262 3168 4316 ostendis
3213 4265 3377 4330 nobis,
3411 4268 3533 4336 quia

1926 4351 2033 4403 haec
2057 4353 2181 4419 facis
2205 4350 2396 4419 (Joan.
2426 4352 2477 4405 2.
2515 4353 2599 4405 18.
2636 4351 2782 4421 l9)?
2813 4351 2916 4407 Sed
2951 4353 3021 4408 ibi
3055 4356 3346 4423 respondet
3379 4359 3481 4412 illis
3516 4377 3526 4412 :

1928 4440 2120 4494 Solvite
2151 4441 2391 4506 templum
2417 4445 2531 4508 hoc,
2563 4452 2606 4496 et
2636 4445 2688 4496 in
2717 4445 2875 4497 tribus
2905 4445 3083 4500 diebus
3109 4448 3335 4501 excitabo
3365 4451 3529 4513 illud;

1927 4533 2010 4586 hic
2037 4546 2216 4588 autem
2248 4535 2298 4587 in
2327 4534 2716 4590 dubitationem
2747 4537 2866 4590 illos
2897 4537 3139 4608 conjicit.
3171 4539 3324 4595 Unde
3357 4546 3530 4598 mani-

1927 4624 2116 4679 festum
2161 4636 2277 4689 est,
2324 4626 2449 4681 illud
2492 4627 2704 4697 quidem
2748 4629 2799 4682 in
2843 4631 3106 4700 principio
3147 4631 3342 4688 factum
3383 4650 3544 4696 esse,

1923 4718 2138 4772 cuando
2179 4713 2450 4774 'miracula
2501 4723 2663 4776 edere
2715 4723 3045 4792 incipiebat,
3099 4725 3202 4780 hoc
3245 4736 3425 4780 autem
3473 4730 3525 4782 iu

1927 4814 2028 4866 ﬁne
2055 4810 2154 4883 (τι).
2189 4811 2340 4879 Quod
2369 4821 2546 4867 autem
2577 4813 2784 4878 dicunt,
2818 4815 3126 4883 hujnsmodi
3155 4827 3240 4872 est
3269 4837 3281 4872 :
3314 4820 3394 4874 An
3424 4820 3528 4873 do-

1922 4909 2112 4961 ctrina:
2151 4908 2334 4962 sedem
2377 4910 2645 4977 occupas?
2692 4925 2816 4964 tmtn
2849 4911 3104 4967 sacerdos
3133 4913 3413 4969 ordinatus
3445 4934 3526 4980 es,

1924 5002 2044 5068 quia
2079 5009 2278 5053 lautam
2310 5010 2626 5070 potestatem
2660 5002 2986 5057 exliibuisti?
3016 5005 3179 5075 Atqui
3213 5005 3342 5060 nihil
3371 5023 3527 5062 arro-

1923 5104 2110 5162 ganter
2136 5094 2264 5163 egit,
2294 5095 2387 5149 sed
2427 5096 2606 5164 templi
2652 5096 2841 5151 honori
2886 5112 2949 5152 ac
2987 5097 3172 5154 decori
3201 5103 3478 5170 prospexit
3514 5121 3529 5156 :

1923 5195 2157 5238 attamen
2185 5202 2306 5239 eum
2339 5185 2470 5240 nihil
2513 5185 2654 5240 aliud
2697 5188 2876 5243 dicere
2919 5199 3159 5258 possent,
3205 5191 3345 5246 hanc
3374 5208 3529 5248 accn-

1923 5279 2073 5334 sandi
2121 5295 2304 5332 ansam
2351 5282 2634 5351 arripiunt.
2668 5285 2745 5338 Ac
2776 5300 2896 5338 cum
2930 5285 3227 5340 vendentes
3266 5287 3488 5357 ejiceret
3513 5329 3526 5352 ,

1923 5370 2053 5426 nihil
2100 5373 2215 5426 ausi
2263 5383 2385 5426 sunt
2427 5373 2628 5441 dicere,
2659 5377 2780 5445 quia
2825 5378 2914 5431 ille
2955 5378 3213 5433 miracula
3244 5379 3523 5436 ediderat:

1925 5475 2106 5534 postea
2136 5465 2222 5518 ubi
2255 5466 2504 5520 viderunt
2531 5485 2650 5522 cum
2674 5511 2687 5533 ,
2720 5471 3002 5538 increpare
3029 5480 3330 5538 coeperunt.
3390 5472 3524 5539 Quid

1923 5572 2051 5626 ergo
2083 5557 2204 5611 ille?
2245 5557 2358 5611 Non
2397 5559 2462 5612 ad
2509 5561 2792 5628 qna-situm
2836 5560 3039 5616 directe
3088 5563 3398 5634 respondet,
3428 5579 3522 5617 nec

1921 5649 2177 5718 ostendit,
2225 5665 2381 5716 posse
2431 5653 2569 5718 illos,
2601 5653 2642 5706 si
2676 5653 2873 5707 Vt'llt'nl
2911 5667 3062 5707 suam
3098 5665 3415 5727 potestatem
3453 5657 3517 5712 vi-

1985 5785 2074 5895 (α)ῐ
2100 5783 2188 5835 llis
2228 5788 2444 5835 innititur
2491 5786 2735 5837 Christum
2791 5793 2864 5838 his
2909 5791 3190 5843 vendentes
3237 5793 3446 5855 eiecisse
3483 5809 3507 5847 β

1985 5862 2122 5895 ιιιιιο.

1926 5857 2122 5910 tempto.
