4174 6332
663 385 764 439 635

659 499 818 558 dere;
850 498 940 550 scd
970 496 1124 550 aliam
1157 493 1374 562 opponit
1406 490 1872 558 interrogationem
1895 485 2017 539 :25.
2050 481 2228 553 Bapti-

663 605 768 640 sma
793 586 1006 640 Joannis
1038 585 1169 638 unde
1194 583 1340 638 erat?
1369 598 1431 635 ea:
1460 581 1602 642 ca'lo,
1632 597 1695 632 an
1726 595 1786 632 es:
1815 574 2127 631 hominibus?
2166 573 2233 628 Et

664 678 786 746 quid
821 677 952 742 lucc,
984 677 1209 743 inquies,
1243 673 1307 726 ad
1339 688 1447 726 rem
1477 669 1830 740 pnesentem?
1855 668 1980 722 H190
2008 665 2236 720 maxime

663 773 921 841 quadram
945 791 956 822 :
985 787 1106 826 nam
1127 772 1170 825 si
1192 770 1470 831 dixissem,
1496 766 1537 820 Ε
1558 767 1708 830 ca-lo,
1734 762 2092 832 respondisset
2115 759 2192 812 eis
2216 775 2230 811 :

662 869 836 929 Quare
865 879 991 932 ergo
1021 877 1121 916 neu
1154 861 1452 916 credidistis
1481 859 1565 913 ei?
1589 855 1812 912 Sienitn
1843 855 2190 910 credidissent
2215 893 2230 917 ,

662 969 764 1005 non
797 954 864 1006 ita
897 953 1330 1022 interrogassent.
1362 950 1488 1003 Nam
1513 949 1578 1002 de
1604 949 1713 1017 ipso
1734 946 1965 1000 Joannes
1988 949 2228 1003 dixerat:

663 1047 780 1107 Non
827 1065 936 1099 sum
988 1047 1169 1116 dignus
1214 1045 1400 1098 solvere
1444 1044 1709 1112 corrigiam
1756 1037 2079 1093 calceameuti
2124 1036 2232 1104 ejus

667 1139 684 1206 l
709 1136 832 1189 an.
863 1139 914 1190 5.
953 1135 1017 1189 16
1045 1140 1091 1203 );
1136 1145 1223 1199 et,
1252 1132 1383 1186 Ecce
1412 1151 1570 1203 agnus
1598 1131 1692 1183 Dei
1715 1131 1798 1199 qui
1826 1128 1953 1181 tollit
1979 1137 2236 1194 peccatum

662 1228 872 1288 mundi;
899 1237 950 1278 et
977 1268 989 1291 ,
1023 1224 1143 1294 Ipse
1167 1236 1234 1278 est
1259 1223 1422 1277 Filius
1453 1224 1574 1284 Dei;
1603 1231 1674 1283 et,
1698 1221 1797 1285 Qui
1821 1220 1883 1271 de
1915 1235 2112 1270 sursum
2150 1233 2235 1268 ee-

661 1321 754 1382 nit,
779 1335 930 1388 supra
951 1334 1120 1371 omnes
1145 1327 1216 1370 est
1239 1316 1421 1387 (Joan.
1448 1299 1600 1369 1.2.9.
1623 1315 1708 1368 3i.
1736 1323 1779 1364 et
1806 1311 1973 1374 5.5ι);
2005 1318 2078 1373 et,
2118 1307 2242 1360 Ven-

662 1411 895 1462 tilabrum
923 1411 972 1461 in
999 1425 1149 1461 manu
1175 1411 1301 1476 ejus,
1327 1419 1372 1461 et
1402 1407 1629 1476 purgabit
1656 1421 1824 1458 aream
1854 1418 1996 1456 suam
2025 1400 2232 1469 (Matt/1.

664 1503 714 1554 5.
748 1500 856 1570 12).
885 1501 1060 1566 Quare
1104 1501 1145 1552 si
1176 1499 1362 1553 Joauui
1401 1499 1768 1557 credidissent,
1808 1493 1938 1547 nihil
1981 1490 2238 1559 impedire

667 1599 868 1658 poterat
894 1594 1177 1660 quominus
1208 1590 1445 1643 viderent
1476 1589 1525 1642 in
1552 1603 1650 1656 qua
1680 1594 1938 1655 potestate
1962 1583 2074 1636 hinc
2101 1581 2242 1635 luce-

668 1689 765 1736 ret.
796 1680 994 1734 Deinde
1015 1683 1134 1749 quia
1165 1679 1481 1749 maligneilli
1503 1679 1908 1747 responderunt,
1934 1673 2024 1726 27.
2052 1671 2236 1725 Nesci-

665 1789 796 1838 mus,
829 1788 932 1826 non
960 1772 1090 1826 dixit
1120 1773 1224 1837 ille,
1257 1772 1436 1840 Neque
1464 1785 1560 1840 ego
1582 1771 1729 1824 scio:
1758 1769 1847 1822 sed
1876 1765 2035 1836 quid?
2067 1762 2241 1832 Neque

667 1882 756 1934 ego
782 1865 894 1918 dico
919 1866 1075 1921 vobis.
1110 1865 1236 1918 Nam
1269 1867 1313 1919 si
1343 1867 1654 1934 ignorabant
1679 1904 1692 1926 ,
1725 1861 1902 1914 doceri
1931 1859 2050 1912 illos
2079 1872 2238 1925 opor-

667 1959 828 2013 lebat.
860 1959 990 2024 Quia
1027 1974 1154 2012 vero
1186 1959 1409 2026 maligne
1433 1957 1677 2026 agebant,
1698 1955 1820 2022 jure
1854 1951 1980 2004 nihil
2009 1950 2135 2019 ipsis
2157 1966 2241 2001 re-

666 2050 908 2117 spondet.
938 2050 1043 2102 Cur
1069 2059 1243 2103 autem
1277 2065 1379 2101 non
1408 2047 1689 2108 dixerunt,
1723 2043 1799 2096 Ex
1830 2041 2130 2094 hominibus
2159 2048 2239 2092 est

668 2141 967 2211 baptisma?
1014 2141 1290 2195 Timebant
1335 2141 1535 2202 turbas,
1565 2137 1752 2205 inquit.
1791 2134 1970 2188 Viden’
1998 2147 2089 2186 cor
2126 2145 2244 2199 per-

668 2230 919 2285 versum?
954 2230 1156 2300 Ubique
1187 2230 1348 2284 Deum
1378 2229 1696 2296 despiciunt,
1727 2237 1778 2280 et
1808 2233 1994 2278 cuncta
2030 2215 2242 2290 prephr

673 2322 913 2375 homines
935 2321 1157 2385 iaciunt;
1189 2336 1307 2374 nam
1333 2330 1387 2374 et
1413 2319 1672 2373 Joannem
1695 2326 1913 2387 propter
1939 2315 2057 2368 illos
2086 2314 2242 2365 time-

671 2417 829 2478 haut;
861 2428 964 2466 non
992 2413 1161 2465 virum
1194 2414 1360 2481 ipsum
1395 2411 1626 2473 reveriti,
1655 2410 1753 2463 nisi
1785 2407 2055 2462 hominum
2085 2419 2244 2458 causa

668 2514 905 2566 tantum;
948 2501 1159 2557 Christo
1197 2503 1355 2557 etiam
1395 2501 1615 2556 credere
1655 2499 1927 2552 hominum
1963 2510 2120 2550 causa
2151 2509 2247 2546 no-

670 2593 848 2646 lebant
880 2612 891 2644 :
920 2601 974 2646 et
1025 2595 1140 2646 tunc
1187 2608 1343 2646 causa
1397 2592 1501 2645 illis
1544 2591 1802 2644 malorum
1841 2587 2099 2641 omnium.
2142 2585 2245 2638 De-

674 2681 796 2734 inde
820 2682 945 2735 dicit
971 2700 980 2734 :
1005 2681 1095 2736 28.
1139 2681 1274 2747 Quid
1310 2681 1442 2734 vobis
1470 2680 1702 2734 videtur?
1730 2677 1897 2732 [Ionio
1921 2675 2124 2745 quidam
2153 2675 2246 2726 Ita-

676 2772 810 2824 bebat
855 2772 982 2824 duos
1028 2772 1178 2837 ﬁlios,
1212 2782 1255 2824 et
1281 2771 1406 2823 dixit
1445 2773 1605 2838 primo
1639 2785 1658 2823 .'
1695 2767 1847 2832 Vade,
1872 2767 2019 2820 hodie
2042 2780 2250 2831 operare

675 2865 725 2916 in
747 2865 908 2916 vinea.
936 2861 1025 2916 29.
1055 2861 1155 2915 Ille
1179 2873 1342 2914 autem
1364 2861 1667 2928 respondens
1692 2861 1817 2912 dixit
1841 2874 1858 2910 :
1883 2858 2036 2910 Nolo.
2067 2855 2248 2908 Postea

671 2965 838 3010 autent
870 2954 1158 3022 paenitentia
1183 2963 1346 3006 motus
1371 2953 1508 3005 abiit.
1533 2951 1619 3006 50.
1647 2949 1710 3003 Et
1731 2951 1968 3002 accedens
1988 2950 2055 3001 ad
2076 2963 2249 3000 secun-

674 3051 814 3113 dum,
835 3048 960 3102 dixit
982 3048 1226 3100 similiter.
1253 3045 1350 3100 Ille
1373 3055 1538 3098 autem
1560 3044 1836 3114 respondit,
1860 3043 1992 3095 Abeo
2017 3043 2056 3109 ',
2083 3050 2129 3094 et
2150 3055 2250 3093 non

675 3139 816 3191 abiit.
855 3139 943 3192 5L
985 3136 1109 3204 Quis
1140 3153 1256 3206 ergo
1284 3153 1345 3189 es;
1371 3135 1562 3188 duobus
1589 3135 1700 3202 fecit
1729 3134 2032 3192 voluntatem
2060 3129 2254 3200 patris?

679 3227 867 3282 Dicunt
893 3231 958 3288 ei,
989 3227 1212 3280 Primus.
1242 3226 1443 3280 Rursus
1467 3243 1559 3295 per
1581 3225 1855 3294 parabolas
1877 3225 2020 3293 ipsos
2048 3221 2252 3291 arguit;

680 3329 790 3373 tum
807 3319 1014 3373 illorum
1033 3311 1442 3386 improbitatem,
1470 3326 1576 3368 tum
1601 3315 1998 3383 reprobatarum
2021 3313 2256 3383 gentium

682 3408 1083 3477 obsequentiam
1113 3407 1468 3461 subindicans.
1518 3406 1647 3459 Nam
1686 3406 1770 3459 hic
1796 3406 1902 3459 duo
1934 3404 2026 3458 lilii
2056 3403 2255 3473 siguili-

683 3510 806 3554 cant
828 3500 876 3552 id
899 3498 1037 3568 quod
1059 3499 1194 3568 apud
1227 3509 1410 3568 gentes
1433 3508 1487 3552 et
1511 3497 1650 3567 quod
1672 3496 1808 3565 apud
1829 3495 2042 3550 Judaeos
2062 3493 2258 3549 factum

685 3601 786 3647 est.
820 3591 1019 3646 Gentes
1039 3593 1178 3645 enim
1207 3606 1327 3645 cum
1362 3605 1466 3646 non
1495 3589 2256 3660 promisissentobedientiam,

690 3699 787 3739 nec
826 3684 1098 3738 audissent
1146 3683 1350 3752 legem,
1393 3683 1642 3753 operibus
1675 3682 2073 3752 obsequentiam
2107 3681 2261 3736 exhi-

690 3775 917 3828 buernnt
948 3791 961 3826 :
993 3773 1045 3826 hi
1073 3782 1256 3828 contra
1303 3787 1576 3844 pOStquam
1617 3770 1881 3839 dixerant,
1914 3772 2099 3827 Omnia
2121 3789 2261 3843 quar-

689 3880 898 3934 tumque
926 3864 1108 3918 dixerit
1147 3863 1280 3918 Deus
1320 3865 1557 3936 [ridemus
1583 3876 1630 3920 et
1653 3866 1912 3920 audiemus
1935 3864 1952 3938 (
1978 3864 2142 3920 Exod.
2173 3864 2260 3919 19.

691 3955 769 4024 8),
798 3956 1047 4024 operibus
1091 3973 1193 4011 non
1233 3957 1506 4027 obsequuti
1553 3968 1693 4013 sunt.
1743 3959 1862 4013 Ideo
1905 3975 1972 4012 ne
2020 3966 2266 4028 putarent

693 4049 861 4117 legem
886 4047 1248 4116 ipsosjuvare,
1273 4049 1505 4104 ostendit
1526 4050 1626 4106 hoc
1644 4052 1812 4120 ipsum
1840 4049 1960 4104 illos
1980 4049 2263 4113 damnare;

693 4137 745 4190 id
774 4140 913 4206 quod
945 4138 1102 4192 etiam
1130 4139 1257 4192 dicit
1287 4140 1478 4194 Paulus
1509 4157 1520 4192 :
1555 4139 1672 4193 Non
1703 4140 1957 4194 auditores
1996 4140 2119 4210 legis
2141 4140 2269 4210 justi

690 4240 807 4282 sunt
864 4231 1002 4298 apud
1058 4229 1260 4296 Deum,
1308 4233 1394 4285 sed
1443 4235 1652 4300 {actores
1702 4234 1823 4303 legis
1857 4233 2271 4303 justi/imbuatur

695 4318 869 4387 (Rom.
899 4319 953 4373 2.
984 4321 1092 4390 13).
1126 4320 1359 4376 ldcircu'
1388 4333 1441 4375 ut
1470 4337 1567 4376 suo
1595 4322 1692 4392 ipsi
1721 4323 1919 4391 judicio
1945 4323 2268 4378 damnaren-

697 4422 804 4476 tur,
837 4426 946 4465 rein
975 4411 1052 4466 sic
1078 4412 1290 4482 dirigit,
1326 4422 1381 4466 ut
1411 4413 1506 4481 ipsi
1535 4415 1852 4468 sententiam
1877 4412 2051 4469 ferant
2083 4436 2096 4470 :
2128 4413 2270 4484 quod

699 4504 854 4556 etiam
881 4502 930 4555 in
959 4503 1200 4573 sequenti
1229 4505 1473 4573 parabola
1508 4507 1672 4560 vineze
1703 4505 1844 4560 facit.
1879 4547 1881 4549 -

769 4596 819 4647 5.
865 4593 1034 4664 thue
1071 4609 1157 4649 res
1192 4597 1260 4649 ita
1301 4596 1648 4661 succederet,
1679 4597 1834 4651 aliam
1860 4612 2142 4667 personam
2186 4598 2304 4652 in-'

697 4686 841 4740 ducit
880 4701 997 4755 qua:
1027 4689 1417 4743 accusationem
1440 4687 1626 4744 ferret.
1661 4690 1791 4758 Quia
1825 4691 1967 4745 enim
2018 4691 2272 4748 nolebant

699 4775 898 4830 directe
941 4776 1114 4842 lateri,
1147 4793 1239 4847 per
1266 4780 1569 4849 parabolam
1608 4796 1700 4835 eos
1727 4796 1832 4851 quo
1863 4782 2075 4837 volebat
2101 4784 2268 4838 addu-

699 4871 787 4922 cit.
832 4869 1054 4938 Quando
1105 4881 1282 4927 autem
1334 4872 1597 4928 dictorum
1637 4889 1858 4946 scortum
1913 4890 2016 4932 non
2079 4876 2272 4932 intelli-

699 4973 880 5033 gentes
901 4966 1218 5020 sententiam
1247 4967 1499 5030 tulerunt,
1539 4975 1662 5022 tunc
1699 4969 1811 5038 ipse
1832 4971 2003 5039 aperit
2044 4970 2094 5025 id
2131 4971 2270 5041 quod

700 5057 907 5110 occulte
949 5059 1241 5127 agebatur,
1297 5070 1351 5114 et
1391 5059 1556 5113 dicit:
1587 5059 1855 5115 Publiceni
1904 5073 1948 5115 et
1993 5066 2272 5118 meretrices

702 5146 978 5214 precedent
1017 5163 1101 5203 vos
1152 5150 1203 5202 in
1255 5165 1408 5219 regno
1431 5148 1544 5203 Dei.
1569 5149 1654 5204 5i.
1699 5150 1840 5206 Venit
1877 5154 2012 5206 enim
2049 5153 2272 5208 Joannes

700 5237 767 5289 ad
794 5255 878 5292 vos
924 5239 976 5292 in
1016 5240 1094 5292 via
1114 5241 1331 5310 justititz
1359 5281 1371 5305 ,
1406 5251 1452 5294 et
1482 5257 1581 5294 non
1617 5244 1896 5300 credidistis
1915 5246 1994 5298 ei:
2019 5247 2272 5314 publicani

701 5343 813 5380 vero
858 5330 1178 5383 crediderunt
1203 5333 1268 5385 ei.
1308 5330 1407 5386 Vos
1436 5342 1602 5386 autem
1630 5334 1863 5400 videntes,
1891 5353 1989 5389 non
2021 5339 2268 5407 paeniten—

699 5421 822 5472 tiam
847 5422 1016 5488 egistis
1036 5434 1228 5492 postea,
1263 5437 1316 5478 ut
1347 5427 1614 5480 crederetis
1635 5428 1699 5480 ei.
1730 5427 1858 5484 Nam
1890 5431 1931 5482 si
1961 5432 2266 5500 simpliciter

697 5510 938 5576 dixisset,
970 5512 1272 5572 Meretrices
1313 5519 1619 5587 prareedunt
1649 5534 1765 5588 vos,
1796 5537 1974 5578 sermo
2003 5525 2107 5578 illis
2143 5540 2272 5580 one-

763 5642 895 5694 tAlii
930 5645 1130 5708 habent,
1155 5658 1267 5715 Ego,
1300 5661 1506 5707 ροπηηε,

725 5731 1100 5812 ,ληῗξωῂᾘοθξί
1126 5737 1282 5812 fit}???
1311 5742 1351 5812 δε
1381 5739 1505 5793 Pauli
1521 5775 1534 5797 ,
1552 5741 1805 5812 siehabet
1832 5757 1843 5793 :
1869 5743 2035 5796 Melius
2056 5753 2124 5797 est
2146 5743 2271 5797 enim

702 5798 1030 5851 a:crre,.\'oto,
1057 5800 1100 5841 et
1126 5806 1284 5855 postea
1308 5801 1511 5862 obsequi.
1545 5803 1744 5854 Idcirco.

1396 379 1451 431 S.
1482 373 1757 431 JUANNIS
1794 362 2262 426 CllitYSUSTOMI
2300 361 2615 417 ARCHIEP.
2655 355 3184 415 CONSTANTINOP.

3814 343 3920 400 656

2341 491 2493 529 rosus
2517 476 2657 528 visus
2693 473 2877 527 luisset
2909 493 2920 526 :
2956 484 3096 525 nunc
3135 476 3310 522 autem
3357 475 3475 535 post
3503 462 3827 520 sententiam
3851 464 3922 514 ab

2342 565 2469 633 ipsis
2499 565 2655 620 latam
2693 565 2872 617 mitior
2891 562 3123 616 videtur.
3153 559 3274 614 Ideo
3296 572 3508 613 causam
3533 554 3731 624 adjicit.
3765 552 3925 621 Qua:-

2342 673 2462 710 nam
2481 655 2567 708 illa
2593 654 2722 708 est?
2764 651 2904 707 Venit
2947 653 3174 707 Joannes
3193 692 3208 718 ,
3239 651 3429 720 inquit,
3452 651 3519 703 ad
3546 665 3630 702 vos
3656 690 3668 710 ,
3718 661 3824 700 non
3855 643 3922 699 ad

2340 749 2479 802 illos.
2504 747 2688 816 Neque
2725 745 2825 801 hoc
2852 747 3046 811 solum,
3072 745 3166 799 sed
3210 753 3264 798 et
3293 743 3356 796 In
3378 745 3458 795 via
3476 742 3708 811 justitia.
3737 737 3924 807 Neque

2342 842 2561 909 potestis
2610 857 2731 895 eum
2777 840 3064 903 criminari,
3112 837 3252 908 quod
3310 837 3586 906 negligens
3614 833 3923 900 inutilisque

2342 933 2506 985 fuerit
2538 951 2549 984 :
2581 932 2672 986 sed
2705 942 2756 986 et
2785 932 2890 984 vita
2926 930 3040 998 ejus
3069 929 3215 984 omni
3241 929 3395 996 culpa
3429 928 3592 981 libera
3626 967 3640 990 ,
3672 934 3726 980 et
3749 922 3926 994 provi-

2343 1022 2520 1076 dentia
2553 1024 2869 1092 singularis,
2903 1032 2953 1076 et
2982 1031 3158 1076 tamen
3217 1036 3320 1074 non
3367 1018 3668 1074 attendistis
3696 1016 3767 1070 ei.
3801 1015 3928 1068 Post

2344 1117 2444 1168 hoc
2472 1116 2630 1168 etiam
2656 1113 2797 1167 aliud
2842 1115 3044 1168 crimen
3071 1123 3149 1167 est
3170 1153 3183 1176 ,
3212 1110 3352 1180 quod
3385 1109 3650 1178 publicani
3682 1105 3929 1160 attende-

2343 1209 2468 1271 rint;
2503 1207 2624 1261 hinc
2654 1206 2794 1259 aliud
2827 1206 2962 1276 quod
2999 1220 3090 1259 vos
3121 1219 3188 1259 ne
3224 1203 3438 1272 quidem
3467 1210 3588 1271 post
3609 1201 3730 1254 illos
3753 1198 3930 1253 credi-

2343 1299 2547 1352 deritis.
2592 1296 2840 1365 Oportait
2880 1297 3021 1349 enim
3061 1310 3154 1348 vos
3184 1304 3308 1348 ante
3341 1293 3457 1346 illos
3483 1291 3705 1346 credere
3733 1331 3746 1352 ,
3783 1288 3927 1358 quod

2344 1407 2470 1443 vero
2493 1405 2663 1459 neque
2690 1399 2807 1457 post
2847 1389 2984 1452 illos,
3016 1387 3159 1440 omni
3187 1385 3338 1439 venia
3369 1383 3639 1452 indignum
3661 1390 3783 1436 est:
3817 1380 3930 1432 laus

2344 1483 2550 1535 illorum
2581 1482 2795 1540 eximia,
2835 1481 3034 1532 crimen
3058 1487 3294 1532 vestrum
3322 1483 3500 1545 auget.
3523 1473 3601 1526 Ad
3636 1486 3729 1526 vos
3758 1470 3928 1534 venit,

2345 1589 2440 1627 nec
2462 1573 2752 1626 admisistis
2790 1571 2970 1634 illum;
2996 1584 3098 1624 non
3127 1570 3272 1623 venit
3301 1567 3366 1622 ad
3417 1567 3556 1631 illos,
3585 1574 3640 1620 et
3670 1577 3930 1632 suscepe-

2345 1674 2465 1717 runt
2484 1681 2602 1718 cum
2636 1682 2649 1727 ;
2680 1680 2848 1733 neque
2875 1664 2992 1717 illos
3017 1662 3266 1716 doctores
3293 1657 3595 1714 admittitis.
3624 1656 3758 1710 Vide
3797 1663 3930 1724 quot

2343 1755 2669 1825 argumentis
2691 1757 2805 1808 laus
2829 1755 3058 1819 illorum,
3087 1764 3138 1807 et
3161 1753 3349 1806 horum
3377 1751 3581 1804 crimen
3604 1747 3928 1804 ostenditur.

2348 1849 2425 1901 Ad
2459 1862 2550 1900 vos
2605 1849 2779 1912 venit,
2813 1845 3008 1901 nonad
3043 1846 3180 1899 illos.
3211 1843 3314 1898 Vos
3338 1859 3442 1898 non
3473 1841 3796 1902 credidistis;
3830 1839 3932 1892 hoc

2347 1939 2450 1991 illis
2479 1937 2795 1992 oﬂ‘endiculo
2844 1953 2950 1990 non
3004 1936 3120 1990 fuit.
3166 1935 3242 1989 Illi
3289 1934 3666 1996 crediderunt,
3699 1930 3752 1985 id
3780 1930 3935 1983 vobis

2348 2047 2451 2084 non
2480 2029 2695 2099 profuit.
2727 2029 2856 2082 Illud
2888 2029 3053 2092 enim,
3079 2027 3400 2091 Praecedent,
3434 2041 3538 2079 non
3564 2024 3775 2087 dicitur,
3804 2036 3934 2090 qua-

2347 2123 2388 2174 si
2420 2121 2469 2174 hi
2498 2130 2824 2189 sequantur;
2868 2119 2960 2174 su~d
2997 2120 3136 2189 quod
3182 2133 3329 2186 Spem
3359 2117 3588 2171 habeant
3617 2155 3632 2181 ,
3674 2114 3718 2167 si
3747 2113 3931 2167 velint.

2346 2213 2485 2267 Nihil
2517 2215 2657 2268 enim
2705 2213 2873 2282 magis
2901 2229 3058 2281 quam
3089 2210 3359 2265 :emulatio
3389 2210 3633 2263 rndiores
3677 2207 3932 2260 concitat.

2350 2303 2631 2372 Propterea
2679 2319 2891 2372 semper
2937 2303 3064 2355 dicit
3104 2319 3117 2353 :
3163 2300 3443 2354 Noeissimi
3475 2299 3624 2367 primi
3660 2340 3674 2364 ,
3705 2308 3751 2350 et
3784 2298 3934 2365 primi

2349 2397 2622 2450 novissimi.
2656 2395 2882 2465 Ideoque
2924 2394 3234 2448 meretrices
3276 2403 3329 2448 et
3360 2393 3668 2462 publicanos
3700 2389 3932 2453 induxit,

2352 2496 2408 2540 ut
2438 2488 2554 2542 illos
2583 2487 2697 2540 zelo
2729 2486 3101 2540 inﬂammaret.
3139 2485 3263 2538 llaec
3289 2484 3429 2539 enim
3461 2484 3566 2536 duo
3595 2491 3811 2551 peccata
3840 2497 3937 2535 ex-

2353 2592 2520 2636 trema
2547 2594 2689 2646 sunt,
2715 2598 2778 2636 ex
2812 2581 3032 2636 ferventi
3057 2596 3239 2634 amore
3277 2587 3420 2648 parta
3450 2621 3463 2641 ,
3491 2578 3594 2631 alio
3623 2591 3936 2645 Corporum,

2351 2675 2454 2727 alio
2479 2675 2838 2743 pecuniarum.
2880 2671 3118 2726 Ostendit
3148 2681 3325 2725 autem
3349 2711 3362 2733 ,
3392 2669 3519 2723 illud
3544 2683 3667 2723 vere
3693 2682 3814 2721 esse
3844 2682 3941 2720 au-

2353 2767 2468 2820 dire
2511 2767 2676 2834 legem
2710 2765 2825 2828 Dei,
2855 2766 2897 2818 si
2928 2763 3118 2818 Joanni
3148 2762 3416 2818 credatur.
3459 2760 3567 2815 Nec
3595 2775 3724 2814 vero
3751 2760 3943 2829 gratia:

2351 2859 2521 2913 solum
2575 2867 2656 2911 est
2705 2857 2846 2926 quod
2889 2857 3197 2910 meretrices
3244 2856 3533 2916 introeant,
3562 2868 3746 2906 verum
3777 2855 3941 2905 etiam

2349 2951 2587 3019 iustitiae.
2617 2949 2731 3003 Non
2761 2949 2901 3003 enim
2926 2956 3205 3003 manentes
3232 2948 3546 3002 meretrices
3576 2945 3899 2999 introierunt
3924 2984 3942 3007 ,

2353 3041 2446 3096 sed
2468 3041 2780 3096 obedientes
2825 3051 2876 3095 et
2900 3039 3200 3102 credentes,
3235 3049 3289 3093 et
3316 3037 3582 3092 mundata:
3613 3025 3667 3089 et
3699 3042 3943 3100 mutatas,

2354 3133 2434 3190 sic
2460 3134 2800 3189 introierunt.
2848 3133 3034 3188 Viden’
3059 3132 3328 3202 quomodo
3363 3132 3538 3186 minus
3573 3144 3857 3184 onerosam
3889 3136 3949 3184 et

2356 3225 2653 3281 breviorem
2699 3225 2999 3278 orationem
3032 3222 3157 3278 fecit
3179 3232 3292 3278 tum
3318 3238 3414 3292 per
3451 3220 3792 3289 parabolam,
3830 3228 3947 3272 tum

2359 3332 2452 3386 per
2515 3317 2853 3372 meretricum
2904 3314 3522 3371 commemorationem?
3573 3313 3754 3382 Neque
3800 3313 3948 3366 enim

2359 3409 2538 3463 statim
2566 3409 2732 3473 dixit,
2759 3407 2868 3464 Cur
2896 3424 3000 3464 non
3046 3409 3350 3464 credidistis
3386 3407 3580 3463 Joanni
3605 3408 3629 3460 1'
3659 3405 3755 3460 sed
3801 3404 3951 3473 quod

2361 3502 2518 3572 longe
2541 3503 2718 3556 acrius
2747 3511 2882 3569 erat,
2915 3501 3208 3571 publicanis
3238 3499 3716 3569 meretricibusqne
3747 3513 3954 3567 propo-

2363 3593 2478 3646 sitis
2501 3634 2515 3657 ,
2549 3602 2674 3647 tunc
2714 3591 2844 3646 illud
2874 3592 3101 3654 induxit,
3142 3607 3207 3647 ex
3239 3607 3415 3645 rerum
3447 3590 3589 3645 serie
3633 3589 3752 3643 illos
3795 3589 3955 3643 venia

2365 3685 2604 3754 indignos
2654 3699 2902 3754 arguens,
2961 3684 3376 3753 ostendensque,
3423 3683 3568 3751 ipsos
3628 3680 3700 3735 ob
3748 3688 3958 3734 metum

2366 3775 2637 3829 hominum
2681 3786 2737 3828 et
2786 3789 2979 3828 vanam
3037 3773 3259 3846 gloriam
3329 3774 3508 3828 omnia
3549 3771 3758 3826 facere.
3814 3770 3959 3825 Nam

2365 3866 2636 3920 Christum
2669 3881 2773 3919 non
2802 3865 3193 3921 conﬁtebantur
3223 3880 3332 3936 pra:
3373 3864 3566 3919 timore
3590 3903 3605 3925 ,
3640 3878 3706 3917 ne
3725 3877 3755 3915 a
3786 3877 3956 3934 syna-

2365 3972 2498 4026 goga
2523 3957 2880 4027 pellerentur;
2919 3968 2972 4011 et
2991 3956 3250 4011 Joannem
3283 3970 3388 4010 non
3414 3955 3682 4025 audebant
3707 3968 3958 4022 carpere,

2369 4065 2474 4103 non
2501 4051 2568 4102 ob
2598 4051 2866 4118 pietatem,
2891 4051 2982 4105 sed
3013 4061 3230 4120 propter
3255 4057 3476 4104 metum.
3505 4047 3636 4116 Quie'
3651 4047 3831 4101 omnia
3867 4047 3963 4102 ille

2370 4141 2611 4212 probavit
2641 4157 2705 4195 ex
2749 4141 3066 4210 supradictis
3095 4181 3110 4207 ,
3162 4150 3216 4194 et
3262 4140 3479 4211 gravius
3529 4149 3712 4209 postea
3762 4140 3965 4194 “illius

2375 4231 2565 4286 inﬂixit
2593 4233 2776 4286 dicens
2804 4247 2819 4283 :
2885 4232 2981 4287 Vos
3009 4244 3174 4286 autem
3205 4216 3425 4286 videntes
3469 4247 3568 4285 non
3612 4231 3964 4300 panitentiau

2371 4325 2559 4394 egistis,
2599 4335 2651 4378 ut
2689 4327 2947 4380 crederitis
2967 4327 3032 4380 ei.
3069 4325 3374 4395 Improbum
3420 4323 3562 4380 enim
3600 4331 3682 4379 est
3707 4323 3777 4377 ab
3805 4323 3966 4378 initio

2374 4415 2567 4470 bonum
2601 4432 2706 4471 non
2733 4419 2949 4488 eligere;
2982 4418 3152 4488 majus
3173 4432 3302 4473 vero
3331 4418 3530 4474 crimen
3556 4458 3572 4484 ,
3599 4432 3702 4471 non
3733 4418 3962 4473 mutari.

2373 4510 2502 4564 Nam
2558 4511 2660 4566 hoc
2698 4512 2929 4568 maxime
2972 4512 3169 4567 multos
3200 4511 3471 4582 improbos
3500 4509 3662 4566 el‘llcit
3690 4550 3708 4577 ,
3736 4511 3789 4564 id
3813 4512 3966 4580 quod

2371 4601 2475 4672 jam
2509 4603 2559 4656 iu
2593 4605 2773 4658 multis
2794 4604 2949 4658 video
2973 4645 2987 4668 ,
3013 4603 3082 4659 ob
3107 4613 3401 4658 extremam
3427 4601 3799 4657 stoliditatem.
3848 4602 3964 4658 Sed

2374 4710 2531 4750 nemo
2558 4696 2675 4750 talis
2704 4699 2792 4760 sit,
2824 4711 2921 4750 oro
2954 4714 2967 4750 :
3000 4710 3184 4751 verum
3211 4694 3420 4750 etiamsi
3446 4695 3498 4748 in
3531 4704 3831 4749 extremum
3859 4709 3966 4750 nc-

2374 4787 2554 4856 quitiae
2583 4789 2760 4858 lapsus
2785 4788 2887 4852 sit,
2915 4803 2982 4843 ne
3007 4787 3253 4857 desperet
3278 4786 3348 4842 de
3377 4786 3767 4856 resipiscentia;
3801 4785 3968 4842 facile

2375 4879 2568 4948 quippe
2591 4887 2672 4933 est
2706 4894 2767 4934 ex
2801 4879 3060 4947 profundo
3089 4876 3442 4947 improbitatis
3469 4891 3764 4946 emergere.

2450 4970 2675 5025 Historia
2713 4984 2985 5025 meretricis
3031 4970 3298 5041 cujusdam
3350 4985 3463 5039 qua
3538 4978 3753 5028 mutata.
3786 4978 3969 5038 postea

2374 5075 2608 5117 sanctam
2631 5063 2782 5116 vitant
2806 5062 3046 5116 duxit.—
3063 5063 3253 5116 Annon
3275 5060 3498 5116 audistis
3525 5057 3797 5128 quomodo
3846 5074 3969 5114 me-

2380 5156 2540 5210 retrix
2595 5155 2683 5208 illa
2714 5194 2729 5218 ,
2759 5169 2877 5223 quae
2921 5152 3136 5207 lascivia
3180 5167 3366 5207 omnes
3409 5149 3697 5222 superabat
3728 5191 3742 5213 ,
3767 5163 3969 5206 omnes

2376 5257 2556 5316 postea
2579 5248 2773 5317 pietate
2802 5245 2967 5300 vicit?
2988 5243 3101 5299 Non
3129 5245 3196 5300 de
3217 5246 3304 5300 illa
3326 5245 3515 5316 loquor
3532 5260 3653 5314 qua:
3700 5243 3751 5297 in
3784 5259 3965 5299 evan-

2371 5339 2524 5401 geliis
2553 5338 2748 5403 fertur;
2795 5336 2887 5392 sed
2915 5335 2982 5390 de
3009 5336 3096 5390 illa
3138 5351 3258 5406 quas
3299 5346 3483 5391 nostro
3527 5350 3644 5391 aevo
3689 5351 3756 5391 ex
3793 5335 3963 5392 Phoe-

2373 5434 2526 5486 mciae
2578 5431 2792 5488 civitate
2833 5431 3072 5485 omnium
3102 5430 3420 5499 inanissima
3445 5429 3561 5484 fuit.
3612 5428 3735 5482 Hac
3757 5429 3966 5498 quippe

2375 5524 2626 5580 meretrix
2666 5523 2806 5595 apud
2834 5537 2932 5579 nos
2956 5532 3113 5590 erat,
3143 5523 3449 5592 primasque
3500 5521 3552 5575 in
3598 5534 3760 5575 scena
3805 5527 3965 5574 tene-

2374 5618 2462 5672 bat
2491 5657 2506 5680 ,
2542 5618 2692 5684 cujus
2729 5631 2922 5671 nomen
2953 5614 3146 5684 ubique
3174 5612 3545 5668 celebrabatur
3575 5651 3592 5676 ,
3623 5625 3722 5666 nec
3764 5610 3816 5665 in
3863 5625 3964 5665 no-

2375 5718 2483 5762 stra
2527 5709 2657 5762 urbe
2704 5717 2940 5772 tantum,
2974 5705 3070 5761 sed
3101 5719 3267 5775 usque
3309 5703 3375 5759 ad
3417 5702 3614 5761 Cilicas
3645 5710 3700 5756 et
3741 5701 3962 5770 Cappa-

2380 5803 2557 5857 docas.
2602 5800 2988 5869 Multorumque
3018 5814 3146 5869 opes
3176 5798 3419 5854 exhausit
3447 5838 3462 5862 ,
3493 5795 3723 5867 pupillos
3761 5795 3970 5851 multos
