4174 6332
225 356 322 418 637

224 479 363 547 cepit
395 478 407 508 '
443 494 457 530 :
502 474 716 546 plurimi
756 489 882 531 vero
918 489 1038 529 eam
1084 476 1340 531 maleticis
1368 477 1443 531 uti
1487 477 1693 532 artibus
1737 476 1820 530 di-

224 570 432 635 cebant,
466 584 569 624 nec
602 570 846 639 corporis
878 567 1048 623 forma
1082 579 1308 634 tantum,
1333 571 1428 625 sed
1454 587 1520 627 ex
1545 571 1820 628 veneﬁciis

225 662 353 716 retia
381 660 728 731 cxpandisse.
777 660 901 717 Haec
943 657 1299 731 imperatricis
1341 679 1560 733 quoque,
1594 662 1816 719 fratrem

225 751 470 806 irrctivit.
517 750 650 805 Nam
691 752 852 805 multa
900 753 946 805 vi
978 751 1276 824 tyrannidis
1307 754 1555 822 pollebat.
1591 754 1697 808 Sed
1726 771 1811 810 re-

224 853 380 913 pente
432 843 614 900 nescio
665 844 934 913 quomodo
960 885 973 907 ,
1017 845 1123 897 imo
1162 846 1326 913 probe
1390 849 1504 901 scio
1542 847 1814 916 quomodo

219 942 413 1002 sponte
446 942 666 999 mutata,
697 935 923 1005 gratiam
972 935 1064 990 Dei
1114 936 1215 990 sibi
1267 937 1561 991 concilians
1588 979 1601 1000 ,
1632 939 1811 992 omnia

222 1027 305 1080 illa
336 1028 564 1096 sprevit,
589 1042 652 1082 ac
676 1026 926 1097 proiectis
946 1028 1224 1081 diabolicis
1269 1029 1532 1083 illecebris
1561 1071 1575 1092 ,
1609 1030 1675 1082 ad
1703 1038 1811 1084 cai-

217 1119 321 1174 lum
353 1121 611 1175 accurrit.
633 1119 967 1190 Quamquam
1000 1120 1128 1174 nihil
1161 1120 1245 1175 illa
1277 1123 1483 1190 turpius
1501 1134 1614 1176 erat
1642 1163 1656 1187 ,
1688 1137 1807 1176 cum

219 1211 265 1266 in
288 1227 455 1266 scena
494 1220 871 1282 compareret:
915 1222 1150 1267 attamen
1195 1213 1391 1268 multas
1421 1225 1600 1282 postea
1644 1217 1808 1269 casti-

217 1312 320 1358 tate
350 1305 667 1373 superavit,
718 1305 998 1374 cilicioque
1043 1305 1228 1359 induta
1273 1320 1434 1361 omne
1481 1309 1809 1378 transigebat

215 1405 444 1464 tempus.
479 1396 647 1464 IIujus
675 1395 988 1451 revocandis
1011 1411 1172 1452 causa
1205 1396 1490 1466 praefectus
1515 1414 1545 1452 a
1582 1400 1805 1468 quibus-

211 1486 329 1540 dam
360 1488 662 1542 concitatus
687 1496 805 1554 est,
850 1488 1047 1543 milites
1076 1489 1266 1542 annati
1296 1487 1363 1542 ad
1407 1503 1623 1542 scenam
1661 1491 1803 1545 illam

212 1580 504 1636 transferre
535 1596 639 1634 non
676 1589 985 1651 potuerunt,
1027 1592 1288 1649 ueque‘es
1317 1593 1460 1636 caetu
1494 1583 1754 1651 virginum
1785 1627 1800 1650 ,

205 1685 324 1739 qua:
370 1671 517 1723 illam
565 1680 876 1739 receperant
907 1711 920 1732 ,
951 1671 1202 1725 educere.
1234 1671 1359 1725 "i130
1384 1674 1556 1726 sacris
1585 1674 1801 1744 dignata

211 1764 512 1834 mysteriis,
542 1778 664 1817 cum
703 1774 922 1833 accepta
961 1765 1132 1834 gratia
1179 1765 1397 1834 dignum
1442 1768 1650 1822 virtutis
1688 1780 1804 1822 stu-

206 1855 348 1910 dium
393 1856 746 1922 adhibuisset,
778 1857 937 1912 vitam
970 1858 1196 1922 clausit,
1225 1873 1346 1913 cum
1377 1873 1592 1928 peccatu
1621 1863 1799 1917 omnia

209 1962 295 2013 per
321 1948 552 2018 gratiam
584 1947 851 2012 cluisset,
908 1956 964 2003 et
1013 1958 1131 2019 post
1183 1949 1507 2019 baptismum
1552 1967 1797 2023 magnam

204 2040 536 2094 exhibuisset
591 2039 1002 2110 philosophiam.
1063 2041 1174 2096 Nec
1232 2058 1486 2113 umquam
1531 2055 1798 2102 amatores

204 2130 324 2183 nlim
375 2145 506 2184 suos
543 2131 861 2186 accedentes
912 2132 1156 2202 aspicere
1189 2135 1374 2198 voluit,
1422 2151 1587 2206 seque
1625 2137 1795 2206 ipsam

205 2223 435 2287 inclusit,
471 2224 774 2294 multosque
801 2241 972 2280 annos
1012 2227 1162 2296 quasi
1188 2229 1240 2281 in
1272 2232 1792 2300 carcerctransegit.

203 2317 289 2369 Sic
315 2327 467 2369 erum
515 2299 776 2370 novissimi
797 2319 946 2386 primi
979 2359 995 2383 ,
1027 2328 1072 2372 et
1100 2320 1251 2388 primi
1281 2321 1538 2374 novissimi
1562 2322 1579 2393 (
1605 2321 1791 2376 Matth.

200 2409 284 2466 20.
317 2411 386 2466 16
414 2412 432 2481 )
466 2428 478 2462 :
509 2411 589 2466 sic
641 2411 795 2466 nobis
822 2411 1016 2482 uhiquc
1043 2413 1267 2468 ferventi
1295 2415 1476 2470 animo
1514 2431 1650 2486 opus
1686 2426 1789 2472 est.

201 2502 331 2556 Nihil
361 2502 888 2573 impcditquominus
905 2505 1078 2574 magni
1101 2517 1152 2560 et
1170 2506 1442 2563 mirabiles
1468 2509 1778 2565 evadamus.

263 2596 317 2651 4.
357 2595 665 2665 Desperatio
743 2607 792 2651 et
869 2600 1195 2671 praesumptio
1269 2601 1506 2657 vitandae.
1529 2603 1793 2659 —Nemo

197 2686 351 2757 igitur
383 2688 438 2740 in
483 2687 719 2757 nequitia
760 2688 962 2759 degens
1002 2689 1288 2759 desperet:
1324 2708 1484 2747 nemo
1528 2694 1784 2750 virtutem

197 2793 458 2832 exercens
483 2779 757 2845 dormi:et,
794 2796 968 2851 neque
1003 2776 1097 2834 ille
1113 2782 1348 2838 confidat
1376 2786 1418 2839 '.
1456 2785 1612 2856 Smpe
1637 2805 1788 2842 nam-

193 2884 291 2938 que
315 2871 534 2924 eveniet
573 2880 631 2924 ut
674 2873 924 2926 meretrix
969 2873 1125 2927 illum
1171 2883 1490 2934 antevertat.
1527 2879 1623 2935 Ille
1663 2897 1790 2936 vcr-

195 2977 255 3015 ne
279 2961 578 3032 desperet;
615 2964 809 3033 poterit
836 2966 976 3018 enim
1006 2967 1166 3020 etiam
1207 2969 1409 3037 primos
1461 2972 1787 3038 prrecedere.

191 3054 320 3108 Audi
373 3054 507 3124 quid
551 3055 695 3110 dicat
750 3056 887 3111 Deus
915 3057 1286 3131 Jerosolymtn.
1346 3060 1469 3117 Dixi
1520 3076 1788 3136 postquam

193 3149 448 3216 fornicata
477 3157 550 3202 est
593 3149 647 3203 in
676 3149 755 3202 Itis
793 3151 1024 3205 onanibus
1046 3193 1062 3216 ,
1101 3151 1419 3222 Convertere,
1451 3167 1498 3209 et
1547 3175 1789 3213 conversa

190 3255 282 3294 non
312 3249 387 3295 est
421 3237 555 3310 (Jer.
589 3241 643 3296 ὅ.
673 3240 766 3311 7).
795 3241 934 3296 Cum
974 3243 1134 3312 igitur
1171 3244 1468 3301 ferventem
1507 3248 1602 3303 Dei
1631 3267 1754 3304 amo

189 3345 294 3386 rem
321 3331 558 3394 adimus,
595 3347 702 3387 non
755 3333 1073 3389 recordatur
1099 3337 1188 3390 ille
1217 3338 1477 3406 priortnn.
1528 3340 1645 3395 Non
1704 3353 1787 3399 est

187 3420 312 3477 sicut
343 3423 516 3477 homo
557 3423 700 3479 Deus
727 3441 741 3489 ;
775 3440 950 3496 neque
978 3427 1119 3481 enim
1145 3436 1419 3498 praeterita
1451 3433 1648 3501 probro
1671 3435 1783 3501 dat,

190 3527 356 3584 neque
381 3515 520 3571 dicit
549 3531 563 3570 :
593 3515 772 3587 Quare
794 3526 942 3573 tanto
968 3528 1208 3590 tempore
1252 3521 1506 3580 abfuisti?
1537 3525 1580 3580 si
1605 3537 1783 3584 tamen

189 3605 561 3673 pmnitentiam
605 3611 914 3679 egerimus;
963 3613 1059 3667 sed
1101 3612 1273 3684 diligit
1303 3631 1421 3682 nos,
1452 3633 1573 3672 cum
1611 3620 1783 3690 ipsum

187 3694 391 3750 adimus
427 3738 442 3761 ,
492 3696 624 3752 dum
657 3707 715 3753 ut
768 3709 982 3769 oportet
1010 3703 1346 3760 accedamus.
1383 3708 1487 3775 Ipsi
1513 3725 1642 3780 ergo
1685 3713 1783 3766 ad-

186 3789 396 3841 modum
431 3788 738 3845 haereamns
765 3833 782 3858 ,
809 3801 863 3846 et
887 3794 1217 3866 conligamus
1249 3798 1441 3854 timore
1480 3802 1596 3870 ejus
1621 3805 1782 3858 corda

187 3878 630 3950 nostra'(Psat.
665 3882 786 3937 ll8.
837 3883 1004 3950 120).
1055 3885 1163 3941 Res
1214 3887 1521 3958 hujusmodi
1577 3911 1682 3949 non
1731 3897 1783 3951 in

191 3982 314 4022 nova
375 3971 558 4026 solum
607 3973 764 4043 lege.
815 3974 908 4030 sed
963 3987 1014 4031 et
1069 3977 1120 4032 in
1180 3982 1345 4036 veteri
1405 3984 1781 4045 observantur.

191 4062 315 4134 Quid
344 4067 493 4120 enim
541 4054 782 4153 Manasse
808 4070 1045 4125 deterius
1071 4074 1094 4127 ?
1124 4073 1228 4135 Sed
1264 4079 1435 4146 potuit
1476 4079 1639 4135 Deum
1668 4084 1784 4153 pla-

183 4170 300 4213 care
331 4157 423 4229 (t.
451 4158 578 4230 Reg.
605 4159 701 4230 2|)
722 4143 750 4215 ί
774 4162 909 4230 Quid
935 4163 1219 4222 Salomone
1247 4143 1495 4224 beatius?
1524 4172 1631 4228 Sed
1659 4143 1786 4229 dor-

185 4250 375 4305 mitaus
426 4252 627 4306 cecidit
654 4252 742 4326 (5.
778 4252 904 4326 Reg.
935 4258 1023 4311 ll.
1057 4256 1292 4332 4).‘Imo
1323 4261 1442 4318 inec
1469 4265 1627 4320 ambo
1656 4283 1782 4336 pos-

183 4355 293 4396 sum
325 4343 378 4399 in
413 4359 530 4400 uno
574 4346 860 4403 ostendere
886 4391 900 4414 ,
938 4351 988 4403 in
1019 4353 1138 4419 ejus
1172 4355 1373 4410 scilicet
1423 4367 1610 4428 patre:
1661 4377 1781 4430 nam

185 4431 267 4487 ille
287 4445 341 4488 et
372 4434 580 4503 probus
616 4447 672 4490 et
711 4437 986 4505 improbus
1015 4438 1135 4497 fuit.
1171 4443 1309 4511 Quid
1341 4447 1476 4504 Juda
1513 4452 1730 4509 beatius
1757 4457 1780 4509 ?

182 4522 282 4580 Sed
313 4525 415 4581 fuit
461 4528 726 4599 proditor.
772 4531 909 4603 Quid
955 4533 1120 4592 Paulo
1178 4540 1476 4598 miserius?
1529 4545 1636 4601 Sed
1686 4548 1783 4605 fuit

180 4618 483 4687 apostolus.
531 4619 669 4687 Quid
715 4621 968 4680 Mattiaco
1015 4627 1218 4699 pejus?
1251 4633 1357 4688 Sed
1404 4635 1505 4691 fuit
1555 4655 1784 4712 evange-

181 4708 315 4764 lista.
369 4710 518 4778 Quid
557 4713 777 4770 Simone
830 4716 1190 4777 laudabilius?
1233 4725 1340 4782 Sed
1394 4728 1492 4785 fuit
1543 4708 1782 4791 omnium

181 4803 543 4858 miserrimus.
603 4805 745 4871 Quot
797 4807 1000 4865 similes
1041 4817 1404 4886 mutationes,
1448 4833 1501 4877 et
1547 4827 1674 4881 olim
1727 4841 1786 4887 et

182 4909 316 4952 nunc
371 4896 626 4967 quotidie
699 4898 866 4957 factas
899 4945 916 4967 ,
965 4905 1151 4964 videre
1187 4914 1381 4980 petes?
1421 4916 1782 4984 Quamobrem

179 4987 312 5049 dico.
345 5004 454 5044 nec
486 4988 680 5044 histrio
701 4991 974 5063 desperet,
1005 5013 1105 5055 nec
1140 5001 1184 5055 is
1211 5005 1300 5074 qui
1336 5005 1387 5060 in
1418 5011 1644 5068 ecclesia
1701 5026 1784 5072 est

181 5081 431 5138 rouﬂdat.
478 5083 621 5140 Huic
655 5101 887 5159 namque
930 5090 1080 5147 dicit.
1112 5095 1212 5162 Qui
1258 5099 1455 5156 videtur
1501 5115 1656 5172 stare,
1704 5111 1782 5164 ui-

181 5173 369 5231 deatne
391 5175 558 5230 cadat
589 5174 666 5250 (ί.
699 5179 818 5234 Cor.
846 5181 933 5239 i0.
967 5183 1051 5256 12)
1078 5203 1094 5253 ;
1135 5188 1210 5245 illi
1260 5201 1438 5250 autem
1464 5237 1481 5264 ,
1516 5197 1785 5271 Numquid

233 5360 250 5390 ¹
277 5359 436 5421 Alius,
462 5356 643 5412 Iullos
665 5360 888 5416 reddidit
901 5364 1162 5432 orphanos.

178 5442 465 5564 μὲιῗειη
485 5455 633 5494 nam
653 5442 878 5498 virttem
898 5461 1132 5505 exerceas
1153 5455 1385 5521 catﬁdat,
1411 5463 1609 5514 omissis
1632 5467 1783 5518 inter-

232 5588 537 5674 ξείεῃξίξὲί
557 5596 1095 5674 ι
1132 5613 1246 5674 pars
1266 5607 1530 5674 maxima;
1554 5609 1635 5661 alii
1669 5626 1777 5674 pro,

179 5653 314 5739 re
336 5651 1170 5739 remiscet...ch
1189 5651 1244 5739 ni
1266 5651 1778 5739 δέδὲῐιῑῖβῖιλέιιῖιὶόξ

173 5721 338 5826 33:)
355 5714 577 5766 toi-tau
590 5713 776 5770 librarii
795 5713 1592 5793 οιιτγεοεωωιίὸέιλιῌῗὲιῐιῐιὶάὲέ
1606 5713 1778 5802 Ξέἷὶιῖἷ

1150 355 1214 415 ΙΝ
1254 355 1658 413 ΜΑΤΤΙΙᾹΞΕΜ
1701 357 1929 418 ΙΙυΜΙΙ..
1973 363 2179 426 LXVII.
2221 371 2293 428 ai.
2333 373 2568 436 LXVIII.

3433 398 3540 458 638

1933 485 2017 551 qui
2053 486 2191 538 cadit
2230 505 2331 543 non
2373 505 2600 564 resurget
2618 495 2750 566 (Jer.
2783 497 2837 553 8.
2866 499 2940 572 4)
2965 500 3070 572 iet,
3091 505 3279 564 Munus
3301 516 3536 572 remissus

1929 587 1976 630 et
2009 595 2173 649 genua
2202 583 2389 638 debilia
2416 587 2648 643 roborata
2672 589 2692 662 (
2709 590 2843 646 lsai.
2863 594 2951 651 35.
2982 597 3075 669 3).
3107 601 3184 656 Ac
3211 617 3400 660 rursus
3425 607 3529 675 his,

1939 667 2179 741 Vigilate;
2204 675 2310 730 illis
2339 693 2466 734 vero
2493 721 2505 742 ,
2538 680 2707 754 Surge
2737 725 2752 750 ,
2797 687 2884 758 qui
2905 667 3100 746 dormis
3127 734 3143 760 ,
3194 704 3241 749 et
3265 695 3477 771 resurge
3504 667 3534 754 a

1928 767 2140 820 mortuis
2161 767 2181 840 (
2202 768 2391 838 Ep/tel.
2426 773 2479 828 5.
2513 776 2580 828 lt
2601 779 2640 846 ).
2666 777 2798 832 Nam
2829 779 2881 833 hi
2921 781 2972 835 id
3004 785 3146 852 quod
3176 786 3376 845 habent
3415 767 3538 848 ser-

1925 873 2050 913 vare
2079 859 2300 928 debent,
2335 865 2406 919 illi
2462 882 2592 921 vero
2637 870 2687 924 id
2743 873 2857 927 lieri
2911 877 3057 944 quod
3111 895 3216 935 non
3265 895 3392 939 sunt
3425 904 3440 952 ;
3476 885 3531 940 hi

1926 950 2212 1004 sanitatem
2250 957 2554 1023 custodire,
2583 961 2652 1014 illi
2684 963 2752 1017 ah
2775 964 3087 1025 infirmitate
3114 971 3351 1030 liberari.
3397 977 3535 1033 Elui-

1926 1051 2035 1095 ttun
2092 1043 2342 1110 laborant
2370 1052 2706 1120 mgritudiue,
2744 1057 2840 1110 sed
2888 1059 3038 1114 multi
3082 1065 3209 1133 a‘gri
3261 1068 3528 1125 valetudi-

1930 1149 2050 1186 nem
2095 1150 2416 1206 recuperauit
2440 1183 2454 1204 ,
2494 1154 2544 1196 et
2580 1143 2715 1200 bene
2759 1148 3024 1218 valentes,
3051 1154 3095 1208 si
3127 1157 3437 1230 negligant,
3473 1164 3526 1219 in

1923 1225 2169 1279 morbum
2210 1229 2471 1286 incidunt.
2513 1235 2621 1291 Illis
2655 1237 2834 1310 itaque
2877 1241 3006 1298 dicit
3037 1261 3050 1299 :
3085 1243 3416 1318 Eccesanus
3447 1236 3529 1327 [a-

1915 1327 2027 1372 ctus
2056 1336 2107 1373 es
2126 1336 2146 1376 .·
2176 1323 2284 1376 noli
2304 1327 2528 1395 amplius
2554 1345 2782 1398 peccare,
2807 1350 2870 1388 ne
2891 1335 2992 1390 tibi-
3006 1341 3132 1408 quid
3156 1341 3378 1402 deterius
3398 1323 3524 1405 con-

1915 1409 2076 1478 tingat
2098 1411 2279 1482 (Joan.
2311 1415 2365 1472 5.
2391 1418 2504 1488 It);
2537 1421 2621 1476 his
2670 1439 2817 1491 vero,
2866 1426 2951 1483 Vis
2979 1448 3136 1487 sanus
3181 1436 3336 1505 ﬁeri?
3379 1438 3526 1498 Tolle

1913 1501 2181 1570 grabatum
2211 1517 2370 1569 tuum,
2391 1520 2438 1563 et
2469 1513 2595 1566 uade
2611 1515 2885 1573 indonrum
2918 1533 3056 1576 tuam
3085 1501 3250 1594 (Ibid.
3283 1545 3331 1583 υ.
3363 1532 3415 1586 6.
3439 1533 3520 1595 8).

1913 1593 2105 1651 Gravis
2135 1600 2300 1666 enim,
2330 1605 2509 1672 gravis
2553 1620 2701 1664 certe
2747 1614 3011 1686 paralysis
3061 1628 3144 1675 est
3180 1601 3518 1694 peccatum;

1913 1689 2021 1742 imo
2051 1705 2156 1744 non
2188 1695 2453 1765 paralysis
2473 1706 2698 1767 tantum,
2730 1705 2824 1759 sed
2846 1707 3046 1779 aliquid
3075 1689 3314 1782 grav—ius.
3337 1689 3521 1787 Neque

1910 1782 2056 1835 enim
2090 1783 2176 1839 hie
2207 1785 2362 1842 bonis
2406 1801 2609 1846 tantum
2655 1798 2893 1864 privatur
2925 1841 2939 1866 ,
2979 1804 3082 1859 sed
3141 1808 3196 1861 in
3251 1809 3517 1866 malorum

1909 1877 2166 1931 exercitio
2193 1890 2294 1935 est.
2329 1884 2576 1940 Attamen
2626 1888 2751 1945 licet
2780 1893 2850 1946 ita
2877 1893 3102 1951 allectus
3128 1899 3222 1965 sis,
3255 1901 3300 1956 si
3330 1903 3517 1959 voluc-

1908 1966 1982 2019 ris
2034 1971 2302 2037 paululqu
2367 1991 2709 2048 exsurgere,
2771 1988 2949 2040 omnia
3009 1991 3149 2045 mala
3210 1994 3512 2052 solvuntur.

1906 2059 2127 2117 Etiamsi
2172 2067 2383 2137 triginta
2414 2082 2538 2125 octo
2565 2087 2734 2128 annos
2763 2077 2964 2136 habeas
2987 2123 3003 2146 ,
3033 2084 3076 2137 si
3105 2087 3394 2144 sanitatem
3424 2108 3512 2147 re-

1904 2164 2163 2218 cuperare
2205 2157 2423 2212 studeas
2456 2203 2470 2226 ,
2512 2164 2642 2218 nihil
2708 2167 2882 2223 obest.
2947 2173 3116 2228 Adest
3163 2177 3325 2233 etiam
3369 2198 3513 2237 nunc

1901 2241 2147 2300 Christus
2175 2258 2230 2303 et
2276 2251 2437 2316 dicit,
2484 2252 2629 2309 Tolle
2654 2258 2837 2312 lectum
2893 2272 3076 2318 (uani:
3129 2270 3291 2324 modo
3339 2273 3509 2336 velis;

1902 2350 2082 2408 surge,
2115 2357 2181 2394 ne
2224 2341 2517 2414 desperes:
2558 2349 2831 2408 hominem
2856 2370 2963 2409 non
2987 2356 3186 2425 habes,
3219 2363 3314 2417 sed
3346 2366 3512 2422 habes

1904 2428 2094 2485 Deum.
2121 2432 2237 2489 Non
2281 2434 2448 2494 habes
2477 2440 2648 2496 virum
2679 2444 2770 2513 qui
2799 2454 2850 2501 te
2878 2446 2931 2501 in
2962 2450 3224 2518 piscinam
3254 2456 3455 2526 mjiciat
3491 2477 3508 2527 ;

1900 2521 1994 2576 sed
2029 2522 2192 2579 habes
2218 2542 2341 2580 eum
2371 2531 2461 2598 qui
2493 2547 2599 2588 non
2628 2534 2770 2590 sinat
2807 2546 2860 2592 te
2886 2555 3024 2610 opus
3055 2542 3258 2601 habere
3281 2521 3507 2617 piscina:

1898 2611 2014 2669 Non
2046 2615 2211 2672 habes
2231 2619 2320 2688 qui
2354 2631 2405 2675 te
2438 2621 2531 2678 illo
2565 2627 2848 2696 conjiciat,
2873 2632 2968 2686 sed
3002 2634 3168 2690 habes
3199 2611 3293 2706 qui
3316 2640 3505 2709 jnbeat

1900 2705 2088 2762 tollere
2118 2709 2313 2764 lectum
2344 2722 2514 2769 tuum.
2557 2715 2673 2772 Non
2713 2719 2834 2775 licet
2861 2723 3068 2783 diceret
3099 2770 3115 2796 ,
3147 2705 3283 2784 Dum
3304 2705 3396 2804 ego
3425 2751 3510 2790 oe-

1898 2799 2005 2862 nio,
2033 2802 2166 2856 alius
2197 2815 2315 2859 ante
2356 2824 2434 2862 me
2464 2808 2722 2867 descendit
2748 2810 2911 2888 (Ibid.
2947 2835 2994 2873 υ.
3031 2822 3108 2889 7).
3141 2823 3197 2883 Si
3242 2799 3386 2882 enim
3417 2845 3510 2885 vc-

1896 2891 1963 2946 lis
1991 2892 2044 2947 in
2072 2894 2272 2951 fontem
2302 2899 2654 2972 descendere,
2684 2923 2845 2962 nemo
2877 2913 3153 2982 impediet.
3182 2918 3364 2975 Gratia
3397 2938 3505 2979 non

1897 2990 2255 3055 consumitur,
2304 3009 2410 3047 non
2444 2995 2773 3066 impenditur
2802 3022 2814 3056 :
2860 3003 2982 3058 fons
3010 3009 3228 3078 quidam
3256 3023 3339 3067 est
3364 3029 3508 3070 sem-

1897 3094 1992 3145 per
2015 3085 2347 3148 scaturiens,
2380 3103 2443 3141 ex
2476 3091 2815 3160 plenitudine
2843 3098 2964 3165 ejus
2999 3117 3190 3160 omnes
3226 3121 3504 3176 sanamur,

1894 3178 1950 3224 et
1979 3174 2274 3229 secundum
2303 3179 2538 3255 animam
2586 3192 2639 3236 et
2686 3187 2985 3242 secundum
3016 3206 3237 3260 corpus.
3268 3200 3508 3254 Acceda-

1896 3277 2015 3316 mus
2043 3264 2202 3332 igitur
2229 3269 2390 3323 etiam
2420 3287 2583 3327 nunc.
2618 3274 2750 3331 Nam
2776 3277 2924 3334 Raab
2961 3286 3216 3342 meietrix
3242 3300 3380 3355 erat,
3408 3295 3504 3350 sed

1894 3365 2105 3412 servata
2133 3371 2249 3426 est;
2281 3362 2419 3419 latro
2463 3365 2732 3424 homicida
2778 3383 2916 3441 erat,
2965 3377 3058 3431 sed
3099 3381 3333 3448 paradisi
3369 3387 3507 3442 ciris

1893 3448 2118 3505 effectus
2139 3462 2222 3508 est
2248 3470 2263 3511 :
2286 3465 2342 3510 et
2369 3456 2556 3526 ludas,
2587 3461 2677 3531 qui
2704 3458 2826 3519 eum
2849 3469 3110 3539 magistro
3137 3483 3275 3541 erat,
3307 3479 3502 3545 periit;

1894 3538 2032 3595 latro
2059 3553 2240 3600 autem
2270 3587 2285 3608 .
2325 3548 2376 3602 in
2409 3540 2569 3607 cruce
2601 3569 2723 3608 cum
2757 3538 2956 3624 esset,
2991 3559 3290 3633 discipulus
3329 3566 3505 3624 factus

1891 3641 1995 3685 est.
2046 3632 2172 3690 Ilzec
2200 3636 2293 3693 Dei
2341 3641 2608 3697 mirabilia
2632 3657 2778 3700 sunt.
2825 3647 2916 3704 Sic
2965 3655 3104 3724 magi
3143 3659 3504 3728 acceptabiles

1893 3723 2151 3794 fuerunt;
2197 3730 2277 3785 sic
2322 3733 2642 3805 publicanus
2682 3743 3012 3812 evangelista
3060 3746 3230 3804 tinctus
3271 3763 3395 3819 est;
3424 3755 3505 3810 sic

1891 3815 2241 3884 blasphemus
2265 3821 2365 3878 fuit
2393 3829 2693 3897 apostolus.

1964 3945 2017 3998 5.
2068 3945 2286 4004 Muralis
2316 3953 2606 4011 exhortatio
2632 3959 2701 4012 ad
2740 3961 2937 4018 labores
2966 3966 3082 4021 vitae
3106 3969 3356 4037 patienter
3384 3975 3506 4028 tole-

1890 4039 2098 4099 randos.
2131 4072 2203 4083 —
2225 4043 2350 4100 Hare
2376 4051 2662 4120 conspice,
2691 4065 2746 4109 ct
2775 4072 3067 4129 numquam
3094 4061 3374 4132 desperes,
3405 4069 3502 4122 sed

1890 4144 2107 4200 semper
2125 4135 2358 4202 conﬁde,
2393 4149 2449 4196 et
2471 4145 2652 4199 excita
2679 4149 2933 4222 teipsum.
2960 4148 3113 4209 Viam
3141 4157 3316 4212 solum
3345 4159 3500 4227 inito,

1890 4239 2011 4292 qua:
2043 4226 2133 4280 illo
2154 4228 2320 4296 ducit,
2345 4241 2400 4286 et
2420 4235 2675 4292 celeriter
2704 4239 2920 4302 incede.
2948 4244 3023 4299 Nc
3040 4246 3261 4303 claudas
3281 4249 3501 4329 jannas,

1891 4319 2286 4390 ncingrcssum
2334 4327 2603 4398 obsepias.
2635 4333 2806 4389 Breve
2828 4345 2911 4392 est
2960 4351 3199 4408 prtescns
3248 4323 3499 4415 tempus,

1893 4425 2088 4480 parvus
2111 4416 2280 4472 labor.
2328 4421 2547 4478 Etiamsi
2589 4441 2813 4498 magnus
2839 4440 2987 4487 esset
3019 4477 3034 4501 ,
3059 4449 3131 4489 ne
3159 4438 3238 4491 sic
3280 4439 3497 4507 quidem

1892 4501 2185 4575 desperaro
2241 4520 2540 4580 oporteret.
2590 4517 2812 4574 Etiamsi
2853 4525 2996 4579 enim
3030 4541 3174 4581 nunc
3200 4527 3502 4598 pulcherri-

1896 4613 2040 4652 mum
2065 4600 2326 4671 laborem,
2373 4622 2532 4675 quem
2567 4612 2880 4677 pmnitentia
2929 4625 2983 4670 et
3025 4619 3196 4674 virtus
3241 4621 3495 4690 afferunt,

1890 4705 1999 4745 non
2029 4694 2311 4763 suscipias,
2346 4696 2396 4750 in
2428 4700 2630 4754 mtmdo
2659 4714 2806 4758 certe
2827 4705 3100 4765 laborahis
3125 4713 3312 4768 etalio
3337 4715 3504 4771 modo

1890 4782 2129 4839 sudabis.
2153 4785 2305 4854 Quod
2335 4789 2378 4842 si
2413 4801 2463 4844 et
2495 4790 2582 4847 hic
2629 4803 2684 4849 et
2718 4795 2828 4851 illic
2867 4797 3020 4854 labor
3067 4813 3192 4870 est,
3239 4821 3339 4861 cur
3389 4823 3497 4864 non

1892 4874 2038 4933 hunc
2078 4877 2318 4935 laborem
2354 4884 2681 4954 suscipimus
2713 4928 2728 4953 ,
2779 4889 2868 4959 qui
2917 4893 3144 4949 multum
3187 4896 3344 4953 aﬂ'ert
3389 4899 3502 4956 fru-

1889 4975 2033 5022 ctum
2065 4976 2121 5022 et
2158 4983 2408 5041 magnam
2458 4977 2815 5033 mercedem?
2843 4977 3183 5055 Quamquam
3217 5003 3322 5043 non
3356 4991 3502 5046 idem

1891 5055 1980 5113 hic
2032 5057 2185 5115 labor
2223 5065 2312 5132 qui
2351 5063 2482 5119 illic.
2514 5064 2571 5120 In
2613 5070 2963 5129 smcularibus
3008 5076 3152 5131 enim
3188 5076 3499 5150 frequentia

1890 5153 2149 5220 pericula,
2177 5154 2372 5212 damna
2421 5158 2521 5214 sibi
2565 5172 2752 5219 mutuo
2795 5167 3142 5226 succedenti:
3173 5213 3191 5240 ,
3239 5189 3366 5244 spes
3419 5177 3506 5230 ἰιις

1889 5256 2056 5310 certa,
2082 5249 2316 5304 servitus
2371 5251 2562 5321 multa,
2600 5260 2949 5326 pecuniarum
2983 5304 2999 5331 ,
3049 5279 3339 5335 corporum
3373 5309 3391 5333 ,
3443 5278 3503 5326 et

1888 5336 2084 5394 anima:
2110 5339 2412 5412 dispendia,
2442 5354 2498 5410 et
2536 5345 2806 5406 fructuum
2861 5367 3158 5426 proventus
3208 5377 3304 5431 spe
3340 5363 3502 5435 longe

1890 5431 2148 5499 minores,
2183 5436 2227 5489 si
2256 5445 2434 5494 tamen
2465 5442 2684 5499 veniant
2723 5463 2737 5502 :
2769 5462 2942 5519 neque
2969 5453 3113 5507 enim
3155 5456 3496 5512 saecularium

1888 5537 2068 5579 rerum
2096 5526 2324 5584 sudores
2370 5530 2603 5590 fructum
2653 5551 2870 5609 semper
2896 5542 3149 5602 afferunt.
3203 5548 3482 5608 Verumta-

1889 5632 2010 5671 men
2039 5621 2140 5675 etsi
2173 5636 2279 5677 non
2316 5626 2609 5698 excidant,
2645 5633 2858 5692 etiamsi
2889 5639 3116 5697 multum
3171 5655 3493 5713 proventum

1886 5708 2149 5782 aderant,
2202 5716 2417 5775 modico
2448 5730 2694 5793 tempore
2743 5739 2984 5788 manent.
3019 5708 3354 5793 Cum-enim
3400 5752 3490 5797 se-

1894 5805 2095 5874 nueris,
2122 5821 2220 5864 nec
2249 5811 2422 5881 possis
2447 5811 2512 5870 iis
2559 5832 2658 5887 pro
2700 5827 2824 5877 voto
2853 5819 2979 5894 frui,
3011 5834 3135 5884 tunc
3181 5831 3492 5889 mercedem
