4174 6332
665 368 768 426 639

665 477 905 532 laborum
946 471 1170 541 recipies
1202 471 1241 524 ⁸.
1293 467 1381 524 Sic
1408 468 1560 523 labor
1614 468 1822 537 vigente
1864 480 2087 536 corpore
2128 477 2247 519 sus-

666 571 902 638 cipitur:
953 565 1156 619 fructus
1204 570 1381 618 autem
1428 571 1482 616 et
1532 563 1813 630 voluptas,
1852 573 2078 629 corpore
2128 556 2239 627 jam

668 675 796 715 sene
823 667 876 713 et
901 657 1075 711 soluto
1103 696 1119 721 ,
1151 669 1271 708 cum
1311 667 1527 707 sensum
1572 666 1777 722 tempus
1804 649 2096 713 exstinxit,
2140 650 2241 703 etsi

668 764 772 805 non
792 762 1009 819 prorsus
1031 744 1375 810 exstinxerit,
1406 744 1591 798 mortis
1616 757 1738 812 Spes
1758 758 1862 797 non
1894 741 2018 796 sinit
2041 739 2245 796 deliciis

669 843 791 901 frui.
818 842 928 896 lllie
954 854 1082 895 vero
1108 854 1195 894 res
1224 853 1329 893 non
1362 838 1432 892 ita
1468 852 1527 893 se
1556 837 1713 892 habet
1735 878 1749 901 ,
1782 835 1879 891 sed
1906 835 2057 890 labor
2082 841 2165 889 est
2190 835 2241 887 En

668 931 1009 1001 corruptione
1056 940 1111 985 et
1136 930 1187 984 in
1222 928 1431 984 mortali
1466 942 1731 998 corpore;
1773 940 1968 983 corona
2010 939 2141 1005 rero
2189 924 2243 978 in

666 1025 913 1092 integro,
971 1020 1265 1077 immortali
1312 1026 1374 1085 ‘,
1432 1023 1590 1075 linem
1652 1036 1757 1074 non
1814 1014 2229 1077 lmbentefLa-

662 1115 762 1171 hor
790 1110 1040 1185 pimcedit
1070 1126 1123 1169 et
1149 1115 1327 1169 brevis
1365 1123 1487 1177 est;
1527 1128 1733 1168 merces
1776 1125 1953 1167 autem
1985 1116 2231 1183 sequitur

664 1214 718 1256 et
744 1211 825 1256 est
848 1202 1126 1263 immensa,
1157 1207 1215 1253 ut
1247 1213 1369 1252 cum
1402 1197 1648 1254 libertate
1694 1197 1910 1253 demum
1962 1199 2239 1267 quiescas,

665 1291 793 1346 nihil
819 1299 1136 1360 exspectans
1163 1288 1529 1358 injucundum.
1555 1287 1706 1344 Nulla
1750 1289 1891 1343 enim
1922 1289 1991 1343 ibi
2022 1290 2242 1344 mutatio

666 1382 897 1439 timenda
920 1424 936 1450 ,
964 1383 1140 1437 nullus
1169 1396 1345 1445 casus,
1371 1390 1427 1435 ut
1457 1381 1506 1435 in
1533 1380 1637 1436 hoc
1664 1381 1882 1435 mundo.
1912 1380 2094 1448 Qualia
2142 1396 2239 1435 an.

665 1484 768 1528 tem
798 1482 924 1529 sunt
954 1474 1067 1528 lucc
1090 1474 1248 1539 bona,
1275 1487 1379 1527 non
1410 1482 1517 1526 tuta
1542 1514 1556 1536 ,
1583 1470 1677 1526 sed
1706 1472 1906 1539 brevia,
1932 1473 2090 1539 lutea,
2122 1487 2240 1542 qua:

728 1612 741 1639 ¹
772 1615 962 1657 caecus
1001 1614 1170 1656 textus
1192 1606 1461 1655 accuratius
1485 1604 1775 1654 redderetur
1796 1604 1888 1654 hoc
1911 1604 2052 1655 modo
2093 1618 2104 1653 :
2143 1614 2241 1664 (mo

665 1669 787 1719 enim
808 1676 1035 1735 tempore,
1057 1664 1421 1735 tibisenescerui
1438 1664 1684 1735 autumatis
1697 1679 1863 1735 sarisas
1884 1664 2125 1735 hebetatus
2146 1674 2237 1730 est,

664 1736 775 1791 tunc
796 1726 1065 1791 mercedem
1085 1728 1300 1791 laborum
1322 1726 1607 1791 recipiupet.
1640 1728 1791 1791 juxta
1812 1728 1971 1791 Morel.
2003 1743 2015 1776 :
2047 1726 2241 1791 tempus

667 1789 793 1840 enim
814 1803 907 1853 quo
1034 1787 1295 1853 satescatti
1314 1787 1565 1853 uoluptatis
1585 1800 1752 1839 sensus
1773 1788 2015 1841 hebetatus
2037 1796 2123 1848 est.
2151 1789 2241 1841 hoc

666 1849 849 1923 tempus
871 1849 954 1923 tibi
976 1850 1248 1923 mercedem
1271 1850 1426 1923 aﬂert.

724 1916 743 1943 ²
762 1909 941 1976 ’ΜοῖςβῂΔ
956 1919 1008 1961 et
1029 1912 1223 1975 quidam
1244 1909 1354 1968 alii,
1380 1923 1557 1961 corona
1593 1923 1704 1960 vero
1733 1909 1784 1961 in
1819 1909 2175 1976 incorruptibili
2193 1918 2240 1963 et

664 1969 956 2035 t'utpassibt'li.

1402 358 1459 416 S.
1498 356 1772 415 JOANNIS
1809 350 2279 410 CIIBYSOSTOMI
2320 350 2631 409 ARCHIEP.
2672 346 3199 406 CONSTANTINOP.

3827 344 3932 399 6⁸0

2353 464 2440 518 vix
2470 472 2725 535 apparent
2751 474 2804 518 et
2828 471 3170 529 evanescunt,
3196 478 3259 517 ac
3283 475 3401 517 cum
3432 460 3613 517 multis
3655 462 3932 517 laboribus

2350 555 2726 627 possidentur?
2762 556 2891 624 Quae
2932 556 3068 611 bona
3096 564 3222 610 sunt
3246 555 3348 610 illis
3368 554 3590 626 aequalia
3612 597 3627 617 ,
3656 570 3778 625 qua:
3807 565 3934 608 sunt

2348 648 2659 715 immobilia,
2709 664 2829 719 quae
2877 664 3164 720 numquam
3204 656 3493 704 senescunt
3518 689 3532 715 ,
3577 663 3698 716 qua:
3732 648 3931 701 nullius

2348 749 2471 793 sunt
2498 741 2694 795 laboris
2713 781 2729 808 ,
2759 756 2877 811 qum
2902 742 3252 795 certaminum
3292 750 3532 810 tempore
3575 755 3809 795 coronas
3839 739 3930 793 tibi

2347 832 2619 889 afferunt?
2649 835 2777 888 Nam
2802 820 2887 904 «fui
2922 833 3174 903 pecunias
3209 832 3465 903 despicit,
3490 834 3599 902 jam
3639 833 3767 886 lnnc
3792 846 3935 885 mer-

2347 927 2533 982 cedem
2579 927 2764 996 recipit
2798 967 2811 988 ,
2844 925 3202 980 sollicitudine
3229 939 3447 990 vacuus,
3499 924 3668 978 livore
3694 964 3708 988 ,
3778 938 3936 991 syco-

2347 1018 2561 1090 phantia
2592 1058 2607 1084 ,
2637 1018 2863 1082 insidiis,
2894 1017 3109 1072 invidia.
3132 1004 3251 1085 “Qui
3283 1026 3462 1073 castus
3507 1025 3589 1072 est
3641 1002 3721 1070 et'
3744 1026 3937 1069 ornate

2346 1112 2494 1179 vivit,
2521 1112 2682 1167 etiam
2716 1122 2999 1182 antequam
3025 1110 3268 1175 decedat,
3312 1118 3602 1166 coronatur
3630 1119 3684 1164 et
3715 1111 3766 1161 in
3796 1108 3935 1162 deli-

2347 1204 2447 1257 ciis
2476 1202 2640 1274 degit,
2667 1203 2950 1269 dedecore,
2982 1202 3335 1265 irrisionibus,
3368 1201 3620 1271 periculis
3648 1242 3662 1266 ,
3712 1213 3939 1255 accusa-

2350 1294 2580 1349 tionibus
2604 1294 2828 1365 aliisque
2855 1294 3099 1349 omnibus
3128 1294 3279 1348 malis
3303 1294 3578 1348 liberatus.
3618 1294 3754 1347 Alia:
3795 1306 3935 1359 quo-

2346 1404 2447 1459 quc
2471 1386 2679 1442 virtutis
2714 1395 2892 1457 partes
2924 1386 3169 1442 similiter
3188 1386 3299 1454 jam
3333 1386 3416 1440 hic
3444 1384 3596 1440 nobis
3626 1383 3937 1438 mercedem

2346 1480 2591 1535 ali'erunt.
2629 1481 2695 1535 Ut
2734 1480 2893 1551 igitur
2928 1489 2981 1536 et
3020 1480 3301 1549 prasentia
3331 1490 3384 1535 et
3414 1480 3584 1534 futura
3634 1494 3940 1549 consequa-

2346 1590 2467 1629 mur
2494 1574 2629 1629 bona
2654 1616 2669 1639 ,
2701 1572 2963 1643 fugiamus
3007 1573 3295 1643 nequitiam
3335 1581 3391 1626 et
3431 1572 3679 1625 virtutem
3725 1572 3937 1639 ample-

2346 1675 2572 1719 ctamur.
2605 1662 2695 1718 Sic
2718 1661 2860 1717 etiim
2899 1676 2946 1717 et
2988 1662 3076 1717 hic
3103 1662 3156 1716 in
3182 1662 3389 1717 deliciis
3425 1656 3644 1721 erimus.
3676 1670 3730 1715 et
3756 1659 3937 1714 futura

2347 1773 2737 1829 consequemur
2762 1756 2901 1810 bona
2937 1774 2949 1809 :
2976 1772 3092 1825 qua:
3126 1755 3327 1809 utinam
3359 1769 3549 1809 omnes
3575 1753 3938 1823 adipiscamur

2346 1852 2513 1922 gratia
2548 1858 2601 1906 et
2642 1849 2969 1919 benignitate
2995 1848 3205 1903 Domini
3236 1846 3402 1903 nostri
3429 1848 3557 1902 .lesu
3577 1847 3777 1904 Christi
3805 1888 3819 1912 ,
3852 1849 3935 1901 cui

2345 1942 2514 2013 gloria
2539 1952 2592 1997 et
2612 1941 2892 2013 imperium
2920 1942 2972 1995 in
3000 1940 3193 1996 stccula
3217 1939 3559 1996 sa'culorum.
3591 1941 3787 1994 Amen.

1768 2172 2113 2236 HOMILIA
2154 2176 2439 2239 vam.
2476 2138 2572 2239 in.
2617 2176 2842 2238 LXIX.

662 2339 787 2393 Car.
820 2335 911 2389 2|.
942 2350 993 2388 v.
1024 2334 1110 2390 55.
1149 2334 1318 2388 Aliam
1358 2333 1651 2403 parabolam
1692 2335 1879 2388 audite.
1936 2334 2103 2390 Homo
2125 2338 2241 2407 qui-

731 2426 850 2478 (lam
887 2434 994 2479 erat
1018 2424 1403 2496 paterfamilias,
1450 2425 1540 2494 qui
1567 2424 1807 2493 plantavit
1832 2427 2042 2493 vincant,
2085 2438 2130 2481 et
2167 2444 2244 2481 se-

734 2534 845 2587 pem
873 2515 1230 2587 circumposuit
1255 2515 1301 2568 ei
1327 2531 1346 2569 :
1370 2524 1419 2569 et
1446 2515 1575 2583 [odit
1594 2516 1645 2568 in
1663 2532 1721 2569 ea
1747 2518 1989 2581 torcular,
2014 2528 2060 2572 et
2086 2519 2245 2587 aediﬁ-

734 2608 863 2662 cavit
888 2609 1066 2663 turrim
1087 2626 1107 2663 :
1132 2618 1179 2661 et
1204 2608 1383 2661 locavit
1408 2623 1518 2661 eam
1542 2609 1799 2679 agricolis,
1824 2618 1871 2663 et
1895 2627 2099 2681 peregre
2126 2628 2246 2682 pro-

739 2707 896 2772 fectus
921 2710 1015 2755 est.
1048 2702 1137 2757 3s.
1174 2700 1392 2769 Quando
1412 2711 1581 2755 autent
1606 2704 2027 2773 appropinquavit
2048 2714 2245 2773 tempus

741 2793 1017 2859 fructuum,
1045 2792 1182 2845 misit
1208 2806 1374 2846 mos
1414 2807 1532 2847 suos
1569 2793 1637 2845 ad
1661 2793 1932 2864 agricolas,
1968 2805 2021 2847 ut
2051 2798 2245 2862 accire-

734 2894 844 2937 rcnt
864 2886 1057 2956 [ructus
1076 2886 1206 2955 ejus.
1233 2884 1322 2939 55.
1356 2882 1422 2937 Et
1447 2886 1703 2955 agricolas,
1744 2886 2068 2953 apprehensis
2093 2890 2246 2942 servis

736 2976 864 3045 ejus,
912 2975 1070 3029 alium
1109 2974 1415 3040 ceciderunt,
1462 2977 1619 3029 alium
1657 2977 2032 3048 interfecerunt,
2084 2979 2245 3033 alium

738 3076 905 3121 autent
948 3066 1316 3135 lapidaucrunt.
1358 3066 1446 3121 '56.
1484 3065 1709 3121 Rursum
1748 3068 1883 3122 misit
1916 3069 2043 3124 alios
2080 3085 2247 3125 seruos

740 3172 945 3210 numero
971 3155 1161 3226 plures,
1199 3165 1244 3209 et
1271 3160 1492 3227 fecerunt
1520 3156 1624 3211 illis
1659 3158 1907 3214 similiter.
1940 3160 2028 3215 57.
2060 3158 2248 3214 Nouis-

742 3248 868 3301 sime
891 3256 1059 3301 autem
1093 3247 1229 3300 misit
1250 3246 1318 3299 ad
1334 3262 1419 3301 eos
1445 3248 1608 3315 ﬁlium
1626 3265 1771 3302 suum
1793 3250 1965 3304 dicens
1988 3266 2007 3305 :
2038 3251 2246 3306 Reuere-

740 3338 921 3393 buntur
940 3337 1069 3407 forte
1085 3336 1249 3406 ﬁlium
1268 3353 1451 3391 meum.
1484 3339 1572 3393 58.
1601 3338 1852 3410 Agricola
1879 3352 2048 3396 autem
2075 3342 2250 3397 viden-

744 3438 816 3483 tes
839 3427 1023 3498 ﬁlium,
1055 3426 1287 3482 dixerunt
1316 3430 1369 3481 in
1393 3428 1571 3498 seipsis
1594 3444 1612 3483 :
1634 3427 1735 3483 Hic
1771 3440 1845 3486 est
1875 3432 2039 3496 heres,
2061 3433 2243 3499 uenite,

741 3518 1102 3586 interﬁciamus
1126 3534 1259 3585 eum,
1299 3527 1345 3572 et
1373 3518 1718 3587 possideamus
1752 3522 2075 3577 hereditatem
2113 3525 2245 3594 ejus.

743 3606 831 3661 '59.
863 3605 927 3661 Et
954 3608 1326 3677 apprehensum
1368 3624 1483 3662 eum
1527 3609 1775 3679 eiecerunt
1804 3621 1944 3665 extra
1979 3611 2173 3667 vineam
2204 3620 2250 3668 et

738 3696 1112 3765 interfecerunt.
1149 3697 1238 3752 ιο.
1266 3697 1393 3752 Cum
1428 3713 1547 3769 ergo
1588 3702 1772 3754 uenerit
1805 3701 2040 3756 dominus
2067 3704 2245 3769 cinctu,

740 3787 861 3857 quid
886 3787 1035 3858 faciet
1057 3787 1294 3859 agricolis
1319 3790 1463 3843 illis?
1481 3790 1570 3843 41.
1601 3788 1786 3844 Dicunt
1811 3793 1856 3846 ei
1879 3808 1899 3847 :
1927 3793 2094 3849 Malos
2116 3797 2249 3851 male

741 3876 932 3946 perdet,
982 3886 1030 3930 et
1073 3878 1267 3931 vineam
1308 3881 1450 3933 uiam
1482 3879 1663 3934 locabit
1705 3882 1819 3936 aliis
1856 3885 2113 3954 agricolis,
2163 3887 2249 3954 qui

742 3968 948 4022 reddent
986 3969 1030 4023 ei
1071 3972 1264 4039 fructus
1314 3973 1618 4041 temporibus
1662 3974 1788 4028 suis.
1836 3974 1925 4030 42.
1967 3974 2104 4030 Dicit
2147 3979 2249 4033 illis

741 4060 891 4115 Jesus
919 4077 938 4115 :
971 4060 1268 4133 Numquam
1314 4064 1504 4135 legistis
1546 4066 1601 4119 in
1645 4064 1924 4137 Scripturis
1946 4108 1962 4135 ,
2004 4068 2251 4141 Lapidem

741 4171 886 4224 quem
930 4155 1320 4221 reproborerunt
1365 4157 1693 4226 ludiﬁcantes,
1745 4161 1827 4215 hic
1881 4165 2043 4233 {actus
2089 4174 2161 4218 est
2198 4166 2252 4218 in

744 4254 897 4309 caput
933 4245 1109 4315 anguli
1136 4244 1306 4316 (Psal.
1342 4248 1463 4302 H7.
1485 4247 1615 4318 22)?

744 4336 797 4389 1.
842 4334 999 4389 Multa
1023 4350 1117 4404 per
1143 4336 1280 4391 hanc
1307 4338 1611 4407 parabolam
1633 4341 1971 4399 subindicat:
2003 4344 2099 4401 Dei
2125 4360 2252 4417 pro-
2282 4335 2293 4345 ’

673 4426 980 4492 videntium,
1012 4442 1113 4498 qua
1144 4442 1357 4499 semper
1386 4431 1489 4487 illis
1516 4432 1704 4500 adfuit,
1737 4437 2136 4506 sanguinarium
2162 4456 2254 4496 eo-

673 4534 790 4574 rum
803 4532 833 4571 a
856 4518 1112 4588 principio
1127 4518 1382 4588 animum,
1404 4522 1638 4595 nihilque
1657 4528 2071 4596 praetermissum
2091 4530 2253 4588 luisse

674 4607 818 4676 quod
863 4606 943 4671 ad
972 4622 1154 4663 curam
1198 4624 1383 4667 eorum
1422 4616 1711 4682 gerendam
1752 4618 2065 4687 pertineret,
2109 4623 2250 4693 quod

677 4696 952 4767 prophetis
994 4698 1185 4753 occisis
1225 4714 1329 4755 non
1376 4716 1596 4759 aversus
1642 4704 1708 4760 ab
1752 4707 1855 4763 illis
1884 4707 2045 4765 fuerit
2092 4711 2249 4779 Deus,

674 4788 768 4842 sed
806 4796 861 4843 et
902 4787 1096 4844 Filium
1126 4806 1279 4845 suum
1312 4794 1554 4859 miserit;
1584 4796 1724 4866 quod
1764 4796 1897 4853 Novi
1942 4809 1997 4855 et
2040 4800 2251 4859 Veteris

678 4876 1004 4937 Testamenti
1034 4896 1170 4938 unus
1207 4876 1273 4939 et'
1292 4882 1431 4940 idem
1472 4886 1543 4941 sit
1569 4886 1709 4943 Deus
1734 4905 1749 4953 ;
1778 4890 1921 4960 quod
1960 4908 2106 4948 mors
2132 4896 2247 4964 ejus

680 4987 867 5044 tiragna
915 4983 1132 5044 operata
1178 4976 1277 5043 sit;
1323 4977 1465 5047 quod
1506 4988 1769 5035 extremas
1796 4995 1981 5050 pmnas
2025 4984 2151 5041 dent
2178 4988 2246 5041 ob

677 5079 889 5120 crucem
916 5074 973 5121 et
1011 5063 1214 5122 facinus
1243 5082 1398 5122 suum
1426 5070 1698 5141 :gentium
1740 5074 2165 5147 conversionem,
2196 5088 2252 5135 et

674 5154 977 5215 Judaeorum
1006 5157 1236 5227 lapsum.
1273 5158 1400 5215 Ideo
1436 5160 1596 5230 igitur
1622 5162 1758 5220 hanc
1792 5165 2100 5235 parabolam
2134 5181 2250 5238 post

678 5249 1064 5317 princedentem
1096 5251 1291 5320 posuit,
1326 5259 1383 5305 ut
1411 5262 1465 5307 et
1489 5254 1659 5325 majus
1688 5257 1890 5313 crimen
1919 5261 2246 5329 ostenderet,

678 5340 819 5411 quod
863 5339 1061 5395 nullam
1090 5344 1301 5398 veniam
1346 5355 1663 5403 mereretur.
1712 5347 1828 5415 Quo
1856 5350 2015 5406 modo
2053 5362 2105 5407 et
2146 5369 2249 5424 qua

680 5430 921 5489 ratione?
946 5431 1080 5499 Quin
1112 5442 1307 5488 tantam
1346 5436 1485 5490 nacti
1513 5436 1604 5493 Dei
1634 5438 2041 5511 providentiam,
2072 5459 2100 5499 a
2138 5460 2246 5501 me

679 5520 955 5583 retricibus
980 5529 1034 5576 et
1060 5520 1354 5592 publicanis
1376 5525 1521 5595 victi,
1547 5526 1703 5598 longe
1727 5542 1873 5585 retro
1905 5532 2071 5587 relicti
2102 5547 2244 5590 sunt.

646 5682 649 5685 ἤ
684 5609 955 5681 Perpende
992 5622 1171 5668 autem
1214 5620 1270 5669 et
1308 5604 1423 5685 ejus
1455 5631 1698 5688 magnam
1742 5620 2146 5691 providentiam,
2196 5636 2251 5681 et

684 5701 886 5761 illatum
920 5695 1283 5764 incredibilem
1314 5703 1673 5779 supinitatcm.
1719 5710 1847 5768 Nam
1881 5729 1998 5785 quze
2040 5719 2247 5789 agrico-

2346 2339 2517 2394 larum
2544 2349 2725 2405 erant,
2751 2340 2863 2409 ipse
2893 2339 3013 2394 fecit
3046 2357 3059 2393 :
3098 2342 3385 2397 maceriam
3414 2342 3823 2412 circumposuit,
3858 2345 3937 2399 vi-

2344 2446 2499 2486 neam
2528 2431 2803 2502 plantavit,
2844 2432 3045 2503 reliqua
3075 2432 3253 2487 omnia
3296 2434 3579 2502 prtestitit;
3624 2443 3681 2489 et
3708 2450 3934 2505 parvum

2345 2522 2470 2593 quid
2503 2525 2633 2592 ipsis
2663 2525 2897 2593 reliquit,
2926 2533 2981 2579 ut
3007 2540 3093 2579 res
3122 2525 3242 2580 illas
3271 2537 3541 2591 curarent,
3573 2535 3629 2582 et
3655 2542 3775 2597 quae
3809 2528 3935 2583 data

2344 2611 2552 2667 fuerant
2575 2623 2974 2668 conservarent.
2996 2613 3137 2669 Nihil
3156 2615 3299 2671 enim
3324 2616 3579 2695 omissum
3605 2616 3817 2683 fuerat;
3842 2619 3939 2672 sed

2347 2706 2524 2759 omnia
2565 2704 2797 2774 perfecta
2844 2717 2994 2761 erant
3026 2726 3039 2760 :
3076 2707 3205 2761 nihil
3245 2716 3420 2762 tamen
3464 2708 3569 2762 illis
3609 2709 3733 2764 inde
3775 2710 3937 2778 lucri,

2346 2796 2471 2850 licet
2498 2796 2625 2865 ipsis
2653 2804 2795 2851 tanta
2824 2798 3140 2854 contulisset
3161 2798 3319 2853 bona.
3342 2798 3475 2855 Nam
3506 2809 3626 2870 post
3657 2815 3940 2871 egressum

2349 2902 2413 2941 ex
2445 2887 2679 2959 Egypt!)
2717 2890 2894 2959 legem
2933 2889 3102 2956 dedit,
3143 2889 3328 2945 urbem
3368 2890 3627 2956 condidit,
3676 2892 3939 2963 templum

2346 2981 2661 3046 construxit,
2693 2994 2838 3034 aram
2873 2982 3062 3036 erexit.
3094 2980 3163 3034 Et
3194 2998 3400 3054 peregre
3436 2984 3691 3053 profectus
3735 2996 3812 3039 est
3837 3003 3857 3049 ;
3887 2984 3940 3040 id

2348 3080 2451 3135 est,
2480 3072 2633 3142 longa
2667 3087 2795 3125 usus
2833 3082 2915 3127 est
2943 3068 3217 3143 patientia,
3244 3088 3363 3128 cum
3403 3089 3509 3130 non
3554 3091 3773 3146 semper
3812 3092 3943 3146 pcr-

2348 3162 2594 3218 cantibus
2642 3164 2822 3219 statim
2868 3165 3126 3235 supplicia
3174 3166 3408 3221 inferat:
3448 3172 3941 3239 peregrinationem

2349 3254 2543 3324 quippe
2593 3254 2804 3325 longam
2848 3256 3186 3311 tolerantiam
3240 3267 3411 3312 vocat.
3472 3259 3539 3313 Et
3587 3260 3722 3314 misit
3770 3278 3945 3317 servos

2351 3360 2497 3411 suos,
2536 3346 2638 3399 hoc
2676 3355 2796 3408 est,
2843 3348 3163 3417 prophetas;
3209 3359 3269 3403 nt
3311 3348 3541 3405 fructum
3591 3354 3943 3423 acciperent,

2354 3435 2407 3491 id
2452 3446 2553 3503 est,
2604 3438 2964 3505 obedientiam
3010 3455 3106 3509 per
3160 3456 3318 3511 opera
3365 3442 3813 3501 demonstratam.
3864 3445 3947 3503 illi

2353 3543 2481 3584 vero
2527 3529 2613 3585 hic
2654 3532 2813 3585 etiam
2857 3532 3147 3601 nequitiam
3196 3549 3345 3589 suam
3404 3536 3785 3605 exhibuerunt,
3830 3555 3945 3594 non

2353 3620 2515 3676 modo
2548 3621 2688 3691 quod
2715 3632 2835 3691 post
2855 3630 3056 3678 tantam
3096 3640 3278 3680 curam
3320 3627 3549 3682 fructum
3588 3646 3691 3684 non
3724 3634 3946 3699 darent,

2352 3710 2493 3780 quod
2535 3711 2909 3784 negligentiam
2940 3731 3048 3784 pra:
3084 3731 3143 3772 se
3186 3717 3447 3783 ferebant,
3480 3720 3573 3775 sed
3603 3721 3765 3776 etiam
3797 3726 3947 3793 quod

2355 3801 2473 3857 illos
2511 3806 2789 3861 venientes
2820 3807 3033 3877 indigne
3076 3808 3300 3865 ferrent.
3347 3810 3480 3866 Nam
3526 3814 3616 3884 qui
3646 3814 3944 3885 debebant,

2352 3908 2451 3948 nec
2499 3893 2723 3951 reddere
2772 3906 3038 3966 poterant,
3094 3915 3197 3955 non
3252 3901 3521 3973 indignari
3572 3921 3745 3977 neque
3798 3924 3950 3981 aegre

2351 3981 2491 4040 ferre
2521 3986 2823 4055 oportebat,
2847 3988 2941 4043 sed
2965 4004 3171 4060 rogare.
3204 3990 3279 4047 llli
3307 4009 3435 4049 vero
3456 4012 3562 4052 non
3592 3999 3952 4072 indignaban—

2355 4082 2441 4129 tur
2485 4076 2666 4144 modo,
2716 4078 2810 4134 sed
2865 4095 3053 4136 manus
3095 4085 3354 4154 sanguine
3392 4089 3705 4157 replebant,
3751 4103 3811 4150 et
3853 4098 3949 4167 qui

2354 4180 2540 4236 poenas
2559 4168 2686 4225 dare
2713 4168 3000 4236 debebant,
3032 4188 3217 4244 panos
3247 4180 3593 4249 expetebant.
3630 4183 3865 4257 Ideoque
3894 4199 3951 4247 et

2353 4260 2617 4316 secundos
2656 4272 2711 4316 et
2743 4264 2927 4320 tertios
2966 4266 3131 4329 misit,
3164 4276 3223 4323 ut
3249 4271 3622 4330 ostenderetur
3647 4286 3702 4333 et
3727 4278 3949 4335 illorum

2354 4354 2587 4423 nequitia
2628 4363 2681 4409 et
2720 4356 2981 4414 mittentis
3018 4360 3339 4432 benignitas.
3382 4365 3451 4420 Et
3491 4381 3587 4423 cur
3628 4385 3733 4425 non
3775 4371 3952 4431 lilium

2355 4443 2534 4497 statim
2566 4444 2755 4499 misit?
2796 4445 2867 4502 Ut
2908 4463 2974 4503 ex
3019 4451 3173 4506 malis
3207 4468 3326 4519 qua:
3372 4455 3425 4510 in
3467 4456 3587 4513 illos
3630 4461 3947 4532 intulerunt,

2354 4545 2473 4587 sese
2497 4532 2815 4591 damnantes
2865 4537 3103 4608 iramque
3141 4548 3494 4611 remittentes,
3528 4548 3678 4605 illum
3717 4555 3953 4610 venien-

2355 4633 2460 4677 tem
2487 4636 2816 4682 vererentur.
2848 4627 3131 4685 Possemus
3153 4634 3283 4689 alias
3313 4638 3697 4709 explicationes
3719 4644 3953 4712 addere,

2354 4713 2446 4767 sed
2477 4715 2542 4768 ad
2570 4718 2845 4784 sequentia
2880 4734 3179 4789 pergamus.
3203 4724 3338 4791 Quid
3360 4728 3460 4783 sibi
3482 4730 3593 4785 vult
3614 4731 3762 4795 illud.
3791 4734 3955 4793 Forte

2355 4805 2753 4861 reverebantur?
2784 4808 2898 4865 Non
2926 4811 3218 4880 ignorantis
3253 4827 3355 4881 est,
3386 4820 3544 4885 absit,
3587 4824 3681 4879 sed
3713 4828 3955 4885 volentis

2354 4896 2638 4952 ostendere
2673 4908 2927 4969 quantum
2960 4916 3241 4972 peccatum
3266 4919 3426 4975 esset,
3456 4921 3511 4967 et
3536 4917 3681 4971 omni
3713 4933 3952 4976 excusa-

2356 4985 2499 5042 tione
2544 5002 2787 5045 vacuum.
2829 4990 2961 5047 Cum
3007 4996 3170 5051 sciret
3211 5000 3354 5056 enim
3406 5004 3753 5063 occidendum
3808 5010 3950 5082 fore,

2355 5079 2497 5134 misit
2524 5089 2719 5137 tamen.
2748 5082 2880 5140 Illud
2909 5096 3108 5156 autem,
3142 5090 3519 5151 Reverebuntur
3541 5100 3707 5169 ﬁlium
3751 5079 3949 5176 meum,

2355 5171 2494 5260 quod
2524 5172 2695 5229 facere
2722 5173 2989 5233 debebant
3027 5185 3265 5238 enuntiat
3292 5205 3304 5239 :
3335 5188 3456 5256 quia
3484 5195 3761 5260 oportebat
3794 5171 3949 5257 certe

2356 5259 2474 5315 illos
2500 5266 2751 5354 revereri.
2781 5264 3055 5338 Siquidem
3083 5281 3138 5327 et
3156 5275 3279 5331 alibi
3310 5277 3441 5333 dicit
3467 5298 3479 5334 :
3596 5288 3728 5354 forte
3760 5292 3953 5346 audie~

2354 5354 2455 5405 rint
2476 5351 2686 5422 (Ezech.
2721 5357 2773 5410 2.
2796 5359 2852 5427 5)
2881 5378 2894 5415 :
2926 5377 3098 5433 neque
3122 5364 3229 5422 illic
3257 5368 3550 5439 ignorabat,
3583 5351 3677 5431 sed
3699 5394 3766 5435 ne
3790 5382 3949 5441 dice-

2356 5454 2474 5498 rent
2504 5448 2715 5517 quidam
2761 5451 3008 5535 improbi,
3039 5459 3438 5525 prtedictiouem
3474 5466 3634 5525 fuisse
3673 5488 3781 5529 non
3814 5478 3951 5535 obe-

2354 5535 2530 5593 diemli
2563 5532 2917 5605 necessariam
2944 5562 3180 5616 causam,
3215 5553 3335 5611 ideo
3372 5558 3451 5615 sic
3485 5561 3624 5619 dicta
3654 5532 3943 5638 temperat,

2356 5628 2419 5686 Si
2450 5634 2578 5701 forte
2604 5635 2812 5705 dicens,
2857 5650 2911 5695 et
2936 5640 3192 5699 Fortasse.
3224 5646 3353 5705 Nam
3380 5652 3423 5706 si
3457 5654 3597 5711 circa
3626 5628 3816 5716 servus
3849 5628 3953 5720 im;

2361 5726 2507 5793 probi
2533 5726 2765 5797 fuerunt,
2799 5730 2890 5788 lilii
2922 5733 3229 5802 dignitatem
3260 5746 3493 5800 revereri
3517 5752 3773 5820 oportuit.
3802 5757 3947 5825 Quid
