4174 6332
235 377 329 433 αι

233 505 370 559 ergo
400 488 537 545 isti?
559 489 702 545 Cum
729 502 1014 544 accurrere
1042 487 1394 557 oportuisset,
1421 487 1742 558 veniamque
1766 487 1833 541 de

187 595 193 601 '
235 583 478 651 peccatis
494 591 704 653 petere.
726 582 908 652 priora
936 596 1198 649 superare
1219 588 1559 644 concertant,
1587 588 1640 633 et
1661 577 1834 634 scele-

235 691 294 730 ra
329 675 638 731 sceleribus
671 674 893 728 vincere
915 713 931 740 ,
965 673 1146 743 priora
1187 688 1402 741 semper
1438 672 1833 742 posterioribus

219 773 559 838 obruentes;
596 771 742 843 quod
766 777 818 824 et
848 771 965 841 ipse
981 769 1268 824 declarans
1292 768 1403 822 ait:
1427 766 1646 835 lmplete
1674 779 1817 818 men-

225 870 414 916 suram
446 874 659 931 patrum
691 871 981 916 uestrorum
1013 858 1230 930 (Matth.
1260 859 1350 914 25.
1376 854 1495 929 ~52).
1530 855 1650 911 Jam
1687 856 1818 911 olim

217 955 374 1008 enim
411 953 700 1023 propheta!
741 954 808 1008 de
854 954 939 1008 his
987 953 1108 1008 illos
1155 951 1488 1006 accusabant
1520 948 1766 1004 dicentes
1804 960 1819 999 :

231 1043 435 1097 Manus
477 1053 663 1098 restrae
694 1044 862 1112 plena:
889 1053 1011 1098 sunt
1042 1045 1300 1113 sanguine
1336 1041 1493 1112 (Isai.
1529 1041 1581 1096 1.
1614 1039 1737 1107 15);
1768 1043 1828 1092 et

225 1130 564 1202 Sanguineas
602 1133 850 1202 sanguini
880 1135 1101 1203 miscent
1127 1131 1285 1203 (Osee
1315 1133 1368 1186 4.
1399 1131 1479 1204 2);
1510 1139 1584 1196 et,
1621 1129 1825 1199 diditi-

209 1229 366 1272 raute
397 1219 527 1274 Sion
556 1221 610 1274 in
639 1221 969 1292 sanguinibus
996 1222 1183 1292 (Mica.
1215 1222 1268 1278 5.
1305 1222 1414 1292 10),
1458 1220 1566 1277 Sed
1597 1237 1700 1275 non
1729 1236 1813 1274 re-

209 1311 571 1381 sipiscebant,
616 1313 716 1367 etsi
763 1312 867 1367 hoc
914 1311 1218 1370 mandatum
1268 1314 1636 1382 accepissent,
1690 1311 1811 1366 Non

208 1402 436 1465 occides,
469 1411 524 1456 et
564 1416 594 1456 a
625 1403 893 1457 sexcentis
918 1402 1036 1457 aliis
1061 1403 1382 1472 jubereutur
1427 1403 1720 1470 abstinere,
1749 1417 1811 1457 ac

209 1505 312 1558 per
331 1487 465 1557 hoc,
509 1507 707 1561 perque
732 1492 834 1546 alia
871 1493 1034 1546 multa
1075 1493 1140 1548 ad
1180 1495 1611 1549 observationem
1656 1493 1813 1562 hujus

210 1582 479 1652 prmcepti
510 1583 908 1638 inducerentur.
951 1587 1200 1638 Attamen
1245 1583 1383 1638 hanc
1425 1581 1641 1654 pravam
1684 1599 1814 1638 con-

211 1674 557 1730 suetudinem
588 1690 692 1729 non
721 1675 1103 1744 deposuerunt.
1132 1677 1238 1731 Sed
1270 1676 1393 1747 quid
1417 1678 1600 1731 dicunt
1632 1676 1814 1730 viden-

213 1774 295 1819 tes
325 1764 492 1818 eum?
526 1763 701 1820 Venite
727 1768 1015 1820 occidamus
1040 1783 1175 1821 eum.
1201 1767 1315 1834 Qua
1355 1767 1423 1822 de
1462 1766 1660 1822 causa?
1687 1768 1812 1837 quid

211 1864 306 1909 aut
333 1870 558 1926 parvum
583 1865 676 1911 aut
701 1872 954 1926 magnum
981 1859 1250 1913 criminari
1283 1859 1546 1929 potestis?
1574 1874 1642 1912 an
1670 1859 1812 1928 quod

214 1961 312 2000 vos
346 1945 714 2014 honoraverit,
757 1963 819 2003 ac
863 1949 1002 2004 Deus
1030 1964 1150 2004 cum
1199 1960 1361 2015 esset,
1392 1950 1554 2006 homo
1595 1962 1814 2019 propter

213 2051 311 2092 vos
354 2037 529 2093 factus
570 2037 661 2104 sit,
693 2039 1081 2110 innumeraque
1112 2041 1198 2095 illa
1247 2041 1476 2097 ediderit
1518 2042 1815 2096 miracula?

213 2142 282 2181 an
309 2129 457 2197 quod
485 2137 708 2198 peccata
754 2128 1039 2195 dimiserit,
1072 2133 1158 2187 vel
1201 2131 1268 2186 ad
1310 2148 1533 2204 regnum
1573 2134 1814 2188 vocarit?

210 2216 352 2276 Vide
378 2235 502 2274 cum
537 2221 810 2291 impietate
835 2222 1179 2292 conjunctam
1205 2223 1534 2280 dementiam
1567 2227 1814 2292 multant,

207 2321 265 2365 et
293 2309 446 2366 necis
466 2325 682 2366 eatisam
714 2312 921 2366 insania
949 2314 1180 2382 plenam.
1213 2313 1518 2370 Occidaoius
1557 2333 1690 2381 eum,
1733 2317 1810 2370 in-

205 2401 429 2471 quiunt,
475 2412 521 2454 et
549 2411 724 2456 nostra
753 2403 848 2456 erit
888 2403 1141 2458 hereditas
1171 2403 1320 2476 (Luc.
1349 2405 1440 2461 20.
1473 2407 1586 2477 14).
1630 2406 1697 2460 Ει
1724 2407 1810 2462 ubi

209 2492 466 2549 occidere
496 2494 1018 2551 deliberantiExtra
1051 2498 1283 2553 vineam.

273 2583 339 2639 2.
390 2584 636 2640 Vidistin’
677 2586 946 2658 quomodo
973 2589 1135 2643 etiam
1172 2589 1348 2645 locum
1393 2590 1676 2660 prephetet
1722 2590 1810 2646 ubi

206 2677 531 2732 mactandas
569 2687 705 2733 erat.
750 2677 818 2733 Et
845 2681 1097 2750 ejicientes
1124 2681 1412 2735 occiderunt
1437 2682 1597 2754 (Ibid.
1628 2701 1674 2738 υ.
1703 2685 1812 2739 16-

213 2768 328 2839 18).
355 2768 531 2825 Lucas
559 2771 774 2841 quidem
808 2772 883 2826 ait
907 2773 1078 2843 ipsum
1108 2774 1497 2832 detemtiuasse
1523 2779 1650 2848 quid
1689 2779 1811 2834 illos

205 2861 322 2929 pati
366 2870 659 2931 oporteret,
705 2863 956 2934 ipsosque
995 2865 1217 2930 dixisse,
1249 2869 1428 2933 Absit;
1475 2879 1528 2924 et
1569 2872 1810 2926 testimo-

206 2950 360 3004 nium
404 2951 696 3007 induxisse.
725 2951 858 3008 Illos
887 2955 1037 3010 enim
1063 2958 1273 3012 intuitus
1313 2961 1439 3013 dixit
1467 2976 1486 3014 :
1516 2962 1652 3030 Quid
1689 2979 1809 3034 ergo

204 3051 283 3096 est
330 3043 471 3113 quod
507 3044 752 3114 scriptum
789 3055 884 3112 est,
926 3045 1176 3118 Lupidcm
1216 3067 1363 3122 quem
1414 3056 1808 3122 reprobaieruut

200 3135 546 3204 adiﬁcantes,
590 3138 672 3191 hic
701 3142 864 3209 factus
893 3141 1044 3194 estin
1078 3154 1231 3213 caput
1265 3147 1444 3216 anguli
1479 3146 1649 3216 (Psal.
1679 3150 1804 3205 117.

205 3224 346 3294 .22)?
386 3227 472 3292 Et,
503 3228 815 3299 Quicumque
841 3232 1072 3286 ceciderit
1100 3251 1252 3304 super
1272 3252 1404 3302 eum,
1435 3241 1803 3311 confringetur.

203 3313 496 3372 ltatthmus
519 3333 650 3373 vero
673 3317 804 3375 dicit
838 3321 958 3377 illos
1003 3325 1291 3393 protulisse
1327 3331 1671 3386 sententiam.
1703 3331 1807 3387 Ve-

202 3424 329 3465 rum
367 3426 476 3464 non
504 3422 762 3482 repugnat
806 3428 926 3469 cum
969 3416 1097 3470 alio.
1131 3416 1257 3474 llaec
1296 3421 1439 3475 enim
1479 3425 1637 3478 ambo
1666 3424 1804 3480 facta

198 3509 354 3566 sunt,
389 3501 598 3573 ipsique
631 3505 950 3560 sententiam
989 3507 1226 3564 tulerunt
1250 3523 1436 3565 contra
1480 3514 1707 3584 seipsos.
1740 3532 1806 3571 ac

199 3607 398 3649 rursus
428 3608 548 3648 cum
579 3594 841 3650 dictorum
867 3596 976 3652 vim
1004 3600 1323 3668 sensissent,
1350 3603 1621 3670 dixerunt,
1640 3605 1800 3662 Absit.

199 3682 533 3755 Prophetam
571 3697 749 3744 autem
793 3690 924 3760 ipsis
962 3694 1233 3762 opposuit,
1280 3705 1335 3750 ut
1373 3697 1644 3767 suaderet,
1687 3717 1800 3756 rem

198 3790 434 3843 prorsus
460 3792 583 3834 esse
610 3779 862 3835 futuram.
893 3785 1146 3840 Attamen
1185 3789 1523 3845 vocationem
1562 3795 1801 3862 gentium

201 3882 272 3922 ne
300 3869 558 3937 carpendi
598 3884 813 3926 oattsam
847 3872 1124 3940 haberent,
1160 3893 1264 3932 non
1307 3892 1492 3949 aperte
1519 3882 1672 3948 dixit,
1704 3886 1799 3940 sed

193 3959 560 4014 subindicavit
575 3971 779 4016 tantum
797 3963 1004 4032 dicens,
1021 3966 1174 4022 Dabit
1196 3969 1313 4025 aliis
1329 3975 1522 4026 vineam
1539 3974 1688 4046 (Luc.
1703 3975 1796 4034 20.

201 4051 317 4122 46).
349 4049 478 4107 Ideo
505 4062 652 4110 certe
683 4053 780 4135 hac
804 4057 1053 4126 parabola
1081 4077 1209 4117 usus
1233 4073 1336 4129 est,
1366 4073 1423 4120 ut
1453 4066 1551 4137 ipsi
1580 4077 1801 4125 sonten-

203 4143 331 4196 tiam
367 4142 598 4201 ferrent.
636 4145 796 4214 Quod
834 4150 903 4203 .in
955 4151 1150 4208 Davide
1193 4171 1404 4227 quoque
1451 4158 1645 4216 factum
1690 4173 1793 4228 est,

190 4233 424 4303 quando
467 4234 536 4290 de
576 4238 838 4306 ,parabola
887 4240 1113 4298 Nathani
1166 4251 1485 4305 sententiam
1532 4253 1672 4308 tulit.
1715 4254 1795 4310 Tu

193 4339 334 4380 vero
375 4325 508 4380 mihi
548 4325 672 4382 hinc
700 4331 984 4386 considera
1009 4350 1170 4404 quam
1207 4337 1346 4406 justa
1393 4342 1463 4396 sit
1505 4347 1791 4411 sententia,

195 4415 417 4484 quando
461 4415 516 4476 il.
546 4418 634 4487 qui
667 4419 916 4487 puniendi
944 4433 1089 4494 sunt,
1121 4426 1217 4496 ipsi
1248 4443 1366 4485 sese
1410 4433 1790 4494 condemnant.

199 4505 408 4562 Deinde
439 4516 496 4560 ut
513 4503 774 4564 discerent
801 4527 903 4567 non
927 4516 1096 4569 solum
1130 4514 1180 4571 id
1208 4519 1467 4587 justitiam
1490 4527 1788 4596 requirere,

193 4595 293 4652 sed
345 4597 511 4651 etiam
557 4598 665 4666 jam
715 4601 840 4655 olim
889 4605 938 4658 id
979 4605 1236 4677 Spiritum
1280 4616 1676 4681 pronuntiasse,
1737 4595 1792 4674 et

198 4686 372 4741 Deum
405 4687 577 4757 ipsum
604 4693 922 4768 sententiam
957 4699 1164 4765 tulisse,
1199 4703 1530 4772 prophetiam
1559 4708 1783 4777 induxit,

193 4779 428 4849 illosque
474 4781 768 4852 increpavit
811 4784 1018 4851 dicens,
1063 4789 1359 4864 Numquam
1389 4796 1598 4868 legistis,
1629 4799 1786 4872 Lapio

190 4873 307 4924 rtem
353 4887 500 4939 quem
523 4873 914 4942 reprobarcrunt
948 4881 1276 4949 aedificantes,
1315 4888 1394 4941 hic
1434 4895 1599 4960 factas
1637 4905 1708 4946 est
1733 4897 1786 4950 in

189 4972 349 5027 caput
376 4962 555 5033 anguli
571 4965 599 5019 .’
626 4967 670 5019 Α
713 4966 929 5023 Domino
958 4977 1149 5043 factum
1175 4988 1246 5029 est
1273 4979 1428 5044 istud,
1459 4994 1505 5036 et
1531 4997 1601 5039 est
1629 4989 1786 5040 mira-

188 5054 289 5109 lnte
322 5056 380 5109 in
407 5058 570 5111 oculis
593 5061 779 5114 nostris
799 5077 820 5115 :
850 5063 931 5117 his
960 5068 1208 5122 omnibus
1235 5074 1543 5138 ostendens.
1568 5077 1783 5135 Jmlmos

187 5147 246 5192 ut
276 5139 590 5196 incredqu
631 5143 979 5214 abjiciendos,
1027 5163 1213 5220 gentes
1243 5165 1422 5212 autem
1457 5161 1782 5219 inducemlas

185 5245 333 5286 esse.
367 5231 420 5286 Id
450 5232 609 5289 etiam
651 5251 745 5304 per
769 5237 1143 5309 Chananzeam,
1189 5247 1238 5299 id
1269 5263 1362 5317 per
1390 5252 1593 5309 asinum
1617 5257 1655 5318 ⁸,
1687 5273 1781 5326 per

185 5323 584 5389 centurionem,
607 5342 811 5400 perque
840 5333 1033 5390 multas
1055 5337 1188 5393 alias
1222 5342 1504 5409 parabolas
1530 5323 1777 5407 subindi-

184 5419 350 5475 cavit.
396 5418 508 5474 Hoc
552 5420 713 5498 etiam
763 5440 923 5481 nultc.
959 5426 1081 5483 Ideo
1123 5432 1434 5503 subjunxit:
1465 5440 1507 5492 Α
1553 5439 1777 5502 Domino

186 5503 387 5573 factum
409 5520 483 5593 est
502 5511 658 5574 istud,
686 5524 734 5569 et
769 5526 841 5571 est
868 5521 1096 5576 mirabile
1112 5527 1165 5578 in
1197 5529 1357 5583 oculis
1382 5534 1565 5588 nostris
1589 5551 1608 5589 :
1634 5553 1777 5607 prte-

180 5594 490 5665 signiﬁeans
514 5605 809 5664 crediturae
842 5625 1047 5682 gentes,
1081 5627 1134 5672 ct
1156 5617 1368 5678 Judzeos
1397 5626 1486 5695 qui
1533 5594 1777 5689 credide-

242 5793 260 5824 ¹
287 5795 504 5850 Quadam.
528 5813 615 5854 per
641 5806 841 5856 asinam.

1161 371 1225 428 ΙΝ
1259 370 1670 430 ΜᾹΤΤΙΙΛΕΕΜ
1710 369 1943 427 HOMIL.
1988 368 2216 423 LXVlll.
2259 370 2331 422 al.
2375 370 2562 426 LXIX.

3426 381 3532 439 612

1928 483 2055 544 rint,
2081 497 2244 536 unum
2283 496 2402 538 esse
2430 482 2657 551 futuros,
2704 487 2948 556 quamvis
2993 495 3138 544 tanto
3170 489 3320 560 prius
3364 491 3532 550 inter-

1929 574 2072 628 vallo
2099 573 2383 638 distarent.
2427 575 2629 632 Deinde
2660 585 2718 631 ut
2747 579 3054 636 ediscerent
3093 581 3230 636 nihil
3250 593 3529 654 gestorum

1924 679 2044 720 esse
2069 665 2178 720 Deo
2202 665 2514 733 adversum,
2545 667 2640 723 sed
2668 669 2823 725 valde
2852 680 3134 743 acceptum
3168 684 3330 746 atque
3360 677 3528 731 mira-

1927 756 2053 820 bile,
2078 757 2222 827 quod
2249 759 2552 816 videntibus
2583 771 2861 830 stuporem
2905 764 3122 821 aﬂ‘erret
3163 767 3300 838 (erat
3329 769 3532 840 quippe

1924 849 2240 904 miraculum
2279 850 2590 922 inell‘ahile,)
2640 853 2916 923 subjunsit
2960 855 3168 924 dicens,
3215 858 3256 910 Α
3308 859 3528 914 Domine

1922 939 2115 1012 factum
2155 953 2226 998 est
2277 945 2435 1000 istud.
2479 945 2735 1016 Lapidem
2786 965 2912 1003 vero
2964 951 3203 1020 seipsum
3249 966 3423 1022 vocat,
3472 968 3527 1011 et

1923 1033 2248 1090 aediﬁcantes
2269 1037 2577 1092 Judarorum
2603 1037 2889 1106 doctores;
2919 1042 3061 1112 quod
3089 1045 3250 1098 etiam
3281 1045 3527 1103 Ezechiel

1922 1126 1997 1180 ait
2051 1147 2063 1182 :
2115 1127 2462 1199 xEdiﬁcautes
2516 1149 2716 1187 murum
2744 1176 2758 1200 ,
2809 1149 2853 1189 et
2909 1138 3140 1192 limentes
3198 1141 3529 1210 incomposite

1925 1215 2138 1290 (Ezeclt.
2196 1222 2283 1276 13.
2328 1221 2440 1291 10).
2489 1223 2775 1289 Quomodo
2827 1238 3006 1281 autem
3066 1231 3528 1299 reprobavertnit?

1921 1309 2054 1363 Cum
2079 1311 2342 1378 dicerent,
2372 1313 2473 1368 Hic
2497 1334 2597 1370 non
2623 1329 2694 1373 est
2717 1336 2781 1372 ea:
2800 1318 2908 1374 Deo
2931 1337 2951 1376 .'
2973 1324 3056 1376 liic
3074 1325 3267 1378 seducit
3294 1326 3526 1393 turbam;

1921 1410 1978 1455 et
2020 1419 2254 1466 rursum,
2296 1406 2656 1466 Samaritanus
2697 1429 2748 1466 es
2803 1425 2879 1479 tu,
2927 1425 2971 1468 et
3016 1416 3324 1471 daemonium
3375 1421 3529 1475 habes

1922 1493 2102 1562 (Joan.
2138 1498 2187 1549 'l.
2225 1498 2309 1551 12.
2339 1511 2382 1552 et
2414 1500 2467 1554 8.
2498 1501 2614 1567 48).
2647 1503 2848 1558 Deinde
2878 1514 2934 1560 ut
2973 1518 3384 1576 cognoscerent,
3418 1526 3525 1567 non

1922 1584 1973 1640 id
1999 1598 2201 1641 tantum
2231 1591 2330 1643 sibi
2360 1591 2542 1646 inferri
2569 1594 2710 1662 quod
2735 1595 3079 1664 ejicerentnr,
3104 1598 3365 1671 supplicia
3393 1617 3526 1672 quo-

1920 1695 2028 1748 que
2061 1681 2235 1747 aﬂ‘ert,
2268 1683 2454 1739 dicens
2484 1703 2497 1738 :
2534 1687 2624 1741 44.
2660 1686 2838 1741 Omnis
2868 1692 2955 1759 qui
2984 1692 3218 1746 ceciderit
3257 1710 3414 1761 super
3442 1695 3526 1749 la—

1924 1763 2091 1838 pidem
2119 1774 2272 1839 hunc,
2301 1779 2648 1848 confringatur
2677 1796 2696 1834 .'
2721 1798 2878 1849 super
2903 1799 3049 1853 quem
3075 1795 3246 1840 autem
3267 1786 3524 1855 ceciderit,

1925 1861 2177 1916 ventilabit
2217 1881 2349 1918 eum.
2403 1867 2542 1922 Duas
2597 1870 2682 1923 hic
2728 1872 2997 1940 pernicies
3047 1885 3309 1943 annotat;
3354 1879 3529 1947 primo

1921 1951 2063 2021 quod
2103 1953 2203 2007 hoc
2231 1955 2362 2024 ipsis
2391 1957 2715 2014 ollentliculo
2746 1960 2904 2016 fuerit
2932 1982 2947 2016 :
2976 1963 3078 2020 hoc
3098 1967 3187 2020 est
3227 1972 3392 2032 enim,
3427 1969 3528 2036 Qui

1920 2045 2155 2099 ceciderit
2180 2064 2335 2117 super
2357 2048 2582 2120 lapidem
2608 2052 2787 2118 hunc;
2818 2057 3057 2113 secundo
3096 2060 3404 2116 subindicat
3431 2079 3527 2118 ex-

1921 2136 2119 2191 cidium
2151 2153 2357 2206 eorum,
2392 2158 2682 2206 aerumnas.
2717 2149 3030 2216 perniciem,
3061 2167 3221 2221 quam
3267 2155 3415 2210 clare
3443 2157 3528 2209 in-

1920 2228 2118 2285 dicavit
2162 2230 2368 2300 dicens,
2417 2232 2692 2291 Ventilabit
2722 2240 2913 2308 ipsum.
2947 2241 3040 2296 llis
3070 2247 3528 2304 resurrectionem

1921 2335 2075 2375 suam
2107 2321 2486 2381 subindicavit.
2531 2328 2798 2399 l’rOpheta
2836 2345 2984 2388 certe
3023 2335 3189 2391 Isaias
3218 2339 3428 2394 vineam
3455 2340 3528 2394 ab

1921 2410 2038 2481 ipso
2058 2427 2364 2470 accusatam
2386 2417 2537 2482 dicit,
2565 2420 2944 2493 principesque
2965 2427 3144 2496 populi
3171 2429 3527 2487 criminatur:

1919 2512 1972 2556 et
2012 2503 2081 2557 ibi
2111 2506 2326 2574 quidem
2377 2509 2472 2576 ait,
2510 2509 2649 2576 Quid
2687 2512 2836 2567 debui
2882 2518 3052 2586 facere
3097 2519 3256 2574 vincar
3296 2539 3440 2591 meat,
3479 2535 3527 2581 et

1919 2610 2020 2647 non
2059 2595 2157 2664 feci
2205 2595 2358 2668 (leni.
2389 2599 2442 2655 5.
2485 2600 2583 2673 4)?
2628 2603 2753 2658 alibi
2787 2620 2919 2660 vero
2958 2624 2972 2661 :
3018 2609 3156 2676 Quid
3184 2614 3283 2682 feci
3324 2614 3434 2679 tibi,
3479 2626 3526 2670 et

1918 2687 2054 2755 quod
2090 2688 2385 2744 invenerunt
2412 2702 2581 2762 patres
2621 2699 2694 2750 tui
2724 2698 2778 2751 iu
2813 2715 2893 2753 me
2917 2700 3158 2761 delictum
3178 2703 3314 2775 (Ier.
3339 2708 3394 2762 2.
3429 2709 3528 2780 5)?

1918 2792 1982 2831 ac
2013 2796 2243 2843 rursum.
2278 2781 2482 2853 Papute
2526 2803 2691 2853 meus,
2741 2790 2866 2860 quid
2893 2793 2990 2860 feci
3015 2794 3104 2848 tibi
3119 2795 3145 2849 Ρ
3192 2809 3282 2851 aut
3327 2799 3382 2853 in
3426 2818 3525 2872 quo

1917 2872 2207 2925 contristari
2238 2883 2284 2927 te
2314 2874 2503 2944 (uicit.
2533 2880 2585 2932 6.
2617 2878 2711 2952 5)?
2737 2883 3005 2951 ingratum
3045 2879 3257 2963 illorum
3284 2890 3522 2948 animum

1917 2965 2227 3030 ostendens,
2259 2977 2314 3021 et
2334 2968 2612 3046 beneﬁciis
2638 2971 2884 3041 aﬂ'ectos,
2911 2982 3179 3034 contraria
3208 2984 3523 3052 rependisse

1916 3055 2214 3113 declarans.
2247 3060 2345 3116 llic
2383 3075 2562 3118 autem
2596 3064 2728 3120 illud
2758 3066 3133 3126 vehementius
3155 3076 3520 3143 exprimitur:

1917 3163 2090 3219 neque
2129 3151 2272 3205 enim
2305 3153 2419 3222 ipse
2443 3154 2595 3222 dicit,
2648 3155 2787 3222 Quid
2833 3162 3099 3230 oportebat
3143 3181 3225 3218 me
3251 3170 3440 3236 facere,
3473 3179 3524 3222 rt

1915 3259 2016 3296 non
2043 3245 2186 3315 feci?
2205 3246 2299 3299 sed
2326 3247 2445 3302 illos
2477 3248 2679 3307 inducit
2709 3253 3033 3310 sententiam
3054 3254 3317 3323 dicentes,
3345 3259 3520 3331 ipsum

1914 3335 2133 3405 quidem
2161 3337 2292 3394 nihil
2325 3339 2608 3410 reliquisse
2653 3347 3084 3413 pronuntiantes,
3119 3360 3283 3421 atque
3310 3354 3519 3422 seipsos

1914 3425 2358 3484 condemnantes.
2394 3427 2526 3486 Nam
2565 3447 2687 3488 cum
2717 3433 2922 3500 dicunt,
2949 3435 3121 3493 Malos
3159 3443 3292 3496 male
3319 3445 3515 3515 perdet,

1914 3526 1959 3571 et
1984 3519 2180 3572 vineam
2205 3537 2350 3575 suam
2381 3523 2566 3579 locabit
2595 3526 2715 3581 aliis
2757 3531 3018 3600 agricolis,
3063 3534 3193 3588 nihil
3227 3536 3371 3591 aliud
3413 3541 3514 3596 sibi

1913 3607 2123 3678 volunt,
2152 3621 2206 3667 et
2234 3627 2355 3668 cum
2383 3630 2572 3686 magna
2606 3618 2849 3688 emphasi
2877 3626 3197 3678 sententiam
3230 3626 3426 3684 ferunt.
3461 3631 3515 3686 ld

1911 3699 2216 3780 Stephanus
2239 3718 2454 3775 quoque
2479 3706 2610 3775 ipsis
2646 3711 3014 3778 exprobravit,
3047 3727 3101 3770 et
3129 3716 3250 3773 illos
3279 3722 3516 3778 maxime

1911 3790 2194 3847 mordebat
2215 3791 2350 3866 (Act.
2383 3795 2439 3851 6.
2465 3806 2513 3850 et
2538 3798 2617 3865 7),
2647 3801 2790 3870 quod
2819 3818 3008 3874 magna
3046 3807 3136 3863 Dei
3177 3812 3516 3879 providentia

1910 3896 2125 3952 semper
2149 3885 2374 3955 dignati,
2417 3888 2745 3947 benefactori
2788 3899 3056 3953 contraria
3107 3902 3507 3972 rependet-ent;

1909 3975 2052 4045 quod
2081 3993 2332 4048 magnum
2372 3983 2582 4053 signum
2609 3995 2745 4053 erat,
2778 4003 2882 4043 non
2917 3993 3251 4061 punientem,
3283 3997 3379 4052 sed
3413 3981 3511 4057 eos

1909 4067 2000 4136 qui
2033 4069 2412 4138 puniebantur,
2446 4089 2665 4130 causam
2708 4081 2954 4149 supplicii
3001 4099 3144 4142 esse.
3189 4087 3302 4142 Hoc
3335 4091 3511 4159 ipsum

1909 4156 1996 4212 hic
2035 4173 2365 4218 monstratur
2410 4180 2506 4234 per
2554 4171 2862 4238 parabolam
2891 4186 2960 4251 et
3004 4191 3100 4245 per
3147 4156 3506 4251 prepbetiam.

1905 4249 2089 4320 Neque
2115 4253 2258 4309 enim
2289 4257 2419 4310 satis
2450 4257 2635 4314 halmit
2660 4247 2966 4329 parabolam
2997 4267 3218 4333 dixisse,
3379 4291 3510 4344 pro-

1906 4344 2143 4413 phetiam
2174 4347 2442 4416 duplicem
2487 4351 2728 4418 adduxit,
2762 4356 2978 4412 Davidis
3010 4375 3208 4433 neiupe
3244 4374 3300 4420 et
3327 4381 3502 4426 suam.

1904 4436 2039 4505 Quid
2090 4454 2219 4510 ergo
2255 4443 2536 4510 oportebat
2580 4447 2695 4501 lucc
2736 4449 3019 4507 audientes
3061 4452 3284 4511 uicere?
3322 4475 3505 4518 annon

1903 4527 2176 4584 adorare?
2215 4546 2394 4586 annon
2444 4534 2698 4590 admirari
2745 4541 3139 4607 providentiam
3182 4550 3416 4616 priorem
3447 4565 3504 4609 et

1903 4623 2253 4688 posteriorem
2279 4623 2302 4676 ?
2329 4624 2382 4677 Si
2411 4635 2589 4680 autem
2618 4643 2682 4682 ex
2714 4630 2860 4684 nullo
2882 4646 3069 4687 eorum
3098 4637 3352 4694 meliores
3378 4641 3502 4699 facti

1898 4721 2044 4775 sunt,
2076 4728 2254 4768 annon
2282 4725 2427 4769 metu
2473 4718 2721 4788 supplicii
2752 4723 3107 4792 sapientiores
3139 4729 3253 4784 lieri
3286 4743 3503 4802 oporte-

1900 4801 2025 4856 bat?
2050 4803 2156 4857 Sed
2186 4820 2291 4858 non
2325 4807 2577 4863 meliores
2605 4808 2732 4866 facti
2775 4823 2922 4870 sunt.
2955 4814 3092 4882 Quid
3125 4834 3290 4888 porro
3318 4801 3500 4895 sequi.

1899 4896 2022 4948 tur?
2058 4897 2147 4950 45.
2193 4896 2319 4951 Cum
2360 4900 2640 4969 audissent,
2690 4903 2886 4972 inquit,
2923 4923 3266 4978 cognouerunt
3291 4918 3410 4985 quia
3436 4919 3500 4973 de

1895 4988 2023 5055 ipsis
2064 4988 2281 5042 dicebat.
2325 4990 2412 5045 ιϐ.
2447 4988 2512 5044 Et
2538 5006 2822 5063 quaerentes
2847 5013 2962 5051 eum
2993 5008 3179 5065 tenere,
3217 5005 3496 5064 timuerunt

1893 5079 2088 5144 turbas,
2115 5081 2355 5148 quoniam
2403 5084 2531 5136 sicut
2572 5086 2874 5156 prophetam
2902 5105 3016 5144 eum
3046 5091 3316 5150 habebant.
3351 5097 3491 5155 Sen-

1892 5181 2080 5224 serunt
2103 5171 2245 5224 enim
2276 5173 2511 5237 tandem,
2545 5177 2687 5246 quod
2719 5178 2864 5248 ipsos
2907 5182 3119 5239 occulte
3150 5195 3378 5245 notaret.
3424 5192 3491 5247 Et

1891 5261 2177 5329 aliquando
2221 5263 2573 5333 interceptus,
2606 5283 2702 5337 per
2743 5271 2979 5326 medium
3019 5275 3232 5332 illorum
3279 5283 3489 5348 transit,

1890 5362 1944 5405 et
1972 5351 2043 5404 illi
2069 5369 2174 5406 non
2208 5354 2389 5408 vident
2414 5374 2428 5421 ;
2458 5357 2746 5427 aliquando
2773 5379 3118 5433 comparem,
3160 5369 3368 5426 illorum
3397 5373 3491 5427 de-

1889 5448 2145 5503 siderium
2201 5455 2465 5522 reprimit.
2508 5455 2661 5522 Quod
2707 5459 3037 5518 admirantes
3086 5465 3158 5520 illi
3190 5467 3436 5523 dicebant
3473 5490 3485 5524 :

1889 5538 2075 5596 Nonne
2098 5542 2180 5596 llic
2214 5556 2285 5598 est
2310 5545 2501 5601 Jesus?
2532 5549 2665 5604 Ecce
2690 5553 2862 5620 palam
2885 5555 3130 5626 loquitur,
3172 5572 3219 5613 et
3246 5564 3373 5618 nihil
3391 5565 3490 5629 ipsi

1886 5635 2058 5690 dicunt
2085 5635 2264 5709 (Joan.
2299 5640 2349 5694 7.
2380 5639 2471 5715 25.
2505 5642 2624 5713 26).
2668 5645 2764 5700 llic
2790 5663 2943 5715 vero,
2975 5653 3097 5720 quia
3125 5658 3486 5713 multitudinis

1887 5727 2080 5783 timore
2105 5730 2502 5801 detinebantur,
2552 5735 2654 5791 hoc
2682 5740 2817 5796 satis
2850 5739 3056 5813 habuit,
3091 5761 3192 5804 nec
3224 5749 3484 5807 miracula

1887 5831 1942 5876 ut
1972 5834 2094 5878 ante
2123 5827 2288 5882 voluit
2315 5827 2498 5892 edere.
2534 5833 2679 5888 verbi
2712 5835 2881 5905 gratia
2912 5854 3009 5908 per
3037 5840 3272 5898 medium
3295 5858 3483 5900 eorum
