4174 6332
678 381 784 437 M5

679 490 1025 555 transeundo,
1052 498 1150 539 nec
1177 497 1233 537 se
1259 476 1573 534 imisihilem
1607 470 1926 544 prtrstando.
1959 466 2073 522 Non
2101 465 2241 520 enim

679 585 857 641 omnia
888 594 1048 648 supra
1075 574 1340 629 hominem
1375 568 1547 623 facere
1577 565 1805 627 volebat,
1851 572 1908 616 ut
1940 559 2248 616 crederetur

679 671 995 732 meonomia.
1024 668 1103 721 llli
1140 674 1313 720 autem
1342 676 1449 716 non
1475 661 1663 712 timore
1697 651 2047 710 multitudinis
2076 662 2229 704 emen
2260 710 2273 719 ί

677 765 966 824 dabantur,
1018 774 1123 812 non
1170 756 1238 809 ah
1290 754 1454 822 ipsius
1493 750 1821 805 dictis:non
1870 742 2244 811 prophetarum

680 853 1037 912 testimonium
1077 846 1478 907 reverebantur,
1524 856 1627 895 non
1669 852 1817 892 suam
1850 837 2084 904 ipsorum
2128 844 2248 885 scn-

677 947 922 1009 tentiam.
962 956 1067 997 non
1108 938 1390 993 multorum
1434 931 1883 987 existimationem
1915 942 1927 977 :
1964 927 2033 977 ita
2082 919 2247 975 semel

673 1039 796 1093 illos
826 1031 1129 1091 dominandi
1174 1027 1431 1096 cupiditas
1476 1032 1530 1077 et
1558 1036 1706 1074 vanae
1748 1018 1931 1089 glori-c
1970 1029 2119 1068 amor
2155 1025 2244 1066 oc-

680 1139 925 1191 rtecarat,
958 1122 1095 1194 quod
1130 1129 1466 1186 temporanea
1496 1120 1816 1183 quaererent.

747 1243 800 1296 3.
820 1237 1014 1293 Futura
1038 1219 1359 1304 praesentibus
1374 1226 1724 1297 anteponenda
1744 1235 1876 1279 sunt.
1897 1225 2082 1281 Contra
2105 1227 2247 1281 thea—

677 1332 737 1386 tri
769 1327 1073 1396 spectacula,
1106 1321 1475 1378 Monocltorum
1500 1320 1617 1373 vita.
1672 1316 1924 1371 Exercitia
1953 1320 2245 1373 monastica.

682 1421 898 1477 —Nihil
945 1417 1083 1474 enim
1126 1416 1197 1470 ita
1244 1412 1467 1481 impellit
1495 1418 1550 1465 et
1588 1409 1912 1478 praecipitem
1952 1408 2078 1473 dat;
2118 1409 2246 1463 niltil

680 1525 785 1568 tam
816 1529 844 1564 a
878 1511 1171 1564 futurorum
1204 1518 1385 1559 amore
1407 1502 1604 1569 dejieit,
1627 1510 1680 1554 ut
1710 1499 1865 1553 ﬂuxis
1880 1499 2038 1570 afﬂigi
2068 1501 2246 1566 rebus;

678 1606 806 1659 nihil
839 1605 909 1656 ita
940 1611 991 1655 et
1020 1595 1366 1667 praesentibus
1394 1603 1448 1648 et
1476 1592 1666 1647 futuris
1686 1591 1918 1659 jucunde
1936 1596 2007 1647 uti
2042 1593 2245 1661 tribuit,

678 1707 735 1750 ut
760 1695 933 1749 futura
962 1684 1204 1743 omnibus
1230 1696 1574 1753 anteponere.
1607 1683 1693 1736 Ait
1720 1685 1914 1753 quippe
1940 1683 2203 1740 ~Christus
2234 1704 2249 1742 :

680 1787 901 1853 Qucrite
927 1784 1142 1852 primum
1171 1794 1379 1848 regnum
1402 1774 1515 1837 Dei,
1541 1785 1589 1828 et
1617 1774 1724 1827 hac
1752 1775 1924 1827 omnia
1950 1775 2251 1847 adﬁcientur

678 1879 812 1931 vobis
842 1873 1051 1944 (Matth.
1082 1870 1135 1925 6.
1168 1868 1282 1937 55).
1314 1866 1468 1935 Atqui
1508 1865 1713 1919 etiamsi
1747 1864 1858 1919 lucc
1891 1865 2119 1933 adjectio
2154 1882 2248 1937 po-

675 1972 772 2024 sita
795 1983 898 2022 non
926 1972 1087 2029 esset,
1112 1976 1216 2015 non
1247 1968 1420 2011 tamen
1452 1956 1565 2010 htec
1584 1954 1869 2010 admodum
1899 1954 2249 2012 desideranda

676 2065 887 2121 essent;
920 2067 1055 2107 nunc
1099 2059 1274 2104 autem
1302 2061 1425 2101 cum
1454 2045 1537 2099 illa
1567 2044 1796 2113 accipls,
1830 2044 1942 2099 haec
1969 2046 2127 2099 etiam
2158 2062 2248 2116 ap.

676 2146 978 2220 prehendis.
1006 2139 1255 2197 Nonnulli
1287 2148 1460 2191 tamen
1490 2134 1572 2189 his
1595 2150 1699 2189 non
1721 2134 2121 2202 obtemperant;
2153 2136 2247 2191 sed

677 2237 935 2307 lapidibus
958 2247 1116 2287 sensu
1151 2228 1453 2283 carentibus
1480 2224 1703 2288 similes,
1723 2224 2009 2293 voluptatis
2036 2226 2247 2281 umbras

676 2339 986 2400 sequuntur.
1033 2323 1167 2392 Quid
1212 2319 1351 2375 enim
1398 2316 1552 2370 dulce
1594 2316 1649 2369 in
1682 2316 1929 2385 praesenti
1979 2316 2082 2370 vita
2128 2318 2250 2372 est?

675 2420 798 2491 quid
822 2414 1143 2487 jucundum?
1169 2411 1297 2467 Nam
1320 2424 1439 2464 cum
1466 2406 1665 2477 majore
1705 2406 1897 2461 llducia
1927 2422 2023 2461 vos
2050 2407 2252 2477 alloqui

676 2510 977 2567 lsotiie‘mio
1008 2527 1021 2561 ;
1052 2504 1142 2560 sud
1190 2520 1272 2556 me
1320 2500 1481 2565 ferte,
1528 2509 1587 2552 ut
1630 2496 1841 2553 discatiz
1877 2539 1891 2559 ,
1926 2499 2084 2552 vitam
2129 2515 2247 2569 quze

677 2606 810 2660 dura
842 2613 891 2657 et
919 2612 1141 2653 onerosa
1163 2595 1399 2653 videtur.
1441 2588 1823 2644 monachorum
1853 2589 2057 2643 scilicet
2083 2597 2139 2644 et
2161 2605 2253 2644 co-

675 2710 793 2752 rum
831 2694 917 2763 qui
948 2691 1152 2760 seipsos
1175 2683 1583 2746 cruciﬂxerunt,
1609 2680 1765 2750 longe
1793 2679 2083 2734 dulciorem
2110 2680 2250 2735 desi-

675 2786 1154 2852 derabilioremque
1180 2794 1301 2834 esse
1326 2778 1426 2830 hac
1453 2775 1557 2830 vita
1592 2814 1607 2839 ,
1640 2788 1760 2845 qua:
1801 2772 2009 2827 videtur
2037 2789 2250 2829 sttavnor

674 2880 1071 2947 delicatiorque.
1104 2872 1377 2942 llujusque
1397 2869 1472 2922 rei
1502 2877 1784 2925 teStesvos
1806 2866 1954 2931 estis,
1986 2865 2075 2935 qui
2103 2880 2247 2934 stupe

674 2974 727 3029 in
767 2965 1151 3025 calamitatibus
1189 2970 1243 3017 et
1285 2959 1537 3014 aerumnis
1579 2964 1806 3029 mortem
1836 2954 2081 3024 optastis,
2112 2955 2248 3009 illos-

673 3078 777 3135 que
804 3063 987 3117 beatos
1018 3052 1362 3125 prmdicastis,
1383 3049 1469 3118 qui
1501 3047 1552 3100 in
1584 3045 1873 3135 montibus,
1898 3045 1948 3099 in
1976 3044 2243 3116 speluncis

674 3144 1250 3223 degunt.ca'libemque
1272 3148 1324 3195 et
1344 3137 1569 3207 negotiis
1587 3149 1803 3189 vacuam
1829 3134 2025 3188 ducunt
2048 3135 2204 3187 vitam
2228 3151 2243 3198 ;

673 3258 769 3298 vos
792 3254 983 3308 nempe
1009 3277 1025 3303 ,
1056 3235 1143 3305 qtti
1175 3232 1257 3287 vel
1296 3229 1526 3286 artifices
1546 3268 1561 3293 ,
1596 3226 1677 3282 vel
1710 3225 1904 3281 milites
1934 3224 2064 3279 estis
2089 3265 2101 3287 ,
2134 3225 2247 3278 sive

672 3334 762 3405 qui
792 3331 951 3385 vitam
973 3325 1167 3382 ducitis
1185 3321 1366 3387 otiosi,
1398 3320 1510 3374 sive
1538 3318 1628 3388 qui
1659 3317 1711 3372 in
1753 3330 1913 3371 scena
1957 3324 2011 3369 et
2045 3314 2235 3370 orche-

667 3420 795 3476 stris
810 3418 949 3472 diem
976 3414 1294 3485 transigitis.
1317 3412 1443 3466 lude
1464 3414 1630 3473 enim.
1650 3409 1899 3480 quamvis
1919 3406 2064 3462 mille
2085 3406 2237 3459 volu-

669 3520 843 3582 ptates
883 3507 1148 3563 scaturire
1186 3505 1488 3567 videantur,
1521 3510 1775 3557 sexcenta
1813 3501 1914 3553 tela
1948 3499 2239 3552 mittuntur

670 3601 1013 3657 amarissima
1035 3599 1075 3655 ‘.
1097 3598 1152 3652 Si
1175 3598 1454 3668 qniscnim
1478 3594 1727 3649 saltantis
1745 3592 1935 3663 puella:
1951 3605 2136 3646 amore
2158 3589 2240 3643 in-

673 3694 997 3756 ﬂammetur,
1020 3690 1167 3748 omni
1194 3688 1404 3753 militia,
1436 3687 1595 3745 onmi
1611 3683 2041 3756 peregrinatione
2063 3682 2245 3736 durio-

675 3801 765 3842 res
780 3785 914 3840 l'eret
929 3783 1229 3842 cruciatus.
1252 3780 1529 3851 pejorique
1550 3779 1603 3831 in
1629 3786 1794 3838 statu,
1812 3790 1976 3845 quant
1998 3774 2125 3828 urbs
2143 3774 2243 3828 ob-

678 3893 852 3945 sessa,
868 3876 989 3932 erit.
1011 3875 1117 3932 Sed
1137 3890 1203 3929 ne
1226 3875 1333 3928 illis
1349 3872 1555 3927 diutius
1575 3869 1980 3931 incumbamus,
2000 3866 2132 3937 ipsis
2152 3880 2248 3919 eoo

680 3985 801 4026 rum
814 3970 908 4040 qui
926 3967 1005 4024 sic
1017 3967 1159 4038 capti
1172 3975 1298 4021 sunt
1311 3963 1661 4020 conscientiae
1676 3959 2097 4031 relictis,age,de
2113 3957 2251 4011 mul-

679 4072 861 4118 torum
886 4062 995 4116 vita
1030 4074 1172 4114 nunc
1196 4071 1450 4127 agamus:
1478 4064 1533 4109 et
1562 4064 1771 4108 tantum
1802 4053 1941 4105 inter
1964 4061 2252 4116 utramque

684 4156 851 4211 vitam
866 4154 1206 4210 inveniemus
1223 4149 1854 4212 iutervahum.quautum
1876 4145 2017 4197 inter
2033 4152 2249 4212 portum

673 4251 726 4293 et
768 4239 1013 4293 ﬂuctibus
1041 4235 1295 4307 agitatum
1329 4233 1551 4305 pelagus
1604 4232 1684 4288 Ex
1716 4231 2032 4289 habitaculis
2067 4237 2245 4291 statim

674 4334 740 4388 ab
775 4330 997 4388 exordio
1034 4330 1221 4384 horum
1264 4326 1568 4383 felicitatem
1599 4324 1874 4380 considera
1906 4341 1921 4390 ;
1963 4325 2075 4381 fora
2102 4328 2244 4382 enim

668 4435 725 4481 et
770 4424 929 4479 nrbes
970 4420 1329 4487 tumultusque
1378 4417 1432 4472 in
1484 4417 1661 4472 medio
1706 4418 1909 4487 positos
1938 4418 2197 4487 fugientes
2225 4462 2241 4487 ,

670 4518 831 4571 vitam
881 4515 933 4569 in
964 4512 1233 4569 montibus
1274 4507 1589 4579 delegerunt
1609 4548 1625 4573 ,
1655 4522 1774 4577 qua:
1801 4506 1931 4562 nihil
1959 4523 2079 4563 cum
2114 4526 2247 4576 pra:-

668 4609 809 4664 senti
831 4609 937 4661 vita
962 4616 1245 4661 commune
1273 4599 1450 4666 habet,
1476 4614 1595 4669 qua:
1622 4597 1754 4654 nihil
1782 4598 2068 4654 humanum
2097 4601 2246 4671 pati-

674 4712 797 4766 tur;
838 4714 944 4755 non
969 4696 1212 4754 dolorem
1237 4708 1331 4763 pro
1356 4693 1518 4748 rebus
1545 4692 1891 4747 sweularihus
1921 4732 1936 4755 ,
1979 4708 2083 4746 non
2114 4708 2220 4750 ιιιω

670 4805 849 4848 rorem
878 4788 965 4844 vel
988 4783 1421 4849 sollicitudinem,
1453 4798 1559 4837 non
1588 4783 1841 4851 pericula,
1874 4797 1979 4838 non
2005 4783 2246 4849 insidias,

669 4899 779 4939 non
798 4879 1073 4941 invidiam,
1104 4890 1210 4932 non
1242 4874 1485 4937 livorem,
1513 4887 1617 4928 non
1648 4882 1828 4944 turpes
1855 4889 2070 4931 amores
2092 4917 2106 4936 .
2139 4891 2245 4931 non

670 4975 813 5033 aliud
851 4972 1121 5046 quidpiam
1152 4968 1347 5025 simile.
1372 4966 1489 5023 Jam
1520 4966 1604 5022 hic
1642 4966 1715 5022 illi
1759 4983 1877 5038 qua:
1917 4968 1982 5022 ad
2025 4984 2244 5039 regnum

670 5069 923 5125 caelorum
954 5063 1215 5135 pertinent
1250 5058 1594 5124 meditantur,
1627 5059 1678 5113 in
1706 5059 1926 5113 saltibus
1948 5069 2242 5125 versantes,

676 5157 943 5215 montibus
967 5153 1309 5222 fontibusque
1338 5192 1353 5217 ,
1393 5165 1514 5205 eum
1540 5150 1718 5219 quiete
1746 5150 1905 5203 multa
1937 5168 1950 5203 :
1982 5152 2247 5221 prareipne

671 5258 849 5301 autem
895 5246 1004 5301 Deo
1046 5244 1293 5306 herent,
1341 5242 1714 5312 tuguriumque
1753 5242 1962 5297 illorum
1993 5244 2136 5298 omni
2162 5254 2243 5299 tu-

674 5336 841 5391 multu
865 5349 1087 5390 vacuum
1100 5343 1203 5402 est,
1224 5332 1401 5389 anima
1425 5332 1574 5388 omni
1598 5332 1787 5389 morbo
1812 5343 1867 5389 et
1908 5348 2073 5405 pravo
2112 5333 2247 5390 atl‘e-

748 5574 764 5603 ι
793 5569 875 5620 Sic
898 5576 1004 5620 tres
1040 5568 1175 5618 codd.
1206 5567 1335 5619 Εάὶῐὶ
1362 5582 1482 5619 vero
1510 5585 1520 5618 :
1548 5568 1625 5620 Ibi
1647 5569 1772 5620 enim
1796 5572 1923 5620 unde
1949 5570 2083 5622 nul'e
2109 5571 2247 5622 rotu-

685 5638 834 5702 ptates
855 5629 1093 5683 καινὴ-ε
1111 5629 1381 5691 videantur,
1404 5639 1628 5683 sexcenta
1647 5635 1740 5683 tcta
1761 5632 2015 5684 mittuntur
2045 5632 2258 5687 amaris-

688 5708 845 5805 ""i‘ih
882 5754 1051 5806 Morel.
1081 5759 1199 5819 htec,
1222 5751 1353 5806 omni
1383 5751 1577 5818 militia,
1599 5754 1783 5805 desunt

1436 360 1491 415 S.
1531 355 1805 414 JOANNlS
1832 347 2301 410 CllleSOSTOlll
2345 346 2661 403 AﬂClllEP.
2698 341 3225 401 CONSTANTINOP.

3838 346 3938 404 6M

2358 472 2445 515 ctu
2477 462 2659 525 libera,
2694 460 2845 524 levis,
2869 459 3134 529 expedita,
3165 466 3219 513 et
3248 457 3559 514 tenuissimo
3581 472 3706 515 aere
3734 463 3937 531 purior.

2356 551 2497 622 Opus
2522 563 2699 607 autem
2734 551 2945 606 illorum
2975 550 3205 619 idipsunt
3245 562 3347 615 est,
3378 550 3520 621 quod
3574 550 3744 605 Adam
3790 552 3943 606 lnitio

2357 642 2580 705 habuit,
2619 652 2900 712 antequam
2925 652 3206 713 peccaret,
3251 644 3464 713 quando
3504 643 3672 713 gloria
3721 642 3935 700 indutus

2358 745 2475 786 cum
2525 733 2631 788 Deo
2669 733 2839 788 libere
2882 732 3197 802 loquebatur
3227 774 3241 800 ,
3273 743 3329 788 et
3376 733 3551 788 locum
3590 733 3741 788 illum
3772 735 3937 788 multa

2359 825 2683 880 beatitudine
2711 823 2961 881 refertum
2987 826 3271 880 incolebat.
3305 824 3361 880 lu
3388 840 3496 895 quo
3519 826 3662 881 enim
3703 826 3755 879 hi
3787 824 3938 895 pejus

2352 929 2510 985 quam
2540 916 2631 971 ille
2653 914 2868 986 degunt,
2896 931 3015 971 cum
3041 926 3163 970 ante
3191 916 3600 971 iuobedientiam
3632 918 3835 987 positus
3860 927 3945 975 est

2354 1005 2409 1059 in
2443 1007 2690 1075 paradiso
2724 1016 2779 1062 ut
2799 1007 3152 1076 operaretur?
3178 1006 3329 1062 Nulla
3353 1007 3450 1076 ipsi
3480 1007 3753 1063 stecularts
3784 1008 3939 1062 solit-

2353 1098 2533 1155 citudo
2561 1100 2736 1154 inerat
2756 1140 2772 1167 ,
2811 1100 2951 1154 nulla
2976 1100 3135 1155 etiam
3163 1100 3438 1155 monachis
3472 1100 3576 1155 illis
3604 1118 3618 1154 :
3647 1116 3777 1170 pttra
3806 1116 3941 1155 con-

2357 1192 2575 1246 scientia
2632 1190 2797 1246 Deum
2841 1191 3251 1261 alloquebatur,
3302 1200 3357 1247 et
3406 1190 3460 1246 hi
3505 1192 3797 1247 similiter:
3832 1194 3942 1250 imo

2355 1281 2522 1335 multo
2559 1281 2817 1351 majorem
2860 1297 3021 1351 quam
3063 1282 3154 1337 ille
3196 1282 3441 1337 fiduciam
3478 1281 3718 1348 habent,
3753 1294 3941 1354 utpote

2356 1372 2543 1441 majori
2585 1372 2822 1427 fruentes
2864 1373 3031 1442 gratia
3061 1373 3315 1445 Spiritus.
3350 1373 3455 1429 Par
3484 1384 3630 1431 esset
3665 1386 3814 1432 certe
3844 1392 3941 1433 vos

2357 1464 2470 1517 lucc
2491 1462 2660 1517 oculis
2691 1463 3001 1533 percipere;
3034 1464 3125 1519 sed
3153 1465 3276 1535 quia
3308 1480 3412 1520 non
3441 1465 3603 1521 vultis
3632 1506 3646 1530 ,
3692 1478 3857 1537 atque
3887 1468 3939 1523 in

2356 1555 2582 1610 tumultu
2611 1564 2665 1610 et
2695 1554 2809 1610 foro
2841 1555 3051 1627 degitis,
3076 1570 3171 1612 vos
3194 1555 3385 1612 saltem
3416 1557 3582 1612 verbo
3609 1557 3937 1615 doceamus:

2354 1661 2513 1701 unam
2538 1661 2667 1703 vero
2694 1656 2894 1717 partem
2923 1649 3043 1703 vitae
3072 1648 3283 1703 illorum
3310 1650 3636 1720 excipiemus
3655 1693 3670 1718 ,
3696 1668 3818 1706 nam
3849 1662 3943 1709 to-

2356 1744 2465 1791 tam
2488 1738 2742 1808 persequi
2770 1753 2875 1793 non
2906 1753 3211 1809 possumus.
3259 1739 3337 1793 Illi
3366 1741 3455 1809 qui
3488 1741 3771 1797 luminaria
3815 1754 3943 1798 sunt

2355 1826 2522 1891 orbis,
2550 1842 2669 1882 cum
2700 1828 2784 1882 sol
2807 1836 2956 1883 ortus
2981 1838 3091 1891 est,
3125 1830 3232 1884 imo
3260 1829 3351 1885 diu
3385 1840 3668 1901 antequam
3716 1832 3892 1888 luceat
3922 1875 3940 1901 ,

2355 1933 2385 1973 e
2433 1920 2570 1974 lecto
2610 1929 2886 1990 surgentes
2934 1923 3070 1985 sani,
3101 1931 3225 1976 sunt
3249 1924 3455 1993 vigiles,
3486 1923 3717 1994 expediti
3741 1926 3945 1995 (nullus

2354 2011 2494 2064 enim
2528 2011 2597 2065 ibi
2620 2010 2794 2078 dolor,
2826 2014 2908 2068 \el
2929 2012 3251 2076 sollicitudo,
3287 2014 3368 2067 vel
3396 2028 3581 2083 sopor,
3610 2029 3716 2069 non
3743 2016 3901 2071 labor
3925 2059 3941 2080 ,

2356 2116 2461 2155 non
2494 2102 2823 2170 negotiorum
2852 2104 3004 2157 turba
3025 2145 3041 2171 ,
3098 2118 3203 2158 non
3249 2102 3373 2170 quid
3401 2104 3577 2159 simile
3609 2146 3624 2170 ,
3661 2105 3753 2159 Sed
3786 2107 3941 2174 quasi

2352 2194 2526 2264 angeli
2558 2194 2610 2248 in
2643 2196 2776 2249 caelo
2803 2195 3043 2265 degunt)
3075 2213 3088 2248 :
3122 2204 3400 2265 surgentes
3432 2196 3590 2265 igitur
3618 2196 3797 2251 statim
3828 2197 3939 2253 laeti

2354 2294 2408 2340 et
2436 2285 2651 2351 hilares,
2680 2286 2901 2342 chorum
2926 2287 3178 2343 facientes
3206 2304 3388 2350 unum,
3418 2288 3541 2342 lano
3571 2289 3718 2343 vultu
3740 2300 3793 2344 ct
3815 2306 3946 2345 con-

2355 2378 2573 2432 scientia
2602 2379 2759 2433 simul
2792 2394 2997 2445 omnes,
3027 2379 3178 2449 quasi
3208 2396 3312 2434 uno
3341 2396 3455 2445 ore,
3487 2379 3699 2451 hymnis
3728 2382 3945 2437 univcr-

2355 2481 2535 2522 Sorum
2586 2469 2750 2523 Deum
2794 2469 3106 2533 celebrant,
3160 2468 3441 2524 laudantes
3475 2485 3595 2524 eum
3640 2479 3695 2524 et
3741 2472 3945 2539 gratias

2356 2557 2451 2628 ipsi
2480 2568 2695 2628 agentes
2722 2575 2818 2628 pro
2838 2548 3104 2623 omnibus,
3133 2559 3245 2613 sive
3268 2560 3497 2628 pmpriis
3514 2601 3528 2624 ,
3555 2559 3669 2616 sive
3694 2575 3942 2617 commu—

2356 2650 2516 2705 nibus
2545 2650 2835 2706 bcncticiis.
2867 2651 3042 2719 Quare
3074 2651 3236 2706 misso
3272 2652 3495 2718 Adamo,
3530 2654 3941 2726 interrogemus,

2357 2739 2408 2793 in
2456 2754 2562 2810 quo
2602 2740 2811 2794 diﬂ‘erat
2846 2742 2914 2795 ab
2952 2742 3155 2811 angelis
3186 2730 3275 2797 ille
3308 2742 3505 2797 chorus
3549 2746 3858 2800 canentium
3893 2749 3944 2800 in

2355 2838 2494 2884 terra
2518 2839 2572 2886 et
2597 2831 2885 2886 dicentium
2911 2850 2922 2885 :
2956 2830 3132 2887 Gloria
3156 2834 3205 2886 in
3235 2834 3445 2888 excelsis
3472 2828 3577 2889 Deo
3601 2875 3615 2896 .
3644 2847 3692 2890 et
3718 2836 3771 2890 in
3800 2846 3939 2891 terra

2351 2941 2472 2995 pax.
2495 2926 2546 2977 in
2578 2924 2864 2979 hominibus
2892 2926 3023 2980 bona
3054 2927 3287 2981 voluntas
3316 2925 3481 2999 (Luc.
3508 2926 3563 2980 2.
3595 2927 3724 2997 ει).
3757 2928 3946 2986 Vestis

2355 3023 2532 3069 autem
2577 3016 2680 3079 illis
2710 3016 2838 3070 \iris
2871 3016 3026 3085 digna
3054 3027 3139 3071 est
3168 3034 3181 3068 :
3213 3031 3385 3079 neque
3418 3016 3561 3071 enim
3593 3018 3817 3087 perinde
3849 3035 3943 3074 ve»

2351 3104 2585 3159 stiuntur
2607 3114 2765 3175 atque
2796 3107 2827 3159 ii
2858 3107 2947 3174 qtti
2972 3108 3177 3162 tunicas
3206 3105 3422 3161 trahunt
3452 3123 3547 3177 per
3574 3108 3718 3163 vicos
3738 3150 3753 3173 ,
3778 3124 3946 3165 ener-

2357 3198 2464 3251 vati
2494 3205 2546 3251 et
2578 3197 2869 3252 eﬂ'eutinati
2903 3198 3014 3269 (a):
3049 3197 3141 3253 sed
3166 3208 3221 3253 ιιι
3243 3198 3380 3253 beati
3414 3199 3489 3253 illi
3516 3199 3711 3271 angeli,
3749 3200 3901 3257 Elia:
3929 3245 3945 3267 ,

2356 3286 2579 3343 Elisteus
2602 3329 2619 3355 ,
2645 3287 2878 3344 Joannes
2899 3332 2914 3356 ,
2941 3291 3204 3358 apostoli,
3237 3293 3539 3346 vestiuntur
3562 3334 3578 3355 ,
3611 3292 3699 3346 alii
3728 3309 3791 3347 ex
3821 3294 3950 3364 pilis

2354 3378 2588 3447 caprinis
2611 3420 2626 3443 ,
2658 3378 2748 3433 alii
2789 3395 2850 3433 ex
2900 3380 3020 3448 pilis
3064 3382 3389 3436 camelorum
3422 3382 3678 3452 :quidam
3712 3384 3948 3454 pellibus

2356 3474 2559 3521 tantum
2610 3469 2931 3525 amiciuntur
2971 3481 3233 3528 vetustate
3278 3473 3438 3527 tritis.
3470 3474 3676 3529 Deinde
3707 3487 3829 3544 post
3854 3477 3945 3531 illa

2352 3559 2554 3614 cantica
2581 3573 2753 3628 genua
2787 3560 3063 3617 ﬂectentes
3091 3603 3107 3629 ,
3140 3564 3308 3619 Deum
3346 3574 3632 3635 precantur
3650 3581 3749 3637 pro
3777 3567 3949 3625 rebus

2351 3662 2471 3718 qua:
2521 3650 2701 3705 multis
2749 3667 2818 3707 ne
2858 3653 2909 3707 in
2962 3664 3195 3709 mentem
3242 3656 3454 3724 quidem
3498 3656 3681 3712 venire
3713 3660 3945 3727 possint.

2351 3736 2697 3795 Praesentium
2729 3742 2871 3796 enim
2906 3744 3050 3801 nihil
3088 3755 3272 3815 petunt
3318 3745 3437 3817 (illa
3464 3747 3659 3817 quippe
3688 3748 3821 3804 nihil
3850 3765 3951 3805 cu-

2350 3826 2506 3896 rant)
2542 3846 2556 3895 ;
2596 3830 2689 3884 scd
2729 3841 2788 3886 ut
2829 3848 2947 3887 cum
2987 3834 3178 3888 fiducia
3205 3849 3349 3889 stare
3379 3837 3584 3906 possint
3606 3847 3735 3893 ante
3766 3838 3945 3893 tribu-

2350 3919 2437 3973 nal
2484 3918 2612 3975 illud
2661 3921 3028 3990 horrendum,
3060 3924 3272 3994 quando
3309 3926 3483 3981 veniet
3516 3927 3825 3998 unigenitus
3852 3930 3947 3985 Dei

2352 4010 2518 4067 Filius
2540 4012 2780 4083 judicare
2821 4016 2968 4071 vivos
2994 4027 3048 4072 et
3075 4027 3315 4073 mortuos
3341 4035 3357 4084 ;
3387 4027 3440 4072 et
3483 4027 3539 4073 ut
3573 4034 3735 4079 nemo
3758 4022 3948 4077 audiat

2355 4103 2651 4157 terribilem
2684 4104 2825 4159 illam
2856 4120 3038 4161 vocem
3066 4150 3081 4173 ,
3109 4106 3295 4163 Nescio
3323 4124 3409 4163 vos
3435 4102 3650 4179 (Matth.
3679 4109 3772 4166 25.
3804 4110 3943 4181 l2);

2353 4201 2513 4264 atque
2543 4204 2599 4249 ut
2636 4212 2759 4251 cttm
2791 4212 2917 4267 pura
2960 4201 3285 4254 conscientia
3316 4210 3371 4257 et
3394 4202 3546 4256 bonis
3571 4202 3831 4271 operibus
3860 4204 3945 4259 la-

2354 4286 2620 4342 boriosam
2645 4288 2783 4343 hanc
2815 4291 2975 4345 vitam
3004 4292 3347 4357 emetiamur,
3373 4303 3426 4348 et
3452 4294 3815 4363 procellosum
3841 4295 3948 4353 hoc

2352 4394 2499 4434 mare
2535 4381 2817 4451 tranquille
2844 4391 3190 4439 transmeent.
3224 4383 3334 4438 Dux
3368 4394 3452 4440 est
3477 4394 3655 4439 autem
3683 4386 3792 4442 lllis
3812 4402 3947 4442 ora-

2352 4472 2511 4526 tionis
2540 4515 2555 4538 ,
2596 4482 2746 4541 pater
2789 4484 2843 4530 et
2895 4475 3195 4544 praefectus.
3244 4475 3446 4533 Deinde
3486 4486 3772 4547 surgentes
3819 4489 3947 4548 post

2350 4572 2561 4617 sanctas
2590 4564 2708 4620 illas
2726 4575 2779 4621 et
2811 4564 3121 4637 frequentes
3137 4568 3425 4631 orationes,
3456 4568 3659 4624 oriente
3685 4569 3805 4624 sole
3831 4571 3950 4626 sin-

2350 4654 2458 4724 guli
2487 4656 2549 4710 ad
2575 4671 2728 4712 suum
2758 4673 2893 4729 opus
2918 4674 2979 4715 se
3003 4658 3284 4715 conferunt
3310 4676 3325 4725 ;
3370 4658 3497 4716 hinc
3520 4674 3774 4733 magnum
3802 4678 3942 4734 ego-

2352 4747 2434 4802 nis
2457 4763 2769 4818 proventum
2801 4762 3068 4821 parantes.

2420 4866 2472 4919 4.
2505 4863 2605 4922 Uhl
2636 4875 2759 4920 sunt
2787 4880 2926 4920 nunc
2954 4865 3028 4920 illi
3046 4866 3136 4936 qui
3163 4867 3443 4923 diabolicls
3456 4866 3637 4923 choris
3652 4882 3714 4925 se
3729 4867 3947 4927 dedunt

2350 4956 2770 5026 meretriciisqoe
2797 4958 3039 5013 cantibus
3062 4997 3079 5023 ,
3109 4969 3164 5013 et
3203 4960 3255 5013 in
3290 4958 3519 5015 theatris
3555 4958 3790 5016 sedent?
3818 4960 3946 5019 Non

2350 5048 2467 5103 sine
2494 5047 2696 5118 pudore
2724 5048 2841 5104 illos
2868 5064 3166 5105 memorare
3197 5064 3415 5121 possum
3438 5068 3455 5115 ;
3487 5051 3581 5106 sed
3606 5050 3677 5107 ob
3704 5051 3946 5109 infirmi-

2352 5145 2511 5193 tatem
2561 5146 2789 5194 vestram
2819 5140 2868 5194 id
2911 5139 3085 5195 facerc
3117 5154 3294 5210 opera:
3325 5141 3552 5211 pretium
3586 5140 3762 5196 fuerit.
3798 5140 3946 5199 Nam

2348 5231 2421 5286 ait
2449 5231 2682 5287 Paulus:
2713 5231 2858 5287 Sicut
2883 5233 3039 5302 igitur
3063 5232 3356 5287 exhibuistis
3386 5233 3605 5287 membra
3632 5241 3795 5287 uestro
3830 5250 3948 5288 aer-

2350 5325 2453 5377 vire
2474 5323 2805 5377 immunditiar
2835 5366 2847 5385 ,
2874 5324 2945 5377 ita
2987 5340 3123 5378 nunc
3151 5322 3374 5378 exhibete
3403 5323 3495 5378 illa
3520 5324 3702 5379 servire
3716 5324 3949 5394 juuitic

2350 5414 2401 5468 in
2427 5415 2875 5482 sanctificationem
2901 5414 2919 5486 (
2949 5414 3098 5469 Rom.
3121 5414 3175 5470 6.
3212 5415 3279 5470 l3
3304 5414 3348 5488 ).
3380 5414 3490 5469 Nos
3514 5415 3691 5485 itaque
3709 5412 3949 5474 chonnn

2413 5618 2488 5685 (ᾳ)
2511 5616 2589 5685 De
2631 5614 2924 5685 elfemlnatis
2949 5616 3241 5685 huiusmodi
3264 5614 3487 5685 Catilina:
3519 5613 3736 5685 asseclls.
3764 5612 3951 5685 Cicutam

2352 5674 2851 5801 Εῶέἕιὶηιαηὲεωίε
2892 5674 3217 5743 nuribusque
3260 5677 3453 5741 tunicis,
3480 5677 3596 5729 uelis
3638 5674 3821 5738 anim,
3842 5685 3950 5727 Ion
