4174 6332
211 358 313 414 ωδ

213 471 358 526 illum
403 467 751 522 meretricum
783 463 1062 518 mulierum
1101 461 1118 492 ³
1155 459 1499 530 exploremus
1524 497 1538 518 ,
1570 472 1666 509 nec
1691 468 1801 507 Hm

209 575 580 634 corruptorum
603 541 880 632 juvetinm,
910 558 1000 628 qui
1028 565 1171 611 stant
1199 556 1249 608 iu
1279 570 1438 608 scena
1459 593 1474 615 .
1507 561 1558 604 et
1581 563 1800 616 compa-

210 675 384 713 remus
412 671 509 712 eos
527 671 652 710 cum
683 655 762 707 his
788 649 957 708 beatis
987 648 1114 703 rit-is
1145 689 1160 712 ,
1207 646 1348 717 qhod
1374 645 1441 698 ad
1473 645 1797 713 voluptatem

212 752 474 820 pertinet:
500 765 606 819 qua
638 747 910 819 voluptate
940 744 1225 814 capiuntur
1273 732 1422 794 multi
1470 737 1694 808 juvenes
1734 745 1802 790 ex

209 840 726 912 uegligentiorihus,
772 839 984 893 illorum
1053 835 1258 889 artibus
1305 827 1518 887 irretiti.
1572 820 1800 883 Tantum

207 937 343 990 enim
378 936 520 988 inter
545 937 801 999 utrosque
827 929 1118 984 discrimen
1143 924 1472 995 reperiemus
1497 964 1510 986 ,
1539 929 1797 990 quantum

208 1029 344 1082 inter
374 1027 597 1095 angelos
620 1026 671 1079 itt
692 1025 825 1078 cado
853 1031 1110 1078 canentes
1134 1061 1150 1086 ,
1173 1015 1229 1074 et
1259 1020 1478 1073 suavetu
1511 1015 1654 1068 illatn
1685 1026 1798 1065 me-

212 1121 405 1173 lodiam
435 1118 745 1172 eminentes
771 1157 785 1177 ,
813 1124 870 1170 et
893 1128 1056 1168 canes
1105 1116 1400 1181 porcosq‘ne
1443 1110 1493 1161 itt
1526 1109 1650 1161 limo
1678 1105 1800 1158 ulu-

207 1216 369 1267 lantes
393 1222 450 1266 et
473 1210 837 1282 gruunicntes.
867 1204 970 1262 Per
999 1207 1190 1260 ho'r'um
1216 1205 1358 1259 enim
1386 1213 1477 1256 ora
1497 1200 1772 1259 Christus,

207 1320 293 1373 per
321 1305 539 1358 illonttn
574 1303 802 1372 linguam
831 1299 1073 1354 diabolus
1099 1294 1354 1366 loquitur.
1383 1293 1552 1349 Tibiae
1587 1291 1693 1346 illis
1719 1292 1801 1344 itt-

205 1397 413 1450 condita
446 1410 578 1449 voce
613 1401 804 1448 sonant
833 1434 847 1456 .
897 1389 1353 1460 ittjucuudumque
1390 1394 1666 1456 aspectum
1714 1383 1796 1436 ln-

206 1489 336 1542 llatae
377 1503 534 1556 gente
572 1496 626 1540 et
659 1482 901 1539 distracti
947 1482 1093 1537 nervi
1140 1479 1382 1536 efficiunt
1423 1497 1435 1532 :
1471 1486 1657 1533 verum
1709 1473 1799 1530 hic

203 1583 364 1651 gratla
397 1578 636 1648 Spiritus
666 1577 894 1637 insonat.
927 1589 1024 1642 pro
1047 1573 1169 1628 tibia
1193 1615 1208 1637 .
1241 1570 1444 1625 cithara
1477 1579 1531 1624 et
1557 1568 1794 1639 syringe,

204 1681 506 1726 sanctorum
526 1669 740 1722 νοείιιυς
767 1683 881 1720 usa.
913 1666 1024 1720 ltno
1045 1663 1377 1733 quantalibet
1397 1661 1660 1725 dicamus,
1689 1671 1794 1712 nou

206 1778 484 1833 possumus
512 1762 657 1816 illaut
679 1759 1003 1828 voluptatem
1031 1755 1336 1811 describere
1361 1753 1663 1808 hominibus
1684 1752 1797 1806 luto

207 1867 258 1910 et
288 1854 536 1910 lateritio
579 1852 728 1924 operi
775 1851 1020 1906 addictis.
1064 1851 1241 1917 Quare
1273 1850 1461 1904 vellem
1490 1847 1793 1918 quempiam

202 1965 263 2002 ex
292 1935 691 2002 insanientium
714 1944 922 1999 illorum
963 1959 1186 1996 numero
1229 1941 1354 1995 illuc
1389 1939 1655 1994 adducere
1684 1979 1699 2004 ,
1740 1948 1796 1992 ut

200 2043 420 2098 chorum
457 2041 605 2095 illum
653 2049 957 2093 sanctorum
990 2035 1194 2090 videret
1227 2077 1244 2100 .
1279 2051 1450 2105 neque
1494 2031 1621 2087 tnihi
1671 2043 1795 2086 tunc

202 2133 376 2188 verbis
398 2143 547 2187 esset
571 2146 727 2198 opus.
751 2128 1013 2182 Catterum
1041 2127 1140 2182 etsi
1183 2125 1355 2179 luteos
1381 2124 1628 2179 homines
1656 2122 1791 2176 allo-

200 2241 448 2296 quamur,
477 2231 532 2277 et
567 2238 630 2277 ex
661 2222 770 2274 luto
801 2222 921 2275 illos
958 2230 1012 2274 et
1040 2235 1104 2273 ex
1132 2234 1291 2274 emno
1332 2217 1585 2288 paulatim
1625 2216 1797 2271 abdu-

197 2334 316 2373 cere
338 2316 683 2373 tentabimus.
706 2315 851 2368 !llinc
869 2315 1010 2368 enim
1031 2313 1152 2382 igne
1176 2309 1367 2380 impuri
1394 2309 1594 2364 amoris
1612 2309 1791 2363 statim

199 2409 562 2464 inflammatur
602 2407 814 2460 auditor
843 2423 854 2457 :
881 2421 1001 2458 nam
1045 2405 1196 2474 quasi
1241 2420 1344 2456 non
1391 2403 1520 2458 satis
1557 2411 1701 2456 esset
1725 2401 1790 2456 ad

197 2501 430 2554 animum
459 2498 894 2553 inflammandam
927 2497 1224 2551 meretricis
1253 2504 1523 2563 aspectus.
1563 2510 1630 2548 ex
1659 2508 1793 2548 voce

197 2604 408 2660 quoque
440 2589 734 2658 perniciem
761 2586 1038 2655 adjiciunt.
1073 2584 1167 2639 llic
1195 2595 1376 2639 autem
1401 2584 1445 2638 si
1470 2583 1596 2653 quid
1617 2583 1792 2638 simile

196 2681 431 2736 hauserit
472 2681 650 2734 anima
679 2720 692 2742 ,
727 2680 907 2732 atatim
951 2677 1187 2748 deponit.
1216 2676 1401 2746 Neque
1439 2693 1542 2731 vox
1584 2684 1788 2752 tantum

195 2773 403 2828 illorum
432 2814 449 2838 ,
481 2771 574 2826 sed
609 2772 767 2825 etiant
809 2781 1078 2839 aspectus,
1128 2769 1238 2824 imo
1275 2769 1436 2823 etiatn
1474 2768 1789 2823 vestimenta

192 2875 525 2933 spectatores
554 2861 897 2915 conturbant.
924 2861 979 2915 Si
1009 2876 1208 2930 pauper
1236 2859 1451 2929 quidam
1493 2859 1562 2912 sit
1595 2867 1659 2913 c'x
1702 2868 1790 2913 ru-

194 2956 435 3010 dioribus
485 2943 1015 3022 abjectioribusque,
1075 2953 1178 3006 hoc
1230 2951 1594 3021 spectaculum
1645 2965 1789 3019 sa-pe

191 3050 413 3103 moleste
437 3047 592 3108 feret.
625 3059 680 3101 et
701 3047 834 3100 intra
867 3060 926 3101 se
951 3045 1094 3099 dicet
1118 3063 1128 3094 :
1150 3044 1403 3099 Meretrix
1433 3044 1522 3098 illa
1552 3053 1607 3100 et
1639 3059 1788 3100 scor-

191 3148 346 3202 tator,
377 3137 654 3192 Ianionum
679 3137 761 3191 vel
782 3150 1049 3201 sutorum.
1078 3153 1478 3207 nonnumquam
1508 3152 1784 3192 servorum

188 3231 277 3284 filii
308 3273 323 3294 .
355 3231 408 3284 in
446 3240 592 3284 tattta
622 3228 812 3284 vivunt
849 3230 1121 3300 voluptate
1147 3249 1160 3285 :
1193 3245 1292 3300 ego
1323 3246 1452 3286 vero
1477 3231 1612 3286 liber
1642 3226 1695 3286 et
1719 3247 1782 3286 ex

186 3321 364 3376 liberis
385 3333 559 3381 ortus.
580 3321 727 3391 justo
754 3322 934 3377 labore
956 3323 1149 3376 victum
1173 3338 1388 3390 parans,
1418 3338 1485 3377 ne
1511 3322 1787 3378 somnians

183 3412 396 3483 quidem
428 3413 503 3466 ita
535 3413 769 3468 deliciari
805 3428 1022 3482 possunt
1049 3415 1229 3469 :etsic
1259 3429 1489 3470 moirore
1509 3411 1786 3471 oOnfectus

184 3506 310 3559 abit.
346 3504 507 3573 Apud
539 3507 833 3560 monachos
862 3514 1042 3561 autem
1069 3505 1200 3561 nihil
1227 3506 1421 3570 simile.
1452 3495 1548 3564 sed
1574 3517 1786 3564 eontra-

183 3597 312 3651 rinm
343 3598 594 3652 omnino.
625 3598 759 3652 Cum
786 3600 928 3654 enim
957 3600 1048 3654 ille
1074 3591 1271 3656 viderit
1310 3597 1534 3656 divitum
1565 3602 1706 3657 filios
1730 3613 1786 3658 et

183 3690 446 3761 majorum
481 3691 770 3761 insignium
804 3701 1026 3761 nepotes
1059 3693 1124 3745 iis
1153 3694 1375 3748 vestitos
1418 3693 1779 3758 indumentis.

181 3799 293 3852 qua:
320 3799 392 3839 ne
429 3778 725 3853 pauperum
752 3783 965 3854 quidem
997 3784 1167 3838 ultimi
1200 3784 1341 3840 ferre
1380 3786 1733 3856 dignarentur
1764 3831 1780 3855 ,

179 3888 230 3930 et
258 3877 309 3930 in
341 3878 449 3932 hac
488 3893 546 3931 re
572 3876 824 3947 gaudere,
856 3879 1087 3948 cogitate
1116 3889 1312 3948 quanta
1345 3882 1674 3950 paupertatis
1693 3898 1785 3937 ac-

179 3979 328 4038 cepta
347 3968 728 4023 consolatione
744 3970 980 4025 recedat.
999 3969 1055 4024 Si
1078 3970 1228 4026 dives
1256 3971 1435 4031 fuerit.
1457 3972 1783 4028 moderatior

178 4073 226 4113 et
269 4062 470 4116 melior
523 4055 741 4115 recedit.
778 4059 830 4115 lu
875 4061 1084 4115 theatro
1110 4063 1156 4115 si
1187 4059 1405 4116 videant
1437 4067 1778 4120 meretricem

176 4153 353 4205 aureis
385 4151 784 4205 circumdatam
822 4150 1154 4206 ornamentis
1177 4195 1193 4220 ,
1221 4169 1425 4222 panper
1445 4155 1664 4223 ejulabit
1683 4197 1698 4219 ,
1729 4164 1784 4211 et

177 4243 504 4312 deplorahit.
537 4259 762 4297 uxorem
791 4258 941 4297 suam
977 4245 1162 4300 videns
1185 4245 1314 4299 nihil
1346 4247 1647 4301 istiusmodi
1679 4249 1774 4301 ha-

179 4334 390 4390 bentem
429 4353 443 4388 :
477 4343 536 4388 et
573 4334 762 4390 divites
783 4351 848 4390 ex
878 4335 978 4390 hoc
1002 4336 1308 4406 Spectaculo
1330 4343 1553 4401 retersi.
1585 4357 1781 4398 uxores

176 4441 292 4480 suas
311 4427 627 4496 despiciant
661 4445 675 4482 :
707 4444 827 4481 nam
847 4439 1125 4500 postquam
1146 4433 1396 4486 meretrix
1422 4442 1476 4488 et
1506 4436 1778 4503 vestitum,

174 4531 223 4572 et
243 4529 558 4588 aspectum.
593 4529 645 4574 ct
677 4536 885 4587 vocem,
910 4533 964 4576 et
992 4523 1279 4589 incessum.
1309 4536 1364 4579 et
1392 4530 1568 4581 omnia
1603 4530 1779 4584 molli-

171 4613 252 4665 tia:
279 4609 452 4682 plena
480 4611 782 4666 exhibuerit
809 4615 1184 4684 prasentibus,
1215 4616 1527 4672 inflammati
1561 4621 1630 4673 illi
1659 4621 1776 4676 dis-

171 4703 397 4769 cedunt,
432 4713 493 4758 et
528 4703 720 4774 captivi
753 4704 804 4759 in
830 4705 974 4760 aedes
1002 4720 1127 4761 suas
1169 4707 1388 4763 intrant.
1423 4708 1557 4764 llinc
1586 4722 1779 4767 contu-

173 4797 362 4862 meliae.
385 4796 573 4868 iurgia
596 4840 611 4862 ,
637 4799 802 4864 rixze.
827 4789 997 4866 bella,
1027 4793 1231 4857 mortes
1261 4803 1584 4872 quotidiana:
1611 4825 1623 4859 :
1655 4806 1778 4862 hinc

172 4889 271 4941 vita
313 4891 502 4958 captis
549 4887 793 4959 ingrata:
823 4886 1018 4960 coniux
1047 4891 1306 4963 deinceps
1334 4895 1654 4966 injucunda,
1681 4899 1772 4953 filii

172 4981 344 5036 minus
373 4973 666 5038 amabiles.
695 4982 874 5036 omnia
895 4981 1042 5036 domi
1073 4999 1286 5053 pessum
1308 4995 1472 5050 euut,
1509 4988 1577 5040 ita
1612 4998 1668 5041 nt
1696 4990 1776 5043 vel

170 5074 292 5128 solis
322 5065 518 5127 radios
542 5064 767 5128 moleste
803 5072 940 5129 ferat
966 5077 1054 5146 qui
1086 5077 1208 5131 talis
1236 5089 1338 5134 est.
1371 5076 1570 5134 Verum
1603 5097 1665 5136 ex
1696 5070 1778 5135 his

164 5167 338 5223 choris
355 5166 500 5222 nihil
521 5167 864 5234 iniucundum
880 5168 1107 5224 refertur
1132 5191 1145 5225 :
1166 5171 1289 5228 hinc
1305 5175 1609 5229 venientem
1644 5171 1779 5230 uxor

167 5257 334 5312 virum
353 5268 704 5312 mansuetum
723 5259 973 5313 etmitem
991 5261 1240 5330 excipiet,
1264 5263 1333 5317 ab
1361 5268 1506 5318 omni
1541 5268 1768 5321 absurda

171 5345 447 5420 voluptate
479 5349 730 5412 liberum.
763 5361 817 5402 ct
845 5346 1138 5407 faciliorem
1168 5371 1326 5424 quam
1358 5366 1482 5410 ante
1513 5361 1767 5428 reperic..

172 5440 293 5497 llaec
332 5440 484 5495 mala
530 5439 728 5495 chorus
755 5442 841 5496 ille
871 5483 885 5503 .
928 5443 1041 5498 lltl‘C
1071 5445 1209 5499 bona
1249 5445 1334 5499 hic
1365 5450 1504 5518 parit
1533 5467 1544 5499 :
1591 5451 1676 5505 ille
1706 5469 1770 5507 ex

167 5535 358 5590 ovibus
388 5533 591 5604 lupos.
622 5531 706 5588 ltic
743 5550 807 5588 ex
853 5537 988 5602 lupis
1035 5553 1201 5606 agnos
1243 5539 1388 5593 facit.
1433 5541 1537 5596 Sed
1591 5542 1768 5600 forsan

166 5627 230 5683 de
265 5627 556 5698 voluptate
591 5621 718 5680 nihil
753 5627 930 5682 adhuc
952 5628 1156 5685 dixisse
1184 5632 1444 5690 videmur.
1493 5635 1629 5704 Quid
1656 5636 1777 5695 dul—

223 5781 240 5818 ¹
264 5782 438 5836 Morel.
465 5781 640 5839 habet.
668 5782 958 5840 puellarum.
986 5801 1089 5847 pro,
1119 5787 1399 5839 mulierum;

515 5859 791 5924 ΡΑτιιυι..
842 5865 958 5924 Gtt.
1017 5868 1204 5926 l.\'lll

1143 346 1207 402 IN
1244 342 1648 402 ΜᾹΤΤΗΛΞὈΜ
1691 339 1920 399 ΙΙΟΜΙΙ..
1962 339 2192 430 ΙιξὶΊΙΙ.
2236 343 2305 396 al.
2350 341 2535 397 LXIX.

3415 345 3476 403 6".
3485 347 3518 398 ti

1911 453 2028 506 eius
2053 431 2211 524 quam
2239 456 2476 510 anitnum
2510 470 2607 513 nec
2633 457 3036 528 perturbatione
3062 477 3160 516 nec
3186 460 3376 516 dolore
3406 479 3512 532 agt-

1915 553 2082 598 tatum
2113 546 2332 610 habere.
2366 563 2655 617 numquam
2687 548 2738 603 in
2769 549 2961 606 dolore
2985 566 3107 606 esse
3131 592 3146 617 ,
3180 553 3260 608 vel
3293 554 3517 622 ingemi-

1911 651 2063 692 scere
2088 637 2112 692 ?
2143 637 2521 695 Verumtamen
2550 656 2859 697 sermonem
2886 643 3112 700 ulterius
3135 645 3511 716 producamus.

1912 741 2074 799 atque
2102 733 2381 803 utriusque
2409 743 2520 788 tum
2552 745 2762 802 cautus,
2795 746 2906 791 tum
2939 739 3232 807 spectaculi
3260 740 3512 811 gaudium

1901 826 2279 880 ‘exami'u'emus
2304 845 2318 881 :
2347 828 2755 900 videbimusque
2775 830 2920 887 aliud
2949 848 3120 903 usque
3145 836 3210 889 ad
3233 837 3513 908 vesperam

1910 930 2149 982 manere,
2179 919 2353 974 donec
2405 921 2616 976 scilicet
2661 923 2712 976 in
2761 922 2972 980 theatro
3019 936 3294 996 spectator
3318 930 3471 984 sedet
3503 971 3515 993 ,

1903 1006 2102 1063 deinde
2132 1015 2312 1064 autem
2334 1011 2552 1067 stitttulo
2583 1015 2760 1069 acrius
2791 1016 2964 1085 ipsum
2997 1029 3271 1088 pungere;
3304 1021 3388 1077 hic
3418 1039 3484 1077 an

1910 1101 2015 1152 tem
2045 1101 2298 1168 gaudium
2329 1114 2588 1172 perpetuo
2617 1106 2798 1176 vigere
2827 1108 2878 1160 itt
2903 1110 3261 1178 spectantium
3283 1114 3507 1169 animis:

1909 1206 2030 1245 nam
2065 1201 2121 1247 et
2159 1194 2396 1249 virorum
2429 1195 2657 1251 fortnam
2688 1239 2702 1261 ,
2734 1208 2792 1252 et
2831 1199 2936 1254 loci
2979 1200 3374 1270 iucunditatem
3408 1246 3423 1271 ,
3457 1219 3512 1260 et

1905 1288 2333 1342 conVersationis
2360 1289 2722 1356 dulcedinem,
2748 1301 2803 1347 et
2829 1293 2954 1348 vitae
2983 1297 3292 1363 puritatem,
3317 1303 3364 1351 et
3392 1301 3510 1368 pol-

1905 1375 2158 1431 cherrimi
2202 1378 2603 1449 spiritualisque
2632 1385 2826 1440 cantici
2867 1387 3094 1455 gratiam
3123 1387 3321 1445 itabc:.t
3355 1395 3406 1446 in
3454 1408 3510 1446 se

1905 1485 2121 1540 semper
2143 1471 2487 1529 insidentem.
2508 1476 2606 1544 Qui
2624 1476 2727 1532 hoc
2750 1479 2910 1548 igitur
2921 1490 3075 1548 portu
3097 1497 3311 1558 semper
3328 1485 3509 1540 fruun-

1909 1570 2033 1628 tur,
2065 1567 2350 1621 tumultum
2401 1578 2584 1638 postea
2639 1573 2791 1641 quasi
2847 1577 3222 1644 tempestatem
3280 1577 3508 1648 fugiunt.

1901 1656 2089 1726 Neque
2117 1661 2291 1716 solum
2322 1675 2579 1720 canentes
2603 1666 2686 1720 vel
2716 1678 3024 1737 precantes,
3057 1671 3151 1725 sed
3174 1671 3337 1726 etiam
3359 1672 3511 1728 libris

1906 1749 2097 1804 intenti
2126 1793 2141 1818 ,
2175 1751 2473 1822 jucundum
2508 1757 2815 1815 videntibus
2847 1762 3090 1830 praebent
3117 1766 3506 1834 speetaculunt.

1900 1839 2089 1896 Soluto
2129 1846 2328 1917 quippe
2369 1848 2539 1903 choro
2569 1851 2705 1906 alius
2745 1851 2935 1908 Isaiam
2976 1871 3198 1912 sumens
3227 1875 3349 1913 eum
3386 1863 3504 1931 ipso

1903 1936 2176 2006 loquitur;
2206 1940 2345 1995 alius
2374 1957 2498 1998 cum
2533 1946 2792 2014 apostolis
2815 1958 3098 2016 versatur;
3125 1952 3263 2007 alius
3293 1954 3360 2008 ab
3389 1957 3510 2009 aliis

1901 2032 2237 2102 conscriptos
2279 2034 2444 2090 libros
2475 2037 2624 2108 legit,
2645 2055 2709 2095 ac
2738 2040 2806 2097 de
2839 2041 2951 2098 Deo
2978 2044 3406 2118 philosophatur,
3440 2051 3510 2106 de

1901 2123 2179 2188 universo,
2208 2125 2278 2181 de
2302 2128 2624 2195 visibilibus.
2651 2131 2721 2188 de
2750 2135 3111 2192 invisiliilibtts
3135 2181 3150 2204 ,
3176 2139 3245 2194 de
3269 2144 3505 2196 sensibi-

1896 2215 2058 2282 tihus,
2092 2217 2160 2273 de
2185 2220 2571 2287 Spiritualibus.
2605 2224 2674 2282 de
2697 2227 2900 2284 vilitate
2927 2229 3087 2300 hujus
3130 2233 3254 2288 vitae
3275 2276 3290 2301 ,
3325 2235 3392 2292 de
3421 2235 3504 2291 fu-

1900 2311 2032 2362 tura:
2064 2308 2428 2380 tttagttitt'tdine
2458 2324 2498 2368 λ.

1986 2404 2038 2456 5.
2099 2404 2330 2461 Aluntur
2388 2424 2566 2464 ament
2625 2413 2747 2468 cibo
2810 2415 3051 2484 optimo,
3105 2435 3213 2475 non
3263 2420 3506 2479 decoctis

1899 2493 2208 2549 animalium
2256 2494 2526 2567 earnihus,
2576 2495 2671 2557 sed
2734 2507 2964 2578 eloquiis
3025 2510 3117 2566 Dei
3172 2512 3507 2571 dulcioribus

1897 2590 2056 2656 quam
2108 2580 2212 2646 mel
2261 2603 2315 2648 et
2363 2594 2537 2650 favum
2569 2615 2582 2652 :
2612 2600 2714 2653 mel
2764 2603 3030 2668 mirabile,
3061 2607 3339 2678 multoque
3385 2625 3504 2666 me-

1899 2678 1999 2734 lius
2052 2698 2211 2752 quam
2257 2686 2384 2740 illud
2424 2705 2532 2759 quo
2576 2689 2812 2748 Joannes
2861 2696 2912 2749 itt
2962 2697 3179 2753 deserto
3227 2700 3356 2756 olim
3398 2703 3506 2757 alc-

1896 2769 2072 2832 batur.
2113 2777 2221 2860 Mel
2253 2782 2450 2851 quippe
2496 2784 2635 2839 istud
2693 2804 2797 2842 non
2829 2806 2958 2860 apes
3001 2805 3242 2864 agrestes
3283 2795 3504 2853 ﬂoribus

1896 2869 2189 2927 insidentes
2215 2875 2494 2944 colligunt.
2528 2895 2701 2948 neque
2727 2897 2905 2938 rorem
2925 2899 3241 2943 concoctum
3270 2890 3500 2946 alveari-

1895 2960 1993 3016 bus
2019 2963 2132 3018 suis
2161 2965 2451 3021 ituntittunt
2477 2986 2490 3034 ;
2524 2970 2618 3025 sed
2654 2972 2888 3042 Spiritus
2913 2978 3081 3046 gratia
3108 2994 3376 3050 apparatis
3404 3000 3501 3052 pro

1895 3051 2030 3109 favis
2055 3095 2070 3117 ,
2099 3055 2402 3113 alvearibus
2425 3072 2479 3115 et
2511 3063 2706 3119 fistulis
2735 3067 2788 3120 itt
2820 3081 3127 3126 sanctorum
3157 3076 3365 3131 animas
3395 3077 3466 3131 itu
3487 3105 3500 3113 -

1895 3149 2076 3215 mittit,
2105 3161 2160 3204 nt
2207 3154 2433 3224 quisque
2480 3161 2650 3224 possit
2700 3175 2798 3230 pro
2828 3163 2997 3217 lubito
3026 3179 3288 3237 perpetuo
3314 3171 3496 3228 edete.

1895 3241 2000 3296 llas
2023 3260 2150 3312 apes
2181 3247 2473 3314 imitantes.
2509 3267 2786 3309 sacrorum
2813 3258 2950 3312 favis
2986 3261 3242 3318 librorum
3272 3263 3502 3325 circum-

1893 3335 2092 3400 volant,
2123 3339 2344 3392 multam
2374 3341 2496 3397 imle
2527 3345 2881 3415 decerpeutes
2912 3352 3265 3420 Voluptatem.
3291 3357 3345 3413 Si
3370 3376 3502 3432 ergo

1892 3427 2128 3483 volueris
2157 3446 2275 3501 qua:
2305 3433 2516 3489 illorum
2550 3454 2733 3494 mensa
2761 3443 2830 3495 sit
2871 3443 3134 3506 ediscere.
3170 3455 3388 3521 propius
3431 3427 3499 3512 ad

1889 3536 1985 3576 eos
2003 3523 2249 3589 accedas,
2281 3536 2338 3581 et
2365 3529 2571 3586 videbis
2595 3543 2842 3591 eructare
2859 3553 2954 3593 eos
2977 3538 3152 3598 dulcia
3168 3554 3224 3600 et
3246 3547 3501 3616 spiritua-

1892 3615 1924 3669 li
1951 3615 2118 3673 odore
2149 3619 2324 3687 plena.
2382 3623 2598 3679 lllmtnn
2647 3644 2739 3683 ora
2771 3631 2899 3685 nihil
2934 3644 3160 3702 possunt
3177 3615 3338 3710 turpe
3370 3659 3501 3713 pro-

1891 3704 2054 3772 ferre.
2087 3709 2216 3764 nihil
2269 3715 2497 3769 scurrile
2536 3717 2619 3771 vel
2668 3736 2940 3789 asperum,
2982 3726 3076 3780 sed
3127 3704 3308 3786 omnia
3365 3704 3500 3790 cado

1889 3798 2068 3868 digna.
2121 3799 2238 3856 Non
2270 3803 2366 3859 abs
2407 3821 2464 3861 re
2497 3808 2709 3873 feceris,
2759 3813 2805 3868 si
2835 3831 2928 3869 ora
2971 3819 3260 3876 multorum
3309 3827 3399 3894 qui
3442 3827 3496 3881 in

1891 3892 2007 3946 foro
2036 3905 2316 3965 vagantur,
2347 3908 2404 3953 et
2439 3900 2506 3954 ad
2547 3905 2826 3960 saecularia
2849 3910 3000 3978 quasi
3034 3912 3181 3968 rabie
3209 3892 3456 3974 feruntur
3482 3963 3496 3985 ,

1887 3984 2084 4040 «'loacis
2113 3992 2532 4058 comparaveris,
2567 3997 2954 4054 monachorum
2974 4013 3154 4058 autem
3185 4020 3302 4071 ora,
3333 3984 3510 4065 fonti?

1889 4075 1987 4130 bus
2005 4078 2110 4132 mel
2133 4079 2553 4150 etfuadentihus,
2585 4087 2889 4157 llttetttaque
2915 4106 3070 4160 pura.
3088 4094 3144 4150 Si
3170 4098 3290 4166 quis
3311 4112 3490 4158 autem

1887 4184 2028 4238 a~gre
2043 4171 2199 4238 ferat,
2226 4173 2367 4244 quod
2388 4176 2677 4232 multorum
2699 4196 2792 4234 ora
2818 4183 3020 4240 cloacis
3039 4202 3292 4260 compara
3304 4196 3492 4261 verim.

1890 4261 1932 4313 is
1962 4263 2096 4318 sciat
2137 4281 2222 4320 me
2252 4282 2411 4336 parce
2455 4269 2752 4340 loquutum.
2807 4274 3087 4347 Scriptura
3128 4297 3359 4353 namque
3388 4303 3492 4339 no.t

1889 4351 1987 4408 hac
2017 4357 2182 4409 utitur
2221 4374 2494 4426 mensura,
2533 4363 2626 4417 sed
2661 4365 3069 4426 vehementiore
3119 4351 3492 4438 similitudine.

1886 4446 2092 4514 dicens,
2140 4449 2394 4505 Vnientem
2434 4457 2670 4522 aspidem
2707 4461 2799 4513 sub
2847 4463 2994 4517 Iubiia
3031 4482 3225 4527 eorum.
3251 4479 3297 4521 cl
3324 4474 3496 4540 supul-

1884 4540 2062 4592 chrum
2093 4553 2267 4610 puteus
2290 4555 2360 4598 est
2386 4557 2559 4615 guttur
2589 4541 2762 4604 eorum
2805 4553 2978 4621 (Ρωι.
3019 4558 3104 4612 15.
3128 4559 3205 4626 5).
3252 4562 3355 4616 Sed
3388 4582 3494 4620 nott

1890 4631 2012 4686 talia
2035 4646 2158 4687 sunt
2188 4636 2399 4691 illorum
2427 4655 2518 4691 ora
2547 4683 2560 4703 .
2590 4653 2645 4696 at
2675 4643 2816 4699 bono
2844 4646 3013 4704 odore
3054 4649 3232 4718 plena.
3264 4652 3333 4708 Et
3359 4671 3496 4725 prae-

1886 4725 2056 4779 sentia
2109 4729 2324 4797 quidem
2386 4731 2695 4802 ltujusntodi
2739 4747 2868 4793 sunt
2913 4740 3136 4804 :futura
3193 4761 3324 4802 vero
3375 4766 3499 4820 qua:

1887 4821 2059 4873 oratio
2088 4826 2440 4892 assequatur?
2487 4845 2607 4897 qua:
2653 4846 2806 4886 mens
2835 4835 3240 4905 apprehendat?
3287 4854 3489 4897 sortem

1896 4910 2038 4963 illam
2102 4916 2434 4984 angelicam,
2485 4919 2874 4980 beatitudinem
2905 4968 2921 4992 ,
2973 4927 3262 4986 ineffabilia
3314 4933 3496 4990 bona?

1887 5004 2036 5060 Multi
2066 5008 2293 5066 fortasse
2323 5011 2537 5070 fervore
2564 5015 2773 5073 incensi
2799 5061 2814 5084 ,
2847 5024 3284 5094 concupiscentia
3333 5029 3493 5098 hujus

1887 5101 2070 5168 optimi
2103 5101 2327 5159 instituti
2349 5107 2489 5176 capti
2517 5110 2648 5164 estis
2674 5127 2689 5163 :
2721 5111 2818 5168 sed
2844 5113 2973 5184 quid
3005 5115 3130 5171 hinc
3151 5120 3496 5177 emolumen-

1890 5206 1948 5255 tt.
1979 5195 2022 5247 si
2053 5195 2135 5249 ltic
2163 5208 2366 5252 tantum
2398 5199 2500 5256 hoc
2530 5203 2651 5273 igne
2678 5207 2936 5276 ardeatis,
2963 5210 3087 5266 hinc
3115 5223 3295 5269 autem
3314 5232 3495 5288 egres-

1888 5307 1954 5354 st,
2013 5289 2281 5345 flammam
2337 5295 2728 5366 exstinguatis,
2776 5312 2830 5356 ct
2881 5302 2967 5358 hic
3013 5321 3166 5360 amor
3219 5311 3493 5366 tabescat?

1888 5383 2171 5446 Quomodo
2227 5384 2389 5454 igitur
2441 5387 2564 5443 huic
2614 5392 2759 5446 malo
2812 5394 3159 5453 medeheris?
3201 5400 3268 5456 Ut
3296 5405 3496 5459 amoris

1905 5472 2114 5528 fervore
2142 5478 2358 5542 teneris.
2401 5479 2487 5534 adi
2516 5483 2739 5549 angelos
2776 5486 2932 5552 illos;
2977 5497 3028 5544 te
3057 5492 3288 5562 amplius
3317 5495 3499 5550 incen-

1888 5570 1974 5626 de.
2017 5570 2133 5625 Non
2160 5573 2306 5628 enim
2337 5575 2453 5631 [nec
2482 5579 2655 5634 oratio
2677 5581 2902 5651 perinde
2929 5595 2980 5641 te
3008 5589 3306 5647 accendere
3333 5591 3494 5663 valet,

1957 5778 1970 5807 ι
1999 5775 2199 5835 Quidam
2224 5776 2428 5840 habent,
2450 5778 2698 5847 felicunte,
2729 5799 2832 5848 pro,
2860 5789 3210 5853 nmgrtitudfm.

3098 5879 3173 5942 t9.
