4174 6332
704 367 805 424 ειη

698 493 756 536 ιιι
786 483 955 551 ipsum
993 491 1168 532 rerum
1217 471 1594 544 spectaculum.
1626 467 1702 525 Ne
1746 467 1964 532 dixeris,
1987 466 2270 536 Colloquar

701 591 819 627 «ιιιιι
843 586 1025 634 uxore,
1054 579 1107 623 et
1136 583 1220 622 res
1247 566 1516 620 absolvam
1548 558 2159 633 priuuuu.Ncgligentim
2182 556 2272 610 ini-

702 668 832 719 tium
860 671 942 717 est
967 661 1079 714 haec
1101 655 1528 728 procrastinatio.
1553 652 1688 707 Audi
1713 650 2013 721 quempiam
2041 648 2273 703 voluisse

702 755 926 825 primum
954 752 1018 806 iis
1043 750 1130 819 qui
1155 747 1298 802 domi
1327 756 1479 800 erant
1499 743 1811 805 valedicere,
1837 750 1890 794 et
1913 739 2226 811 prophetam
2250 738 2268 770 ⁸

701 861 805 900 non
850 841 1157 912 permisisse
1191 838 1265 909 (3.
1299 837 1421 906 Reg.
1456 835 1542 890 l9.
1573 833 1643 888 20
1664 833 1706 904 ).
1748 832 1947 902 Ecquid
1977 833 2098 886 dico
2134 831 2274 883 vale-

701 932 916 989 dicere?
957 931 1166 986 Patrem
1219 927 1446 996 sepelire
1487 923 1652 978 voluit
1680 922 1992 992 discipulus,
2023 936 2195 990 neque
2221 919 2270 974 id

696 1022 960 1079 concessit
983 1020 1225 1076 Christus
1249 1017 1401 1086 (.Luc.
1429 1016 1478 1070 9.
1509 1015 1626 1084 60).
1681 1014 1839 1084 Atqui
1888 1013 2014 1083 quid
2065 1013 2274 1066 videtur

699 1119 791 1171 tibi
824 1118 892 1171 ita
923 1113 1278 1170 necessarium
1308 1125 1429 1164 csse
1459 1118 1516 1162 ut
1541 1104 1812 1177 sepultura
1842 1096 2044 1175 patris?
2074 1105 2140 1158 At
2167 1118 2272 1157 non

701 1208 750 1262 id
781 1206 1038 1276 permisit.
1061 1203 1275 1271 Quare?
1302 1201 1434 1267 Quia
1461 1201 1802 1253 vehementer
1831 1197 1990 1250 instat
2008 1194 2270 1259 diabolus,

702 1313 755 1352 ut
784 1313 902 1354 sese
932 1297 1166 1352 insinuet
1196 1310 1218 1364 ει
1239 1303 1292 1348 et
1333 1293 1379 1347 si
1411 1291 1668 1346 tantillum
1697 1287 1955 1344 socordia:
1981 1297 2034 1341 et
2054 1285 2274 1340 tardita-

705 1395 772 1446 tis
795 1389 1179 1461 deprchendat,
1209 1387 1260 1440 in
1279 1399 1535 1454 magnam
1581 1381 1836 1434 desidiam
1864 1380 2096 1448 canjicit.
2151 1377 2275 1432 Ideo

703 1490 884 1538 monet
905 1479 1184 1550 quispiam,
1213 1475 1293 1530 Ne
1314 1474 1477 1528 tardes
1498 1474 1560 1526 de
1579 1473 1659 1525 die
1675 1474 1726 1524 in
1743 1472 1873 1524 diem
1896 1468 2087 1539 (Eccle.
2112 1469 2164 1523 5.
2180 1467 2233 1538 8)
2257 1484 2272 1532 ;

701 1576 780 1628 sic
822 1572 963 1629 enim
1017 1569 1246 1639 plurima
1289 1565 1486 1636 poteris
1538 1562 1852 1624 emendare,
1886 1561 1962 1614 sic
1990 1575 2107 1629 qua:
2131 1557 2274 1613 domi

767 1747 782 1777 ι
809 1744 875 1793 ln-
891 1739 1276 1810 storel._legitur,
1312 1737 1574 1810 domintum
1712 1749 1816 1810 Vill"
1831 1735 2115 1810 prophetam,
2130 1809 2136 1810 γ
2151 1734 2278 1810 opti-

703 1820 784 1856 me
806 1805 1034 1868 quadrat:
1060 1797 1156 1868 h_i_c_'
1176 1804 1305 1850 enim
1342 1801 1500 1868 agitur
1531 1799 1597 1868 de
1621 1797 1723 1868 Elia
1745 1797 1973 1868 Elisgetun
1998 1799 2046 1844 iu
2069 1797 2279 1859 discipu-

705 1868 798 1916 huu
821 1858 1052 1926 iocante;
1077 1864 1208 1912 lilias
1230 1875 1366 1920 vero,
1377 1858 1437 1908 ἰιι
1459 1862 1524 1908 ait
1545 1860 1621 1907 hic
1644 1858 2020 1926 Chrysostomus,
2049 1870 2145 1926 nou
2164 1858 2276 1920 per-

705 1930 837 1977 misit
859 1919 1050 1991 Elis-mo;
1078 1932 1131 1973 ut
1171 1919 1359 1986 patrem
1399 1929 1700 1991 matremque
1724 1919 1981 1991 salutatum
2003 1919 2278 1991 ir_et,_a’_ute-

704 2003 847 2051 quam
871 1981 1101 2048 magistro
1132 1981 1187 2033 se
1225 1993 1374 2034 totum
1409 1982 1680 2030 addis-cret.
1710 1981 1771 2028 At
1806 1993 1949 2052 secus
1971 1981 2278 2051 inscriptum

706 2051 906 2100 lenitur.
929 2050 1011 2097 ubi
1033 2047 1150 2096 dicit
1172 2045 1319 2100 Elius,
1339 2045 1470 2092 Vade
1491 2049 1537 2092 et
1560 2049 1815 2100 reuertere,
1850 2050 1904 2090 ut
1927 2055 1974 2089 ιιι
1998 2040 2160 2090 Btbltis
2180 2049 2276 2090 He-

706 2067 906 2112 tegitur,
929 2067 1011 2097 um
1033 2067 1150 2096 Utcu.
1172 2067 1319 2102 unus,
1339 2067 1470 2092 ruuc
1491 2067 1536 2092 τι
1560 2067 1684 2092 rever
1698 2067 1815 2102 ww,

701 2113 907 2172 liminis,
933 2110 1108 2160 Smcis
1131 2117 1182 2158 et
1204 2107 1377 2158 Latinis
1402 2106 1624 2153 habetur.

1424 360 1478 414 S.
1518 354 1792 413 JOANNES
1827 347 2299 409 ειιιιῖεοδιόλιι
2340 345 2652 402 ARCHIEP.
2694 340 3223 400 CONSTANTINOP.

3869 325 3975 381 648

2373 471 2498 519 sunt
2528 461 2691 531 probe
2739 459 3107 530 disponentur.
3163 457 3250 510 Ait
3275 453 3415 508 enim
3445 467 3458 504 :
3496 449 3721 518 Quwrite
3750 447 3975 515 primum

2375 570 2585 624 regnum
2618 552 2729 615 Dei,
2761 561 2806 605 et
2820 551 3078 624 justitiam
3101 549 3232 618 ejus,
3268 556 3313 598 et
3344 550 3451 598 lucc
3472 542 3642 596 omnia
3661 540 3978 607 adﬁcientur

2376 646 2510 700 vobis
2553 642 2766 716 (Matth.
2812 644 2865 698 6.
2900 641 3016 710 53).
3049 638 3107 696 Si
3147 651 3247 692 nos
3273 635 3414 690 enim
3440 676 3455 701 ,
3481 647 3600 687 cum
3628 629 3850 701 quidam
3875 642 3972 681 sua

2377 735 2724 806 negligentes,
2756 733 2955 788 nostris
2982 729 3151 800 magis
3177 725 3487 797 advigilant,
3520 722 3664 776 omni
3698 718 3973 773 sollicitu-

2377 828 2501 882 dine
2543 841 2740 881 vacuos
2793 839 2914 880 esse
2967 835 3217 878 curamus
3251 839 3263 872 :
3296 818 3463 872 multo
3493 817 3659 884 magis
3681 814 3847 876 Deus,
3883 811 3967 879 qui

2378 933 2485 971 non
2517 917 2615 972 hac
2652 917 2827 971 habita
2855 915 3064 970 ratione
3105 920 3285 966 nostra
3311 917 3480 972 curat,
3505 907 3670 973 iisque
3699 900 3968 973 providet.

2381 1007 2459 1061 Ne
2504 1009 2685 1078 itaque
2733 1006 2800 1061 de
2845 1005 2952 1060 tuis
2999 1003 3258 1059 sollicitus
3289 1000 3400 1060 sis,
3428 998 3518 1052 sed
3566 997 3657 1049 illa
3686 994 3969 1048 committe

2382 1097 2512 1152 Deo.
2563 1096 2695 1151 Nam
2725 1097 2769 1151 si
2809 1106 2863 1150 tu
2907 1094 3169 1150 sollicitus
3197 1105 3276 1154 es,
3326 1098 3383 1142 ut
3411 1088 3572 1141 homo
3600 1099 3795 1146 curas;
3831 1083 3976 1137 licus

2379 1206 2507 1244 vero
2537 1200 2594 1244 ut
2642 1189 2786 1245 Deus
2815 1187 3078 1258 providet.
3125 1183 3204 1239 Ne
3231 1197 3356 1252 ergo
3384 1180 3449 1234 de
3480 1179 3542 1232 iis
3583 1176 3848 1231 sollicitus
3872 1173 3970 1237 sis,

2385 1281 2752 1351 prtcstantiora
2798 1280 3123 1347 relinquens,
3171 1273 3404 1344 alioquin
3458 1271 3598 1325 Deus
3650 1266 3735 1320 illa
3790 1267 3975 1320 minus

2380 1371 2618 1436 curabit;
2650 1377 2709 1424 ut
2739 1370 2824 1423 illa
2850 1383 2978 1438 ergo
3007 1367 3293 1438 diligenter
3321 1371 3494 1427 curet,
3524 1361 3623 1430 ipsi
3657 1359 3760 1412 soli
3790 1359 3976 1412 omnia

2380 1463 2670 1517 committe.
2721 1460 2776 1516 Si
2806 1462 2948 1516 enim
2975 1460 3174 1513 relictis
3196 1455 3580 1526 spiritualihus.
3614 1453 3698 1505 illa
3737 1462 3966 1514 trames,

2384 1571 2486 1608 non
2511 1569 2757 1624 magnam
2784 1568 2971 1608 eorum
2999 1552 3136 1606 Deus
3166 1558 3315 1619 geret
3346 1545 3748 1616 providentiam.
3771 1541 3840 1596 Ut
3871 1542 3976 1608 igi-

2386 1653 2471 1698 tur
2499 1653 2553 1699 ct
2576 1645 2665 1698 tibi
2714 1647 2828 1698 lucc
2856 1651 2997 1696 recte
3036 1639 3330 1710 composita
3361 1637 3486 1700 siut,
3517 1644 3574 1689 et
3613 1631 3980 1686 sollicitudine

2383 1737 2526 1788 omni
2559 1736 2819 1797 libereris.
2845 1735 2985 1788 luere
3028 1725 3698 1801 Spiritualibus,s;vcularia
3716 1723 3974 1791 despice:

2383 1829 2461 1882 sic
2491 1829 2632 1882 enim
2660 1837 2708 1882 ct
2743 1836 2934 1881 terram
2963 1841 3082 1880 cum
3115 1823 3245 1878 caelo
3275 1820 3557 1880 obtinebis,
3589 1829 3639 1871 et
3669 1817 3841 1869 {litura
3877 1817 3978 1868 ho-

2385 1932 2449 1970 na
2475 1919 2836 1985 consequeris,
2884 1916 3051 1985 gratia
3101 1922 3155 1968 ct
3199 1911 3522 1979 benignitate
3565 1907 3770 1970 Domini
3807 1906 3979 1958 nostri

2381 2008 2505 2063 Jesu
2536 2008 2729 2062 Christi
2755 2050 2769 2070 .
2799 2007 2882 2063 cui
2905 2006 3071 2077 gloria
3099 2013 3152 2058 et
3186 2003 3465 2072 imperium
3495 2002 3546 2054 in
3578 1999 3772 2053 secula
3805 2011 3985 2050 saccu-

2385 2099 2579 2153 lorum.
2607 2101 2798 2154 Amen.

1828 2318 2182 2381 HOMILIA
2224 2321 2450 2386 LXIX.
2479 2324 2564 2386 al.
2612 2325 2812 2385 LXX.

702 2465 826 2530 CAP.
871 2468 962 2522 ἥ.
1005 2483 1056 2520 v.
1108 2466 1156 2520 l.
1214 2462 1278 2516 Et
1325 2461 1627 2531 respondente
1652 2459 1804 2515 Iesus
1847 2459 1976 2512 dixit
2009 2459 2192 2514 iterum
2226 2458 2281 2512 in

773 2558 1026 2630 parabolis
1054 2557 1149 2610 εἳ.
1195 2553 1375 2610 Simile
1422 2561 1492 2606 est
1539 2567 1749 2622 regnum
1799 2549 2041 2603 cwlorum
2081 2547 2284 2602 homini

773 2651 899 2722 regi,
929 2648 1013 2718 qui
1043 2647 1157 2716 fecit
1197 2645 1403 2716 nuptias
1449 2643 1558 2714 ﬁlio
1586 2643 1782 2696 suo."5.
1818 2639 1891 2694 Et
1936 2640 2072 2693 misit
2117 2657 2282 2695 servos

772 2758 891 2794 suos
920 2754 1095 2794 vocare
1121 2737 1354 2792 invitatos
1382 2734 1450 2790 ad
1477 2734 1678 2804 nuptias
1708 2742 1792 2786 :et
1814 2733 2276 2786 nolueruntvenire.

775 2835 829 2886 4.
862 2831 1056 2885 Rursus
1081 2828 1215 2882 misit
1243 2827 1370 2881 alios
1398 2841 1581 2888 servos,
1613 2823 1784 2877 dicens
1810 2838 1830 2876 :
1853 2820 2016 2875 Dicite
2038 2821 2276 2886 inuitatis,

774 2923 905 2978 Ecce
932 2921 1201 2992 prandium
1229 2933 1396 2973 meum
1425 2915 1620 2988 paraui,
1645 2914 1777 2967 tauri
1794 2913 1892 2966 mei
1918 2923 1966 2968 et
1980 2913 2153 2967 altilia
2174 2929 2282 2965 mea

772 3015 934 3068 occisa
960 3020 1105 3078 sunt,
1133 3019 1178 3065 et
1204 3009 1372 3063 omnia
1413 3015 1626 3079 parata;
1677 3005 1836 3060 venite
1874 3005 1942 3058 ad
1969 3005 2185 3075 nuptias.
2222 3006 2278 3060 5.

773 3102 866 3157 Illi
889 3112 1058 3155 autem
1096 3115 1208 3154 cum
1232 3097 1559 3169 negligerent,
1588 3095 1835 3155 abierunt,
1866 3095 1998 3148 alius
2020 3095 2071 3148 in
2103 3110 2281 3166 agrum

776 3209 942 3255 suurn,
970 3191 1102 3244 alius
1122 3189 1190 3243 ad
1213 3186 1596 3258 negotiationem
1621 3201 1787 3238 suam.
1809 3183 1862 3238 6.
1891 3184 2091 3256 Reliqui
2118 3194 2283 3238 autem

777 3291 1042 3338 tenuerunt
1066 3296 1232 3335 seruos
1267 3281 1398 3348 eius,
1426 3288 1471 3332 et
1512 3279 1816 3332 contumelia
1841 3275 2049 3343 affectos
2075 3278 2280 3348 interfe-

779 3385 971 3436 cerunt,
999 3383 1104 3429 etc.
1712 3433 1719 3439 _

790 3469 840 3521 ι.
868 3465 1036 3531 Hujus
1056 3474 1100 3517 et
1130 3462 1454 3533 prae-edentis
1469 3459 1692 3514 homilia:
1708 3464 2041 3530 comparatio.
2090 3454 2287 3522 Ejectio

709 3560 738 3614 Ι
748 3560 1024 3615 udreorum.
1043 3555 1276 3611 Gentium
1303 3556 1515 3608 vacatio.
1536 3552 1736 3606 Excidii
1751 3550 2080 3622 Jerosolymre
2096 3550 2284 3619 prterit-

713 3653 832 3707 ctio.
863 3680 935 3692 —
959 3647 1200 3704 Vidistin‘
1226 3659 1282 3702 et
1325 3648 1376 3700 in
1417 3645 1736 3714 praecedenti
1767 3652 1820 3698 et
1848 3644 1896 3696 in
1925 3641 2022 3696 hac
2038 3641 2282 3712 parabola

717 3749 971 3810 quantum
1013 3739 1233 3792 interest
1280 3734 1450 3789 ﬁlium
1503 3734 1640 3788 inter
1689 3743 1743 3788 et
1787 3733 2010 3788 servos?
2057 3730 2285 3784 vidistin‘

718 3844 960 3901 magnam
991 3829 1130 3884 inter
1165 3815 1446 3896 utramq’ue
1471 3823 1779 3895 parabolam
1809 3821 2139 3886 afﬁnitatem,
2174 3836 2281 3876 ma~

709 3935 972 3993 gnamque
1009 3917 1402 3974 diﬁercntiam?
1453 3916 1582 3972 Nam
1623 3917 1734 3972 haec
1775 3915 1885 3985 ipsa
1914 3913 2147 3968 ostendit
2192 3912 2282 3966 Dei

711 4014 1040 4069 tolerantiam
1088 4008 1579 4080 providentiamque
1622 4020 1886 4075 magnam,
1921 4004 2286 4073 ingratamque

712 4103 985 4159 .ludaicam
1017 4099 1432 4170 improbitatem.
1490 4096 1686 4150 Verum
1741 4095 1854 4148 lucc
1897 4092 2025 4162 quid
2064 4093 2288 4160 amplius

715 4210 873 4265 quam
913 4194 1003 4247 illa
1033 4192 1209 4246 habet.
1239 4188 1564 4245 Przeuuntiat
1584 4188 1724 4240 enim
1753 4193 1805 4239 et
1838 4183 2142 4238 Judteorum
2173 4182 2287 4250 eje-

716 4289 971 4351 ctionem,
1001 4292 1056 4337 et
1109 4282 1343 4352 gentium
1392 4278 1723 4333 vocationem
1771 4293 1784 4330 :
1830 4283 1949 4344 post
2004 4275 2117 4328 haec
2162 4288 2290 4327 vero

714 4378 946 4434 ostendit
970 4385 1023 4430 et
1052 4373 1263 4429 vivendi
1285 4371 1613 4439 disciplinam
1635 4411 1648 4436 ,
1680 4379 1732 4424 et
1757 4380 1949 4439 quanta
1979 4368 2291 4437 negligenti-

714 4473 810 4525 bus
842 4483 995 4539 pteua
1035 4466 1105 4521 sit
1135 4476 1335 4534 parata.
1376 4463 1607 4532 iureque
1657 4461 1770 4516 hmo
1802 4471 1918 4529 post
1945 4461 2090 4513 illam
2119 4460 2290 4528 posita

721 4570 820 4615 est.
867 4559 998 4626 Quia
1027 4557 1167 4612 enim
1191 4555 1344 4616 dixit,
1381 4553 1598 4607 Dabitur
1639 4551 1774 4622 genti
1821 4551 2024 4620 facienti
2072 4542 2315 4619 [metunt

721 4651 879 4717 ipsius
912 4648 1121 4718 (Matth.
1149 4645 1212 4699 2|
1268 4646 1380 4714 ιδ),
1404 4643 1492 4698 hic
1515 4643 1771 4708 declarat,
1804 4647 1886 4712 cui
1913 4642 2088 4711 genti;
2123 4657 2294 4709 neque

723 4741 824 4795 hoc
873 4748 1098 4800 tantum,
1125 4737 1218 4791 sed
1246 4744 1300 4790 et
1330 4751 1389 4789 se
1419 4749 1601 4788 rursus
1630 4734 1876 4788 inell‘abili
1917 4748 2040 4801 erga
2081 4732 2293 4787 Judzeos

724 4832 1048 4903 providentia
1070 4830 1163 4884 uti.
1184 4829 1256 4886 lbi
1283 4830 1424 4885 enim
1446 4837 1569 4882 ante
1596 4842 1806 4882 crucem
1833 4836 2003 4888 vocat,
2031 4827 2114 4879 hic
2136 4827 2294 4879 etiam

724 4936 840 4997 post
870 4938 1054 4979 necem
1101 4925 1279 4984 instat,
1328 4931 1381 4976 et
1419 4921 1587 4991 pergit
1644 4920 1760 4974 illos
1817 4934 2024 4974 vocare.
2062 4919 2130 4972 Et
2176 4933 2292 4973 ctun

725 5017 1038 5088 gravissima
1083 5013 1202 5067 illos
1253 5026 1404 5081 paena
1459 5013 1690 5081 plectere
1731 5026 1824 5079 par
1851 5011 2054 5076 fuisset,
2085 5019 2209 5064 tunc
2229 5013 2293 5065 ad

724 5109 944 5178 nuptias
999 5108 1150 5176 ipsos
1197 5105 1396 5168 trahit,
1440 5109 1805 5184 supremoque
1863 5100 2024 5156 allicit
2064 5101 2291 5155 honore.

729 5201 793 5255 Et
830 5202 1199 5256 animadverte
1250 5199 1520 5268 quomodo
1567 5206 1620 5254 et
1670 5197 1780 5253 illic
1824 5212 1932 5251 non
1972 5195 2124 5266 prius
2165 5211 2290 5264 gen-

729 5303 814 5350 tes
846 5307 1002 5349 vovet
1031 5293 1123 5346 sed
1153 5290 1370 5345 Judteos
1392 5331 1406 5350 ,
1435 5300 1486 5344 et
1518 5291 1604 5343 hic
1637 5291 1890 5346 similiter
1919 5306 1932 5342 :
1965 5289 2060 5342 sed
2098 5304 2290 5353 quem-

724 5383 1019 5442 admodum
1059 5379 1132 5435 ibi
1160 5421 1174 5444 ,
1200 5393 1320 5434 eum
1353 5377 1497 5431 illum
1537 5377 1809 5446 suscipere
1861 5376 2166 5441 noluerunt,
2195 5378 2300 5432 imo

724 5487 776 5530 σει
806 5474 1109 5530 venientem
1153 5472 1486 5537 occiderunt,
1522 5479 1648 5525 tunc
1677 5471 1884 5525 vineam
1927 5471 2076 5526 dedit
2108 5489 2120 5524 :
2151 5474 2218 5527 ita
2249 5485 2301 5528 ct

725 5569 829 5633 hic,
857 5581 978 5624 cum
1011 5565 1290 5620 noluerunt
1316 5563 1381 5618 ad
1421 5563 1632 5632 nuptias
1665 5563 1876 5626 venire,
1910 5563 2045 5616 alios
2072 5565 2295 5618 vocavit.

724 5661 858 5729 Quid
905 5675 1032 5731 ergo
1078 5658 1181 5714 illis
1234 5659 1490 5728 ingratius
1538 5654 1719 5718 fuerit,
1747 5656 1961 5725 quando
1997 5657 2060 5710 ad
2095 5657 2301 5727 nuptias

726 5754 922 5813 vocati,
959 5749 1240 5807 resiliunt?
1285 5751 1400 5819 quis
1441 5749 1584 5804 enim
1625 5747 1690 5802 ad
1734 5748 1941 5820 nuptias
1969 5751 2149 5804 venire
2200 5770 2301 5809 non

2389 2474 2630 2536 optaret,
2650 2473 2705 2520 et
2741 2464 2806 2519 ad
2835 2463 3044 2532 nuptias
3071 2461 3231 2532 regis,
3259 2461 3345 2531 qui
3371 2459 3480 2513 ﬁlio
3505 2456 3738 2527 nuptiale
3783 2457 3981 2512 com-i-

2390 2557 2531 2609 vium
2578 2556 2765 2624 parat?
2815 2555 2881 2610 Et
2906 2569 3031 2616 cur,
3064 2553 3268 2623 inquies
3293 2593 3308 2617 ,
3350 2553 3544 2623 nuptiae
3587 2547 3880 2604 vocantur?
3915 2547 3984 2603 Ut

2391 2643 2895 2716 Deiprovideutiam
2940 2657 3229 2712 agnoscas,
3264 2641 3488 2710 ejusque
3525 2654 3648 2709 erga
3693 2654 3792 2694 nos
3823 2653 3983 2692 amn-

2386 2753 2522 2804 rcm,
2550 2752 2726 2792 rerum
2762 2735 3122 2807 splendorem,
3147 2743 3206 2787 ut
3240 2732 3371 2787 nihil
3421 2732 3492 2785 ibi
3532 2732 3682 2786 triste
3727 2732 3818 2792 sit.
3846 2732 3981 2784 nihil

2390 2829 2714 2894 luctuosum,
2742 2829 2835 2883 sed
2881 2828 3060 2880 omnia
3102 2825 3298 2896 gaudio
3324 2825 3582 2894 spirituali
3613 2823 3788 2892 plena.
3826 2823 3985 2877 Ideo-

2387 2934 2492 2989 que
2514 2933 2766 2988 sponsum
2791 2919 2938 2972 illum
2968 2925 3122 2971 vocat
3146 2917 3378 2971 JOanucs
3409 2913 3558 2985 (Cap.
3591 2915 3645 2969 5.
3677 2913 3809 2983 29);
3858 2914 3984 2966 ideo

2389 3009 2582 3064 Paulus
2612 3010 2760 3074 dicit,
2790 3006 3050 3078 Despondi
3078 3025 3162 3061 vos
3191 3007 3281 3059 uni
3308 3006 3414 3058 uiro
3437 3003 3513 3074 (2.
3544 3003 3660 3058 Cor.
3690 3004 3767 3058 ll.
3796 3001 3858 3074 Ξ)
3883 3020 3899 3068 ;
3931 3015 3982 3056 et

2390 3098 2620 3163 rursum,
2674 3098 2972 3170 Mysterium
3016 3099 3110 3152 hoc
3141 3113 3378 3168 magnum
3404 3105 3497 3158 est.
3526 3113 3617 3165 ego
3643 3105 3815 3150 autem
3862 3096 3984 3149 dico

2387 3192 2438 3243 in
2467 3189 2664 3244 Christo
2686 3199 2729 3244 et
2757 3190 2807 3242 in
2838 3187 3064 3244 Ecclesia
3095 3187 3320 3260 (Ephes.
3349 3189 3403 3245 5.
3429 3188 3499 3244 52
3521 3188 3560 3257 ).
3584 3186 3690 3243 Cur
3718 3202 3850 3257 ergo
3876 3205 3985 3242 non

2387 3281 2530 3335 Patri
2557 3296 2749 3351 sponsa
2781 3281 3097 3350 desponderi
3130 3281 3341 3345 dicitur,
3371 3281 3464 3336 sed
3494 3280 3625 3335 Filio
3647 3280 3669 3334 τ
3695 3280 3834 3349 Quia
3859 3298 3986 3352 qua:

2400 3370 2533 3426 Filio
2559 3372 2939 3440 despondetur,
2973 3372 3111 3426 Patri
3143 3372 3523 3442 despondetur.
3577 3371 3703 3426 Nam
3735 3373 3787 3427 in
3833 3373 3986 3428 Sci-i-

2394 3473 2543 3532 plura
2575 3463 2674 3517 hoc
2703 3463 2783 3517 vel
2827 3462 2956 3517 illud
2982 3461 3345 3518 indifferenter
3369 3464 3563 3517 dicitur
3582 3504 3595 3525 ,
3624 3464 3692 3517 ob
3721 3465 3987 3517 substan-

2394 3553 2477 3606 tize
2500 3553 2851 3609 identitatent.
2885 3555 2964 3608 Ab
2987 3553 3112 3608 hinc
3141 3569 3268 3609 vero
3309 3556 3750 3609 resurrectionem
3784 3556 3990 3624 pra-di-

2391 3655 2494 3698 cat.
2525 3644 2657 3712 Quia
2677 3647 2822 3700 enim
2849 3646 2898 3698 in
2927 3644 3349 3714 pr:cccdentibus
3379 3656 3604 3700 mortem
3633 3645 3785 3712 dixit,
3818 3645 3983 3700 mnti-

2390 3746 2522 3790 strat
2581 3737 2664 3791 hic
2717 3747 2834 3806 post
2875 3747 3097 3792 mortem
3150 3740 3358 3808 nuptias
3405 3753 3766 3808 sponsumque
3822 3738 3975 3795 fore.

2398 3827 2589 3882 Verum
2641 3827 2692 3882 hi
2744 3843 2810 3883 ne
2837 3829 2905 3885 ita
2932 3829 3142 3899 quidem
3180 3830 3428 3884 meliores
3475 3840 3599 3885 sunt
3646 3829 3848 3897 eﬂ'ecti,
3884 3848 3989 3885 nec

2393 3919 2662 3982 mitiores;
2697 3935 2800 3987 quo
2821 3919 2943 3988 quid
2975 3920 3212 3975 deterius
3240 3921 3347 3976 sit?
3397 3922 3604 3976 Etenim
3661 3923 3776 3976 lucc
3818 3926 3988 3978 tertia

2398 4020 2481 4062 est
2536 4012 2822 4064 accusatio.
2871 4011 3081 4075 Prima,
3118 4013 3258 4081 quod
3313 4013 3602 4082 prophetas
3651 4013 3985 4076 occiderint;

2395 4103 2608 4166 deinde,
2642 4103 2782 4173 quod
2813 4104 2971 4158 etiam
3001 4104 3226 4168 Filium;
3259 4105 3491 4169 demum,
3519 4105 3659 4176 quod
3689 4121 3812 4160 cum
3841 4108 3991 4162 occi-

2395 4195 2615 4259 dissent,
2649 4205 2703 4250 et
2752 4195 2818 4250 ad
2872 4197 3079 4266 nuptias
3124 4197 3190 4250 ab
3229 4199 3404 4250 occiso
3452 4198 3842 4263 invitarentur,
3877 4213 3987 4253 non

2398 4289 2644 4353 veniant,
2703 4288 2794 4342 sed
2847 4302 3035 4342 causas
3091 4289 3585 4353 comminiscantur,
3619 4288 3746 4358 juga
3792 4289 3986 4351 boum,

2399 4393 2610 4440 uxores,
2656 4391 2848 4447 agros:
2881 4394 3200 4447 quamquam
3246 4378 3358 4431 lucc
3395 4378 3672 4431 vitlearttur
3716 4378 3990 4433 rationem

2400 4469 2614 4521 habere.
2644 4468 2745 4521 Sed
2778 4468 2900 4522 inde
2926 4468 3201 4533 discimus,
3237 4468 3337 4522 etsi
3371 4468 3667 4522 necessaria
3699 4467 3995 4522 vidcantur

2399 4577 2515 4616 esse
2567 4562 2651 4614 illa
2678 4577 2795 4629 qua:
2826 4576 2922 4614 n0s
2963 4562 3233 4624 retinent,
3267 4560 3558 4628 spiritualia
3599 4573 3814 4629 semper
3869 4576 3995 4616 esse

2400 4653 2797 4720 antepotaenda.
2856 4651 3016 4706 Vocat
3062 4661 3260 4715 autem,
3317 4666 3432 4704 non.
3471 4666 3658 4721 nuper,
3705 4649 3805 4705 sed
3866 4663 3995 4707 ante

2401 4745 2622 4798 multum
2655 4747 2927 4812 temporis.
2954 4744 3082 4798 Nam
3109 4745 3198 4809 ait,
3228 4743 3390 4797 Dicite
3414 4745 3656 4806 inritatis;
3680 4752 3734 4798 et
3769 4743 3995 4811 iterum,

2411 4832 2591 4890 Vocute
2618 4838 2870 4900 invitatos,
2897 4837 3036 4906 quod
3059 4847 3203 4891 certe
3230 4837 3431 4891 crimen
3450 4846 3628 4906 auget.
3658 4835 3720 4891 Et
3738 4838 3997 4905 quando-

2401 4943 2522 4981 nam
2555 4928 2722 4981 vocati
2745 4932 2905 4981 sunt?
2939 4927 3035 4982 Per
3059 4927 3351 4996 pronhctas
3375 4941 3583 4996 omnes,
3607 4942 3699 4996 per
3724 4925 3998 4981 Joannem

2403 5033 2640 5083 rursum,
2671 5018 2763 5089 qui
2816 5034 3004 5073 omnes
3053 5019 3117 5072 ad
3171 5017 3440 5073 Christum
3494 5017 3736 5072 ntittehat
3781 5017 4000 5084 dicens,

2407 5108 2565 5164 Illum
2594 5120 2785 5180 Oportet
2816 5127 3055 5172 crescere,
3085 5127 3164 5164 me
3193 5120 3360 5163 autem
3386 5111 3549 5162 minui
3579 5108 3760 5178 (Joan.
3789 5109 3848 5164 5.
3883 5111 3999 5173 30).

2407 5205 2508 5259 Per
2565 5205 2733 5273 ipsum
2767 5206 2997 5273 denique
3047 5204 3258 5267 Filium,
3304 5204 3394 5274 qui
3448 5205 3543 5275 ait,
3609 5203 3783 5258 Venite
3820 5207 3897 5258 ad
3928 5223 4008 5258 me

2407 5312 2576 5350 omnes
2597 5297 2680 5364 qui
2709 5295 2949 5349 laboratis
2985 5305 3031 5349 et
3060 5297 3255 5350 onerati
3305 5298 3441 5361 estis,
3468 5307 3513 5350 et
3541 5311 3630 5369 ego
3653 5297 3892 5362 reﬁciam
3920 5315 4006 5350 eos

2409 5386 2620 5460 (Matth.
2655 5388 2708 5441 lt
2759 5387 2852 5454 28)
2875 5404 2888 5450 ;
2912 5396 2965 5441 et
2991 5393 3197 5452 rursus,
3228 5385 3289 5441 Si
3315 5388 3426 5458 quis
3449 5387 3576 5451 sitit,
3605 5385 3771 5441 reiciat
3799 5388 3874 5440 ad
3904 5404 4004 5447 mc.

2409 5491 2454 5534 et
2481 5479 2612 5533 bibat
2643 5478 2820 5547 (Joan.
2852 5481 2905 5534 7.
2934 5481 3049 5550 57).
3101 5479 3282 5550 Neque
3331 5479 3510 5534 verbis
3553 5487 3758 5534 tantum
3781 5519 3796 5540 ,
3827 5479 3929 5534 sed
3957 5488 4007 5530 ct

2409 5573 2659 5640 operibus
2688 5572 2816 5641 ipsis
2842 5573 3081 5638 vocabat,
3102 5581 3290 5642 etpost
3310 5573 3731 5642 assumptiouem
3755 5571 3879 5640 ejus
3914 5587 4009 5640 per

2414 5664 2626 5718 Petrum
2654 5671 2706 5716 et
2731 5663 2938 5727 socios;
2966 5679 3085 5717 nam
3121 5662 3220 5728 Qui
3242 5673 3478 5734 operatus
3500 5670 3575 5717 est
3601 5661 3778 5727 Petro,
3810 5661 4007 5732 inquit,

2412 5760 2462 5809 in
2509 5757 2846 5824 apostolatum
2876 5756 3295 5821 circumcisionis,
3334 5766 3571 5811 oneratus
3601 5764 3675 5808 est
3698 5764 3743 5805 et
3774 5756 3903 5806 milii
3932 5755 4013 5806 in-
