4174 6332
701 371 795 422 tibi

701 499 884 552 magna
914 478 1290 550 negligentibus
1332 477 1568 547 imminet
1598 491 1768 545 paena.
1797 472 2246 541 Quemadmodum

700 574 841 624 enim
870 571 963 636 illi,
992 567 1129 636 quod
1159 584 1261 620 non
1286 568 1553 630 venerint,
1582 565 1896 621 contumelia
1927 564 2210 617 aﬂ'eecrunt
2236 579 2249 616 :

699 664 779 719 sic
803 670 855 715 et
876 670 947 721 tu,
970 660 1090 730 quia
1112 658 1177 713 ad
1198 667 1497 727 corruptam
1520 657 1676 711 vitam
1702 656 1777 710 sic
1798 654 2091 709 declinasti.
2121 653 2249 707 Nam

698 751 923 807 sordidis
967 750 1203 803 vestibus
1246 749 1473 810 intrare,
1516 747 1567 800 id
1610 756 1709 809 est,
1752 761 1872 800 cum
1918 745 2117 813 impura
2148 742 2249 796 vita

700 845 819 899 inde
858 843 1162 904 discedere;
1211 840 1431 908 ideoque
1466 838 1791 894 obmutuisse
1827 838 2037 891 dicitur.
2074 835 2235 890 Viden

696 936 959 1005 quomodo
988 933 1107 987 licet
1138 948 1223 987 res
1251 932 1328 986 sic
1369 929 1642 984 manifesta
1669 929 1776 993 sit,
1823 943 1926 981 non
1958 928 2099 996 prius
2123 941 2248 994 sup-

700 1025 848 1089 plicia
876 1023 1083 1084 inferat,
1112 1037 1265 1091 quam
1295 1021 1407 1090 ipse
1434 1028 1676 1089 peccator
1699 1018 2011 1072 sententiam
2041 1014 2253 1069 tulerit?

696 1114 828 1180 Qui:
848 1114 987 1167 enim
1010 1113 1139 1166 nihil
1162 1111 1481 1180 respondere
1500 1107 2083 1178 poterat,’sernetipsum
2105 1105 2252 1159 dam-

701 1205 878 1264 nabat.
904 1213 955 1258 et
979 1202 1044 1255 ad
1070 1202 1304 1269 ingentes
1325 1201 1523 1269 rapitur
1544 1215 1743 1267 pinnas.
1775 1196 1850 1253 Ne
1874 1206 2026 1265 putes
2052 1205 2247 1257 autem,

698 1310 817 1347 cum
848 1291 1089 1348 tenebras
1116 1293 1286 1356 audis,
1314 1292 1412 1344 hoc
1437 1289 1579 1343 illum
1609 1288 1865 1357 supplicio
1889 1286 2081 1356 puniri,
2109 1284 2249 1353 quod

701 1396 749 1439 in
779 1387 1059 1442 obscurum
1087 1385 1257 1439 locum
1277 1382 1517 1437 trudatur
1538 1379 1898 1440 solummodo;
1925 1377 2017 1431 sed
2047 1376 2130 1429 ubi
2164 1377 2247 1429 15.

704 1477 904 1540 Fletus,
945 1484 993 1529 et
1016 1474 1201 1529 stridor
1225 1472 1472 1536 dentiant,
1503 1470 1644 1540 quod
1670 1468 2025 1523 intolerabiles
2048 1466 2250 1533 signiti-

698 1578 780 1620 ιιςιι
807 1565 1041 1620 dolores.
1068 1564 1262 1617 Audite
1300 1573 1552 1632 quotquot
1583 1560 1949 1631 mysteriorum
1979 1565 2253 1611 consortes

697 1657 847 1722 i-stis,
888 1666 942 1710 et
968 1655 1033 1708 ad
1061 1654 1265 1723 nuptias
1288 1651 1581 1707 adventatis
1606 1692 1619 1713 ,
1650 1648 1977 1717 smdidisque
2006 1645 2252 1712 operibus

699 1747 923 1798 animam
956 1743 1188 1797 induitis.
1231 1740 1419 1795 Audite
1453 1739 1589 1793 unde
1617 1739 1783 1792 vocati
1814 1738 1947 1790 sitis.
1975 1734 2049 1788 Ex
2078 1733 2248 1787 trivio.

698 1837 921 1900 Quinam
948 1833 1150 1888 eratis?
1194 1831 1375 1885 Claudi
1417 1840 1469 1884 et
1511 1828 1635 1883 (ιπερὶ
1677 1828 1879 1890 animo,
1928 1823 2066 1893 quod
2096 1824 2252 1890 longe

697 1925 904 1989 gravius
930 1932 1013 1976 est
1054 1922 1292 1990 corporis
1334 1920 1586 1974 caecitate.
1631 1915 1986 1971 llevereantiui
2018 1912 2252 1965 vocantis

700 2013 1093 2082 benignitatem,
1124 2025 1386 2079 nemoque
1408 2010 1477 2062 sit
1504 2007 1729 2062 sordidis
1755 2005 1966 2059 indutus
1997 2002 2248 2065 vestibus,

697 2105 789 2156 sed
814 2104 1037 2173 quisque
1063 2112 1297 2156 nostrum
1326 2100 1513 2153 anima:
1541 2098 1788 2151 amictum
1815 2102 2113 2164 componat.
2143 2093 2251 2147 Au-

698 2196 840 2261 dite,
883 2195 1161 2257 mulieres,
1202 2192 1411 2253 audite,
1458 2191 1575 2242 viri.
1616 2188 1728 2263 Non
1760 2186 1841 2240 his
1863 2185 2095 2240 vestibus
2119 2196 2253 2251 opus

700 2286 905 2339 habetis
927 2300 1060 2339 auro
1090 2284 1334 2347 intextis,
1361 2297 1476 2351 qua:
1503 2280 1759 2335 exteriora
1792 2287 1997 2341 nostra,
2029 2275 2121 2329 sed
2150 2275 2253 2328 illis

696 2388 813 2442 quae
844 2372 1091 2427 interiora
1121 2379 1329 2423 ornant.
1361 2369 1537 2422 Donec
1567 2366 1681 2439 illas
1709 2367 2013 2428 retinemus,
2044 2364 2140 2418 has
2169 2364 2251 2415 iit-

696 2466 857 2519 ducre
885 2463 1097 2519 diiticile
1131 2472 1232 2516 est.
1282 2460 1393 2514 Non
1438 2471 1715 2528 possumus
1756 2458 1983 2511 animam
2015 2456 2173 2510 simul
2200 2462 2254 2511 et

696 2570 886 2624 corpus
912 2568 1120 2609 ornare.
1152 2552 1264 2606 Non
1308 2565 1585 2619 possumus
1610 2557 1781 2613 certe,
1832 2563 1933 2601 non
1977 2562 2253 2615 possumus

700 2661 956 2700 mamonae
978 2645 1179 2699 servire
1202 2654 1257 2697 et
1279 2639 1489 2695 Christo
1517 2640 1730 2693 obedire
1758 2648 1813 2691 tit
1844 2654 1935 2706 par
1960 2647 2118 2691 esset.
2150 2637 2251 2689 De-

696 2750 952 2805 pouatnus
978 2750 1105 2803 ergo
1132 2733 1269 2787 hanc
1296 2746 1505 2800 gravem
1535 2728 1879 2799 tyrannidem.
1910 2726 2088 2795 Neque
2111 2727 2250 2779 enim

696 2828 738 2878 si
762 2826 878 2895 quis
900 2818 1112 2879 domum
1141 2823 1399 2890 tapetibus
1423 2820 1598 2873 aureis
1621 2828 1851 2881 ornaret,
1880 2826 2033 2885 teque
2053 2816 2250 2869 nudum

695 2931 816 2969 eum
861 2915 1048 2983 pannis
1093 2912 1277 2966 laceris
1323 2910 1507 2964 sedere
1546 2908 1781 2977 iuberet,
1822 2906 1872 2960 id
1899 2921 2049 2975 atquo
2073 2906 2251 2958 animo

697 3008 881 3060 ferres.
930 3007 998 3058 At
1039 3017 1178 3056 nunc
1217 3002 1328 3070 ipse
1368 3000 1459 3055 tibi
1503 2999 1639 3053 hanc
1667 2998 1906 3066 iniuriam
1937 2996 2097 3058 iacis,
2128 3010 2248 3049 cum

695 3098 910 3150 domum
934 3096 1124 3149 animm
1150 3103 1249 3147 tua‘
1268 3132 1281 3154 ,
1312 3106 1501 3160 corpus
1527 3091 1744 3153 scilicet,
1776 3088 2065 3143 innttmeris
2092 3100 2251 3141 ornas

696 3187 904 3249 aulzeis,
940 3185 1082 3238 illaut
1111 3199 1237 3238 vero
1273 3196 1557 3251 pannosam
1592 3181 1777 3235 sedere
1804 3178 1954 3232 sinis.
1987 3180 2066 3231 Au
2098 3177 2249 3246 igno-

698 3294 802 3343 ras,
842 3292 1016 3346 regem
1058 3277 1222 3345 magis
1249 3290 1405 3342 quam
1448 3273 1711 3326 civitatem
1750 3270 1924 3323 ornari
1967 3268 2251 3337 oportere?

698 3369 921 3437 Ideoque
967 3367 1164 3420 civitati
1208 3368 1321 3421 vela
1363 3381 1426 3419 ex
1469 3365 1579 3418 lino
1609 3371 1890 3431 parantur,
1924 3361 2030 3430 regi
2073 3370 2248 3414 autem

696 3474 921 3529 purpura
963 3469 1018 3514 et
1054 3458 1294 3511 diadema
1320 3455 1529 3509 dantur.
1572 3454 1659 3509 Sic
1696 3464 1751 3507 et
1778 3461 1831 3505 tu
1867 3466 2060 3519 corpus
2098 3451 2249 3519 longe

694 3551 876 3604 viliore
902 3548 1056 3603 indue
1081 3550 1273 3600 amictu
1306 3547 1401 3614 (η),
1427 3546 1615 3598 anima:
1647 3558 1772 3596 vero
1796 3556 2025 3611 purpura
2052 3540 2247 3593 inditus

690 3654 938 3694 coronam
970 3639 1213 3705 impone,
1258 3646 1311 3690 et
1351 3636 1403 3690 itt
1446 3635 1652 3689 sublimi
1684 3634 1817 3688 solio
1840 3632 2123 3687 constitue.
2167 3629 2246 3685 Tu

697 3746 823 3784 vero
863 3729 1184 3782 contrarium
1215 3726 1341 3780 lacis
1360 3767 1373 3789 ,
1401 3725 1525 3779 dum
1557 3725 1737 3777 urbem
1768 3722 1908 3776 varie
1938 3736 2124 3784 ornas,
2156 3737 2244 3774 re-

690 3836 806 3883 gem
836 3834 962 3872 vero
984 3858 999 3879 .
1040 3821 1152 3872 sive
1181 3826 1411 3871 mentem
1434 3857 1447 3879 ,
1479 3817 1608 3869 sinis
1634 3817 1823 3868 victum
1852 3812 1989 3868 trahi
2012 3828 2040 3865 a
2074 3814 2246 3881 pravis

688 3912 979 3965 :til‘ectiltus.
1007 3910 1120 3965 Non
1148 3910 1367 3979 cogitas,
1415 3898 1465 3963 te
1501 3908 1565 3960 ad
1609 3908 1814 3975 nuptias
1839 3918 1893 3960 et
1920 3906 2009 3959 Dei
2036 3906 2246 3974 nuptias

693 4014 932 4055 vocatum
962 4003 1116 4055 esse?
1167 4017 1269 4052 non
1300 3998 1499 4067 cogitas
1526 4013 1631 4065 quo
1661 4006 1811 4065 pacto
1853 3996 1903 4049 itt
1935 3996 2032 4048 ltos
2073 3995 2273 4071 thala-_

691 4107 805 4143 mos
829 4100 1070 4144 vocatam
1097 4090 1324 4142 animam
1351 4089 1547 4141 intrare
1576 4093 1835 4154 oporteat,
1867 4086 2056 4140 vestitu
2078 4085 2244 4139 deau-

692 4188 806 4233 rato
833 4168 1231 4237 circumdatam.
1259 4182 1507 4230 varietate
1527 4176 1799 4229 ornatam?

761 4270 813 4323 5.
848 4268 937 4323 Vis
966 4266 1238 4321 ostendam
1270 4267 1359 4319 tibi
1393 4265 1481 4334 qui
1509 4264 1615 4319 sint
1654 4280 1779 4318 vere
1816 4264 1885 4317 ita
1914 4263 2127 4318 amicti?
2154 4264 2240 4332 qui

687 4360 831 4413 veste
859 4357 1076 4427 nuptiali
1107 4356 1421 4410 induantur?
1458 4356 1759 4410 Recordare
1795 4366 2095 4409 sanctorum
2122 4356 2239 4409 illo-

686 4465 800 4500 rum
820 4486 836 4511 ,
866 4446 933 4501 de
957 4446 1148 4515 quibus
1177 4460 1340 4513 nuper
1366 4446 1470 4498 dixi
1496 4485 1511 4509 ,
1538 4445 1624 4513 qui
1651 4445 1824 4498 cilicio
1851 4444 2157 4505 induuntur,
2189 4454 2243 4498 et

684 4541 891 4594 deserta
935 4538 1188 4593 incolunt.
1236 4537 1295 4590 lli
1342 4538 1573 4589 maxime
1604 4546 1808 4589 vestem
1838 4534 2123 4601 nuptialem
2148 4532 2243 4585 ha-

685 4632 917 4683 bentzet
946 4628 1070 4682 hinc
1108 4627 1358 4697 liquidunt
1404 4636 1503 4689 est,
1543 4626 1681 4693 quod
1727 4626 1769 4678 si
1811 4625 1915 4677 illis
1955 4638 2238 4693 purpuram

686 4719 875 4773 ofleras
896 4758 911 4781 ,
952 4719 1189 4787 accipere
1214 4718 1415 4770 nolint:
1441 4716 1534 4770 sed
1563 4716 2004 4785 quemadmodum
2034 4733 2123 4771 rex
2154 4717 2237 4770 in-
2283 4711 2287 4715 ’

686 4811 932 4863 dumenta
964 4808 1205 4877 pauperis
1245 4808 1416 4861 oblata
1442 4847 1456 4871 ,
1502 4807 1579 4861 sic
1609 4808 1680 4861 illi
1710 4808 1905 4877 regiam
1952 4824 2235 4877 purpuram

684 4908 1008 4969 n-spnerent.
1040 4899 1146 4953 Nec
1177 4898 1274 4951 alia
1305 4898 1371 4951 de
1396 4914 1549 4951 causa
1580 4898 1667 4951 illo
1696 4910 1814 4951 sunt
1843 4899 2048 4959 affectu,
2078 4916 2234 4968 quam

681 4992 819 5061 quod
853 4990 1290 5059 pulchritudinem
1320 4991 1478 5041 vestis
1508 5003 1616 5042 sua:
1660 4991 1919 5043 noverint.
1956 4990 2077 5043 ldeo
2106 5007 2232 5058 pur-

682 5097 892 5149 puream
921 5081 1060 5133 illam
1089 5089 1287 5133 vestem
1318 5088 1371 5131 ut
1396 5093 1602 5131 aranea:
1628 5079 1779 5130 telam
1809 5090 2082 5147 respuunt.
2113 5080 2234 5131 Ηευο

680 5173 817 5224 enim
849 5172 964 5223 illos
991 5169 1219 5225 cilicium
1247 5168 1425 5221 docuit
1449 5185 1463 5221 :
1487 5182 1607 5219 nam
1634 5179 1754 5221 sunt
1779 5168 1893 5237 ipso
1920 5185 2041 5237 rege
2068 5170 2231 5221 subli-

678 5264 871 5316 miores
911 5274 965 5317 et
1005 5261 1409 5331 Splendidiores.
1441 5259 1583 5335 Ae_si
1613 5275 1793 5327 posses
1811 5260 2002 5327 januas
2040 5262 2233 5314 mentis

676 5369 858 5405 eorum
883 5352 900 5383 ¹
930 5353 1159 5419 aperire,
1206 5351 1543 5419 ipsorumque
1581 5350 1804 5401 animam
1856 5350 2053 5411 videre,
2101 5350 2233 5402 inte-

676 5448 971 5513 tioretttquc
1014 5454 1254 5497 ornatum
1299 5459 1545 5507 omnem,
1594 5442 1642 5494 in
1696 5451 1884 5495 terram
1925 5442 2227 5503 derideres,

736 5606 749 5635 ³
780 5601 959 5660 .ttoreL,
984 5599 1146 5663 templi
1167 5614 1346 5658 eorum,
1373 5599 1511 5646 ntale.

731 5688 801 5741 (ut
826 5687 923 5792 tibi,
948 5693 1069 5733 sicut
1090 5686 1133 5731 iu
1156 5682 1315 5731 multis
1340 5680 1443 5729 aliis
1465 5681 1603 5741 hujus
1625 5680 1989 5740 hetntlitelocis,
2015 5679 2138 5729 male
2158 5679 2226 5729 le-

731 5756 740 5792 ι
765 5755 887 5792 More
914 5780 926 5792 .

671 5760 699 5806 ε
724 5756 740 5796 ι
765 5755 926 5794 Morel.

1419 364 1476 417 S.
1514 361 1785 419 JUANNIS
1806 358 2272 415 CllltYSOSTOMI
2314 357 2623 416 ARCIIIEP.
2660 358 3184 416 CONSTANTINOP.

3817 362 3920 421 632

2355 485 2474 525 cum
2508 487 2609 525 non
2659 471 2825 525 ferres
2856 480 3011 526 Lauta:
3048 470 3448 540 pulchritudinis
3476 475 3842 544 splendorem,
3867 487 3917 532 et

2356 568 2575 617 vestium
2595 563 2869 632 fulgorem.
2891 578 3093 617 necnon
3113 563 3284 634 fulgur
3298 566 3637 621 conscientia:
3656 568 3916 638 ipsorum.

2354 651 2636 707 Possemus
2660 654 2897 721 exempla
2915 653 3155 724 proferre
3172 665 3408 708 veterum
3431 672 3740 725 magnorum
3764 667 3919 726 atque

2354 742 2670 796 tnirabilium
2697 743 2994 808 hominum;
3018 743 3109 797 sed
3130 745 3249 813 quia
3274 744 3511 799 rudiores
3530 746 3772 814 exempla
3804 762 3920 815 qum

2351 833 2450 886 sub
2480 833 2664 887 oculos
2687 833 2878 886 cadunt
2899 833 3062 901 magis
3082 833 3369 897 concitant,
3393 833 3511 888 ideo
3532 850 3626 889 vos
3646 836 3712 889 ad
3738 836 3919 890 taber-

2355 923 2538 975 nacula
2582 934 2882 977 sanctorum
2929 924 3148 977 istorum
3190 926 3361 978 mitto.
3406 923 3545 978 Nihil
3586 926 3732 979 enim
3773 928 3920 980 triste

2355 1016 2581 1081 habent;
2609 1016 2701 1071 sed
2730 1025 2908 1084 utpote
2936 1018 3027 1085 qui
3054 1018 3104 1071 itt
3132 1017 3277 1072 cadis
3304 1019 3507 1088 tuguria
3532 1033 3625 1073 sua
3655 1019 3917 1075 fundave-

2354 1109 2478 1171 riut,
2509 1109 2585 1161 sic
2610 1108 2789 1174 procul
2818 1123 2884 1163 ex
2912 1106 3067 1177 hujus
3092 1108 3213 1162 vita:
3242 1109 3467 1163 miseriis
3494 1109 3753 1174 habitant,
3788 1111 3921 1165 miti-

2357 1210 2523 1252 tantes
2548 1208 2729 1253 contra
2756 1199 3044 1265 diabolum,
3070 1206 3125 1253 et
3152 1199 3301 1266 quasi
3326 1200 3549 1255 choreas
3576 1212 3819 1271 agentes,
3845 1203 3919 1256 sic

2356 1290 2546 1371 bellum
2573 1298 2763 1358 gerunt
2800 1289 3057 1345 adversus
3082 1305 3225 1344 eum.
3262 1289 3384 1345 Ideo
3412 1294 3736 1359 constructis
3770 1303 3919 1362 tugu-

2355 1383 2445 1435 riis
2468 1421 2482 1444 ,
2513 1382 2668 1436 urbes
2688 1422 2703 1444 ,
2737 1379 2910 1435 forum
2933 1422 2949 1447 ,
2976 1382 3163 1436 domos
3193 1380 3416 1450 fugiunt.
3442 1382 3575 1437 Nam
3604 1384 3692 1452 qui
3720 1384 3917 1437 bellum

2354 1472 2510 1539 gerit,
2556 1486 2658 1523 tton
2686 1470 2843 1524 debet
2868 1471 3009 1525 domi
3040 1470 3257 1536 sedere;
3290 1471 3381 1526 sed
3409 1486 3648 1542 prompte
3678 1483 3917 1542 paratum

2353 1560 2673 1613 domicilium
2702 1559 2891 1612 habeat
2918 1568 3162 1629 oportet,
3190 1570 3247 1614 ut
3276 1561 3365 1630 qui
3394 1562 3502 1616 cito
3533 1563 3795 1631 proﬁcisci
3824 1564 3917 1617 de—

2356 1650 2494 1703 beat.
2523 1648 2681 1703 Tales
2709 1658 2833 1703 sunt
2856 1649 2931 1703 illi
2957 1664 3163 1712 omnes,
3195 1659 3379 1704 contra
3402 1666 3558 1720 quam
3588 1667 3687 1707 nos
3713 1666 3916 1706 sumus.

2352 1740 2457 1795 Nos
2484 1741 2678 1809 quippe
2719 1756 2823 1793 non
2862 1748 2919 1794 ut
2960 1741 3011 1794 in
3058 1741 3332 1805 exercitu,
3382 1742 3476 1797 sed
3515 1743 3666 1812 quasi
3711 1744 3763 1797 in
3795 1759 3921 1811 pace

2354 1832 2558 1885 fruente
2582 1831 2713 1885 urbe
2733 1830 2975 1883 vivimus.
3008 1830 3137 1896 Quis
3160 1831 3300 1885 enim
3327 1846 3577 1899 umquam
3604 1832 3655 1886 in
3683 1834 3918 1886 exercitu

2353 1918 2691 1974 fundamenta
2736 1920 2862 1988 jacit
2886 1961 2901 1986 ,
2936 1930 2989 1973 et
3013 1920 3226 1973 doututn
3256 1921 3546 1988 construit,
3577 1937 3735 1990 quam
3764 1924 3921 1990 paulo

2352 2019 2472 2079 post
2510 2010 2794 2066 relicturus
2838 2012 2956 2065 est?
2999 2010 3167 2066 Nemo
3211 2012 3491 2066 sane:scd
3534 2023 3587 2065 et
3630 2013 3675 2067 si
3721 2015 3845 2082 quis
3871 2013 3919 2066 id

2355 2102 2670 2164 tentaverit,
2716 2113 2772 2155 ut
2819 2102 3055 2171 proditor
3092 2102 3367 2157 occiditur.
3410 2101 3538 2171 Quis
3580 2104 3632 2158 itt
3682 2106 3920 2158 exercitu

2355 2201 2511 2247 terra:
2538 2194 2717 2261 jugera
2749 2193 2877 2247 emit
2898 2232 2912 2257 ,
2959 2203 3010 2247 et
3063 2193 3444 2262 negotiationes
3470 2195 3727 2263 apparat?
3752 2194 3923 2248 Nemo

2352 2293 2496 2339 certe
2515 2325 2531 2349 ,
2575 2295 2628 2337 et
2659 2284 2780 2352 jure
2818 2284 3053 2353 quidem.
3099 2282 3229 2336 Nam
3257 2281 3325 2337 ad
3352 2282 3652 2337 bellandum
3684 2285 3878 2338 venisti

2356 2390 2457 2426 nott
2487 2374 2552 2427 ad
2580 2374 2971 2443 negotiandum.
2993 2373 3128 2441 Quid
3154 2374 3315 2444 igitur
3334 2372 3541 2428 laboras
3559 2374 3698 2429 circa
3721 2376 3919 2440 locum,

2354 2478 2508 2531 quem
2538 2464 2695 2534 paulo
2726 2472 2843 2531 post
2885 2464 3162 2517 relicturus
3203 2463 3300 2517 es?
3337 2462 3465 2517 Cum
3498 2464 3548 2517 in
3579 2465 3803 2533 patriam
3834 2481 3922 2520 ve-

2355 2556 2588 2608 nerimus
2618 2555 2666 2607 id
2694 2554 2883 2618 facito;
2910 2570 3029 2609 cum
3072 2555 3122 2609 itt
3149 2569 3429 2624 supernam
3461 2554 3730 2630 civitatem
3757 2556 3923 2611 adve-

2354 2644 2607 2708 neritnus,
2636 2643 2719 2698 his
2744 2643 2937 2698 fruere.
2966 2644 3091 2699 Hrcc
3122 2645 3212 2699 tibi
3240 2660 3379 2700 nunc
3401 2645 3554 2707 dico;
3585 2662 3707 2700 cum
3733 2662 3923 2716 supcr-

2354 2748 2473 2787 nam
2515 2733 2902 2799 possessionem
2950 2734 3087 2787 nacti
3133 2733 3420 2798 fuerimus,
3465 2746 3591 2789 tunc
3631 2736 3683 2790 id
3728 2735 3923 2797 facito;

2354 2823 2459 2875 imo
2486 2822 2611 2876 nihil
2642 2823 2731 2876 tibi
2763 2825 2867 2878 illic
2896 2824 3073 2880 labore
3100 2840 3232 2895 Optts
3259 2827 3397 2880 erit:
3428 2827 3536 2881 llex
3570 2828 3712 2882 enim
3742 2830 3925 2885 omnia

2354 2914 2457 2966 illic
2498 2922 2769 2983 operatur.
2824 2914 2919 2967 llic
2967 2914 3121 2969 nobis
3162 2916 3290 2969 satis
3341 2928 3419 2970 est
3470 2917 3663 2972 fossam
3710 2936 3924 2989 parare,

2351 3003 2545 3055 vallum
2571 3005 2762 3069 ﬁgere:
2787 3003 2988 3058 mditicii
3023 3004 3161 3057 nulla
3191 3006 3477 3062 necessitas
3506 3018 3609 3062 est.

2428 3093 2854 3147 Hamas-obierunt
2874 3104 2921 3149 et
2945 3093 3234 3148 Nomadum
3262 3096 3379 3149 vita.
3418 3096 3533 3150 Vita
3560 3101 3926 3154 monachorum

2351 3201 2500 3253 quam
2526 3195 2717 3239 sancta.
2744 3214 2814 3225 —
2838 3185 2973 3240 Audi
3003 3202 3243 3253 quautam
3272 3188 3341 3241 sit
3371 3187 3820 3245 Hantaxobiorum
3851 3196 3928 3263 (η)

2350 3274 2662 3344 Scytharum
2702 3274 2826 3337 vita,
2852 3275 2991 3341 quod
3017 3273 3309 3328 Nomadum
3340 3276 3633 3331 institutum
3659 3280 3805 3334 vitat.
3837 3284 3929 3336 Sic

2351 3374 2616 3433 Oporteret
2646 3365 2971 3418 Christianos
2996 3366 3173 3420 vivere
3195 3408 3210 3431 ,
3240 3381 3334 3435 per
3370 3367 3554 3422 orbem
3596 3371 3886 3426 circumire
3910 3416 3925 3436 ,

2351 3464 2531 3508 contra
2558 3453 2827 3507 diabolum
2862 3466 3172 3524 pugnantes,
3206 3456 3441 3525 captivos
3467 3457 3533 3512 ab
3560 3458 3650 3513 illo
3674 3460 3929 3518 dett-mos

2352 3549 2653 3607 liberantes,
2701 3547 2895 3600 relictis
2934 3547 3179 3603 omnibus
3221 3549 3559 3603 stecularibus
3602 3551 3781 3607 rebus.
3820 3556 3929 3608 tlur

2349 3640 2561 3693 domum
2590 3654 2813 3707 apparas
2836 3680 2851 3704 ,
2892 3656 2924 3689 o
2953 3639 3111 3692 homo
3126 3640 3151 3693 ’ἶ
3174 3656 3240 3694 an
3268 3650 3324 3695 ut
3354 3641 3576 3709 teipsunt
3609 3646 3777 3713 magis
3805 3647 3927 3699 viu-

2347 3732 2489 3783 eias?
2515 3730 2621 3784 Cur
2648 3732 2952 3783 thesaurum
2983 3730 3185 3785 delodis
3209 3774 3223 3796 ,
3269 3741 3323 3785 et
3351 3732 3622 3787 inimicum
3655 3750 3842 3791 contra
3875 3749 3927 3793 te

2348 3820 2572 3874 incitas?
2598 3835 2692 3873 cur
2718 3836 2845 3873 mur:
2869 3835 2894 3873 s
2925 3820 3153 3874 :ttdiﬂcas
3177 3863 3189 3883 ,
3218 3830 3273 3875 et
3299 3823 3387 3875 tibi
3421 3837 3689 3879 carcerem
3722 3829 3928 3894 paras?

2347 3910 2495 3975 Quod
2526 3912 2568 3963 si
2598 3909 2710 3962 Inec
2742 3910 2829 3962 tibi
2858 3909 3093 3964 dil‘ticilia
3122 3926 3239 3965 esse
3267 3912 3560 3980 videantur,
3608 3916 3672 3969 ad
3705 3918 3923 3973 illorunt

2351 4002 2690 4056 tabernacula
2721 4016 2998 4070 pergamus
3022 4044 3037 4067 ,
3081 4013 3136 4056 ut
3178 4019 3241 4056 ex
3272 4019 3467 4072 opere,
3506 4008 3924 4066 rei-facilitatem

2346 4092 2661 4145 ediscamus.
2685 4090 2814 4144 Nam
2842 4106 2961 4145 cum
2992 4092 3192 4161 tuguria
3223 4093 3293 4146 illi
3317 4096 3679 4164 excitaverint,
3710 4100 3757 4154 si
3783 4117 3925 4171 opus

2343 4181 2412 4234 sit
2428 4181 2567 4233 illinc
2585 4180 2875 4243 discedere,
2890 4180 2966 4234 sic
2980 4182 3264 4236 abscedunt
3286 4194 3333 4237 ut
3355 4186 3548 4241 milites
3563 4188 3651 4257 qui
3672 4196 3925 4259 tempore

2347 4271 2487 4337 pacis
2513 4272 2805 4324 exercitum
2832 4272 3150 4340 relinquunt.
3184 4272 3311 4326 Nam
3341 4274 3391 4327 lti
3417 4277 3661 4331 similiter
3687 4284 3921 4336 tentoria

2346 4361 2509 4427 tigunt
2528 4400 2541 4418 .
2570 4360 2661 4413 sed
2689 4359 2843 4429 longe
2872 4363 3103 4415 suavius.
3134 4362 3264 4416 Nam
3298 4364 3450 4433 longe
3473 4370 3688 4421 suavius
3714 4383 3797 4424 est
3826 4388 3922 4427 So-

2344 4448 2619 4503 litttdinent
2665 4451 2844 4504 videre
2893 4450 3190 4520 frequentes
3236 4456 3531 4509 monachos
3581 4456 3919 4529 habentem,

2342 4554 2499 4607 quant
2539 4540 2733 4593 milites
2779 4540 2829 4592 in
2874 4541 3106 4593 exercitu
3152 4542 3263 4596 vela
3307 4545 3606 4610 tendentes,
3645 4558 3698 4599 et
3732 4548 3922 4605 hastas

2345 4626 2596 4697 ligentes,
2625 4640 2679 4682 et
2700 4644 2729 4681 a
2760 4629 2977 4697 cuspide
3022 4629 3284 4684 hastarum
3313 4648 3500 4688 crocea
3529 4638 3679 4702 pallia
3705 4638 3920 4706 depen-

2340 4717 2569 4783 dentes;
2627 4719 2899 4773 homiuunt
2955 4721 3344 4775 multitudinem
3397 4727 3558 4777 aeneis
3602 4726 3920 4797 capitibus,

2342 4808 2599 4863 umbones
2640 4810 2946 4879 clypeorum
2994 4811 3250 4881 fulgorem
3298 4814 3520 4866 multum
3567 4817 3919 4887 Blﬂllltflllt's.

2344 4901 2517 4953 loricis
2548 4901 2758 4953 indutos
2787 4900 2977 4955 ferreis
2997 4945 3012 4968 ,
3047 4904 3242 4971 regiam
3289 4916 3531 4973 prompte
3558 4920 3823 4975 paratam,
3858 4912 3917 4965 ilv

2343 4992 2525 5059 losqne
2551 5007 2736 5045 omnes
2766 4993 3080 5060 prandentes
3125 5005 3177 5047 et
3219 4995 3339 5047 tibia
3384 4996 3641 5051 ludentes.
3675 4998 3798 5054 Non
3849 5006 3920 5055 ita

2336 5084 2622 5152 jucundum
2654 5084 2751 5137 hoc
2782 5085 3041 5138 theatrum
3089 5095 3169 5138 est
3189 5124 3204 5149 ,
3233 5102 3387 5153 quam
3421 5087 3521 5142 hoc
3542 5088 3607 5141 de
3634 5105 3744 5157 quo
3772 5109 3922 5149 nunc

2341 5176 2543 5243 loquor.
2575 5175 2702 5227 Nam
2728 5176 2769 5228 si
2794 5177 2843 5229 iu
2870 5177 3204 5229 solitudinem
3229 5178 3499 5243 abeamus,
3528 5179 3922 5253 videamusque

2340 5266 2563 5318 militum
2589 5266 2785 5319 Christi
2815 5266 3145 5320 tabernacula
3174 5307 3189 5329 ,
3230 5282 3334 5320 non
3364 5270 3477 5321 vela
3511 5279 3732 5324 extensa
3767 5274 3920 5329 vide-

2339 5356 2526 5419 bimus,
2576 5374 2677 5410 non
2726 5354 2991 5410 hastarum
3035 5356 3298 5425 cuspides,
3345 5373 3449 5411 non
3496 5360 3673 5427 peplo:
3715 5378 3923 5419 aureos

2338 5446 2533 5497 tholum
2583 5448 2779 5513 regiqu
2825 5446 3146 5512 cﬂieientes,
3195 5448 3286 5499 sed
3331 5463 3391 5501 ac
3435 5449 3479 5502 si
3520 5451 3638 5517 quis
3678 5450 3731 5501 in
3771 5463 3921 5507 terra

2398 5560 2467 5631 ((ι)
2496 5559 2893 5631 Βεχηηιητψιοὶτῐὶε
2916 5560 3121 5631 Scythis,
3146 5560 3229 5620 qui
3264 5561 3312 5608 in
3335 5561 3560 5623 plaustris
3578 5562 3731 5611 vitam
3754 5564 3922 5631 dege-

2334 5620 2465 5674 bant,
2492 5620 2625 5666 tntilli
2652 5622 2917 5681 scripsere.
2944 5622 3165 5668 Iloratius
3189 5636 3215 5681 :7
3336 5620 3347 5623 “
3374 5680 3377 5681 ν
3590 5635 3593 5640 ’

2548 5690 2749 5735 (murum
2775 5680 2985 5741 plaustra
3011 5695 3151 5739 raqas
3175 5680 3263 5730 rite
3289 5680 3477 5729 trahunt
3501 5684 3674 5730 dmitos.

2341 5740 2413 5789 De
2440 5744 2718 5790 λοιιωίιὼιεδ
2742 5740 2844 5791 sive
2869 5745 3107 5804 pecuariis
3132 5744 3306 5805 passim
3328 5744 3609 5792 Herodotus.
