4174 6332
191 414 283 467 «re
1130 397 1196 452 lN
1236 357 1640 450 annumin
1685 389 1755 445 ιι(

1861 388 1910 445 ι..
1955 388 2142 446 LXIX.
2183 392 2255 446 al.
2297 386 2465 446 Lxx.
3180 346 3183 349 i
3369 389 3476 449 est

190 532 343 585 inulto
362 528 456 578 hac
477 521 676 578 latiore
694 531 746 573 et
764 519 1021 573 immensa
1044 514 1239 568 multos
1254 509 1564 565 extenderet
1580 506 1759 567 czelos,

194 632 368 673 novum
396 625 557 683 atque
584 609 827 665 mirabile,
852 608 1122 661 theatrum
1151 601 1478 662 ostenderet,
1508 598 1577 651 ita
1605 606 1661 650 et
1688 596 1757 649 ibi

193 710 359 763 vizlere
400 716 481 759 est
507 721 520 755 :
548 700 849 757 habitacula
891 697 1089 767 quippe
1130 692 1341 747 illorum
1384 692 1517 744 ca'lo
1547 704 1653 741 non
1681 688 1764 739 iti-

190 802 365 855 feriora
396 792 707 850 aestimanda
739 796 866 844 sunt
890 807 903 842 :
927 803 1047 839 nam
1072 784 1245 855 angeli
1268 782 1332 837 ad
1355 796 1449 836 eos
1467 780 1759 841 divortunt,

191 892 285 943 imo
311 891 417 956 ipse
442 884 755 954 angelorum
785 880 1059 935 Dominus.
1085 875 1219 931 Nam
1243 874 1287 927 si
1310 873 1374 925 ad
1403 870 1759 925 Abrabamum

190 987 428 1033 Vt'ltm'lllll
453 1018 469 1040 ,
517 974 607 1043 qui
652 986 870 1026 uxorem
921 966 1149 1022 habebat
1192 975 1246 1020 et
1288 964 1425 1017 filios
1452 960 1758 1023 nutriebat,

187 1074 295 1141 quia
337 1066 652 1136 hospitalem
698 1063 844 1125 illum
874 1059 1122 1113 viderunt
1146 1075 1159 1111 :
1181 1070 1303 1109 cum
1330 1054 1580 1107 virtutem
1606 1052 1762 1119 longe

189 1164 425 1229 majorem
477 1156 789 1219 inveniunt,
832 1163 886 1211 et
930 1150 1199 1205 hominem
1246 1162 1277 1202 a
1319 1143 1762 1213 eorporclibera-

187 1263 285 1309 tum
310 1293 323 1311 ,
356 1259 519 1319 atque
548 1249 599 1303 in
630 1260 790 1301 carne
815 1257 1029 1298 carnem
1058 1239 1467 1309 despicientem,
1496 1234 1665 1289 multo
1693 1234 1757 1285 lt-

188 1344 388 1399 ltentius
417 1341 489 1394 ini
520 1347 823 1401 versantur,
849 1344 899 1389 et
923 1334 1175 1388 chorcam
1199 1338 1361 1400 agttnt
1386 1327 1513 1398 ipsis
1534 1339 1759 1380 censen-

188 1447 401 1487 laneam.
431 1432 611 1493 Mensa
640 1430 836 1497 quippe
862 1426 1000 1496 apud
1030 1426 1148 1479 illos
1174 1422 1319 1477 omtti
1349 1424 1474 1475 luxu
1503 1419 1759 1473 immunis

183 1537 252 1581 est
275 1564 289 1588 .
332 1525 526 1579 munda
557 1533 611 1577 et
652 1520 983 1591 philosophia
1015 1518 1191 1587 plena.
1219 1515 1335 1570 Non
1362 1511 1634 1583 sanguinis
1658 1511 1758 1576 rivi

185 1616 309 1683 apud
342 1617 484 1678 illos,
518 1630 687 1681 neque
715 1612 961 1665 dissectm
986 1623 1199 1669 carnes,
1228 1623 1332 1661 non
1357 1604 1545 1673 capitis
1569 1618 1757 1671 grave-

190 1706 342 1772 lines,
366 1720 477 1761 non
496 1703 857 1762 cattdimenta,
882 1715 989 1754 non
1008 1699 1163 1753 nidor
1180 1697 1433 1760 insuavis,
1454 1712 1559 1749 non
1583 1694 1759 1751 fumus

183 1800 436 1867 ingratus,
486 1810 591 1849 non
638 1802 862 1855 cursus,
912 1790 1202 1852 tumultus,
1250 1788 1440 1853 turhze,
1492 1786 1756 1841 clamores

182 1888 415 1947 onerosi:
465 1888 560 1943 sed
602 1885 752 1956 panis
778 1895 831 1938 et
858 1898 1025 1953 aqua;
1058 1883 1172 1936 b.rc
1209 1896 1273 1937 ett
1317 1879 1463 1951 puris
1490 1876 1755 1946 fontibus,

183 1981 261 2035 ille
301 1996 363 2033 ex
404 1979 568 2047 justis
616 1977 905 2031 laboribus.
955 1972 1105 2039 Quod
1156 1972 1201 2025 si
1253 1971 1446 2024 lautius
1490 1966 1757 2024 voluerint

183 2071 408 2140 epulari,
453 2070 631 2123 baccae
678 2068 934 2121 Iantiliant
978 2064 1197 2133 itnplettt
1230 2080 1243 2115 :
1272 2072 1325 2115 et
1367 2060 1535 2127 major
1562 2057 1647 2113 hic
1673 2066 1756 2116 est

181 2164 431 2232 mlnptas,
454 2177 618 2231 quam
645 2160 698 2213 in
722 2159 886 2228 regiis
914 2157 1134 2210 mensis.
1165 2155 1348 2209 Nullus
1379 2152 1464 2207 hic
1487 2154 1645 2211 timor
1666 2158 1755 2204 aut

181 2266 369 2309 tremor
399 2271 412 2303 :
444 2268 551 2305 non
598 2250 939 2321 magistratus
967 2260 1213 2310 accusat,
1245 2261 1349 2298 non
1382 2244 1711 2327 uxor/irritat
1735 2283 1753 2318 ι

181 2362 273 2397 non
306 2345 443 2398 tilitts
472 2345 525 2396 itt
556 2357 839 2398 lllﬂ‘l‘nl‘eltl
866 2341 1097 2409 conjicit.
1131 2357 1234 2395 nou
1265 2340 1407 2392 risus
1439 2338 1634 2392 nimius
1663 2350 1752 2389 rc-

178 2436 319 2490 solrit
340 2477 354 2497 .
387 2450 495 2489 non
527 2434 860 2488 adulatorum
910 2446 1164 2485 numerus
1194 2430 1377 2494 inllat;
1410 2428 1503 2481 sed
1531 2427 1752 2498 angelo-

180 2544 285 2580 rum
327 2536 410 2582 est
455 2541 638 2579 mensa
662 2566 676 2587 ,
725 2525 870 2577 omni
901 2523 1063 2581 simili
1096 2522 1323 2575 tumultu
1357 2535 1542 2574 vacua.
1573 2519 1755 2573 Strato

179 2618 311 2673 freno
334 2618 399 2670 ad
420 2616 838 2671 recumbendutn
858 2624 1097 2674 utuntur,
1119 2612 1257 2674 quin]
1276 2624 1327 2665 et
1346 2612 1585 2666 Christus
1606 2610 1749 2681 fecit,

178 2727 287 2763 eum
333 2709 617 2777 prandium
662 2707 713 2761 in
754 2706 972 2760 deserto
1014 2705 1178 2770 dedit.
1229 2703 1375 2756 Multi
1412 2719 1540 2756 vero
1581 2716 1754 2769 neque

176 2814 267 2854 sub
292 2810 432 2855 tccto
462 2799 515 2851 id
549 2799 779 2861 faciunt,
806 2796 898 2851 sed
927 2812 1023 2865 pro
1053 2805 1194 2850 tccto
1218 2796 1409 2851 ca-ltttn
1440 2794 1634 2848 habent.
1654 2833 1670 2859 ,
1699 2803 1750 2847 et

179 2894 341 2949 limam
372 2908 473 2963 pro
519 2891 749 2947 lucernae
786 2890 1010 2952 lumine,
1052 2904 1171 2957 quae
1200 2904 1297 2941 nec
1323 2888 1445 2941 oleo
1473 2896 1613 2957 eget,
1653 2900 1754 2943 nec

175 2985 407 3037 ministro
441 3004 453 3034 :
492 2983 598 3037 illis
642 2994 793 3037 certe
835 2981 965 3035 solis
1010 2981 1275 3051 condigne
1322 2980 1441 3036 ltma
1489 2978 1753 3033 ministrat

176 3076 354 3131 lin-em.

236 3168 286 3223 4.
328 3168 475 3221 llane
520 3167 691 3241 angeli
723 3182 960 3224 mensam
999 3182 1064 3223 ex
1094 3165 1226 3221 ozelo
1268 3174 1573 3233 speetautes
1608 3180 1741 3235 gau-

172 3260 285 3317 dent
312 3272 357 3314 et
392 3262 660 3323 la'tanlur.
692 3258 821 3315 Nam
854 3260 897 3312 si
925 3259 992 3312 de
1023 3274 1129 3312 uno
1169 3267 1448 3326 peccatore
1492 3258 1754 3316 pmnitcn-

177 3350 290 3404 tiam
320 3361 519 3421 ageute
545 3350 777 3422 gaudent
802 3347 952 3417 (Luc.
999 3347 1082 3403 l5.
1104 3349 1192 3417 7),
1225 3347 1293 3401 de
1325 3357 1397 3400 tot
1416 3347 1576 3415 iustis
1608 3346 1753 3413 ipsos

174 3442 501 3496 imitantibus
521 3441 646 3511 qttid
678 3456 783 3494 non
816 3440 1045 3494 facient?
1073 3438 1189 3493 Non
1220 3448 1303 3493 est
1329 3439 1398 3490 ibi
1423 3437 1673 3491 dominus
1700 3445 1754 3489 et

172 3549 345 3588 servus
375 3550 391 3589 :
422 3548 614 3587 omnes
638 3532 808 3590 servi.
838 3546 1027 3584 omnes
1060 3530 1231 3584 liberi.
1276 3530 1388 3585 Nec
1424 3538 1579 3601 putes
1623 3530 1751 3583 teni-

170 3642 276 3693 gina
306 3640 429 3680 esse
454 3624 507 3677 id
545 3624 686 3693 quod
704 3624 900 3677 dicitur
932 3640 948 3679 :
980 3639 1103 3675 nam
1138 3627 1276 3675 servi
1304 3630 1488 3675 mutuo
1516 3624 1651 3675 alter
1669 3628 1753 3674 at-

173 3718 358 3779 terius,
400 3727 452 3770 et
512 3716 711 3769 domini
756 3724 942 3768 mtttno
982 3724 1127 3769 sunt.
1178 3717 1473 3783 Appi-lente
1529 3728 1749 3782 Vespera

171 3822 315 3859 nemo
339 3816 572 3861 masstus
598 3815 680 3868 est
703 3821 716 3855 :
749 3804 890 3875 quod
918 3806 1070 3858 multi
1118 3804 1391 3857 hominum
1441 3804 1711 3873 patiuntur
1732 3844 1747 3863 ,

170 3902 285 3961 dunt
315 3900 636 3952 diurnorum
665 3898 924 3954 malorum
967 3895 1351 3950 sollicitudines
1382 3896 1560 3948 animo
1579 3894 1755 3948 revid-

171 4000 306 4045 runt.
334 3991 463 4045 Post
482 3978 693 4043 cmuain
720 4004 824 4043 non
857 3998 981 4042 sunt
1012 3988 1151 4041 fures
1178 3987 1429 4066 timendi,
1459 4002 1562 4040 non
1606 3987 1754 4041 clan-

169 4083 327 4137 ilenda
343 4085 533 4150 ianua,
553 4100 659 4135 non
679 4082 1029 4153 imponendos
1049 4082 1214 4136 rectis
1230 4124 1243 4145 ,
1270 4097 1441 4151 neque.
1471 4082 1557 4135 alii
1581 4091 1753 4135 metus

168 4175 367 4231 adsunt.
399 4174 492 4244 qui
525 4174 779 4241 plurimos
806 4176 1094 4241 exngitan',
1119 4173 1206 4242 qtti
1236 4182 1482 4225 accurate
1510 4173 1752 4225 lucernas

167 4266 585 4336 ustingnunt‘,
626 4281 692 4318 uc
742 4264 968 4319 scintilla
1019 4265 1163 4319 a-des
1215 4263 1484 4317 incendat.
1540 4262 1750 4326 illorum

166 4357 420 4427 colloquia
449 4357 641 4412 eadem
668 4367 792 4411 sunt
818 4346 1197 4425 tranqttt'iliuttc
1226 4356 1377 4424 plena
1405 4374 1417 4408 :
1450 4371 1623 4436 neque
1659 4370 1751 4409 ea-

168 4450 303 4513 dem,
328 4464 455 4518 qua!
509 4463 629 4510 nos,
667 4448 976 4521 loquuntur,
1017 4465 1139 4518 qua:
1181 4448 1309 4502 nihil
1344 4447 1409 4501 ad
1449 4462 1547 4502 nos
1590 4448 1754 4525 perti-

169 4550 312 4593 neant
334 4556 348 4591 :
374 4541 469 4594 Ille
492 4539 774 4609 praefectus-
794 4538 961 4593 factus
975 4552 1077 4606 est,
1100 4540 1188 4593 ille
1209 4539 1519 4609 prrefectura
1537 4539 1751 4604 excidit;

171 4632 252 4684 ille
295 4641 545 4690 tuor-nius
579 4639 681 4690 est.
715 4641 762 4683 et
787 4632 921 4683 alius
943 4631 1292 4692 hereditatem
1331 4633 1561 4702 excepit,
1598 4647 1755 4703 atque

169 4724 465 4789 hujusmodi
494 4723 633 4787 alia;
664 4722 755 4777 sed
790 4723 862 4777 illi
905 4739 1119 4800 semper
1141 4723 1209 4776 de
1236 4723 1427 4787 fittnris
1470 4725 1757 4808 loquuntur

171 4826 214 4865 el
264 4815 755 4884 philosophantur;
783 4830 845 4867 ac
871 4816 913 4868 si
948 4815 999 4868 iit
1039 4816 1144 4868 alio
1176 4815 1476 4877 habitarent
1500 4818 1661 4880 orbe,
1694 4832 1756 4870 ac

168 4906 207 4957 si
240 4907 289 4967 in
314 4906 523 4971 ratium,
551 4906 793 4961 translati
816 4914 1019 4970 essent,
1047 4922 1110 4961 ac
1135 4907 1179 4961 si
1210 4908 1277 4962 ibi
1308 4910 1469 4962 vitam
1513 4921 1752 4980 agerent,

166 4996 237 5047 sie.
261 4998 325 5050 de
348 4984 664 5051 exulestilttts
688 5011 901 5067 semper
926 4997 1235 5067 loquuntur,
1263 4999 1331 5053 de
1360 5001 1480 5065 sinit
1504 5001 1754 5063 Abrahae,

171 5087 231 5136 de.
254 5088 474 5142 coronis
522 5097 850 5151 sanctorum,
896 5088 962 5143 de
986 5088 1183 5144 Christi
1230 5090 1460 5156 chorea;
1507 5092 1574 5146 de
1619 5110 1756 5161 ιιι-ειε-

170 5181 402 5234 sentibus
426 5181 574 5233 nulla
601 5182 829 5243 mentio;
863 5182 959 5237 sed
980 5183 1117 5237 sicut
1141 5185 1207 5237 de
1244 5185 1304 5236 iis
1330 5226 1343 5247 ,
1378 5201 1495 5255 qu:e.
1523 5185 1757 5241 fortuic'e

173 5271 217 5321 in
259 5270 618 5325 foraminibus
646 5273 757 5325 suis
784 5282 968 5343 agunt,
1015 5274 1155 5343 loqui
1184 5285 1287 5329 non
1328 5276 1610 5346 dignamur
1642 5296 1654 5327 :
1684 5279 1758 5330 Sit:

174 5382 333 5433 neque
364 5368 440 5419 ii'i
469 5364 539 5419 de
568 5364 728 5419 rebus
746 5367 943 5420 nostris
958 5369 1264 5436 loquuntur,
1295 5371 1385 5423 sed
1409 5370 1473 5421 de,
1502 5370 1642 5440 Rege
1673 5388 1762 5424 sn-

173 5470 354 5521 perno,
384 5456 455 5510 de
488 5455 632 5509 bello
658 5457 929 5525 praesenti,
969 5457 1037 5511 de
1065 5458 1261 5513 diaboli
1287 5462 1758 5523 machinamentis,

172 5548 233 5601 de
261 5557 577 5603 sanctorum
611 5548 795 5617 gestis.
826 5548 883 5602 Si
910 5564 1029 5603 cum
1076 5550 1181 5604 illis
1207 5567 1601 5619 comparemur,
1635 5554 1759 5623 quid

174 5654 198 5691 ε
226 5639 462 5695 formicis
506 5639 839 5694 diﬂ'erimus?
880 5640 1019 5695 Nihil
1062 5651 1227 5697 certe.
1264 5639 1395 5696 Nam
1437 5651 1493 5698 ttt
1529 5644 1763 5698 formica:

236 5862 248 5891 ¹
278 5860 390 5921 Atil,
417 5859 515 5919 qui
532 5866 667 5911 mule
691 5858 913 5912 lucernas
934 5866 1138 5921 perimit.

1871 509 2165 576 corporalia
2196 521 2407 576 curant,
2436 512 2506 565 ita
2533 520 2585 564 et
2611 525 2739 571 nos;
2772 518 2931 580 atque
2959 508 3043 563 illa
3070 508 3245 565 solum
3268 508 3475 564 utinam

1869 616 2213 666 curarettnts;
2257 612 2312 656 at
2340 612 2487 657 certe
2514 618 2651 656 nunc
2680 601 2849 657 multo
2881 602 3085 672 pejora.
3116 600 3300 672 Neque
3324 607 3471 657 enim

1870 695 1938 747 de
1970 696 2291 749 necessariis
2320 693 2491 748 solum
2519 709 2644 749 cura
2689 705 2772 748 est
2811 694 2965 748 nobis
2984 735 2998 755 .
3024 694 3162 749 sicut
3201 694 3471 759 formicis,

1870 786 1963 837 sed
1990 785 2150 838 etiam
2178 785 2244 838 de.
2272 784 2581 852 superﬂttis.
2615 785 2726 839 Illa-
2773 801 3004 855 namque
3036 781 3257 843 cursum
3287 797 3476 843 tenent

1868 880 2013 931 omni
2058 878 2283 933 erimiue
2330 877 2600 932 liberum:
2648 894 2747 932 nos
2797 889 2977 933 autem
3017 893 3231 935 omnem
3271 879 3475 950 rapina)

1869 970 2108 1024 modum.
2149 969 2334 1040 Neque
2362 969 2613 1025 formicas
2649 971 2941 1035 imitamur,
2978 973 3071 1024 sed
3102 971 3257 1041 lupos
3280 981 3335 1027 et
3361 972 3469 1028 leo-

1871 1062 2066 1131 pardos
2105 1080 2115 1112 :
2148 1063 2255 1116 imo
2298 1072 2353 1117 et
2409 1062 2513 1117 illis
2562 1062 2775 1132 pejores
2820 1076 3027 1116 sumus.
3089 1061 3197 1116 lllis
3239 1078 3474 1133 namque

1868 1169 1990 1206 eum
2040 1152 2289 1208 vo<ccndi
2320 1152 2537 1210 modum
2586 1162 2772 1207 natura
2815 1152 2996 1206 tribuit
3030 1170 3044 1206 :
3080 1168 3180 1207 nos
3208 1168 3339 1209 vero
3378 1170 3471 1209 ra-

1868 1247 2011 1299 tione.
2037 1254 2093 1301 et
2115 1246 2368 1315 aequitate
2392 1246 2603 1300 ornavit
2633 1246 2769 1300 Dens
2802 1246 2857 1309 ις
2888 1255 2937 1298 at
2972 1258 3071 1298 nos
3100 1243 3228 1300 feris
3262 1240 3473 1301 ratione

1866 1338 2132 1403 ticsilllllis
2151 1338 2450 1393 deteriores
2476 1339 2747 1394 evasimus
2774 1338 2879 1391 :illi
2913 1352 3039 1392 vero
3065 1339 3269 1408 angelis
3288 1354 3439 1410 :equa
3457 1370 3469 1382 ο

1867 1431 1962 1490 les,
1987 1431 2123 1484 sicut
2148 1431 2410 1501 peregrini
2431 1438 2487 1486 et
2511 1430 2731 1484 advenae
2751 1429 2837 1484 hic
2860 1441 2979 1483 sunt
3002 1447 3015 1490 :
3040 1431 3091 1482 iii
3112 1431 3469 1503 omnibusque

1865 1531 1992 1576 sunt
2011 1522 2166 1576 nobis
2192 1521 2503 1587 dissimiles,
2522 1522 2574 1577 in
2600 1522 2860 1589 veSIibus,
2880 1523 3024 1587 cibo,
3045 1523 3226 1586 domo,
3246 1524 3465 1590 calceis,

1864 1628 2132 1667 sermone.
2166 1611 2221 1667 Si
2258 1613 2378 1682 quis
2414 1622 2469 1667 et
2515 1612 2634 1667 illos
2670 1621 2725 1667 et
2764 1627 2862 1667 nos
2904 1608 3186 1682 loquentes
3233 1614 3463 1679 audiret,

1866 1713 1992 1759 tunc
2026 1704 2183 1773 plane
2212 1713 2395 1759 nosset
2425 1703 2698 1773 quomodo
2738 1704 2811 1759 illi
2858 1704 3103 1759 caelestes
3141 1705 3322 1769 cives,
3368 1721 3467 1761 nos

1834 1813 1931 1862 ,ne
1964 1808 2103 1852 terra
2132 1797 2348 1867 quidem
2393 1796 2540 1866 digni
2571 1797 2763 1851 simus.
2810 1795 2938 1865 Ideo
2987 1812 3110 1852 cum
3138 1797 3259 1869 quis
3292 1798 3468 1868 digni-

1835 1921 1840 1926 -
1866 1902 1973 1952 tate
2002 1892 2225 1957 insignis
2253 1892 2375 1945 illos
2403 1892 2535 1956 adit,
2581 1901 2707 1946 tunc
2730 1892 2961 1946 maxime
2982 1892 3149 1946 fastus
3180 1894 3358 1946 omnis
3380 1893 3469 1945 de.-

1858 1985 2059 2053 jicitur.
2084 1984 2216 2041 Nam
2245 1984 2476 2054 agricola
2510 1985 2627 2049 ille,
2658 1985 2999 2050 stecularinm
3028 1985 3266 2039 omnium
3297 1985 3465 2054 impe—

1863 2079 2015 2140 ritus,
2050 2093 2212 2146 prope
2241 2077 2432 2131 ducem
2461 2076 2529 2130 de
2549 2076 2806 2145 dignitate
2832 2091 2927 2129 sua
2956 2077 3122 2130 altum
3159 2077 3457 2146 sapientem

1862 2173 2014 2224 sedet
2039 2186 2204 2239 super
2225 2179 2451 2224 stratum
2471 2170 2621 2235 fami,
2646 2185 2767 2223 eum
2797 2169 3015 2224 sordido
3038 2170 3318 2239 pulvinari.
3345 2169 3461 2224 Non

1863 2263 2004 2315 enim
2037 2262 2230 2315 adsunt
2262 2263 2329 2316 ibi
2372 2261 2461 2332 qui
2500 2263 2673 2331 ipsum
2701 2262 2962 2316 extollant
3001 2270 3051 2315 cl
3100 2262 3320 2326 inﬂent;
3366 2261 3461 2317 sed

1861 2352 2089 2421 idipsnm
2132 2353 2344 2417 accidit,
2394 2368 2455 2404 ae
2487 2354 2529 2406 si
2558 2353 2679 2422 quis
2714 2352 2778 2406 ad
2824 2351 3096 2406 aui-ilicem
3128 2362 3185 2407 et
3223 2362 3461 2408 rosetunt

1860 2448 2032 2499 veniat
2057 2462 2071 2508 ;
2102 2461 2224 2498 nam
2251 2447 2401 2500 etab
2435 2461 2567 2499 auro
2597 2455 2653 2499 et
2692 2460 2719 2498 a
2749 2446 2886 2500 rosis
2915 2445 3115 2515 aliquid
3157 2445 3465 2514 splendoris

1857 2534 2051 2603 arripit
2078 2554 2089 2586 :
2133 2535 2203 2589 ita
2234 2546 2285 2588 et
2319 2536 2413 2597 illi,
2444 2552 2507 2589 ex
2540 2536 2925 2590 tIlOtlﬂt'itOl‘lllﬂ
2954 2536 3119 2590 radiis
3143 2535 3342 2606 aliquid
3384 2537 3464 2591 lu-

1857 2631 1935 2684 Cri
1963 2629 2277 2694 referentes,
2298 2630 2570 2699 paululum
2594 2630 2720 2701 quid
2745 2648 2808 2686 ex
2828 2633 3133 2700 arrogantia
3165 2632 3462 2703 deponunt.

1858 2722 1935 2779 Ac
1981 2722 2430 2789 quemadmodum
2480 2724 2569 2790 qui
2621 2724 2672 2776 in
2725 2723 2894 2777 altum
2950 2724 3194 2780 ascendit
3243 2724 3460 2789 locum,

1856 2816 2197 2884 quantumvis
2219 2824 2419 2869 statura
2456 2833 2650 2885 parvus
2667 2817 2756 2879 sit,
2788 2834 3045 2884 procerus
3071 2818 3283 2874 videtur
3307 2835 3460 2875 esse:

1857 2909 1935 2963 sic
1955 2917 2002 2961 et
2035 2908 2136 2964 isti.
2164 2923 2284 2961 cum
2312 2908 2568 2961 sublimes
2592 2908 2803 2963 illorum
2825 2910 3036 2964 animos
3060 2908 3282 2975 adeunt,
3313 2910 3466 2966 simi-

1860 2999 1935 3056 les
1980 2998 2085 3055 illis.
2119 3008 2377 3068 apparent
2420 3000 2675 3069 quamdiu
2709 3000 2779 3054 ibi
2814 3010 3032 3055 manent
3069 3019 3082 3055 :
3114 3017 3235 3056 cum
3280 3012 3462 3057 autem

1856 3089 2255 3156 disserundi-rint,
2289 3106 2475 3145 rursus
2502 3092 2816 3147 humiliores
2851 3093 3122 3157 videntur,
3156 3094 3223 3147 ab
3247 3095 3343 3149 illa
3376 3094 3462 3149 al-

1860 3184 2085 3242 titudine
2107 3184 2322 3251 dejecti.
2346 3184 2485 3238 Nihil
2511 3184 2651 3253 apud
2684 3185 2803 3238 illos
2829 3196 2907 3238 est
2942 3201 3032 3239 rex
3054 3186 3232 3264 ,‘nihii
3273 3186 3465 3256 pnefc-

1856 3287 1973 3337 etus
2006 3295 2019 3331 :
2047 3276 2141 3332 Sed
2182 3276 2633 3346 quemadmodum
2679 3293 2777 3330 nos
2803 3276 2871 3330 de
2899 3277 3082 3348 pateris
3107 3277 3229 3332 illos
3254 3294 3459 3349 repue-

1860 3368 2193 3422 sentantibus
2222 3368 2460 3422 ridemus
2490 3384 2504 3422 :
2537 3368 2615 3421 sic
2638 3377 2693 3423 et
2722 3368 2794 3422 illi
2829 3378 3093 3429 tumorem
3123 3384 3333 3435 eorum,
3371 3370 3462 3441 qui

1860 3461 1986 3515 furis
2016 3468 2215 3513 int-tum
2239 3461 2319 3514 sui
2346 3461 2583 3514 incutere
2603 3470 2809 3523 curant,
2837 3471 3116 3529 respuunt.
3137 3461 3191 3516 ld
3230 3461 3353 3518 inde
3379 3478 3464 3532 pa.

1861 3554 2082 3617 iamest,
2114 3555 2255 3623 quod
2287 3555 2330 3608 si
2358 3544 2477 3622 quis
2501 3554 2627 3623 ipsis
2653 3570 2877 3624 regnum
2899 3564 3011 3608 tuto
3034 3542 3362 3609 servandum
3376 3555 3461 3608 of-

1859 3646 2041 3711 ferret,
2066 3663 2358 3715 numquam
2388 3647 2461 3701 illi
2491 3648 2797 3716 at-ciperent
2816 3664 2829 3710 :
2850 3650 3156 3719 acciperent
3179 3648 3336 3715 forte,
3359 3651 3462 3705 nisi

1857 3739 2015 3791 altius
2036 3746 2309 3807 saperent,
2343 3739 2443 3791 nisi
2470 3749 2868 3806 temporaneam
2900 3755 3016 3795 rem
3045 3756 3168 3796 esse
3191 3750 3460 3811 putarent.

1858 3832 1963 3885 Cur
1985 3847 2114 3901 ergo.
2152 3846 2257 3885 non
2302 3832 2710 3900 properabimus
2738 3833 2804 3887 ad
2853 3834 2995 3888 illam
3045 3835 3457 3899 beatitudinem,

1858 3939 1963 3976 non
1994 3922 2091 3976 hes
2117 3923 2334 3990 angelos
2362 3922 2629 3976 adibimus
2649 3965 2662 3981 .
2694 3914 2798 3978 non
2832 3938 2992 3992 puras
3024 3935 3201 3981 vestes
3234 3924 3464 3996 accipie-

1860 4033 1976 4069 mus
1997 4058 2011 4076 ,
2055 4025 2252 4070 etcum
2297 4032 2486 4085 pompa
2538 4015 2632 4068 Iris
2663 4018 2874 4083 nuptias
2902 4017 3296 4071 celebrabimus
3316 4058 3332 4082 ,
3364 4016 3460 4072 scd

1858 4109 2087 4163 mendici
2118 4109 2474 4170 manebimus,
2505 4110 2827 4175 pauperibus
2854 4109 3024 4163 nihilo
3048 4109 3240 4164 melius
3260 4110 3455 4171 allecti,

1860 4202 1966 4253 imo
2014 4199 2196 4269 peiore
2238 4215 2301 4252 ac
2350 4199 2740 4257 miscralii-liore
2779 4214 2941 4268 quam
2990 4200 3063 4254 illi
3113 4199 3463 4255 conditione?

1858 4291 1989 4347 Nam
2023 4292 2124 4345 illis
2154 4301 2300 4344 certe
2338 4291 2642 4346 miseriores
2672 4300 2797 4344 sunt
2827 4291 2917 4360 qui
2950 4292 3090 4347 male
3123 4304 3302 4361 partas
3320 4292 3462 4347 diri-

1860 4385 1961 4442 tias
1993 4382 2263 4451 passidetit
2292 4399 2305 4435 τ
2354 4383 2545 4436 melus
2587 4383 2785 4452 quippe
2812 4392 2897 4438 est
2937 4383 3267 4447 mendicare,
3299 4397 3461 4455 quam

1858 4476 2028 4529 aliena
2058 4490 2288 4543 rapere:
2322 4490 2449 4534 nam
2485 4474 2616 4529 illud
2657 4476 2846 4533 venia.
2905 4475 3007 4529 hoc
3059 4476 3326 4545 supplicio
3380 4476 3464 4529 di-

1858 4583 2057 4635 gnum;
2104 4577 2158 4625 et
2189 4567 2277 4625 ille
2326 4568 2541 4637 quidem
2584 4568 2747 4621 Deum
2798 4584 2903 4622 non
2959 4568 3225 4635 oil'endit,
3271 4569 3356 4625 hic
3409 4581 3462 4625 et

1863 4659 2030 4719 lteum
2056 4658 2279 4721 oiletitlit
2313 4669 2367 4713 et
2422 4659 2667 4721 homines
2695 4677 2709 4713 :
2745 4660 2835 4716 ille.
2864 4661 3064 4729 rapina!
3098 4663 3198 4715 fert
3221 4662 3463 4731 labores,

1863 4748 2090 4809 fructum
2122 4759 2298 4813 autem
2331 4764 2552 4813 omnem.
2579 4750 2669 4806 alii
2693 4765 2839 4819 sa'pe
2876 4753 3135 4815 tulerunt.
3168 4752 3295 4806 Ihm:
3336 4768 3463 4807 cum

1860 4843 2114 4905 mammis,
2157 4842 2381 4902 avaritia
2426 4843 2573 4901 enini
2597 4842 2862 4911 deposita,
2903 4845 3138 4897 caelestia
3169 4854 3329 4915 atque
3354 4861 3462 4899 cm-

1864 4937 1997 4995 teste
2022 4950 2246 5004 regnum
2272 4950 2395 4989 cum
2425 4935 2607 4991 studio
2634 4937 2779 4989 omni
2815 4937 3108 5004 rapiamus.
3134 4935 3250 4990 Non
3283 4947 3461 5005 potest

1866 5030 2031 5091 enim,
2064 5045 2167 5080 non
2197 5035 2367 5097 potest
2396 5038 2544 5081 certe
2573 5028 2663 5097 qui
2702 5030 2978 5096 neglig-ens
3016 5040 3097 5083 est
3142 5045 3206 5084 eo
3236 5030 3458 5095 intrare.

1869 5120 2083 5179 Utinam.
2111 5136 2239 5175 vero
2267 5136 2457 5175 omnes
2478 5165 2493 5193 ,_
2521 5121 2715 5189 vigiles
2734 5120 2867 5177 facit
2888 5131 2940 5176 el
2968 5121 3253 5192 diligentes
3275 5164 3289 5187 ,
3333 5124 3460 5177 illud

1864 5228 2290 5284 eonsequamur,
2340 5214 2511 5284 gratia
2565 5224 2619 5273 ct.
2672 5214 2997 5283 benignitate.
3041 5215 3249 5271 Domini
3299 5219 3464 5271 nostri

1865 5306 1991 5360 Jesn
2021 5304 2242 5368 Christi,
2291 5307 2373 5358 cui
2400 5304 2567 5375 gloria
2593 5314 2647 5358 et
2680 5306 2964 5385 imperium
2985 5307 3038 5361 in
3061 5308 3258 5363 saecula
3289 5325 3461 5363 saecu-

1869 5399 2061 5463 lot‘ttnt.
2092 5402 2263 5452 Amen
2291 5400 2311 5429 '

1934 5500 1949 5527 ι
1970 5491 2060 5542 llic
2082 5492 2268 5547 variant
2298 5490 2614 5553 exiunplaria.
2642 5490 2770 5540 Editl
2805 5492 3009 5547 habent.
3029 5506 3117 5543 uos
3150 5506 3262 5547 rem
3286 5500 3466 5544 ratione

1868 5562 1913 5604 et
1938 5557 2161 5616 a‘qm'tnle
2188 5555 2383 5619 primm
2416 5553 2653 5619 Cht‘imts.
2681 5556 2842 5619 Pauci,
2869 5569 2976 5619 pro,
3004 5558 3249 5615 a'quitute.
3274 5557 3464 5614 legunt,

1869 5619 2045 5666 unitate
2070 5616 2291 5665 nominis.
2320 5618 2627 5676 Lectionum,
2651 5628 2763 5678 qua:
2794 5616 3036 5665 sinucrior
3073 5621 3216 5669 nobis
3238 5619 3337 5668 visa
3372 5627 3465 5679 est,

1872 5684 1921 5729 in
1946 5686 2088 5729 le‘tlll
2113 5680 2383 5739 posuimus.

1935 5743 1953 5771 ¹
1981 5738 2123 5802 Apud
2145 5740 2303 5802 Morel.
2330 5739 2527 5788 homilia
2560 5738 2745 5802 desinit
2768 5739 2860 5789 hoc
3177 5739 3367 5790 mdeste
3394 5754 3461 5790 re-

1872 5800 2151 5866 gmmi'cmn
2172 5800 2301 5850 nimi
2324 5802 2482 5851 midio
2504 5801 2753 5863 rapiamus
2790 5812 2837 5850 ut
2879 5803 3045 5868 [tuum
3063 5807 3186 5857 bona
3210 5818 3471 5865 consequa-

1876 5878 2003 5922 mur,
2028 5871 2187 5927 gratta
2208 5870 2271 5927 et,
2301 5872 2397 5913 etc.

4112 2631 4167 2761 ἓξ,

4118 2830 4165 2887 ξι

4119 2896 4157 2956 ξ-

4118 2964 4169 3007 (ν
