4174 6332
535 339 637 395 65!
1242 329 1299 385 8.
1338 328 1614 386 JOANNIS
1648 328 2121 385 CIIIIYSOSTOMI
2160 328 2198 383 Δ

2293 327 2477 382 HlEP.
2516 324 2776 382 CONSTA
2786 321 3048 379 NTINOP.
3698 313 3799 369 656

554 453 744 468 δ’..-

1242 329 1299 385 8.
1338 328 1614 386 JOANNIS
1648 328 2121 385 CIIIIYSOSTOMI
2160 327 2477 383 ARCHIEP.
2516 321 3048 382 CONSTANTINOP.

2177 432 3795 459 Μ...-

1696 551 2033 614 HOMILIA
2077 550 2278 613 LXX.
2324 550 2410 611 al.
2457 548 2685 613 LXXI.

581 722 824 780 ουλε.
864 737 917 776 v.
955 720 1043 777 15.
1088 719 1233 776 Tunc
1276 721 1513 774 obeuntes
1548 715 1799 772 Pharisa-i
1842 715 2107 771 consilium

826 811 1060 877 inierim,
1087 820 1141 865 ut
1162 827 1272 865 eum
1298 810 1349 863 in
1378 824 1603 864 sermone
1629 816 1883 878 caperent.

636 904 685 958 I.
727 899 890 976 Tunc,
918 900 1250 970 quandonam
1273 900 1298 951 ’ἰ
1325 899 1546 966 Quando
1577 898 1805 952 maxime
1835 897 1955 952 illos
1989 909 2138 951 com-

570 994 732 1065 pungi
761 994 1037 1064 oportuit,
1067 992 1281 1062 quando
1322 991 1697 1061 benignitatem
1726 989 1842 1058 ejus
1863 984 2136 1053 admirari,

2235 725 2290 770 et
2316 723 2596 785 tyrannum
2621 713 2881 781 supplicio
2898 709 3188 766 traderent.
3221 704 3353 761 Illud
3382 703 3523 759 enim
3549 740 3565 765 ,
3596 698 3721 753 Non
3751 709 3822 752 est

2238 808 2324 861 tibi
2365 824 2487 861 cura
2514 806 2577 859 de
2601 807 2789 873 aliqua,
2813 814 2889 870 et,
2937 802 3055 857 Non
3102 799 3309 870 respicis
3352 796 3420 850 ad
3454 808 3698 865 personas
3734 791 3821 842 Ιιο-

2242 899 2457 962 minum,
2482 899 2549 952 de
2579 896 2788 952 Ile-rude
2818 905 2874 949 rt
2899 896 3114 949 (Ia-sarta
3138 892 3238 947 sub
3264 889 3448 944 umbra
3477 884 3709 955 quadam
3742 881 3826 935 di-

2242 992 2479 1055 cehatur,
2511 988 2605 1043 Dic
2629 989 2784 1059 igitur
2812 986 2953 1040 nobis
2973 1027 2985 1048 ,
3025 984 3146 1056 quid
3174 982 3264 1036 tibi
3288 978 3525 1034 videtur!
3551 976 3709 1032 Nunc
3737 975 3835 1026 ιιιι-

566 1084 778 1153 qnando
804 1085 975 1138 futura
1006 1082 1290 1137 formidare
1317 1097 1411 1150 par
1430 1091 1565 1145 erat,
1584 1080 1797 1153 quando
1816 1095 1880 1134 ex
1903 1077 2144 1149 praeteri-
2246 1085 2470 1145 "oratis,
2498 1091 2552 1135 ct
2577 1080 2849 1134 doctorem
2874 1078 3089 1147 putatis,
3113 1074 3201 1143 qui
3226 1073 3395 1135 illum,
3418 1086 3537 1125 cum
3558 1069 3628 1122 de
3656 1067 3836 1121 salute

572 1177 639 1231 tis
661 1175 728 1231 de
766 1174 955 1230 futuris
994 1172 1319 1228 credendum
1350 1183 1484 1227 erat.
1515 1172 1644 1227 Nam
1678 1188 1799 1226 cum
1826 1171 1975 1225 factis
2003 1169 2144 1223 dicta
2250 1181 2420 1226 vestra
2452 1171 2759 1233 dissereret,
2792 1166 3188 1232 contempsistis
3207 1204 3222 1226 ,
3250 1177 3393 1231 stupe
3418 1167 3472 1214 et
3503 1155 3835 1214 contumelia

574 1265 893 1332 clamabant;
924 1265 1187 1335 publicani
1214 1252 1268 1320 et
1290 1264 1597 1319 meretrices
1622 1261 1977 1327 crediderant,
2018 1274 2147 1330 pro-
2208 1305 2215 1311 .
2249 1262 2538 1319 affecistis‘i
2558 1261 2885 1318 Uudeetiam
2905 1258 2990 1313 hic
3006 1253 3541 1313 concordisentcutia
3562 1250 3835 1305 fucmnt'.

576 1356 752 1426 phette
782 1367 835 1412 et
855 1356 983 1425 justi
1012 1346 1270 1410 interfecti
1304 1353 1512 1409 fuerant
1539 1371 1553 1407 :
1579 1353 1645 1408 ab
1670 1353 1749 1407 his
1775 1367 1901 1408 vero
1926 1350 2148 1406 instituti

2293 1372 2330 1409 .c
2359 1354 2478 1409 ride
2507 1354 2716 1407 illorum
2745 1352 3027 1406 vafritiem.
3046 1349 3159 1403 Non
3182 1348 3385 1407 dicunt,
3416 1345 3508 1399 Dic
3531 1343 3688 1397 nobis
3712 1339 3861 1418 qnid_

581 1462 685 1503 non
713 1446 979 1504 debebant
1008 1449 1236 1501 futuram
1276 1460 1425 1500 suam
1474 1444 1764 1513 perniciem
1796 1458 1989 1514 negare
2011 1483 2025 1506 ,
2058 1440 2151 1497 sed
2259 1447 2474 1506 bonum,
2494 1444 2619 1515 quid
2640 1444 2788 1508 utile,
2810 1443 2935 1513 qttid
2962 1441 3170 1512 legale?
3196 1440 3313 1504 sed,
3346 1436 3481 1505 Quid
3507 1436 3595 1490 tibi
3621 1435 3843 1488 ridetur?

581 1548 637 1594 ct
668 1538 886 1595 credere
912 1549 968 1594 et
1013 1539 1345 1608 resipiscere.
1379 1541 1622 1592 Attamen
1667 1550 1837 1605 neque
1860 1536 1936 1590 sic
1960 1534 2157 1590 desinit
2262 1538 2335 1591 Ita
2365 1536 2465 1591 hoc
2496 1552 2657 1591 unum
2678 1536 3009 1606 speet-ibant,
3044 1545 3096 1586 ut
3126 1532 3556 1591 tmderenteutn,
3582 1535 3639 1582 et
3666 1534 3729 1579 ut
3749 1525 3847 1577 im-

585 1632 794 1687 iilorum
838 1630 1094 1698 nequitia,
1121 1629 1213 1685 sed
1250 1628 1443 1683 crescit
1468 1636 1522 1683 et
1552 1627 1772 1682 ulterius
1798 1624 2154 1695 progreditur.
2262 1629 2498 1699 parantis
2527 1629 2733 1682 hostem
2780 1626 3135 1681 declararent.
3167 1622 3223 1677 Id
3263 1620 3566 1691 signitieans
3613 1615 3847 1676 Marcus,

587 1719 783 1777 Verum
809 1722 930 1791 quia
962 1721 1142 1776 turbas
1171 1721 1436 1783 timentes,
1466 1719 1615 1774 illum
1634 1717 2034 1787 apprehenderc
2054 1732 2159 1771 non
2263 1719 2729 1790 arrogantiamque
2772 1718 3007 1788 ipsorum
3060 1712 3562 1783 sanguinariumqne
3611 1707 3851 1761 animum

589 1810 875 1877 audebant,
914 1812 1071 1865 aliam
1103 1810 1270 1865 iniere
1298 1810 1458 1874 viam,
1488 1819 1544 1863 ut
1584 1809 1636 1863 iu
1674 1808 1960 1877 perieulum
1991 1807 2162 1877 conji-
2268 1812 2583 1879 ostendens,
2610 1812 2808 1867 dixisse
2834 1810 2953 1865 illos
2979 1809 3087 1864 ait:
3111 1807 3365 1862 Demusne
3391 1802 3582 1859 Cauni
3606 1815 3813 1855 censum
3834 1837 3852 1864 ,

590 1912 795 1965 cercut,
822 1912 871 1955 et
893 1901 1217 1971 publicarum
1238 1899 1569 1977 iniquitatum
1592 1915 1739 1954 reum
1762 1899 2162 1954 constituerent.
2268 1920 2336 1958 au
2376 1919 2477 1957 non
2512 1904 2688 1957 demus
2713 1901 2914 1972 (Marc.
2947 1900 3033 1955 12.
3068 1899 3204 1970 ﬂ)?
3233 1897 3306 1952 Ita
3350 1894 3590 1951 furorem
3639 1890 3856 1962 quidem

596 1990 683 2046 16.
725 1989 935 2045 Mittunt
979 1992 1121 2044 enim
1164 1990 1211 2043 ei
1250 1990 1527 2058 discipulos
1565 2006 1683 2044 suos
1703 2005 1816 2041 cum
1860 1988 2165 2044 Herodiauis
2271 1993 2581 2065 spirabant,
2612 2003 2667 2049 et
2697 1992 2916 2048 insidias
2961 1990 3361 2063 parturiebant,
3393 1989 3517 2043 dum
3545 1985 3749 2040 cultum
3781 1983 3858 2037 si-

593 2082 808 2136 dicentes
829 2097 848 2135 :
870 2080 1131 2152 Magister,
1154 2083 1337 2135 scimus
1364 2080 1482 2150 quia
1502 2096 1655 2134 uerax
1680 2097 1751 2146 es,
1769 2090 1816 2133 et
1845 2081 1975 2134 uiam
1992 2079 2089 2135 Dei
2114 2082 2167 2135 in

2293 2085 2558 2140 uolarent.
2585 2082 2723 2152 Quid
2755 2084 2912 2155 igitur
2933 2082 3057 2138 ille?
3082 2081 3167 2137 18.
3196 2080 3333 2148 Quid
3354 2095 3432 2133 me
3452 2076 3677 2139 tentatis,
3697 2075 3864 2145 hypo-

598 2177 802 2230 tteritute
827 2174 991 2235 doces.
1044 2190 1133 2227 nec
1179 2175 1243 2227 de
1263 2173 1432 2244 aliqua
1458 2174 1545 2228 tibi
1588 2190 1709 2227 cura
1754 2184 1828 2227 est
1850 2190 1869 2227 :
1898 2192 1998 2227 mm
2038 2178 2170 2228 enim

2293 2178 2456 2233 trita!
2476 2177 2719 2233 Vidistin’
2744 2175 3014 2247 quomodo
3040 2174 3243 2244 majore
3270 2188 3391 2229 cum
3436 2168 3733 2227 acrimonia
3777 2183 3867 2220 re-

600 2267 808 2335 respicis
829 2266 897 2320 ad
913 2283 1177 2335 personant
1203 2266 1479 2321 hominum.
1509 2266 1591 2320 I7.
1617 2265 1713 2351 Dic
1732 2281 1849 2335 ergo
1868 2265 2028 2327 nobis,
2052 2264 2173 2333 quid
2277 2269 2575 2342 spondeat?
2613 2269 2746 2336 Qui;
2787 2268 2929 2323 enim
2982 2265 3217 2339 “equilia
3242 2275 3294 2319 οι
3335 2265 3569 2334 perfecta
3604 2270 3659 2316 et
3687 2273 3867 2313 mam-

603 2358 692 2411 tibi
729 2356 965 2411 videtur!
1006 2359 1117 2412 licet
1146 2374 1346 2412 censum
1375 2358 1498 2413 dare
1539 2357 1747 2423 (ἐωστὴ
1780 2374 1847 2411 an
1888 2374 1987 2411 non
2009 2358 2034 2412 .’
2057 2357 2176 2412 Tri-

608 2448 789 2502 butum
817 2448 957 2503 enim
985 2448 1093 2516 jam
1122 2448 1399 2503 solvebant
1417 2490 1430 2511 ,
1458 2464 1579 2503 cum
1602 2464 1688 2503 res
1719 2449 1951 2519 ipsorum
1995 2450 2045 2503 in
2073 2448 2182 2503 Ro-

606 2556 884 2597 manorum
912 2541 1190 2610 imperium
1216 2541 1552 2597 transissent.
1588 2541 1721 2609 Quia
1749 2534 1907 2612 igitur
1933 2542 2182 2597 videbant

607 2629 880 2709 'I‘heudani
909 2640 965 2687 et
988 2630 1175 2686 ludam
1206 2630 1307 2686 hac
1333 2630 1404 2687 de
1429 2645 1590 2688 causa
1613 2632 1770 2702 paulo
1789 2641 1914 2688 ante
1939 2634 2179 2703 periisse,

612 2732 671 2777 ιιι
714 2723 803 2794 qui
848 2723 1189 2779 rebellionem
1237 2722 1658 2792 meditarentur,
1690 2726 1973 2795 cupiebant
2011 2726 2181 2796 ipsum

612 2830 823 2885 quoque
849 2816 987 2873 circa
1020 2831 1105 2871 res
1131 2815 1343 2872 easdem
1365 2818 1651 2887 suspicioni
1678 2818 1965 2873 obnoxium
1998 2818 2188 2875 redde-

612 2920 691 2959 re.
725 2905 955 2976 Ideoque
999 2905 1289 2975 discipulos
1330 2922 1458 2979 suos
1502 2924 1623 2964 cum
1668 2908 1892 2965 Iierodis
1932 2910 2187 2967 militibus

614 2998 895 3065 miserunt,
936 2998 1129 3067 duplex
1158 3000 1507 3070 prmcipitium
1534 3012 1799 3073 parantes,
1828 3010 1885 3056 ut
1912 3003 2184 3074 putabant,

613 3098 671 3145 et
700 3090 931 3160 undique
975 3090 1219 3160 laqueum
1251 3091 1529 3148 tendentes
1556 3102 1645 3158 ut,
1673 3093 1924 3164 quidquid
1964 3094 2185 3163 diceret,

616 3190 898 3249 caperetur
926 3180 993 3234 ab
1012 3180 1091 3235 eis
1111 3222 1127 3247 ,
1156 3196 1221 3236 ac
1263 3183 1307 3237 si
1345 3197 1440 3252 pro
1485 3182 1799 3238 IIcrodiauis
1823 3184 2188 3254 responderet,

620 3271 717 3339 ipsi
744 3282 1075 3338 accusarent,
1105 3273 1185 3327 sin
1211 3287 1308 3343 pro
1332 3272 1477 3342 ipsis,
1528 3273 1615 3327 alii
1637 3274 2065 3329 criminarentur.
2092 3277 2194 3329 At-

618 3360 708 3430 qui
734 3360 1041 3416 didmcluna
1058 3361 1170 3433 jam
1201 3362 1434 3418 solverat
1464 3381 1477 3415 :
1506 3363 1599 3418 sed
1624 3362 1734 3420 hoc
1764 3364 1836 3417 illi
1860 3364 2192 3435 ignorabant,

621 3463 676 3508 et
697 3455 953 3508 utrumvis
977 3454 1198 3521 diceret,
1229 3470 1288 3509 se
1330 3467 1578 3523 capturos
1602 3472 1722 3510 eum
1749 3458 2051 3527 sperabant.
2082 3457 2195 3511 bia-

622 3543 844 3599 Iuissent
866 3555 1039 3600 tamen
1062 3562 1180 3600 eum
1198 3556 1382 3601 contra
1405 3546 1734 3603 Herodianus
1766 3549 1962 3619 aliquid
1992 3550 2190 3605 dicere.

626 3635 853 3710 Ideoque
880 3640 1168 3709 discipulos
1198 3642 1413 3695 mittunt
1434 3683 1448 3706 ,
1490 3644 1577 3712 qui
1609 3644 1754 3697 illum
1792 3647 2070 3714 praesentia
2101 3660 2205 3701 sua‘

626 3728 691 3781 ad
720 3730 769 3783 id
798 3730 1130 3796 inducerent,
1150 3744 1206 3785 ut
1235 3733 1379 3812 illum
1406 3736 1612 3801 prasidi
1641 3736 1909 3791 traderent
1932 3748 1981 3791 ut
2016 3747 2199 3804 tyran-

631 3835 776 3873 num.
807 3820 917 3875 Hoc
943 3822 1087 3876 enim
1116 3831 1168 3877 ct
1196 3822 1365 3879 LIICaS
1390 3826 1687 3894 stthiudicat
1711 3828 1922 3894 dicens,
1964 3843 2057 3882 eos
2084 3839 2197 3882 tur-

630 3910 712 3963 his
735 3912 1084 3979 praesentibus
1114 3914 1486 3983 interrogasse,
1511 3926 1568 3971 ut
1596 3918 1761 3987 majus
1790 3928 1932 3974 esset
1962 3921 2201 3974 testimo-

629 4003 795 4057 nium.
836 4002 1169 4059 Contrarium
1216 4020 1389 4062 autem
1418 4010 1636 4063 onmiuo
1666 4012 1869 4075 evenit;
1912 4012 1963 4065 in
2014 4012 2201 4080 majori

629 4092 825 4162 quippe
855 4093 1063 4148 theatro
1099 4096 1332 4150 stultitim
1356 4112 1469 4152 sua:
1512 4107 1877 4167 argumentum
1922 4100 2201 4155 dederunt.

632 4188 711 4237 Ac
740 4183 859 4238 vide
899 4185 1259 4240 adulationem
1297 4202 1514 4253 eorum,
1568 4174 1940 4261 ercultmuqne
1982 4190 2201 4245 dohnn:

636 4274 904 4343 Nouimus,
933 4277 1191 4347 inquiunt,
1217 4279 1336 4345 quia
1364 4296 1517 4334 uerna:
1550 4296 1621 4334 es.
1647 4280 1757 4335 Cur
1778 4297 1906 4352 ergo
1927 4282 2202 4348 dicebatis,

632 4369 891 4423 Seductor
915 4379 1014 4431 est.
1040 4380 1112 4435 ct,
1142 4370 1350 4424 Seducit
1375 4375 1589 4435 turbam,
1611 4379 1683 4435 et,
1710 4371 2029 4427 Dwntonium
2064 4374 2207 4428 habet

633 4458 827 4529 (Joau.
852 4460 903 4513 7.
938 4460 1004 4514 12
1032 4469 1078 4513 ct
1103 4460 1187 4515 i0.
1205 4461 1317 4532 20),
1345 4469 1419 4527 et,
1443 4461 1555 4515 Non
1573 4471 1656 4516 est
1674 4478 1738 4518 ex
1764 4463 1904 4517 Deo?
1928 4480 2023 4519 cur
2052 4466 2207 4534 paulo

641 4561 768 4607 ante
797 4554 1188 4611 consultabatis
1214 4559 1488 4627 quomodo
1522 4558 1673 4614 illum
1705 4560 2069 4616 occideretis?
2106 4560 2209 4616 Sed

643 4643 825 4697 omnia
843 4643 918 4697 illi
953 4644 1108 4705 ﬁunt.
1136 4658 1297 4715 prout
1326 4649 1538 4705 insidiae
1562 4634 1880 4722 suggerunt.
1905 4652 2043 4718 Quia
2066 4653 2212 4707 enim

642 4734 798 4797 ιιειιιιιι
823 4742 942 4785 ειιιιι·
973 4746 1093 4787 cum
1120 4737 1424 4804 arrogantia
1452 4736 1718 4803 dixerant,
1746 4737 1813 4792 In
1833 4756 1931 4809 qua
1968 4751 2212 4810 potestate

638 4824 746 4878 Ιιιινε
782 4823 908 4893 facis
938 4824 1147 4895 (Matth.
1176 4823 1266 4879 2|.
1297 4826 1388 4897 25)
1412 4827 1434 4878 ?
1462 4842 1563 4882 nec
1600 4830 2003 4899 responsionem
2025 4841 2211 4887 extor-

637 4934 803 4988 quere
834 4929 1137 4989 potuerunt,
1188 4930 1406 4991 sperant
1435 4921 1582 4975 illum
1609 4923 1910 4979 adulatione
1935 4924 2213 4980 emollien-

637 5010 762 5063 dum
810 5025 963 5075 esse,
992 5019 1047 5064 et
1073 5010 1426 5065 inducendum
1466 5020 1521 5065 ut
1557 5012 1821 5083 quidpiam
1851 5015 1993 5069 dicat
2029 5024 2211 5069 contra

642 5106 806 5174 leges,
830 5122 947 5175 qua:
978 5118 1100 5159 tunc
1125 5106 1388 5175 vigebant,
1416 5117 1467 5161 et
1496 5107 1785 5161 dominanti
1821 5109 2069 5177 potentia:
2086 5124 2214 5164 con-

642 5199 881 5252 trarium.
913 5198 1251 5269 Quapropter
1281 5201 1452 5270 ipsum
1477 5216 1714 5255 vcracem
1746 5204 1962 5265 dicunt,
1992 5203 2041 5255 id
2074 5202 2214 5273 quod

639 5297 755 5342 erat
801 5290 1145 5357 conﬁtentes;
1192 5307 1379 5347 verum
1429 5306 1533 5345 non
1585 5301 1721 5345 recta
1771 5296 2069 5359 sententia,
2123 5309 2215 5349 ne-

638 5396 743 5449 que
772 5381 1013 5437 volentes
1038 5383 1087 5437 id
1115 5382 1319 5447 dicunt,
1348 5392 1401 5438 et
1444 5384 1543 5437 Itoc
1565 5384 1821 5451 adjiciunt
1850 5406 1863 5439 :
1891 5382 2009 5438 Non
2030 5395 2101 5438 est
2127 5385 2215 5439 tibi

638 5490 761 5526 cura
795 5470 860 5528 de
890 5475 1079 5543 aliquo.
1115 5476 1244 5530 Vide
1270 5492 1425 5546 quant
1456 5476 1711 5547 liquidum
1738 5480 1839 5542 sit,
1874 5479 2007 5532 vello
2037 5493 2129 5533 eos
2161 5480 2212 5532 iu

640 5567 944 5635 hujusmodi
987 5582 1288 5625 sermonem
1330 5572 1598 5641 conjicere
1624 5588 1778 5639 cum,
1823 5588 1929 5643 quo
1979 5572 2216 5627 Herodes

640 5659 957 5722 oil'ctidatur.
1004 5660 1137 5715 etin
1170 5662 1462 5732 tyrannidis
1496 5664 1857 5734 suspicionem
1900 5664 2115 5729 veniat,
2160 5672 2216 5718 ut

641 5768 726 5823 qui
746 5766 925 5812 contra
948 5759 1115 5827 legem
1153 5761 1514 5826 msurrexerit,
1541 5776 1643 5827 quo
1662 5758 1807 5813 illum
1829 5768 1885 5812 ut
1902 5757 2213 5817 seditiosum

2282 2360 2414 2416 festa
2440 2369 2576 2427 erat,
2603 2360 2782 2416 acrius
2810 2360 2995 2431 pungit
3031 2359 3173 2425 illos,
3202 2357 3378 2429 primo
3404 2351 3761 2414 confundens,
3800 2348 3872 2404 ii-

2285 2452 2564 2523 lnrumque
2587 2451 3011 2517 ora~obstrnens,
3040 2458 3098 2504 ut
3144 2457 3350 2504 secreta
3400 2445 3614 2518 illorum
3654 2443 3707 2496 in
3748 2456 3871 2496 tne-

2243 2590 2246 2592 ν
2283 2541 2431 2597 dium
2474 2541 2798 2607 adduceret,
2849 2548 2905 2596 et
2943 2540 3114 2611 palam
3142 2537 3393 2593 onmibus
3442 2533 3713 2597 redderet,
3762 2544 3874 2602 quo

2286 2635 2354 2689 ad
2380 2634 2527 2691 illum
2556 2634 2737 2689 animo
2762 2632 3128 2688 accessissent.
3158 2630 3214 2685 Id
3237 2644 3399 2700 porro
3428 2625 3674 2689 iaciebat,
3701 2636 3759 2679 ut
3777 2638 3877 2678 eo.

2290 2741 2409 2781 rum
2439 2726 2729 2795 nequitiam
2758 2724 3094 2794 reprimeret,
3127 2736 3195 2777 ne
3237 2720 3361 2775 talia
3393 2721 3585 2774 iterum
3612 2715 3877 2771 auderent

2289 2820 2355 2875 ad
2397 2818 2717 2875 nocendum.
2756 2817 3015 2886 Quamvis
3040 2816 3202 2870 verba
3233 2811 3537 2867 'honorillca
3581 2806 3878 2863 admodum

2289 2919 2500 2975 essent;
2532 2924 2652 2964 nam
2683 2916 2738 2964 et
2764 2908 3075 2979 magistrum
3096 2906 3361 2962 vocabant
3380 2945 3395 2969 ,
3426 2910 3481 2957 et
3524 2914 3793 2965 veracem,
3822 2906 3881 2953 et

2293 3018 2576 3073 personam
2608 3017 2712 3055 nou
2744 3002 3093 3071 accipientem
3124 2997 3257 3053 :sed
3289 2997 3429 3052 Deus
3453 3009 3573 3050 cum
3600 3000 3763 3057 esset,
3793 2990 3884 3045 his

2294 3095 2467 3165 decipi
2487 3109 2593 3150 non
2620 3101 2846 3165 poterat.
2877 3091 3030 3148 Unde
3050 3098 3289 3161 poterant
3312 3086 3686 3157 illisuSpicari,
3704 3085 3882 3154 ipsum

2296 3204 2401 3244 non
2448 3186 2800 3258 coniectando
2846 3186 3184 3254 increpasse,
3223 3182 3318 3238 sed
3367 3167 3420 3237 id
3472 3194 3595 3236 esse
3644 3178 3883 3248 signum,

2299 3281 2447 3335 illum
2467 3289 2671 3334 secreta
2693 3292 2879 3333 eorum
2911 3290 3090 3349 nosse.

2366 3377 2423 3431 2.
2464 3375 2572 3431 Nec
2597 3375 2726 3429 satis
2754 3373 2827 3427 illi
2857 3372 2952 3427 l'uit
2977 3374 3278 3439 increpasse
3307 3386 3321 3423 :
3350 3366 3558 3423 etiamsi
3590 3364 3888 3427 sufﬁceret,

2302 3467 2446 3521 illum
2474 3482 2594 3521 cum
2615 3465 2848 3518 animum
2879 3479 3063 3518 eorum
3105 3460 3494 3529 redarguisset,
3523 3457 3591 3512 de
3616 3466 3757 3510 tanta
3788 3471 3889 3511 ue~

2300 3559 2464 3629 quitia
2498 3557 2750 3627 pudorem
2780 3557 2882 3609 illis
2911 3556 3170 3621 ingerere.
3221 3552 3326 3608 Sed
3355 3567 3458 3606 non
3491 3550 3577 3605 hic
3606 3550 3772 3613 stetit,
3798 3564 3895 3603 vc-

2304 3665 2419 3704 rum
2447 3649 2553 3704 alio
2577 3648 2735 3704 etiam
2764 3648 2923 3704 modo
2962 3647 3171 3703 illorum
3216 3661 3308 3701 ora
3336 3644 3568 3709 censuit,
3610 3658 3731 3699 cum
3760 3644 3839 3697 ait
3871 3660 3888 3696 :

2309 3743 2395 3797 I9.
2429 3741 2687 3797 Ostendit:
2718 3741 2841 3795 mitti
2878 3741 3128 3795 uumisma
3156 3754 3351 3793 certans.
3396 3736 3461 3793 Ut
3492 3746 3670 3790 autem
3700 3745 3895 3790 osten-

2304 3832 2515 3899 derunt,
2548 3846 2812 3910 proauore
2840 3846 2939 3885 suo
2963 3844 3146 3885 eorum
3177 3829 3354 3899 lingua
3372 3826 3688 3883 sententiam
3715 3826 3895 3891 effert,

2307 3927 2554 3996 ipsosque
2580 3926 2868 3981 decernere
2893 3925 3055 3993 cogit,
3088 3922 3140 3977 id
3183 3923 3379 3976 licere:
3407 3936 3525 3991 qua;
3552 3929 3668 3975 erat
3709 3918 3898 3988 Splen-

2308 4020 2428 4072 dida
2451 4017 2697 4085 claraque
2723 4016 2962 4071 victoria.
2998 4014 3175 4083 itaque
3203 4028 3325 4067 eum
3375 4013 3751 4083 interrogaret,
3780 4026 3890 4066 non

2310 4110 2559 4180 ignorans
2586 4106 2958 4177 interrogabat,
2992 4106 3083 4161 sed
3117 4114 3174 4160 ut
3201 4121 3267 4159 ex
3295 4105 3505 4159 illorum
3544 4103 3897 4173 reSponsiOne

2311 4219 2431 4257 reos
2450 4202 2568 4257 illos
2582 4216 2702 4258 esse
2723 4202 3012 4257 evinceret.
3044 4200 3173 4254 Nam
3196 4216 3316 4255 cum
3335 4198 3666 4269 interrogati,
3683 4197 3773 4254 ΞΟ.
3789 4197 3900 4253 Cu-

2302 4296 2391 4365 jus
2435 4307 2507 4347 est
2549 4294 2760 4364 imago?
2789 4292 3214 4362 respondissent,
3248 4292 3483 4353 Ctvsttris,
3529 4292 3603 4344 ait
3649 4290 3775 4344 ille:
3801 4288 3897 4343 ει.

2313 4386 2524 4441 Reddite
2538 4402 2649 4455 qua:
2674 4396 2787 4439 sunt
2810 4385 3042 4448 cesam,
3060 4384 3271 4449 Caesari,
3292 4396 3338 4437 et
3355 4400 3469 4453 qua:
3487 4394 3601 4438 sunt
3628 4381 3739 4447 Dei,
3768 4381 3899 4437 Deo.

2315 4478 2424 4531 Hoc
2450 4479 2592 4533 enim
2632 4492 2738 4533 non
2785 4487 2868 4532 est
2917 4477 3064 4542 dare,
3119 4476 3211 4530 sed
3250 4475 3515 4530 reddere:
3551 4474 3601 4528 id
3641 4474 3782 4544 quod
3830 4489 3905 4529 ex

2314 4570 2539 4639 imagine
2580 4578 2635 4624 et
2658 4584 2722 4623 ex
2765 4567 3108 4637 inscriptione
3152 4566 3551 4621 ostendebatur.
3603 4564 3801 4620 Deinde
3833 4582 3906 4620 ne

2314 4662 2573 4726 dicerent,
2593 4661 2975 4717 Hominibusne
3003 4676 3098 4714 nos
3130 4659 3379 4729 subjicis?
3400 4660 3690 4727 subjunxit,
3710 4657 3771 4711 Et
3788 4675 3908 4728 (μιω

2314 4765 2431 4807 sunt
2457 4754 2570 4822 Dei,
2601 4753 2731 4807 Deo.
2771 4754 2919 4809 Licet
2942 4753 3082 4808 enim
3111 4763 3166 4806 et
3194 4751 3496 4805 hominibus
3525 4734 3622 4803 sua
3651 4749 3905 4817 reddere,

2316 4856 2371 4902 et
2400 4848 2505 4903 Deo
2533 4847 2682 4911 dare,
2729 4862 2848 4916 quae
2876 4845 2945 4899 ab
2974 4838 3274 4898 hominibus
3303 4843 3400 4911 ipsi
3445 4842 3727 4897 debentur.
3778 4839 3912 4894 Ideo

2317 4942 2445 4996 dicit
2488 4941 2724 4995 Paulus:
2756 4938 2972 4993 Reddite
3013 4938 3243 4991 omnibus
3282 4935 3449 4988 debita
3487 4949 3506 4987 :
3544 4934 3627 4987 cui
3657 4932 3909 5003 vectigal,

2318 5035 2529 5105 vectigal
2556 5054 2573 5085 :
2595 5036 2675 5087 cui
2704 5032 2968 5094 tributum,
3001 5032 3234 5084 tributum
3264 5045 3281 5081 :
3320 5028 3399 5081 cui
3424 5028 3698 5090 honorem,
3743 5026 3913 5079 hono—

2318 5147 2423 5183 rem
2449 5127 2625 5199 (liam.
2669 5128 2756 5181 15.
2802 5124 2875 5196 7).
2906 5125 2984 5180 Tu
3021 5139 3147 5177 vero
3188 5137 3307 5176 cum
3340 5118 3519 5185 audis,
3559 5117 3741 5173 Redde
3782 5132 3913 5187 qua:

2300 5234 2442 5294 ,sunt
2474 5220 2721 5287 Caesaris,
2748 5217 2962 5281 Caesari,
3006 5215 3073 5271 de
3099 5215 3163 5268 iis
3190 5213 3238 5267 id
3270 5212 3443 5266 solum
3484 5209 3738 5280 iutellige,
3784 5224 3917 5277 quin

2321 5314 2449 5369 nihil
2483 5316 2729 5382 pietatem
2762 5310 2990 5372 lzednut;
3026 5307 3094 5359 ita
3120 5315 3176 5357 ut.
3206 5306 3249 5359 si
3283 5304 3498 5365 laedant,
3522 5300 3633 5370 jam
3660 5298 3918 5354 nonCae-

2318 5411 2476 5474 snris,
2526 5407 2618 5461 sed
2648 5404 2842 5459 diaboli
2876 5403 3127 5457 tributum
3156 5410 3210 5453 et
3242 5396 3468 5466 vectigal
3496 5395 3622 5451 sint.
3662 5391 3785 5448 [Iasr
3810 5407 3919 5444 au-

2318 5502 2527 5557 dientes
2540 5498 2877 5553 obticueruut
2904 5492 3072 5555 inriti,
3092 5500 3146 5546 et
3170 5488 3489 5559 sapientiam
3518 5487 3634 5557 ejus
3660 5482 3918 5539 admirati

2387 5703 2401 5731 ³
2425 5705 2551 5755 tunc,
2576 5693 2702 5744 unde
2726 5692 2873 5743 etiam
2900 5689 2977 5755 hic
3000 5684 3225 5738 concordi
3248 5679 3482 5755 sententia
3503 5679 3718 5746 lberta",
3742 5674 3920 5727 omisit

2322 5760 2489 5822 sani"
2516 5754 2609 5809 nec
2632 5756 2758 5819 legit
2780 5754 3018 5816 Georgius
3036 5754 3407 5813 Trapezunttus.
