4174 6332
206 370 300 427 657
1175 362 1238 418 ΙΝ
1279 361 1686 419 ΜΑΤΤΙΙΔΕΠΜ
1727 361 1787 416 ιιι

1899 360 1957 415 ι..
2001 359 2166 415 LXX.
2207 359 2278 416 al.
2321 359 2510 415 LXXI.

205 499 336 545 sunt.
364 487 502 559 Ergo
527 481 780 551 credere,
828 498 956 554 ergo
1003 492 1220 553 stupere
1249 481 1533 552 oportebat
1565 482 1604 534 ί.
1652 479 1784 534 Nam

205 581 482 636 divinitatis
527 594 640 634 sute
666 577 1178 632 demonstrationem
1219 575 1526 640 exhibebat,
1555 590 1674 628 cum
1702 589 1788 627 se-

206 683 338 728 creta
380 670 691 730 revelasset,
741 679 794 723 et
844 668 1039 722 leniter
1089 667 1326 734 ipsorum
1357 682 1450 721 ora
1497 665 1784 720 obstruxit.

206 763 330 829 Quid
354 761 557 829 igitur?
588 776 713 814 num
744 759 1122 814 crediderunt?
1149 759 1394 823 Minime;
1425 758 1541 823 sed,
1574 759 1665 818 ait,
1694 757 1786 810 22.

207 856 511 910 Dimittentes
544 870 660 907 eum
686 853 948 916 abierunt,
977 851 1071 907 25.
1105 862 1152 904 et
1195 861 1307 918 post
1351 868 1435 904 eos
1472 862 1788 904 accesserant

206 947 487 1002 Sadducart.
541 946 586 1000 Ο
629 944 944 998 amentiam!
1019 943 1131 997 Illis
1176 943 1241 996 ad
1305 941 1786 996 oluuutescendum

204 1038 504 1107 compulsis.
535 1038 584 1092 hi
615 1036 1026 1108 aggrediuntur,
1051 1051 1170 1089 cum
1202 1035 1528 1104 oportuisset
1553 1035 1672 1088 illos
1725 1034 1789 1088 ti-

206 1129 384 1184 midius
399 1128 678 1183 accedere.
694 1128 797 1182 Sed
825 1127 1126 1202 hujusmodi
1150 1136 1232 1180 est
1252 1125 1491 1190 audacia,
1509 1124 1790 1193 impudens

207 1221 564 1288 petulansque,
591 1221 660 1274 ita
689 1230 745 1273 ut
769 1220 856 1272 illa
883 1227 1050 1274 tentet
1079 1234 1198 1288 quae
1230 1217 1368 1272 efﬁci
1398 1235 1502 1270 non
1543 1224 1785 1287 possunt.

203 1311 528 1380 QuaprOpter
557 1311 882 1380 erangelism
923 1311 990 1364 de
1017 1310 1226 1364 illorum
1257 1309 1559 1379 arrogantia
1609 1317 1792 1378 stupe-

204 1403 383 1470 factus,
427 1403 654 1473 idipsum
684 1403 946 1473 significat
971 1403 1156 1458 dicens
1194 1420 1207 1456 :
1234 1401 1299 1456 In
1328 1402 1420 1456 illa
1450 1402 1532 1456 die
1567 1418 1791 1457 accesse-

210 1507 336 1550 rant.
363 1496 427 1550 In
455 1498 568 1562 illa,
595 1497 803 1567 inqua?
823 1496 879 1550 ln
902 1512 964 1551 ea
994 1510 1113 1567 qnte
1137 1496 1352 1551 illorum
1383 1495 1673 1566 nequitiam
1704 1501 1790 1549 re-

201 1591 397 1661 darguit
416 1635 432 1656 ,
467 1592 718 1661 ipsosque
749 1589 948 1660 pudore
978 1589 1215 1645 sntfudit.
1249 1591 1476 1656 Quinam
1504 1598 1627 1642 sunt
1657 1588 1792 1643 Sad-

201 1683 356 1736 dnczei
379 1681 403 1734 ?
429 1683 662 1737 llseresis
684 1692 765 1736 est
791 1682 1121 1745 Iudaeorum,
1150 1698 1271 1752 quas
1319 1679 1499 1736 differt
1527 1698 1554 1733 a
1601 1681 1787 1735 Phari-

201 1774 331 1837 ιιι-εει,
352 1774 562 1842 illisque
585 1774 740 1844 lange
761 1774 1002 1839 inferior,
1022 1775 1176 1838 cuius
1192 1775 1372 1844 opinio
1394 1784 1530 1834 erat,
1552 1791 1654 1828 non
1670 1789 1790 1828 esse

202 1866 657 1927 resurnrctionem.
690 1882 863 1936 neque
885 1868 1155 1936 angelum,
1182 1882 1355 1937 neque
1384 1868 1482 1936 spii
1499 1867 1649 1920 itum.
1673 1866 1788 1920 [lu-

199 1958 364 2011 diores
386 1958 530 2011 enim
558 1967 731 2023 erant,
754 1968 807 2012 et
833 1959 1129 2027 corporalia
1168 1968 1371 2011 tanlttm
1401 1958 1786 2027 agnoscebant.

199 2047 318 2102 Nam
343 2050 523 2104 multa:
549 2049 688 2120 apud
707 2049 922 2104 Juda-os
944 2059 1103 2104 secta:
1130 2061 1302 2104 erant.
1323 2049 1446 2104 Ideo
1466 2051 1539 2102 ait
1560 2050 1786 2104 Paulus:

204 2137 485 2193 l’luiristeus
523 2156 633 2194 sunt
669 2139 808 2208 (Act.
838 2138 928 2194 εδ.
967 2138 1047 2208 6).
1079 2156 1198 2208 qua:
1223 2139 1621 2194 accuratissima
1650 2137 1789 2207 apud

202 2247 290 2284 nos
331 2241 480 2285 secta
529 2241 634 2286 est.
667 2231 732 2286 Hi
779 2239 957 2286 autem
1001 2231 1280 2287 Sadduca2i
1327 2231 1535 2286 directe
1574 2229 1789 2299 qnidettt

202 2321 323 2376 nihil
349 2321 416 2376 de
445 2324 844 2378 resurrectione
871 2323 1086 2378 dicunt:
1109 2323 1202 2378 sed
1222 2323 1580 2377 nari-atianin
1604 2338 1787 2393 quam-

205 2415 318 2470 dam
347 2413 684 2486 contingunt,
715 2425 771 2470 et
795 2431 908 2471 rem
939 2424 1228 2485 numquam
1250 2457 1266 2481 ,
1319 2423 1377 2468 ut
1405 2425 1550 2484 poto,
1583 2426 1788 2483 gesuun

198 2507 684 2573 comminiscuntur,
716 2506 995 2576 sperantes
1024 2516 1082 2561 se
1109 2507 1254 2560 illum
1286 2505 1336 2560 in
1372 2505 1644 2574 angustias
1661 2519 1790 2558 con-

199 2586 423 2669 iocturos
452 2615 577 2655 esse
605 2643 620 2666 ,
656 2599 1012 2670 volebautque
1054 2598 1165 2654 hare
1205 2595 1370 2652 'amho
1395 2596 1690 2658 confutare,
1736 2599 1790 2651 et

201 2692 648 2746 resurrectionem
671 2707 811 2754 esse,
843 2701 897 2746 et
928 2690 1376 2745 resurrectionem
1420 2689 1792 2758 talentuqnatis

213 2779 503 2837 dicebatur.
559 2767 622 2836 Hi
666 2783 880 2836 rursum
910 2780 1150 2835 modeste
1189 2780 1474 2848 accedunt,
1507 2779 1744 2834 dicentes
1773 2796 1787 2833 :

199 2869 264 2924 24
293 2868 561 2941 Magister,
593 2871 798 2942 Hogses
823 2872 952 2928 dixit
970 2890 990 2925 :
1035 2863 1098 2926 Si
1125 2871 1239 2940 quis
1266 2870 1532 2935 mon‘atur,
1574 2888 1675 2925 non
1697 2874 1792 2924 Ita-

200 2961 307 3015 beus‘
329 2952 487 3028 ﬁlios,
521 2962 668 3016 ducet
696 2965 852 3032 frater
869 2945 978 3034 ejus
1009 2977 1215 3016 uxorem
1247 2963 1405 3023 illius,
1436 2968 1486 3016 et
1527 2963 1791 3016 suscitabit

198 3067 353 3105 semen
382 3053 536 3122 fratri
589 3070 680 3108 suo
707 3054 887 3124 (Deut.
926 3054 1019 3108 25‘.
1063 3055 1144 3124 5).
1190 3055 1281 3108 25.
1323 3051 1486 3107 Erant
1521 3058 1660 3122 apud
1698 3070 1790 3108 nos

198 3154 375 3211 septem
402 3149 589 3213 fratres
623 3161 640 3201 :
669 3156 716 3200 et
760 3148 954 3219 primus
998 3147 1143 3201 duxit
1170 3163 1399 3214 uxorem,
1447 3160 1492 3203 et
1521 3150 1790 3218 defunctus

199 3247 265 3290 est
287 3254 383 3291 non
422 3236 612 3293 habens
647 3237 918 3314 ﬁlios.l26.
951 3239 1199 3295 Similiter
1222 3242 1490 3306 secundus,
1522 3252 1567 3294 et
1591 3241 1786 3308 tertius,

200 3342 343 3396 usque
365 3330 436 3382 ad
463 3331 750 3400 septimum.
784 3319 875 3385 27.
903 3329 1190 3386 Novissime
1217 3344 1384 3386 autem
1411 3344 1634 3388 omittunt
1665 3339 1790 3388 mor-

199 3431 275 3474 ωε
299 3431 372 3476 est
412 3432 462 3477 et
509 3420 708 3478 mulier.
758 3424 848 3480 28.
881 3414 947 3478 In
977 3427 1340 3481 resurrectione
1367 3427 1521 3497 igitur
1536 3429 1682 3498 cujus
1713 3445 1778 3482 ex

199 3517 374 3582 septeni
409 3511 508 3569 erit'
536 3517 704 3571 uxor?
735 3516 866 3572 Vide
897 3517 1309 3588 respondentem
1339 3517 1574 3573 doctoris
1613 3535 1785 3574 more.

201 3604 337 3662 Licet
375 3609 525 3662 enim
579 3619 630 3663 et
686 3609 783 3677 ipsi
837 3609 1072 3677 maligne
1120 3619 1494 3672 accesserant,
1551 3622 1787 3667 attamen

200 3695 539 3769 interrogatio
585 3714 651 3754 ex
698 3700 994 3770 ignorantia
1052 3701 1222 3771 magis
1278 3701 1619 3772 procedebat.
1664 3704 1788 3758 Ideo

202 3803 298 3844 non
324 3797 487 3844 vocat
515 3790 637 3845 illos
685 3790 1012 3862 hypocritas.
1046 3789 1247 3847 Deinde
1279 3809 1344 3846 ne
1369 3790 1644 3863 ohjiceret,
1692 3810 1789 3851 cur

200 3894 392 3952 septem
421 3899 585 3937 uuam
614 3883 924 3939 habuissent
956 3890 1201 3949 uxorem,
1249 3885 1465 3956 Moysen
1511 3886 1743 3942 aﬂ'erunt
1774 3906 1787 3943 :

200 3975 421 4037 etiamsi.
445 3984 507 4030 ut
532 3975 644 4045 jam
676 3975 807 4040 dixi,
838 3976 888 4031 id
930 3977 1222 4031 secundum
1251 3989 1424 4032 meant
1451 3979 1786 4046 Opinionem,

203 4084 398 4124 nierum
420 4079 789 4148 commeptnm
817 4077 980 4124 esset.
1014 4068 1195 4140 Neque
1241 4071 1384 4123 enim
1415 4072 1604 4125 tertius
1632 4088 1787 4127 act-e-

207 4162 378 4225 pi5sct,
409 4160 552 4216 duos
574 4161 684 4231 jam
710 4169 936 4231 sponsos
959 4161 1237 4216 defunctos
1270 4161 1454 4215 ridens
1483 4178 1497 4216 :
1530 4163 1574 4216 si
1611 4163 1787 4219 tamen

203 4255 396 4318 tertius,
444 4264 599 4310 certe
653 4270 757 4307 non
799 4263 1040 4324 quartus,
1076 4269 1174 4308 uec
1221 4255 1457 4322 quintus,
1513 4256 1790 4325 multoque

203 4345 364 4400 minus
403 4355 594 4400 sextus
639 4355 694 4400 et
733 4346 1026 4414 septimus;
1078 4345 1171 4398 sed
1219 4351 1436 4400 uxorem
1487 4355 1788 4415 suspectam

205 4439 528 4494 habuissent.
572 4437 729 4492 Tales
753 4439 950 4508 quippe
988 4427 1111 4492 sunt
1141 4434 1332 4492 Iudici.
1378 4437 1508 4491 Nam
1545 4439 1588 4492 si
1641 4441 1788 4493 mulli

203 4547 332 4586 nunc
362 4531 432 4586 ita
481 4541 610 4585 sunt
640 4531 836 4595 allecti,
887 4531 1055 4584 inulto
1103 4531 1270 4600 magis
1319 4540 1443 4584 tunc
1492 4532 1787 4600 temporis:

202 4621 767 4694 aptandaquidem,hoc
792 4623 956 4678 etiam
986 4633 1165 4675 :nnoto
1191 4619 1364 4687 obic’e,
1388 4621 1502 4676 haec
1524 4623 1788 4676 i-onimhia

205 4723 318 4770 tunc
343 4698 643 4786 fngiebaut,
673 4695 882 4769 etiamsi
935 4707 986 4768 id
1033 4713 1114 4770 les
1150 4715 1483 4784 prateipcret.
1528 4715 1615 4770 Sic
1648 4715 1788 4770 Ruth

203 4805 434 4862 ilonbitis
461 4808 516 4862 in
543 4807 885 4862 remotiorem
908 4807 1244 4876 cognationis
1260 4823 1370 4859 suat:
1397 4805 1568 4861 deroli
1597 4811 1646 4861 ta
1677 4821 1786 4872 est;

202 4911 246 4952 tt
273 4889 506 4954 Thamar
532 4914 563 4953 a
585 4913 777 4954 socero
798 4913 982 4954 semen
1023 4899 1184 4951 furari
1214 4897 1395 4953 coacta
1423 4906 1524 4953 est.
1557 4899 1666 4953 Cur
1691 4911 1783 4954 att-

203 5001 298 5044 tem
328 5008 434 5047 non
488 4991 628 5046 duos
679 4983 770 5046 aut
805 5001 939 5058 tres,
983 4992 1076 5045 sed
1129 4991 1334 5062 septem
1386 4991 1550 5047 fuisse
1598 4993 1792 5048 fratres

202 5084 485 5138 conuiuenti
513 5070 638 5137 sunt
662 5069 688 5136 tl
718 5071 784 5138 Ut
817 5084 986 5153 magis
1013 5084 1104 5151 (ita
1131 5082 1410 5154 putabant)
1435 5086 1785 5140 resnrreetio-

204 5192 313 5230 nent
342 5177 704 5233 traducerent.
735 5175 858 5231 Ideo
878 5177 1081 5240 dicunt,
1109 5175 1293 5229 Omnes
1320 5171 1598 5230 habuerunt
1624 5176 1779 5240 illam,

207 5279 255 5321 ut
278 5271 448 5339 ipsum
467 5270 521 5323 iu
543 5270 816 5340 angustias
831 5269 1156 5338 conjicerent
1207 5267 1342 5337 Quid
1361 5269 1488 5339 ergo
1515 5270 1791 5325 Christus?

205 5365 277 5418 Ad
303 5374 593 5435 utrumque
621 5361 931 5432 respondet,
963 5376 1067 5415 non
1093 5357 1163 5414 ad
1191 5362 1370 5426 verba,
1409 5362 1502 5416 sed
1529 5363 1594 5416 ad
1638 5379 1788 5417 ltlt'll°

207 5465 301 5510 tem
321 5473 510 5512 eorum
535 5455 851 5526 respiciens.
866 5465 920 5508 et
938 5456 1132 5524 ubique
1153 5464 1417 5508 secretam
1443 5454 1653 5509 illorum
1683 5457 1791 5524 opi-

206 5550 407 5605 nionem
436 5548 802 5620 patefaciens;
828 5547 1111 5617 aliqnandn
1139 5545 1282 5600 illam
1317 5544 1597 5601 manifeste
1628 5531 1788 5602 refel-

207 5641 329 5706 lens,
346 5642 639 5716 aliquando
661 5639 1097 5711 interrogandum
1115 5639 1454 5694 CttllaCiculltl:
1471 5640 1790 5695 eoid'tttatio-

209 5795 280 5905 ’ωε
305 5802 429 5904 Ἴως,
457 5803 586 5859 Ergo
618 5792 841 5853 aedere,
865 5804 978 5856 ergo
1000 5798 1194 5853 stupere
1237 5789 1506 5854 oportebat,
1532 5791 1705 5841 desunt
1746 5793 1790 5840 in

271 5868 320 5905 re
344 5893 357 5905 .

3403 363 3509 418 658

1901 493 2022 532 nem
2044 477 2372 546 relinquens.
2394 476 2490 530 llic
2508 491 2650 530 nunc
2665 475 2784 530 ride
2801 475 3074 546 quomodo
3094 488 3148 533 et
3168 483 3518 534 resurrectio-

1896 585 2018 624 nem
2037 584 2157 623 esse
2186 569 2395 637 probet,
2414 579 2469 623 et
2497 586 2602 622 non
2629 569 2784 621 talem
2807 569 3019 638 qualem
3050 571 3148 640 ipsi
3171 573 3509 641 suspicaban-

1899 674 2003 720 tur.
2029 663 2166 727 Qnid
2195 665 2338 719 enim
2361 664 2472 717 ait?
2510 664 2602 720 29.
2638 662 2843 718 Erratis
2887 667 3163 719 nescientes
3188 665 3504 738 Scripturas,

1897 774 2054 826 neque
2070 757 2344 826 potentiam
2361 756 2471 810 Dei.
2491 757 2622 824 Quia
2651 757 2813 822 enim,
2835 765 2889 811 ut
2911 756 2999 826 qui
3022 755 3238 828 Moysen
3263 772 3502 824 nossent,

1899 850 2068 920 legem
2109 851 2362 920 allegant.
2394 850 2631 905 ostendit
2662 851 3023 919 ignorantium
3051 850 3361 920 Scriptor-as
3387 870 3510 908 esse

1899 942 2059 995 talem
2085 942 2584 1010 interrogationem.
2629 940 2767 996 llinc
2787 943 2933 996 enim
2964 941 3031 996 ad
3063 941 3376 996 tentandum
3415 960 3507 996 ae-

1896 1043 2197 1098 cesserunt,
2241 1034 2385 1104 quod
2408 1034 2714 1101 Seriptnras
2742 1050 2848 1089 non
2894 1043 2953 1089 ut
2979 1049 3075 1104 par
3109 1046 3226 1121 e.rat
3247 1035 3509 1105 intellige-

1898 1136 2036 1187 rent,
2068 1136 2123 1180 et
2153 1125 2244 1180 Dei
2276 1126 2568 1196 potentiam
2601 1127 2930 1198 ignorarent.
2963 1126 3103 1196 Quid
3126 1141 3257 1197 ergo
3287 1128 3505 1190 mirum,

1899 1218 2090 1289 inquit,
2123 1221 2167 1272 si
2200 1233 2286 1273 me
2336 1218 2577 1284 tentatis,
2610 1233 2774 1288 quem
2820 1218 2996 1273 adlme
3023 1235 3132 1274 non
3157 1219 3506 1289 cognoscitis,

1895 1309 2112 1382 quando
2135 1325 2202 1366 ne
2228 1310 2320 1364 Dei
2349 1310 2566 1381 quidem
2596 1312 2891 1380 potentiam
2915 1311 3106 1378 nostis,
3130 1310 3287 1382 cujus
3305 1319 3508 1364 Lautam

1895 1401 2283 1470 experientiam
2315 1400 2549 1468 habetis,
2573 1416 2638 1457 ac
2663 1417 2837 1472 neque
2853 1419 2920 1458 ex
2947 1402 3330 1458 communibus
3357 1403 3508 1469 cogi-

1898 1492 2209 1558 tationibus,
2240 1509 2414 1565 neque
2437 1507 2500 1549 ex
2535 1494 2832 1565 Scripturis
2863 1496 3007 1550 illam
3040 1498 3231 1560 nostis,
3257 1496 3303 1552 si
3327 1505 3508 1552 tanien

1897 1599 2212 1641 communes
2237 1587 2592 1657 cogitationes
2613 1602 2735 1642 eam
2765 1589 3008 1643 notitiam
3055 1590 3364 1660 pra-beant,
3400 1590 3510 1645 Deo

1897 1677 2075 1729 omnia
2107 1691 2227 1732 esse
2256 1678 2530 1747 possibilia
2553 1679 2578 1730 ?

1971 1771 2022 1824 3.
2070 1769 2136 1823 Et
2166 1771 2340 1839 primo
2369 1771 2585 1840 quidem
2617 1771 2686 1825 ad
2717 1772 3004 1841 qutesitum
3035 1772 3345 1842 respondet.
3371 1771 3508 1838 Quia

1897 1862 2041 1916 enim
2073 1861 2124 1916 in
2147 1877 2306 1917 causa
2336 1862 2441 1916 illis
2467 1872 2580 1916 erat
2612 1877 2710 1917 cur
2740 1854 3193 1918 resurrectionem
3238 1879 3362 1918 esse
3400 1880 3506 1919 non

1899 1961 2166 2022 putarent,
2200 1953 2340 2024 quod
2369 1953 2653 2009 crederent
2680 1954 2841 2009 talem
2865 1963 2990 2008 tunc
3021 1970 3143 2010 e3se
3169 1971 3349 2010 rerum
3380 1973 3503 2010 cott-

1899 2043 2179 2109 ditionem,
2212 2053 2428 2098 causam
2468 2055 2732 2107 removet,
2761 2047 2975 2114 etquod
3008 2063 3073 2101 ex
3103 2046 3189 2101 illa
3221 2063 3381 2102 eausa
3413 2068 3506 2100 ar-

1898 2136 2111 2190 cidebat
2137 2136 2287 2205 (inde
2317 2139 2460 2190 enim
2487 2137 2709 2191 morbus
2736 2147 2890 2191 ortus
2934 2139 3099 2203 erat),
3145 2153 3209 2194 ac
3257 2155 3505 2193 re-urre-

1897 2229 2090 2281 ctionis
2139 2228 2357 2282 modum
2389 2229 2629 2284 ostendit
2657 2247 2670 2282 :
2703 2229 2779 2283 ait
2815 2229 2958 2282 enim
2991 2247 3004 2283 :
3036 2229 3125 2284 50.
3181 2228 3246 2282 In
3276 2247 3505 2284 resurre-

1896 2320 2062 2374 ctione
2115 2335 2273 2390 naque
2303 2320 2534 2388 nubent,
2582 2338 2743 2386 neque
2795 2322 3070 2389 nabentur,
3119 2324 3211 2377 sed
3261 2334 3408 2376 erant
3453 2336 3508 2377 ut

1897 2413 2067 2482 angeli
2095 2411 2191 2465 Dei
2212 2413 2424 2466 t'uctelo.
2453 2412 2622 2468 Lucas
2648 2430 2776 2467 vero
2805 2415 2901 2478 ait,
2934 2415 3080 2468 Sicut
3105 2415 3202 2482 ﬁlii
3223 2413 3322 2470 Dei
3352 2414 3505 2498 (Luc.

1896 2501 1988 2556 20.
2016 2503 2128 2570 56).
2158 2502 2212 2559 Si
2245 2521 2373 2574 ergo
2406 2511 2512 2559 non
2545 2506 2770 2572 nubunt,
2794 2505 3062 2578 superﬂua
3086 2518 3167 2561 est
3201 2503 3504 2579 interroga;

1900 2597 1991 2650 tio.
2021 2596 2205 2668 Neque
2236 2598 2357 2654 ideo
2400 2599 2574 2670 angeli
2607 2611 2755 2667 Sunt,
2801 2602 2944 2670 quod
2986 2617 3094 2655 non
3134 2603 3366 2660 nubant:
3409 2603 3505 2657 sed

1882 2691 2020 2775 _quia
2049 2701 2106 2744 ιιι
2131 2692 2304 2760 angeli
2330 2703 2477 2758 sunt,
2505 2693 2626 2748 ideo
2654 2700 2759 2749 uoti
2785 2695 3013 2749 nubunt.
3031 2696 3166 2750 Ilinc
3186 2698 3349 2750 multa
3372 2714 3506 2767 quo-

1897 2797 2002 2850 que
2022 2782 2124 2835 alia
2152 2783 2387 2846 sustulit,
2417 2801 2535 2851 qua:
2561 2786 2739 2839 omnia
2765 2801 2870 2840 una
2904 2797 3037 2841 \‘ttce
3070 2787 3270 2842 Paulus
3316 2789 3506 2842 subin-

1897 2871 2096 2926 dicavit
2131 2874 2320 2928 dicens
2369 2892 2383 2930 :
2430 2873 2668 2930 Pra'tert't
2716 2878 2851 2931 enim
2906 2880 3073 2949 ﬁgura
3120 2878 3276 2948 hujus
3331 2881 3507 2932 mundi

1898 2965 1978 3034 (t.
2012 2965 2129 3021 (ἔον.
2163 2968 2216 3021 7.
2245 2967 2338 3041 51)
2379 2969 2581 3039 Hisque
2596 2971 2831 3026 ostendit
2862 2973 3036 3039 qtsalis
3054 2973 3124 3026 sit
3154 2973 3502 3033 resurrectio,

1898 3061 2122 3130 etquod
2165 3074 2291 3116 rere
2333 3065 2659 3118 resurrectio
2686 3066 2755 3118 sit
2800 3064 2976 3118 futura
3007 3083 3020 3117 :
3050 3065 3152 3118 etsi
3199 3081 3329 3119 Vero
3370 3066 3501 3120 illud

1900 3167 2001 3205 una
2033 3155 2312 3219 probatum
2348 3154 2527 3218 fuerit,
2551 3165 2785 3210 attamen
2810 3172 2875 3212 ex
2898 3157 3193 3211 abundanti
3224 3158 3354 3213 illud
3382 3175 3505 3214 rur-

1899 3258 2017 3298 sum
2049 3245 2251 3313 adjicit.
2285 3245 2468 3314 Neque
2493 3248 2638 3301 enim
2697 3248 3104 3318 interrogationi
3150 3250 3313 3304 tuodo
3342 3251 3497 3305 satis-

1899 3337 2041 3398 fecit.
2075 3337 2168 3390 sed
2191 3339 2352 3392 etiam
2387 3340 2599 3394 illorum
2628 3342 2964 3412 cogitationi.
3016 3341 3108 3397 Sic
3141 3343 3358 3411 quando
3401 3361 3505 3399 non

1897 3442 1961 3481 ex
2018 3437 2164 3482 tanta
2214 3431 2451 3493 malitia,
2507 3431 2603 3486 sed
2657 3446 2725 3486 ex
2780 3432 3078 3500 ignorantia
3133 3433 3506 3502 interrogant,

1898 3520 2128 3588 amplius
2177 3523 2335 3576 docet
2376 3525 2634 3592 :quando
2663 3534 2844 3577 autem
2893 3539 2958 3579 ex
3013 3527 3248 3594 nequitia
3299 3534 3506 3581 tanton.

1899 3613 2246 3682 interrogatio
2291 3617 2686 3682 prolieist-itnr,
2739 3632 2914 3686 neque
2969 3616 3374 3684 interrogationi
3417 3634 3506 3672 re-

1897 3706 2147 3773 Spondet.
2175 3705 2406 3760 llursum
2436 3722 2615 3761 autem
2639 3724 2703 3761 ex
2729 3708 2911 3779 Moy~e
2935 3709 3055 3764 illos
3080 3709 3344 3776 confutat,
3383 3713 3506 3778 quia

1898 3795 1996 3865 ipsi
2043 3796 2259 3868 Moysen
2291 3799 2671 3861 obtendebant.
2696 3811 2750 3854 et
2778 3801 2852 3854 ait
2874 3818 2888 3855 :
2913 3801 3002 3856 3i.
3036 3801 3112 3856 De
3138 3804 3506 3858 resurrectione

1899 3906 2015 3942 vero
2060 3902 2376 3945 mortuorum
2419 3907 2519 3944 non
2561 3891 2776 3961 legistis,
2815 3891 2907 3947 32.
2962 3892 3222 3959 Quoniam
3270 3911 3362 3967 ego
3393 3913 3507 3948 sum

1898 3983 2037 4037 Deus
2078 3985 2355 4046 Abraham,
2386 3996 2430 4037 et
2458 3982 2598 4037 Dms
2628 3982 2780 4038 Isaac
2803 4027 2819 4050 ,
2863 3995 2910 4038 et
2940 3984 3078 4039 Deus
3106 3984 3269 4040 Iacob
3306 3985 3504 4059 (Exod.

1897 4077 1950 4127 6.
1983 4075 2036 4143 3)
2055 4078 2078 4125 ι’
2109 4074 2228 4128 Νοιι
2258 4086 2332 4129 est
2361 4074 2498 4128 Deus
2519 4085 2854 4139 mortuorum,
2882 4078 2971 4130 sed
2999 4078 3245 4132 vivorum.
3277 4078 3393 4133 Non
3425 4095 3508 4134 est

1901 4165 2086 4234 inquit,
2126 4182 2230 4219 non
2270 4166 2668 4231 exsisteutinut,
2702 4177 2755 4219 et
2803 4181 2991 4220 eorum
3038 4169 3126 4237 qui
3180 4184 3399 4236 prorsus
3435 4188 3500 4224 ex

1901 4258 2078 4311 medio
2118 4258 2313 4312 sublati
2362 4267 2522 4322 sunt,
2559 4275 2658 4312 nec.
2699 4275 2948 4326 umquam
2983 4262 3360 4314 resurrecturi.
3388 4261 3504 4315 Non

1899 4352 2042 4404 enim
2070 4351 2222 4408 dixit.
2256 4349 2437 4416 Eram,
2467 4350 2584 4412 sed.
2619 4351 2773 4414 Sum,
2803 4356 3182 4421 assistentium
3231 4372 3425 4422 nempe
3453 4367 3507 4410 οι

1901 4444 2212 4494 viventium.
2247 4443 2398 4497 Sicut
2438 4443 2581 4496 cuitu
2617 4443 2817 4506 Adam,
2853 4445 2976 4498 licet
3027 4446 3230 4499 viveret
3275 4463 3378 4514 qua
3418 4449 3509 4503 die

1902 4536 2240 4590 It‘ntttithﬂVil
2263 4537 2331 4590 de
2360 4535 2526 4607 ligno,
2561 4538 2831 4591 sententia
2862 4538 3068 4606 prolata
3101 4550 3348 4594 tuortuns
3379 4552 3458 4594 est
3493 4561 3506 4594 :

1899 4645 1974 4681 δερ
2003 4641 2052 4681 et
2086 4628 2191 4689 isti,
2221 4627 2345 4681 licet
2373 4629 2569 4682 mortui
2601 4640 2803 4691 esst-nt,
2839 4646 2903 4683 ex
2939 4634 3296 4697 prlllllthiOHC
3329 4650 3508 4687 resur-

1899 4720 2156 4774 rretiottis
2204 4721 2473 4773 rivi-baut.
2520 4720 2804 4787 Quomodo
2845 4721 3002 4786 igitur
3033 4723 3102 4772 ait
3158 4724 3308 4788 alibi,
3349 4723 3417 4778 Ut
3461 4739 3508 4779 et

1900 4813 2112 4865 mortuis
2139 4824 2184 4865 et
2214 4813 2332 4865 rivis
2380 4813 2666 4866 dominetur
2715 4812 2888 4883 (liam.
2936 4815 3022 4868 Η.
3047 4814 3143 4883 9)?
3175 4815 3370 4893 Verum
3401 4835 3508 4871 non

1898 4916 1977 4960 est
2008 4906 2110 4960 hoc
2135 4907 2208 4958 illi
2238 4905 2592 4959 Contrarium.
2624 4904 2754 4958 Nam
2786 4904 2871 4958 hic
2895 4905 2963 4959 de
2993 4908 3217 4960 mortuis
3250 4910 3509 4979 loquitur,

1897 5001 1985 5066 qui
2021 5010 2205 5068 postea
2254 4999 2443 5054 victuri
2478 5008 2624 5054 sunt.
2668 4999 2918 5068 Alioquin
2968 5010 3148 5054 autem
3197 5000 3344 5056 aliud
3397 5014 3504 5068 est,

1900 5092 2011 5162 Ego
2042 5090 2182 5146 Deus
2212 5092 2488 5156 Abraham,
2507 5101 2561 5145 et
2588 5091 2754 5156 aliud,
2774 5090 2841 5146 Ut
2873 5103 3184 5145 mortuorum
3207 5103 3256 5147 et
3280 5095 3506 5149 vivorum

1897 5186 2204 5238 dominetur.
2234 5183 2393 5239 Novit
2418 5194 2470 5237 et
2487 5183 2646 5238 aliam
2670 5193 2923 5251 ttiortetti,
2945 5184 3013 5240 de
3035 5201 3136 5254 qua
3158 5184 3285 5242 dicit
3310 5207 3320 5240 :
3342 5188 3507 5242 Sinite

1899 5288 2123 5330 mortuos
2155 5276 2368 5346 sepelire
2395 5288 2621 5329 mortuos
2642 5292 2760 5329 suos
2779 5276 2930 5346 (Luc.
2961 5275 3015 5330 9.
3046 5277 3160 5347 60).
3185 5280 3275 5333 55.
3310 5277 3376 5334 Et
3403 5298 3505 5332 an—

1898 5371 2088 5424 dientes
2123 5370 2283 5424 turbt:
2323 5370 2641 5424 mirabantur
2679 5371 2743 5424 de
2778 5371 3009 5425 doctrina
3035 5372 3168 5443 ejus.
3202 5372 3387 5445 Neque
3419 5376 3504 5429 hic

1898 5463 2209 5529 Sadducaci;
2265 5465 2359 5518 sed
2391 5464 2514 5518 victi
2568 5476 2947 5519 reee~seruntz
3001 5466 3291 5521 multitudo
3321 5479 3502 5524 autem

1901 5571 2006 5614 non
2059 5559 2268 5614 addicta
2329 5559 2570 5628 partibus
2614 5561 2738 5614 hinc
2793 5561 3074 5614 utilitatem
3121 5562 3312 5632 carpit.
3369 5562 3504 5629 Quia

1899 5653 2060 5722 igitur
2089 5651 2210 5707 talis
2237 5658 2321 5706 est
2344 5653 2694 5714 resurrectio,
2727 5667 2848 5722 age,
2880 5653 3010 5707 nihil
3042 5668 3152 5709 non
3179 5668 3420 5725 agamus,
3447 5665 3503 5709 ιιι

1900 5751 2111 5822 primas
2141 5750 2254 5806 illic
2275 5750 2606 5805 referamus.
2641 5749 2704 5802 Et
2727 5751 2771 5805 si
2800 5752 3000 5822 placet,
3027 5751 3387 5805 ostendamus
3411 5765 3509 5803 ro-

1903 5843 1988 5900 bis
2016 5843 2285 5914 quosdam
2313 5844 2404 5916 qui
2438 5835 2604 5897 etiam
2639 5853 2764 5899 ante
2788 5844 3283 5909 resurremioucm,
3317 5857 3508 5899 resus-
