4174 6332
699 332 809 390 859
1508 331 1568 389 ε.
1590 330 1870 389 JOANNIS
1895 332 2365 389 CIIIIYSOSTOHI
2408 331 2723 388 ARCIIIEP.
2762 334 3298 391 (TUNSTANTINJP.

698 454 984 504 citatorum
1037 450 1199 503 vitam
1242 460 1294 503 et
1332 450 1720 507 beatitudinem
1763 449 2095 518 anticipant:
2136 448 2266 501 soli-

703 543 943 595 tudinem
972 556 1186 595 rursum
1219 550 1502 605 notamus;
1542 558 1664 595 nam
1698 542 1839 596 idem
1877 556 2071 594 rursus
2102 555 2265 607 argn-

700 643 939 687 mentum
962 633 1228 695 tractabo,
1244 648 1370 701 qnta
1393 648 1625 687 vescum
1649 634 1924 702 voluptate
1950 634 2061 686 lucc
2077 633 2264 687 audire

698 724 995 792 conspicio.
1017 721 1311 778 Videamus
1333 741 1462 795 ergo
1483 726 1644 780 hodie
1660 714 1931 780 exercitus
1954 726 2076 778 illos
2101 725 2265 794 spiri-

700 816 904 869 tnales:
944 814 1224 871 videamus
1258 816 1588 887 voluptatem
1619 818 1814 871 timore
1840 817 1987 872 omni
2017 831 2263 870 vacttam.

696 903 813 959 Non
836 906 978 959 enim
996 920 1121 960 cum
1139 906 1311 961 hastis
1331 906 1674 962 tabernacula
1691 916 1978 976 occupant,
1994 918 2053 961 ut
2066 909 2265 962 milites

692 995 833 1056 (nam
866 993 952 1048 hic
974 1010 1143 1063 nuper
1171 994 1380 1049 dicendi
1414 997 1568 1047 tinem
1598 996 1697 1048 feci
1730 994 1770 1063 ),
1802 1010 1973 1061 neque
2000 1011 2119 1049 cum
2168 996 2265 1048 cli-

695 1085 807 1151 peis
832 1093 886 1138 et
908 1086 1083 1139 loricis
1115 1102 1130 1137 :
1158 1085 1248 1139 sed
1278 1084 1357 1137 his
1384 1086 1630 1138 omnibus
1661 1087 1829 1137 nudos
1864 1084 2085 1145 videbis.
2114 1085 2262 1139 talia-

688 1192 791 1242 que
817 1187 1117 1244 operantes,
1143 1191 1260 1244 qua:
1277 1190 1380 1229 non
1407 1186 1627 1243 possunt
1644 1177 1848 1229 illientn
1871 1176 2033 1229 armis
2063 1176 2257 1231 facere.

687 1266 741 1318 Si
775 1266 946 1333 possis
972 1265 1173 1327 ridere,
1194 1268 1404 1329 veni,et
1419 1283 1629 1321 manum
1659 1269 1790 1321 mihi
1816 1270 2045 1335 porrige.
2076 1285 2259 1324 cantus

686 1355 843 1409 ambo
868 1355 933 1408 ad
965 1355 1065 1410 hoc
1093 1342 1312 1421 bellum,
1343 1358 1727 1426 videamusque
1747 1359 1938 1411 aciem.
1964 1358 2091 1412 Nam
2119 1368 2173 1412 ct
2207 1360 2256 1412 hi

684 1446 918 1513 quotidie
940 1455 1192 1514 pugnant,
1218 1447 1459 1501 inimicos
1477 1447 1745 1507 occidunt,
1780 1459 1833 1502 et
1871 1449 2256 1515 concupiscen-

684 1537 781 1588 tias
819 1550 1006 1589 omnes
1054 1537 1205 1589 nobis
1254 1537 1564 1593 insidiantes
1590 1539 1805 1591 vincunt
1839 1555 1853 1591 :
1886 1538 2003 1591 illus
2055 1540 2256 1593 videbis

684 1624 825 1679 humi
846 1626 1106 1694 iacentes,
1150 1628 1293 1682 nullo
1323 1629 1572 1696 prmditas
1594 1638 1741 1683 motu
1771 1648 1786 1683 :
1819 1640 1874 1684 et
1900 1632 2251 1698 apostolicum

679 1716 881 1770 dictum
914 1718 1042 1771 illud
1067 1734 1231 1787 opere
1256 1720 1577 1787 completum
1608 1721 1925 1789 entispicies,
1950 1720 2050 1785 Qui
2070 1722 2254 1775 Christi

679 1817 816 1866 sinit,
837 1821 1039 1859 carnem
1065 1810 1420 1874 cruci/iterum
1451 1824 1565 1860 cum
1593 1810 1721 1863 vitiis
1754 1820 1806 1863 et
1843 1812 2254 1876 concupiscentia

680 1895 820 1967 (Gal.
852 1897 903 1950 5.
929 1897 1042 1965 24).
1078 1898 1259 1950 Vidisti
1290 1899 1681 1953 multitudinem
1715 1909 2045 1953 mortuorum
2070 1901 2250 1967 jacen-

678 1989 832 2052 tium,
873 1988 1049 2056 gladio
1102 1989 1318 2056 spiritus
1346 1989 1683 2043 occisorum?
1729 1989 1851 2044 Ideo
1878 2006 1980 2042 non
2026 1998 2107 2044 est
2147 1990 2252 2045 illic

675 2081 925 2141 ebrietas,
953 2096 1056 2132 non
1086 2082 1365 2135 voracitas.
1400 2080 1454 2134 Id
1500 2081 1733 2135 ostendit
1784 2095 1987 2141 mensa,
2032 2090 2086 2134 et
2137 2091 2249 2134 tro-

679 2185 848 2237 paunn
887 2170 954 2223 ibi
996 2180 1254 2225 erectum.
1276 2170 1517 2225 Ebrietas
1542 2171 1682 2226 enim
1700 2182 1755 2225 et
1784 2172 2046 2225 voracims
2066 2172 2249 2237 jaceat

677 2272 919 2325 mortem,
940 2264 1005 2316 ab
1022 2278 1172 2331 aquae
1198 2272 1322 2332 potu
1347 2264 1555 2330 fugate,
1582 2262 1669 2317 illa
1697 2262 1901 2317 scilicet
1915 2262 2247 2329 multiformis

674 2364 726 2406 et
752 2354 1029 2421 municeps
1058 2353 1185 2408 fera.
1217 2352 1677 2420 Quemadmodum
1710 2353 1851 2407 enim
1878 2354 2015 2422 apud
2042 2354 2247 2423 mythn.

676 2445 823 2514 logos
868 2446 1041 2515 Scylla
1083 2456 1137 2499 et
1166 2444 1361 2517 llydra,
1393 2446 1473 2500 sic
1519 2453 1574 2500 ct
1616 2444 1848 2499 ebrietas
1884 2445 2044 2498 nmlta
2076 2444 2243 2511 capita

675 2536 869 2589 habet:
906 2536 1028 2589 hinc
1057 2536 1361 2600 fornieatio,
1396 2535 1519 2590 inde
1560 2535 1659 2599 ira,
1696 2535 1910 2589 aliumlc
1957 2535 2205 2589 tttnllilies
2229 2576 2242 2597 ,

671 2627 883 2680 aliunde
906 2638 1087 2695 turpes
1115 2641 1346 2681 amores.
1377 2624 1574 2681 Verum
1605 2624 1691 2681 hic
1719 2629 1814 2680 ista
1839 2626 2015 2679 outnia
2039 2627 2241 2678 sublata

671 2728 828 2782 sunt;
860 2718 1066 2771 etiamsi
1098 2717 1167 2771 illi
1208 2717 1474 2773 exercitus
1502 2717 1555 2771 in
1581 2718 1851 2771 sexcentis
1894 2717 2048 2771 bellis
2081 2712 2254 2784 suth

673 2816 811 2871 rent,
834 2807 900 2859 ab
929 2807 1011 2860 his
1038 2800 1279 2862 hostibus
1306 2808 1587 2862 vincuntur
1615 2824 1629 2860 :
1660 2822 1758 2862 nec
1780 2808 1902 2873 tela,
1935 2822 2030 2861 nec
2053 2807 2238 2873 hastae,

670 2911 768 2950 ιιι-ς
792 2896 917 2966 quid
956 2896 1129 2951 simile
1158 2905 1332 2967 potest
1358 2906 1545 2952 contra
1591 2898 1688 2953 has
1734 2896 2016 2967 phalanges
2050 2906 2236 2952 stare:

669 2984 769 3042 sui
806 2986 934 3039 istos
958 2987 1217 3055 gigantes,
1262 2997 1527 3045 strenuos.
1578 2987 1669 3056 qui
1710 2987 1985 3041 innumera
2034 2987 2241 3040 fortiter

669 3084 852 3146 agunt.
884 3076 1121 3130 invenias
1164 3077 1281 3130 sine
1306 3077 1532 3131 vinculis
1558 3077 1743 3146 ligatos
1769 3090 1959 3131 somno
1988 3087 2044 3131 ct
2067 3078 2241 3131 ebrie-

673 3178 799 3233 ιιιιε,
832 3169 945 3223 sine
970 3168 1137 3229 caede.
1169 3169 1285 3222 sine
1324 3168 1648 3232 vulneribus,
1688 3182 1753 3222 ac
1793 3169 1931 3222 sicut
1976 3169 2239 3223 vulnerati

666 3256 923 3329 incendes,
948 3259 1059 3313 imo
1086 3260 1252 3313 multo
1276 3260 1510 3329 gravius.
1544 3260 1622 3315 Illi
1654 3275 1883 3329 namque
1903 3259 2090 3314 saltem
2128 3276 2243 3314 mo.

668 3358 779 3404 tum
806 3350 1034 3419 aliquem
1074 3349 1302 3413 habent;
1337 3351 1388 3404 bi
1413 3363 1540 3404 vero
1578 3365 1753 3431 secus,
1781 3349 1874 3406 sed
1904 3352 2082 3406 statim
2106 3366 2239 3405 con-

658 3440 870 3495 cidunt.
904 3440 1063 3499 Vides
1098 3450 1222 3497 tunc
1244 3432 1533 3497 exercitum
1558 3451 1615 3497 et
1654 3442 1906 3509 majorem
1938 3452 1993 3497 et
2018 3444 2239 3497 mirabi—

670 3531 856 3586 liorem
880 3532 1038 3597 esse?
1059 3530 1188 3586 Nam
1210 3522 1440 3587 uictores
1471 3533 1585 3585 illus
1616 3533 1808 3591 milites
1828 3535 1937 3586 sola
1967 3533 2237 3589 voluntate

664 3622 921 3677 confodit.
955 3622 1101 3676 Illam
1146 3626 1287 3679 enim
1338 3632 1561 3679 matrem
1600 3625 1836 3678 omnium
1878 3625 2135 3678 malorum
2169 3628 2233 3678 ita

668 3714 931 3769 inﬁrmam
960 3715 1206 3778 reddunt,
1236 3725 1293 3769 ut
1314 3716 1534 3770 molesta
1561 3726 1737 3784 postea
1766 3722 1885 3770 esse
1913 3732 2017 3769 non
2047 3717 2231 3783 possit.

671 3806 814 3863 Duce
835 3817 1013 3862 autem
1040 3808 1207 3876 lapso,
1225 3815 1281 3860 ct
1307 3798 1518 3862 sublato
1535 3807 1728 3875 capite.
1761 3806 2019 3876 reliquum
2042 3822 2237 3874 corpus

666 3898 889 3967 quiescit
912 3896 1187 3967 :hancque
1212 3899 1484 3952 victui-iam
1503 3914 1533 3953 a
1550 3898 1769 3968 singulis
1797 3898 1866 3953 ibi
1899 3900 2233 3953 manentibus

668 3997 987 4055 reportntam
1014 4003 1223 4042 cernas.
1257 3989 1369 4042 Non
1395 3990 1535 4042 enim
1557 3998 1613 4040 ut
1639 3989 1691 4042 iu
1735 3989 1881 4044 hisce
1932 3990 2081 4043 hellis
2101 4031 2115 4051 ,
2147 3990 2233 4057 qui

667 4078 832 4131 semel
855 4078 921 4131 ab
948 4081 1371 4133 unoiulneratis
1410 4088 1511 4143 cst,
1537 4088 1591 4132 et
1616 4080 1777 4132 semel
1805 4079 1994 4133 cecidit
2021 4078 2108 4132 alii
2154 4084 2237 4133 vis

667 4169 839 4240 potest
865 4172 1069 4245 plagam
1104 4176 1299 4229 inferre
1328 4192 1341 4228 :
1371 4176 1463 4229 sed
1483 4190 1700 4230 necesse
1722 4187 1804 4230 εει
1822 4185 1879 4229 ιιι
1901 4193 2085 4230 omnes
2104 4175 2239 4231 hanc

668 4265 831 4319 feram
856 4266 1161 4319 ctutfmlktut
1191 4284 1204 4321 :
1229 4278 1282 4320 et
1306 4266 1395 4337 qui
1421 4285 1522 4320 non
1563 4268 1680 4322 ferit
1706 4268 1870 4332 illam,
1916 4285 2013 4323 nec
2034 4269 2233 4339 dejicit,

663 4358 959 4428 cxagitatnr
1000 4366 1171 4427 plane.

730 4451 783 4504 4.
802 4450 1097 4504 Sobrietatis
1112 4450 1346 4504 victoriae.
1372 4450 1703 4506 Suscnlurium
1722 4469 2004 4506 mensarum
2022 4452 2232 4508 tit-licita.

648 4540 973 4595 i—Vidistiu‘
1010 4542 1336 4611 Splendidam
1382 4543 1690 4597 victoriam?
1733 4542 2013 4613 Trnpa-tnn
2056 4544 2231 4609 enim,

662 4632 801 4701 quod
834 4648 1017 4687 omnes
1044 4633 1201 4687 simul
1229 4635 1490 4688 exercitus
1521 4635 1607 4703 qni
1641 4650 1734 4702 per
1760 4636 1940 4689 orbi-nt
1971 4646 2093 4689 sunt
2126 4637 2233 4688 cri-

667 4735 791 4787 gere,
816 4735 921 4772 non
948 4732 1193 4789 possunt,
1219 4724 1596 4793 unusquisque
1627 4726 1819 4781 borum
1846 4728 2026 4797 erigit;
2050 4728 2232 4783 omnia

671 4811 847 4879 iacent
890 4808 1050 4865 simul
1083 4814 1394 4869 vulnerata:
1426 4816 1657 4869 absurda
1700 4818 2011 4875 stoliditatis
2034 4821 2225 4888 verba,

668 4919 881 4958 vesana:
897 4906 1268 4974 eog’tationes.
1282 4923 1448 4977 vapor
1474 4910 1819 4977 iniucundus,
1838 4924 1892 4967 et
1905 4912 2090 4967 omnia
2113 4929 2233 4983 quae

665 5010 731 5047 ex
749 4995 1018 5049 ebrii-tate
1035 4997 1232 5049 armari
1252 4997 1445 5053 solent:
1468 5008 1627 5065 atque
1645 5002 1928 5057 imitantur
1945 5003 2231 5061 Dominum

659 5100 845 5150 suum,
876 5085 942 5141 de
970 5102 1075 5155 quo
1103 5087 1373 5157 Scriptura
1401 5090 1707 5146 mirabundo
1728 5092 1857 5148 dicit
1884 5112 1897 5147 :
1926 5093 2000 5149 De
2023 5106 2237 5150 torrmte

657 5176 710 5227 in
739 5176 819 5229 sic
842 5176 1009 5244 bibet;
1039 5190 1300 5249 propterea
1328 5181 1562 5235 exaltabit
1590 5193 1739 5252 caput
1769 5189 1785 5254 ί
1809 5183 1955 5239 Ρωι.
1991 5187 2111 5242 109.
2135 5188 2165 5238 7
2192 5194 2228 5256 ).

664 5264 903 5320 Voltisne
922 5281 952 5321 e
972 5272 1187 5337 regione
1210 5279 1537 5325 mortuorum
1560 5272 1946 5330 multitudinem
1966 5262 2233 5347 aspicere?

664 5356 889 5411 Delicias
928 5358 1201 5415 videamus
1241 5376 1305 5415 ex
1341 5363 1767 5429 concupiSrentia
1804 5376 1970 5431 ortas,
2015 5384 2131 5435 qua:
2168 5386 2229 5423 es

662 5447 1047 5516 pttlmeutariis,
1071 5453 1275 5518 ecquis,
1302 5467 1602 5507 mensarum
1629 5458 1999 5517 structoribus.
2026 5459 2235 5526 placen-

662 5548 833 5591 tarnut
865 5537 1154 5593 artiﬁcibus
1178 5541 1592 5608 suppeditantur.
1631 5544 1796 5598 l’udet
1824 5548 1999 5599 omnia
2040 5549 2125 5602 illa
2156 5551 2234 5605 di-

660 5644 782 5685 cere.
812 5646 825 5682 :
854 5639 1085 5684 attamen
1119 5631 1395 5698 plnsianas
1422 5649 1547 5688 aves
1586 5636 1877 5703 pro'eram,
1915 5639 2033 5705 jura
2078 5639 2231 5696 insint

662 5723 854 5782 mixta.
884 5720 1094 5776 humida
1116 5762 1129 5782 .
1159 5722 1294 5778 sicca
1316 5724 1486 5780 edulia
1510 5768 1521 5787 ,
1553 5727 1693 5797 leges
1723 5728 1803 5782 his
1831 5732 1987 5784 rebus
2016 5734 2230 5800 positas.

2373 444 2507 500 Nam
2545 445 2694 515 quasi
2736 446 3113 514 rempublicam
3144 448 3535 518 gubernantes,
3577 461 3632 506 et
3666 453 3837 507 aciem
3878 458 3960 507 in-

2372 543 2641 589 struentes
2659 576 2673 595 ,
2703 536 2781 589 sic
2807 545 2860 590 et
2887 537 2972 592 isti
3006 539 3106 592 hoc
3135 549 3185 592 et
3215 540 3317 593 hoc
3345 542 3574 611 primum
3600 582 3617 606 ,
3649 542 3751 597 hoc
3778 552 3835 597 et
3860 543 3960 599 hoc

2370 625 2663 679 secundum
2708 627 3053 680 constituunt.
3102 628 3166 682 Et
3202 628 3292 682 alii
3323 631 3534 700 quidem
3561 632 3794 701 primum
3835 649 3959 688 aves

2370 731 2529 785 supra
2572 716 2827 770 carbones
2868 732 3048 780 assas,
3097 720 3438 787 piscibusque
3480 722 3641 777 fartas
3688 722 3954 787 oderunt;

2369 803 2459 858 alii
2476 806 2575 859 alia
2599 805 2740 859 initia
2762 808 3224 862 inunodcratarum
3247 825 3519 866 coenarum
3538 823 3774 868 statuant
3793 833 3807 870 :
3826 818 3955 867 mul-

2370 906 2531 966 taque
2558 898 2698 951 circa
2730 896 2842 951 hirc
2871 910 2952 953 est
2977 902 3300 954 concertatio
3327 911 3379 957 et
3406 904 3475 958 dc
3502 906 3779 974 qualitate,
3814 918 3865 961 et
3891 910 3955 961 de

2366 986 2590 1051 ordine,
2620 995 2674 1041 et
2701 988 2769 1041 dc
2797 990 2945 1056 Copia
2996 1008 3009 1043 :
3052 1000 3208 1059 atque
3248 994 3315 1045 de
3356 994 3459 1047 illis
3498 1006 3848 1058 troiteertant.
3890 999 3954 1053 de

2365 1076 2558 1144 quibus
2579 1077 2767 1131 sull'udi
2790 1078 3076 1139 deberent;
3100 1082 3186 1134 alii
3210 1084 3348 1149 quod
3375 1084 3647 1139 dimidium
3676 1087 3841 1152 diem,
3867 1090 3951 1143 alii

2364 1166 2505 1232 quod
2530 1174 2695 1219 totum
2721 1168 2770 1219 in
2797 1169 2896 1219 illis
2920 1170 3208 1229 insnmant.
3232 1174 3320 1224 alii
3342 1174 3481 1241 quod
3508 1187 3716 1240 noctem
3742 1193 3952 1248 quoque

2363 1255 2635 1323 adiiciant.
2687 1259 3085 1329 Dicendumqnc
3123 1263 3258 1322 illis.
3311 1257 3475 1329 Vide,
3518 1270 3701 1327 miser.
3737 1286 3950 1323 mensu-

2363 1362 2479 1400 ram
2509 1349 2708 1403 ventris
2729 1391 2743 1411 ,
2775 1360 2827 1403 et
2858 1350 2925 1403 de
2958 1351 3307 1405 immoderato
3335 1356 3510 1407 studio
3540 1358 3817 1412 erubesco.
3855 1360 3950 1413 νυ.

2362 1453 2479 1492 rum
2514 1440 2642 1493 nihil
2674 1440 2974 1509 hnjnsmodi
3006 1443 3144 1510 apud
3175 1447 3392 1514 angelos
3420 1447 3565 1511 illos;
3608 1448 3701 1503 sed
3742 1459 3796 1503 et
3838 1451 3949 1508 haec

2358 1540 2414 1581 et
2441 1545 2626 1584 omnes
2652 1533 3092 1600 concupiscentim
3124 1546 3345 1588 mortue
3378 1536 3447 1595 ibi
3478 1549 3621 1592 sunt.
3658 1540 3771 1593 Non
3802 1542 3945 1597 enim

2357 1619 2424 1674 ad
2452 1622 2780 1676 saturitatem
2808 1633 2861 1677 ct
2885 1624 3203 1692 voluptatem
3224 1667 3240 1691 ,
3270 1627 3362 1681 sed
3385 1628 3448 1681 ad
3475 1632 3849 1687 necessitatem
3873 1635 3947 1688 ci-

2357 1710 2483 1763 bum
2532 1722 2746 1765 sumunt
2777 1731 2789 1765 :
2825 1714 2950 1766 nulli
2985 1714 3051 1767 ibi
3080 1730 3336 1785 aucupes,
3367 1733 3465 1771 nec
3493 1719 3821 1787 piscatores;
3853 1725 3942 1778 Sed

2356 1802 2509 1868 panis
2536 1810 2593 1856 et
2616 1817 2771 1871 aqua.
2803 1803 3114 1859 Sollicitudo
3138 1815 3314 1859 autem
3341 1807 3486 1880 hu-c,
3515 1812 3795 1875 tumultus,
3828 1829 3943 1881 pcr-

2356 1892 2705 1954 turbationcs,
2733 1897 2907 1947 tunnia
2929 1896 3141 1950 demum
3170 1896 3291 1950 inde
3314 1900 3459 1965 pulsa
3489 1909 3631 1960 sunt.
3665 1914 3775 1954 ttnn
3806 1919 3836 1956 a
3866 1916 3944 1957 to-

2355 1972 2525 2048 gnrio,
2560 1994 2669 2037 tum
2698 1999 2727 2039 a
2758 1999 3011 2053 Corpore,
3045 2002 3265 2055 magnus
3296 1988 3363 2041 ibi
3396 2000 3578 2057 portus
3609 2008 3622 2043 :
3656 1993 3796 2059 apud
3827 1994 3943 2048 itlos

2351 2082 2528 2125 autem
2557 2074 2778 2140 plurima
2809 2085 3113 2144 tempestas.
3144 2076 3407 2133 Rescindc
3435 2079 3594 2149 igitur
3618 2084 3941 2152 cogitatione

2358 2171 2596 2220 ventrem
2628 2180 2809 2218 cntutu
2840 2168 2927 2234 qui
2970 2166 3160 2220 talibus
3186 2167 3319 2221 cibis
3349 2170 3759 2239 ingurgitantur,
3801 2176 3943 2228 vidc-

2352 2250 2433 2303 liis
2458 2256 2760 2321 congeriem
2792 2271 3067 2325 magnam,
3100 2258 3335 2327 impuros
3359 2240 3574 2316 canales
3594 2302 3608 2323 ,
3652 2266 3941 2329 sepulcrmn

2349 2339 2631 2395 dealbatam
2654 2343 2861 2415 (Matth.
2892 2345 2981 2399 25.
3004 2346 3098 2415 27)
3124 2365 3139 2400 :
3163 2358 3605 2423 qttmsequnntur
3629 2366 3761 2405 Vero
3786 2356 3941 2422 pudet

2346 2430 2529 2485 dicere
2553 2472 2568 2493 ,
2596 2445 2778 2487 ructus
2810 2435 3078 2502 insuaves,
3108 2440 3357 2503 vomitus,
3390 2440 3694 2508 egestioues
3724 2458 3938 2496 sursum

2348 2523 2619 2579 deorsum.
2644 2526 2713 2579 At
2739 2525 2787 2578 in
2816 2527 3103 2581 solitudine
3126 2526 3287 2583 hasce
3307 2519 3771 2599 concupiscendos
3800 2552 3939 2589 mur.

2352 2621 2472 2665 tuis
2502 2613 2617 2665 vide
2639 2654 2652 2677 ,
2685 2629 2889 2668 necnon
2918 2618 3341 2673 vehementiores
3367 2618 3492 2675 inde
3518 2632 3670 2675 ortos
3696 2639 3936 2691 amores,

2344 2717 2604 2759 venercos
2638 2706 2756 2760 dico
2801 2723 2815 2761 :
2861 2706 2959 2763 hos
2996 2710 3191 2780 quippe
3218 2725 3405 2767 omnes
3434 2713 3701 2783 projectns
3729 2717 3937 2773 ridebis

2344 2811 2464 2850 cum
2491 2798 2809 2866 (‘qltl8,Cltm
2846 2798 3125 2870 jumentis.
3168 2802 3473 2863 Iumentum
3513 2806 3692 2871 enim,
3741 2809 3938 2875 tehun,

2344 2902 2514 2957 equus
2538 2887 2605 2943 ad
2632 2889 2941 2946 obscmnum
2981 2906 3113 2960 opus
3152 2892 3556 2962 exprimendum
3591 2896 3935 2953 adhibentur.

2302 2993 2305 2996 ‘
2343 2978 2446 3034 Sed
2476 2980 2675 3036 with-bis
2699 2983 2855 3037 simul
2881 2997 3075 3053 equum
3098 2994 3154 3040 et
3176 2999 3514 3042 ascensorem
3543 2989 3723 3054 talem,
3750 3001 3807 3043 et
3832 2993 3937 3046 tela

2339 3074 2565 3141 jacentia
2598 3091 2611 3128 :
2636 3073 2745 3129 illic
2769 3090 2896 3130 vero
2910 3077 3176 3131 contraria
3203 3078 3404 3144 omnia,
3426 3080 3631 3133 animas
3653 3092 3896 3137 mortuas
3922 3085 3935 3114 '

2342 3165 2595 3233 disjectas.
2627 3164 2805 3236 Neque
2837 3166 2889 3222 in
2916 3182 3097 3223 mensa
3125 3178 3326 3223 tantum
3354 3162 3575 3245 victoria
3602 3174 3803 3227 sanctis
3836 3176 3939 3229 illis

2342 3257 2627 3327 conspicua
2650 3300 2664 3323 ,
2696 3258 2788 3313 sed
2815 3268 2871 3313 et
2900 3259 2950 3313 in
2981 3259 3099 3314 aliis
3120 3301 3135 3327 ,
3170 3261 3220 3315 in
3251 3262 3520 3331 pecuniis,
3556 3252 3607 3318 in
3636 3265 3837 3334 glori-t,
3886 3270 3939 3321 in

2344 3346 2540 3410 livore,
2574 3347 2627 3401 in
2654 3348 3051 3417 a'gritndinibus
3085 3352 3354 3408 omnibus.
3382 3354 3575 3409 Annon
3618 3336 3750 3426 ergo
3775 3357 3935 3427 ride-

2345 3446 2430 3492 tur
2460 3438 2553 3493 tibi
2583 3438 2669 3495 hic
2697 3442 2956 3495 exercitus
2987 3442 3173 3497 fortior
3199 3443 3313 3511 illo,
3351 3454 3408 3500 et
3442 3445 3557 3513 lucc
3592 3463 3775 3517 mensa
3820 3466 3940 3503 tue-

2344 3530 2483 3584 lior?
2511 3532 2637 3598 Quis
2669 3533 3036 3589 contradicat?
3076 3534 3266 3601 Nemo,
3309 3552 3377 3591 ne
3417 3524 3630 3607 quidem
3674 3553 3741 3594 ex
3789 3540 3937 3607 illis,

2341 3623 2549 3675 etiamsi
2592 3623 2874 3679 admodum
2919 3623 3224 3682 [itt‘cns'siL
3273 3627 3398 3684 Ha-c
3426 3630 3623 3699 quippe
3650 3634 3701 3685 in
3729 3634 3930 3687 cadum

2342 3712 2521 3773 mittit,
2554 3712 2638 3765 illa
2668 3715 2734 3767 ad
2763 3714 3056 3799 gehennam
3096 3717 3255 3772 trahit
3281 3735 3295 3788 _:
3328 3718 3467 3775 hanc
3490 3720 3731 3776 diabolus
3759 3736 3937 3791 parat,

2340 3802 2484 3857 illam
2511 3803 2754 3859 Christus
2778 3822 2792 3858 :
2825 3807 2960 3869 hanc
2984 3808 3224 3873 voluptas
3247 3820 3301 3865 et
3326 3810 3480 3866 luxus
3501 3811 3756 3877 disponit.
3787 3814 3939 3869 illam

2342 3894 2671 3964 philosophia
2701 3905 2755 3950 et
2783 3904 3129 3966 temperantia
3162 3920 3174 3955 :
3219 3900 3304 3956 hic
3330 3902 3574 3959 Christus
3602 3903 3793 3971 adest,
3826 3907 3943 3961 illic

2341 3985 2601 4040 diabolus.
2632 3988 2727 4043 Ubi
2749 3990 2888 4059 enim
2910 3990 3161 4057 ebrietas,
3192 3993 3259 4046 ibi
3290 3995 3529 4048 diabolus
3551 4005 3631 4050 est
3664 4014 3678 4050 :
3711 3998 3802 4052 ubi
3836 3998 3945 4051 ob-

2341 4091 2519 4130 scoena
2540 4078 2717 4139 verba,
2732 4080 2819 4133 tibi
2837 4083 3103 4145 saturitas,
3125 4082 3195 4137 ibi
3215 4082 3487 4139 dtcmones
3503 4089 3729 4140 choreas
3744 4098 3938 4159 agunt.

2342 4165 2520 4221 Ta'em
2552 4167 2731 4226 habuit
2759 4185 2993 4225 mensam
3019 4171 3167 4226 dives
3192 4173 3313 4237 ille;
3344 4174 3570 4245 ideoque
3598 4191 3700 4235 nec
3727 4180 3937 4232 stillam

2341 4272 2491 4327 aqum
2522 4258 2748 4317 habebat
2776 4260 2923 4329 (Luc.
2962 4264 3045 4316 ιϐ.
3074 4263 3191 4332 24).

2411 4349 2465 4403 5.
2506 4350 2575 4403 At
2611 4350 2854 4405 monachi
2897 4368 3001 4406 non
3036 4354 3190 4418 talem
3224 4355 3450 4413 habent.
3483 4356 3577 4411 sed
3607 4360 3938 4423 angelorum

2357 4441 2515 4494 vitam
2582 4441 2801 4508 vivunt,
2862 4460 2963 4499 nec
3006 4462 3200 4503 uxores
3250 4447 3468 4515 ducunt,
3497 4464 3671 4518 neque
3696 4450 3788 4505 ditt
3817 4453 3944 4515 dor-

2340 4529 2543 4596 miunt,
2580 4546 2679 4585 nec
2703 4530 2906 4587 deliciis
2933 4535 3177 4598 student;
3208 4535 3300 4589 sed
3329 4546 3684 4609 prteterqnam
3716 4542 3770 4595 in
3803 4559 3940 4613 pan-

2338 4620 2415 4676 cis
2456 4620 2780 4691 quibusdam
2802 4663 2817 4686 ,
2865 4624 3165 4693 incorporei
3193 4626 3457 4682 videntur.
3489 4628 3618 4695 Quis
3658 4631 3828 4701 igitur
3858 4648 3944 4690 est

2338 4712 2425 4779 qtti
2459 4719 2563 4764 tam
2595 4711 2745 4767 faciic
2768 4715 2949 4768 hostes
2977 4712 3197 4769 fundere
3223 4720 3418 4786 possit.
3448 4731 3499 4772 ut
3533 4724 3818 4790 prandium
3849 4742 3944 4779 su-

2338 4802 2553 4865 mendo,
2585 4810 2839 4872 tropamtn
2868 4806 3079 4873 erigat?
3122 4805 3353 4878 Ideoque
3378 4810 3455 4883 ait
3482 4793 3735 4881 propheta
3770 4834 3785 4871 :
3828 4815 3930 4871 Po-

2337 4896 2458 4948 raati
2485 4896 2536 4948 in
2566 4907 2831 4963 conspectu
2872 4911 2979 4948 meo
3017 4888 3240 4951 "tensam
3276 4899 3513 4956 adversus
3540 4918 3622 4955 eos
3646 4905 3735 4971 qui
3767 4909 3947 4961 triba-

2334 4982 2445 5038 lant
2470 5001 2547 5038 me
2571 4986 2589 5055 (
2613 4983 2751 5039 Psat.
2784 4985 2873 5039 '22.
2906 4987 3000 5055 5).
3031 4987 3146 5041 Non
3174 4990 3318 5043 enim
3346 4992 3545 5046 errabit
3582 4994 3625 5047 si
3665 4998 3794 5063 quis
3838 4999 3951 5055 hoc

2337 5072 2602 5143 eloquium
2649 5090 2886 5147 mensam
2932 5086 3175 5146 spectare
3215 5078 3428 5136 dixerit.
3475 5080 3628 5136 Nihil
3660 5087 3813 5140 enim
3866 5092 3949 5142 sic

2336 5164 2568 5217 animam
2601 5164 2805 5233 turbat,
2845 5174 2905 5221 ιιι
2939 5168 3365 5237 concupiscentia
3406 5171 3634 5227 absurda
3661 5214 3677 5239 ,
3718 5176 3950 5237 delicia:

2337 5255 2612 5319 ciborum.
2653 5256 2920 5325 ebrietas,
2959 5268 3014 5314 et
3055 5260 3191 5315 mala
3231 5277 3349 5332 qua:
3387 5262 3510 5319 inde
3550 5268 3805 5325 oriuntur
3842 5292 3858 5328 :
3894 5285 3951 5329 et

2344 5347 2444 5402 hoc
2473 5358 2666 5403 norunt
2693 5351 2781 5419 qui
2816 5350 3000 5405 harum
3041 5366 3216 5406 rerum
3246 5354 3540 5424 periculum
3578 5352 3850 5418 fecerunt
3889 5365 3949 5423 Si

2346 5446 2522 5493 autem
2538 5438 2804 5504 didiceris,
2826 5441 2964 5497 unde
2986 5440 3101 5497 lucc
3119 5457 3301 5498 mensa
3322 5444 3621 5516 colligatur,
3644 5452 3796 5508 unde
3826 5456 3950 5524 illa,

2340 5544 2465 5591 tunc
2508 5532 2672 5605 probe
2699 5535 2836 5590 scies
2873 5550 2991 5605 qua:
3028 5536 3100 5590 sit
3135 5536 3272 5591 inter
3299 5546 3577 5619 utramque
3602 5542 3948 5609 diﬂemiitia.

2405 5688 2420 5720 ί
2451 5686 2508 5766 lu
2526 5689 2808 5766 quibusdam
2834 5691 3031 5766 legitur,
3058 5690 3159 5766 ἤιξε
3194 5706 3307 5747 vero
3343 5706 3522 5750 castra:
3536 5694 3586 5747 ia
3610 5704 3805 5766 nauita,
3833 5720 3953 5760 cor-

2344 5764 2459 5807 pora
2484 5752 2745 5809 vulnerata,
2771 5752 2955 5803 animus
2971 5760 3202 5811 mortuas.

3862 332 3966 387 660
