4174 6332
232 358 315 417 681
1166 342 1233 400 ΙΝ
1270 338 1677 399 ΜΑΤἸἮΕΗΜ
1716 335 1794 393 llC

1898 335 1944 392 [ι.
1986 334 2175 393 LXXI.
2216 336 2289 393 al.
2328 336 2542 394 LXXII.

234 474 492 535 Undensm
518 483 648 541 ergo
674 468 794 524 haec
828 461 1131 535 colligitur?
1174 461 1250 517 Ex
1278 457 1531 533 lacrymis
1561 458 1807 512 innume-

231 571 313 629 n's,
339 582 398 621 ex
429 563 709 618 viduarum
740 558 945 628 spoliis,
977 572 1043 613 ex
1079 555 1248 625 raptis
1276 552 1595 623 pupillorum
1636 548 1805 606 facul-

232 657 409 714 tatibus
438 671 452 708 :
484 653 573 709 illa
604 668 731 709 vero
768 665 834 707 ex
867 649 1027 720 justis
1061 646 1330 703 laboribus
1360 652 1578 715 paratur
1606 660 1619 697 :
1651 641 1805 700 simi-

230 752 379 821 lisque
402 756 490 802 est
517 743 1167 813 formosae‘sp‘eciosteque
1208 736 1456 802 mulieri,
1496 750 1617 806 qua:
1655 733 1807 789 nullo

228 836 476 895 exteriore
501 846 623 905 eget
648 842 869 898 ornatu;
909 832 1003 888 sed
1046 826 1540 887 naturalemhabet
1568 823 1803 898 pulchri«

222 928 485 993 tudinem;
527 926 619 982 illa
661 940 791 983 vero
826 923 1096 980 meretrici
1125 920 1349 977 deformi
1377 926 1433 975 et
1462 918 1637 990 turpi,
1683 932 1805 988 quas

223 1020 333 1075 fuco
358 1018 526 1073 multo
554 1017 742 1084 utitur,
786 1030 957 1086 neque
1001 1021 1180 1085 potest
1220 1010 1617 1067 deformitatem
1647 1009 1804 1065 obte-

216 1126 362 1182 gere,
388 1109 485 1166 sed
514 1124 622 1181 quo
649 1101 867 1179 propius
894 1106 1150 1163 accedere
1179 1112 1384 1168 tentat,
1413 1117 1482 1160 eo
1511 1102 1682 1175 magis
1710 1115 1800 1157 re-

224 1212 485 1267 movetur;
528 1216 651 1256 nam
689 1208 888 1272 quanto
926 1200 1094 1271 magis
1128 1196 1335 1253 accedit
1360 1195 1425 1251 ad
1455 1203 1759 1251 consortem
1779 1233 1800 1261 ,

217 1304 353 1350 tanto
368 1294 544 1366 magis
569 1295 686 1365 ejus
706 1292 1019 1349 deformitas
1042 1290 1483 1363 deprehenditur.
1510 1288 1589 1345 Ne
1614 1302 1805 1343 ascen.
1838 1321 1862 1335 α

216 1386 390 1441 dentes
414 1386 670 1441 conviVas
693 1385 1006 1455 aspexeris,
1052 1381 1149 1438 sed
1188 1380 1537 1447 recedentes,
1582 1388 1639 1437 et
1678 1388 1804 1434 tunc

214 1477 320 1546 ejus
348 1473 733 1547 turpitudinem
774 1474 999 1531 videbis.
1033 1473 1130 1530 Illa
1161 1487 1290 1529 vero
1314 1472 1415 1527 alia
1434 1512 1451 1539 ,
1480 1471 1646 1526 libera
1673 1484 1799 1525 cum

216 1579 304 1634 stt,
337 1568 469 1623 nihil
508 1568 637 1623 sinit
660 1576 940 1624 consortes
965 1566 1280 1623 obscenum
1307 1564 1525 1630 dicere;
1558 1564 1674 1619 lucc
1700 1578 1799 1618 au-

216 1669 310 1715 tem
338 1660 468 1715 nihil
499 1660 781 1717 honestum
801 1701 818 1728 ,
851 1668 1035 1730 utpote
1070 1674 1190 1731 quat
1216 1658 1472 1715 meretrix
1510 1665 1562 1714 et
1588 1655 1801 1713 infamis

212 1750 295 1805 sit.
346 1749 472 1806 llaec
515 1750 781 1806 consortis
821 1751 904 1806 sui
946 1750 1226 1806 utilitatem
1275 1750 1498 1821 quaerit;
1545 1748 1632 1802 illa
1678 1762 1801 1819 per-

214 1842 394 1897 niciem
438 1841 579 1912 ejus.
628 1841 756 1898 [late
811 1858 917 1897 non
965 1843 1227 1912 permittit
1266 1841 1539 1898 oll‘endere
1580 1839 1795 1907 Deum;

210 1930 317 1988 haec
353 1948 460 1989 non
500 1934 629 1989 sinit
666 1949 774 1989 non
820 1918 1115 1989 offendere.
1147 1932 1420 1989 Adeamus
1447 1932 1608 2004 igitur
1635 1931 1793 1996 illos;

211 2022 324 2079 inde
341 2025 576 2080 sciemus
598 2035 729 2096 quot
749 2026 919 2082 simus
938 2026 1164 2082 vinculis
1183 2022 1456 2083 constricti
1475 2043 1491 2093 ;
1520 2025 1643 2082 inde
1667 2025 1800 2082 scie-

210 2131 319 2172 mus
345 2132 587 2172 mensam
612 2134 884 2190 apponere
909 2120 1059 2177 mille
1079 2120 1238 2177 bonis
1260 2120 1496 2191 plenam.
1516 2120 1798 2192 iucundis:

208 2207 413 2279 simam,
444 2208 644 2264 nullius
664 2208 941 2280 impensa),
966 2211 1343 2279 sollicitudine,
1373 2207 1796 2279 invidia,'iivore

3413 342 3517 399 8ΰί

1910 468 2154 520 vacuam,
2185 453 2256 511 ab
2279 454 2424 509 omni
2456 451 2647 509 morbo
2676 451 2922 515 liberam,
2952 453 3094 521 bona
3117 470 3213 527 spe
3242 456 3514 525 refertam,

1911 545 2091 599 multis
2121 554 2366 601 ornatam
2399 543 2634 616 tropeis.
2674 543 2829 599 Nulla
2875 552 2959 601 est
3000 545 3071 602 ibi
3106 548 3269 603 animi
3297 560 3521 622 portur.

1911 640 2084 706 ltatio,
2130 657 2236 698 non
2275 640 2489 701 tristitia
2513 642 2551 704 ι,
2594 654 2701 696 non
2743 640 2823 701 ira
2862 658 2876 694 :
2909 640 3089 697 omnia
3115 643 3517 714 tranquillitas,

1908 740 2089 795 omnia
2112 754 2239 810 pax.
2268 737 2347 794 Ne
2375 736 2504 792 mihi
2532 737 2804 794 silentium
2831 737 3197 794 ministrorum
3231 738 3282 794 in
3314 741 3518 797 men~is

1908 831 2132 887 divitum
2171 844 2471 898 memores,
2512 829 2609 885 sed
2649 830 2940 899 clamorem
2978 829 3322 886 convivarum
3356 849 3373 887 :
3407 847 3515 887 non

1907 923 2054 979 illum
2084 937 2192 994 quo
2219 932 2406 977 mutuo
2425 929 2669 987 utuntur,
2700 921 2824 977 licet
2841 930 2901 977 et
2920 920 3006 977 hic
3027 920 3285 985 ridiculus
3303 924 3393 988 sit,
3417 924 3516 980 scd

1909 1014 2219 1070 interiorem
2239 1054 2256 1079 ,
2287 1012 2377 1082 qui
2411 1014 2462 1065 in
2491 1012 2676 1068 animo
2696 1056 2711 1079 ,
2752 1014 2841 1083 qui
2883 1028 3131 1083 magnam
3161 1014 3513 1086 τίσει-ωλι)ιί-

1907 1108 2158 1173 vitalem,
2199 1106 2584 1177 cogitationum
2624 1106 2942 1173 tumultum,
2977 1108 3294 1178 procellam,
3322 1110 3516 1182 caligi-

1907 1217 2053 1268 nem,
2087 1208 2481 1271 tempestatem,
2517 1199 2714 1271 quibus
2740 1200 2923 1256 omnia
2963 1200 3274 1257 minuuntnr
3303 1212 3359 1259 et
3388 1217 3516 1274 ρετ-ί

1906 1296 2219 1361 miscentur,
2260 1300 2321 1349 et
2359 1295 2639 1348 nocturna:
2676 1307 2869 1365 pugnat
2905 1293 3098 1350 similis
3124 1302 3227 1350 est.
3261 1294 3373 1353 Sed
3403 1312 3511 1352 non

1908 1385 2031 1442 talia
2062 1387 2114 1441 itt
2147 1383 2507 1441 tabernaculis
2537 1384 2962 1452 monachorum;
3008 1384 3107 1442 sed
3148 1386 3315 1442 multa
3356 1395 3513 1444 tran-

1904 1480 2171 1552 quillitas,
2201 1478 2354 1550 quies
2385 1479 2573 1534 multa.
2606 1477 2676 1534 Et
2710 1477 2854 1534 illam
2887 1478 3105 1550 quidem
3136 1495 3378 1537 mensam
3418 1498 3513 1537 ex-

1903 1574 2035 1646 cipit
2051 1581 2275 1630 somnus
2298 1572 2458 1629 morti
2482 1571 2696 1638 similis,
2717 1571 2863 1652 hanc
2887 1587 3016 1629 vero
3036 1573 3338 1644 vigilantia;
3360 1573 3510 1630 illam

1903 1667 2244 1740 supplicium.
2269 1666 2408 1723 hanc
2428 1680 2652 1737 regnum
2663 1664 2929 1722 caelorum
2950 1676 3009 1740 et
3026 1666 3348 1723 immortalia
3367 1683 3512 1739 pnn-

1901 1735 2033 1815 mi'al
2064 1758 2215 1814 Illam
2251 1758 2414 1829 igitur
2451 1735 2818 1829 insequamur,
2849 1766 2910 1813 ut
2935 1735 3198 1828 fructibus
3218 1758 3344 1829 ejus
3368 1735 3521 1814 ξηιλ-ν

1903 1868 2026 1908 mur
2050 1870 2068 1907 :
2100 1865 2234 1923 quos
2257 1850 2464 1908 utinam
2493 1866 2684 1907 omnes
2712 1865 3125 1924 consequamur,
3146 1854 3319 1923 gratia
3342 1862 3403 1909 et
3426 1854 3509 1909 lte-

1902 1945 2163 2016 nignitate
2203 1943 2417 2000 Domini
2459 1944 2628 1998 nostri
2672 1942 2801 2000 Jestt
2849 1942 3081 2008 Christi,
3123 1946 3209 2001 cui
3250 1945 3419 2017 gloria
3450 1949 3505 2001 el

1902 2036 2185 2108 imperium
2218 2036 2272 2091 in
2298 2035 2496 2092 saecula
2522 2035 2864 2092 steculoru'm.
2894 2037 3086 2091 Anien.

2017 2206 2044 2242 ¹
2070 2206 2203 2259 Tres
2232 2222 2357 2260 mss.
2383 2210 2572 2262 habent
2594 2208 2812 2273 morbus,
2836 2223 2946 2275 pro,
2969 2210 3193 2265 tristitia.

492 2316 3262 2347 mw

1338 2387 1686 2452 HOMlLIA
1718 2389 1955 2452 LXXI.
1994 2385 2087 2448 al.
2132 2382 2397 2446 LXXII.

204 2502 324 2559 Car.
364 2504 459 2561 29.
498 2521 552 2561 ν.
590 2507 684 2563 ⁸53.
733 2508 987 2565 Plurimi
1016 2513 1187 2566 autent
1222 2512 1515 2579 audientes,
1544 2510 1680 2584 quod
1717 2512 1793 2567 si-

274 2595 482 2651 lentium
522 2598 845 2669 imposuisset
876 2600 1181 2661 Saddumis
1200 2644 1214 2668 ,
1268 2605 1558 2675 congregati
1585 2613 1705 2659 sunt
1729 2606 1789 2660 in

262 2704 455 2757 unum,
476 2691 569 2747 35.
592 2700 643 2746 et
670 2692 997 2765 interrogavit
1020 2712 1150 2751 unus
1176 2712 1239 2752 ea:
1278 2696 1406 2769 ipsis
1424 2698 1755 2768 jurisperitus
1776 2739 1792 2766 ,

271 2789 468 2839 totum
493 2799 631 2851 eum,
663 2794 712 2841 et
755 2785 927 2840 dicens
949 2803 968 2841 :
995 2786 1260 2860 Magister,
1307 2789 1442 2858 quod
1465 2799 1539 2847 est
1564 2789 1797 2845 manda-

268 2883 371 2929 tum
396 2892 643 2947 mgnum
674 2877 729 2933 in
751 2878 861 2949 lege
880 2878 906 2932 7

277 2964 326 3017 l.
384 2964 594 3021 Rursus
641 2981 858 3021 causam
904 2969 1057 3039 ponit
1109 2970 1473 3041 evangelista.
1506 2987 1604 3026 cur
1631 2972 1795 3029 silere

204 3066 496 3123 oporteret,
522 3057 733 3112 illorum
762 3074 977 3130 quoque
1004 3060 1279 3117 audaciam
1310 3064 1545 3119 indidem
1573 3064 1795 3135 signifi—

206 3155 307 3200 cat.
336 3147 458 3217 Quo
500 3150 699 3219 pacto?
723 3152 857 3220 Quia
882 3167 1003 3208 cum
1036 3154 1140 3208 illis
1164 3154 1434 3210 silentium
1483 3154 1791 3226 impositum

204 3236 403 3307 fuisset,
423 3240 478 3295 lti
506 3257 690 3297 rursus
711 3244 1108 3315 aggrediuntur.
1134 3245 1267 3300 Cum
1298 3246 1623 3315 oportuisset
1645 3247 1790 3302 enim

204 3330 321 3388 inde
336 3334 642 3403 quiescere,
659 3336 732 3391 illi
765 3352 953 3392 rursus
980 3346 1315 3403 concertant,
1336 3348 1394 3397 et
1424 3338 1790 3410 legisperitttm

202 3434 483 3494 opponunt
515 3443 528 3479 :
557 3443 661 3481 non
703 3427 843 3499 quod
886 3429 1132 3496 discere,
1165 3429 1261 3485 sed
1288 3430 1430 3501 quod
1452 3440 1665 3487 tentare
1694 3446 1793 3486 cn-

202 3526 423 3585 pcrent;
472 3526 529 3571 et
579 3518 1137 3588 interrogantzouod
1189 3530 1274 3577 est
1321 3522 1630 3578 mandatum
1680 3524 1793 3591 pri-

200 3609 385 3663 mum?
415 3610 554 3677 Quia
589 3611 734 3667 enim
768 3600 1000 3684 primum
1032 3611 1159 3669 illttd
1188 3623 1302 3668 erat
1333 3612 1567 3686 :Diliges
1608 3613 1791 3669 Domi-

198 3698 511 3754 unntDesun
538 3710 700 3769 (sum,
728 3713 1005 3773 sperantes
1028 3704 1178 3759 illum
1198 3720 1389 3761 ansam
1422 3707 1787 3777 praebiturum,

196 3790 517 3861 corrigendo
541 3792 746 3849 scilicet
770 3794 982 3864 ipsum,
1037 3802 1097 3851 ut
1142 3810 1203 3851 se
1233 3812 1444 3867 quoque
1474 3798 1639 3853 Deum
1671 3814 1792 3854 esse

196 3883 530 3950 ostenderet,
560 3884 641 3940 sic
686 3884 1033 3958 interrogant.
1060 3888 1196 3955 Qttid
1237 3904 1365 3961 ergo
1390 3890 1676 3947 Christus?
1720 3889 1793 3948 Ut

198 3974 468 4040 ostendat,
501 3991 603 4045 qua
633 3975 703 4044 tle
726 3991 889 4033 causa
916 3980 1182 4045 venerint,
1211 3980 1352 4051 quod
1384 3981 1582 4037 nullam
1628 3982 1794 4040 habe-

196 4075 305 4117 rent
328 4066 636 4131 caritatum,
663 4067 805 4137 quod
837 4068 1034 4124 invidia
1066 4069 1418 4137 tabescerent,
1452 4073 1595 4143 quod
1623 4074 1793 4131 livore

193 4166 542 4222 caperentur,
574 4158 649 4211 ait
682 4158 809 4213 :57.
856 4159 1053 4231 Diliges
1077 4159 1355 4216 Dominum
1384 4161 1547 4217 Deum
1598 4171 1741 4217 tuum
1772 4179 1791 4219 :

192 4245 278 4302 38.
304 4250 405 4303 Iwc
432 4250 657 4320 primum
683 4262 733 4306 et
764 4268 1005 4323 magnum
1028 4263 1103 4307 est
1127 4255 1445 4310 mandatum.
1472 4255 1561 4311 '59.
1596 4256 1794 4311 Secun-

191 4339 308 4394 dum
334 4354 515 4395 autem
553 4342 725 4398 simile
748 4344 867 4399 huic
900 4360 919 4398 .'
943 4344 1141 4417 Diliges
1169 4349 1455 4416 proximum
1480 4359 1623 4403 tuum
1663 4351 1791 4404 sicut

190 4430 425 4501 teipsum.
450 4432 585 4498 Cur,
609 4433 792 4490 Simile
820 4436 974 4490 huic?
1004 4436 1135 4503 Quia
1161 4437 1261 4493 ltoc
1288 4439 1354 4493 ad
1383 4440 1677 4508 illud‘viatn
1700 4457 1793 4511 pa-

192 4531 285 4584 rat,
312 4532 370 4577 et
403 4523 475 4577 ab
508 4522 599 4576 illo
643 4538 830 4579 rursus
856 4528 1110 4582 tnunitur.
1141 4527 1272 4583 Nam
1318 4529 1631 4602 Quicumque
1657 4533 1790 4586 male

186 4612 308 4681 agit,
333 4612 445 4665 odit
472 4612 657 4679 lucem,
689 4622 739 4668 et
775 4631 877 4668 non
898 4617 1028 4669 venit
1055 4617 1123 4670 ad
1152 4618 1315 4673 lucem
1347 4620 1528 4689 (Joan.
1559 4624 1613 4676 5.
1653 4623 1785 4691 90);

187 4712 240 4756 et
264 4719 459 4759 rursus
491 4722 505 4757 :
538 4702 682 4758 Dixit
710 4707 953 4776 insipiens
977 4709 1029 4762 in
1052 4709 1205 4763 corde
1226 4726 1355 4764 suo:
1387 4710 1507 4766 Non
1532 4723 1604 4765 est
1645 4712 1787 4768 Deus

188 4794 360 4866 (Paul.
387 4798 489 4853 52.
522 4797 598 4866 1).
653 4797 719 4851 Et
745 4799 871 4867 quid
904 4799 1065 4855 inde?
1096 4802 1334 4872 Cet-rupti
1362 4818 1478 4857 sunt
1504 4815 1550 4858 ct
1587 4807 1784 4859 abomi-

186 4887 375 4941 nabiles
407 4888 539 4958 facti
577 4899 693 4942 sunt
721 4891 772 4942 ita
799 4892 979 4945 studiis
1006 4894 1109 4947 suis
1149 4891 1319 4954 (Psal.
1347 4896 1433 4947 l5.
1460 4895 1544 4965 εὶ).
1581 4896 1645 4950 Ει
1683 4898 1791 4952 itc-

187 4994 301 5032 t'um
332 4998 346 5033 :
375 4978 563 5033 Radix
586 4995 813 5032 omnium
844 4982 1102 5036 malorum
1130 4982 1428 5037 estnam-ilia
1454 5026 1467 5046 ,
1498 5002 1649 5053 quant
1670 4987 1786 5057 qui—

170 5070 300 5124 dam
353 5081 656 5140 appetentes
685 5085 974 5124 errat-erunt
1005 5090 1035 5124 α
1062 5072 1163 5139 ﬁde
1190 5075 1267 5144 (l.
1295 5073 1428 5129 Tim.
1452 5076 1506 5131 6.
1542 5077 1626 5146 l0)
1661 5095 1673 5140 ;
1709 5088 1807 5145 et,

184 5162 278 5227 Qui
306 5162 482 5232 diligit
515 5179 613 5223 me,
636 5163 875 5216 "mndata
908 5180 1015 5216 mea
1039 5162 1252 5217 servabit
1278 5166 1295 5235 ί
1310 5164 1470 5223 Joan.
1522 5168 1608 5223 Μ.
1658 5171 1781 5239 15).

182 5255 422 5317 Quorum
452 5255 695 5306 omnium
738 5263 895 5322 caput
924 5264 1007 5309 est
1034 5272 1046 5308 :
1079 5254 1272 5327 Diliges
1299 5256 1575 5314 Dominum
1622 5260 1786 5315 Deum

182 5353 344 5404 tutius.
379 5353 427 5397 et
482 5348 774 5413 proximum
808 5354 950 5397 tuum
978 5345 1108 5399 sicut
1161 5348 1394 5417 teipsum.
1428 5348 1482 5403 Si
1512 5366 1638 5419 ergo
1664 5352 1784 5407 dili-

183 5451 305 5501 gere
331 5436 530 5498 Deum,
556 5434 781 5505 diligere
812 5437 1113 5505 proximum
1141 5449 1223 5491 est
1266 5439 1411 5510 (nam
1439 5441 1543 5495 ait:
1580 5445 1640 5496 Si
1659 5444 1785 5498 dili—

180 5528 253 5596 gis
278 5545 378 5591 nte,
413 5526 588 5591 Petre,
616 5545 765 5595 pusca
783 5545 896 5581 ora
918 5546 1054 5583 meas
1074 5529 1248 5601 [10am
1278 5534 1368 5589 21.
1395 5532 1533 5609 16]),
1561 5536 1783 5608 diligere

180 5630 358 5675 autem
382 5619 689 5687 proximum
722 5618 843 5671 facit
868 5629 924 5673 ut
950 5621 1191 5675 mandata
1221 5626 1507 5693 custodias,
1524 5628 1643 5696 jure
1668 5629 1739 5683 ait
1766 5648 1778 5684 :

180 5710 266 5763 ω.
291 5708 360 5763 In
386 5710 473 5763 his
497 5718 598 5761 tota
624 5711 708 5764 le:
731 5711 909 5777 puniet
933 5720 978 5762 et
1001 5713 1278 5785 prop/tem.
1307 5710 1429 5771 Ideo
1458 5719 1597 5787 quod
1624 5730 1781 5777 antea

188 5800 330 5862 fecit,
401 5800 455 5855 id
513 5809 565 5851 et
611 5814 752 5855 nunc
783 5800 925 5853 facit.
960 5801 1163 5855 Etenim
1207 5802 1278 5858 ii.i
1322 5806 1677 5877 interrogatus
1715 5813 1781 5868 de

520 5898 778 5961 Parnm.
849 5901 964 5959 Ca.
1020 5903 1239 5964 Ll’lll.

1903 2498 2063 2554 modo
2082 2495 2525 2561 resurrectionis,
2548 2494 2725 2566 ipsam
2753 2495 3208 2551 .esnrrectionem
3235 2493 3496 2564 asseruit,

1902 2591 2054 2666 plura
2077 2591 2282 2645 docens
2307 2604 2474 2660 quam
2494 2587 2676 2643 fuerat
2705 2588 3078 2659 interrogatus
3100 2605 3117 2644 :
3140 2596 3194 2644 et
3219 2588 3307 2643 hic
3326 2587 3496 2643 etiam

1897 2696 1966 2748 de
1994 2690 2169 2763 primo
2197 2690 2580 2761 interrogatus,
2617 2686 2914 2745 secundum
2946 2688 3159 2753 reeitat,
3198 2689 3372 2759 primo
3397 2706 3506 2746 non

1898 2782 2124 2837 multum
2172 2780 2392 2836 inferius
2443 2778 2760 2852 (secundum
2804 2779 2950 2836 enim
2992 2789 3105 2846 est,-
3130 2789 3186 2837 et
3214 2781 3387 2851 primo
3433 2778 3524 2836 si;

1899 2873 2080 2944 mue),
2106 2872 2461 2929 subindicans
2488 2871 2640 2942 ipsis,
2670 2871 2814 2928 unde
2843 2872 3197 2944 interrogatio
3222 2873 3359 2928 facta
3387 2874 3456 2929 sit
3484 2896 3503 2940 ,
3534 2888 3535 2891 ‘

1899 2980 2099 3036 nempe
2140 2980 2206 3021 ex
2252 2964 2560 3020 inimicitia.
2617 2962 2823 3019 Caritas
2874 2965 3019 3021 enim
3079 2982 3183 3020 non
3230 2966 3510 3022 aemulatur
3562 3024 3563 3027 η

1903 3058 1980 3129 (l.
2013 3056 2133 3111 Cor.
2164 3056 2253 3112 l3.
2285 3057 2365 3123 ι).
2395 3055 2531 3111 llinc
2568 3069 2629 3110 se
2658 3056 2895 3110 ostendit
2919 3065 2975 3111 et
2999 3057 3103 3125 legi
3134 3067 3189 3113 et
3222 3057 3505 3129 prophetis

1893 3148 2140 3219 obsequi.
2172 3147 2279 3203 Sed
2306 3162 2405 3202 cur
2430 3145 2713 3202 Ilattltazus
2741 3146 2838 3213 ait,
2869 3147 3043 3216 ipsum
3074 3149 3314 3204 tentandi
3340 3165 3503 3205 causa

1894 3240 2282 3310 interrogasse,
2296 3238 2505 3294 Marcus
2518 3253 2645 3293 vero
2656 3247 2845 3293 contra
2863 3238 2887 3292 ?
2916 3236 3123 3303 Videas,
3144 3239 3335 3310 inquit.
3351 3239 3505 3296 Jesns

1897 3333 2018 3404 quia
2043 3331 2300 3405 sapienter
2326 3329 2690 3401 respondisset,
2720 3329 2844 3383 dicit
2882 3328 3001 3395 illi,
3034 3329 3156 3385 Non
3184 3332 3333 3402 longe
3376 3348 3428 3385 es
3472 3350 3505 3384 α

1898 3442 2053 3498 regno
2071 3422 2373 3497 Dei(llarc.
2392 3422 2478 3478 12.
2498 3421 2611 3495 54).
2629 3421 2817 3493 Neque
2836 3431 3017 3477 tamen
3044 3422 3387 3485 dissentiunt.
3407 3427 3503 3481 scd

1898 3520 2185 3589 admodum
2209 3530 2466 3575 consona
2482 3518 2688 3573 dicunt.
2710 3518 2986 3590 Interroga
2998 3519 3072 3572 vit
3094 3520 3244 3574 enim
3292 3529 3505 3576 tentans

1897 3626 1927 3667 a
1959 3612 2253 3682 principio;
2280 3626 2310 3664 a
2339 3609 2695 3679 responsione
2734 3620 2922 3687 autem
2949 3610 3147 3681 aliquid
3188 3621 3376 3686 nactus
3401 3613 3503 3667 uti-

1898 3703 2084 3767 litatis,
2108 3701 2359 3757 laudatus
2376 3715 2480 3757 eat.
2499 3700 2687 3771 Neque
2705 3702 2848 3757 enim
2878 3701 3037 3757 initio
3054 3701 3230 3772 ipsum
3247 3703 3499 3759 Christus

1898 3793 2136 3849 laudavit
2166 3808 2178 3845 :
2208 3791 2303 3848 sed
2343 3792 2560 3863 quando
2611 3791 2747 3847 dixit
2772 3789 2956 3847 ant'are
2985 3794 3293 3864 proxim-um
3328 3794 3503 3864 majus

1897 3899 2021 3941 esse
2044 3899 2205 3955 quam
2235 3876 2545 3938 holocausta
2576 3882 2795 3949 ofl‘erre,
2830 3893 2957 3939 tunc
2986 3885 3121 3939 dixit
3147 3903 3158 3937 :
3193 3884 3314 3939 Νωι
3353 3886 3504 3959 longe

1896 3994 1950 4033 es
1974 3995 2007 4031 a
2031 3993 2187 4048 regno
2217 3973 2353 4030 Dei:
2380 3975 2603 4032 humilia
2631 3976 2774 4031 enim
2808 3988 2864 4031 et
2890 3976 3096 4045 objecta
3138 3977 3447 4049 despiciens
3475 4024 3490 4044 ,

1897 4070 2217 4142 principium
2246 4070 2459 4125 virtutis
2504 4069 2737 4140 attingit.
2772 4069 2987 4125 Etenim
3044 4068 3132 4125 illa
3162 4072 3345 4127 omnia
3370 4088 3500 4142 pro-

1898 4173 2024 4234 pter
2043 4162 2146 4217 ltoc
2172 4170 2349 4225 erant,
2372 4159 2593 4215 sabbata
2624 4174 2818 4230 nempe
2844 4169 2899 4214 et
2927 4161 3155 4232 reliqua.
3185 4161 3381 4217 Verum
3408 4179 3502 4218 nc-

1895 4269 2001 4327 que
2026 4253 2106 4310 sic
2130 4253 2208 4309 illi
2238 4251 2530 4323 perfectam
2558 4252 2770 4306 laudem
2802 4251 2990 4307 tribuit
3014 4293 3028 4314 .
3056 4252 3152 4309 sed
3178 4254 3263 4309 cui
3295 4253 3497 4324 aliquid

1895 4348 2055 4403 desit.
2083 4346 2219 4402 Nam
2239 4361 2364 4402 cum
2389 4344 2608 4412 dicitur,
2640 4343 2765 4411 Non
2797 4348 2949 4417 longe
2974 4362 3046 4411 es,
3074 4345 3381 4402 declaratur
3398 4348 3501 4403 ali-

1895 4442 2021 4513 quid
2052 4443 2228 4498 adltuc
2280 4442 2557 4499 interstitii
2607 4458 2746 4507 esse,
2782 4443 3008 4514 utquod
3061 4444 3244 4499 deﬁcit
3269 4456 3495 4515 quierat.

1895 4536 2048 4603 Quod
2071 4537 2115 4591 si
2150 4536 2297 4590 illum
2326 4536 2510 4591 laudet
2543 4535 2684 4606 quod
2712 4536 2928 4601 dixerit,
2966 4536 3110 4592 Unus
3138 4548 3210 4592 est
3241 4536 3411 4604 Deus,
3445 4552 3496 4593 et

1895 4637 2078 4697 prazter
2106 4644 2219 4682 eum
2260 4644 2361 4681 non
2411 4640 2484 4681 est
2532 4628 2664 4681 alius
2690 4629 2708 4698 (
2732 4626 2869 4680 Ibid.
2897 4643 2946 4681 υ.
2976 4628 3046 4683 52
3072 4630 3110 4697 ),
3130 4644 3201 4684 ne
3228 4630 3440 4684 mireris
3468 4648 3486 4696 ;

1893 4721 1988 4776 sed
2014 4720 2173 4775 etiam
2206 4721 2332 4776 inde
2358 4720 2531 4788 disce,
2563 4722 2836 4792 quomodo
2862 4721 3157 4777 secundum
3186 4723 3497 4793 opinionem

1892 4811 2258 4868 accedentium
2291 4812 2636 4881 reSpondcat.
2671 4812 2782 4868 Etsi
2816 4814 2961 4867 enim
2988 4813 3153 4869 millia
3184 4814 3252 4869 de
3278 4814 3497 4871 Christo

1888 4903 2074 4959 dicant
2096 4904 2269 4974 gloria
2301 4904 2444 4959 illius
2475 4904 2715 4976 indigna,
2756 4906 2806 4960 id
2835 4914 3013 4960 tamen
3041 4907 3223 4963 dicere
3249 4924 3355 4963 non
3391 4925 3492 4963 au-

1891 4992 2131 5057 debunt,
2183 4994 2358 5063 ipsunt
2402 4995 2626 5050 omnino
2677 5012 2783 5050 non
2837 5011 2959 5051 esse
3003 4996 3194 5053 Deum.
3226 4997 3336 5053 Cttr
3361 5016 3494 5071 ergo

1893 5086 2067 5153 ipsum
2118 5085 2301 5141 laudat
2344 5088 2490 5157 quod
2523 5089 2669 5143 dicat
2697 5099 2898 5160 praeter
2949 5090 3161 5146 Patrem
3212 5108 3317 5146 non
3371 5109 3495 5149 esse

1890 5179 2051 5232 alium
2082 5180 2294 5233 Deum?
2326 5181 2442 5234 Nott
2471 5182 2876 5251 qttodscipsum
2920 5198 3025 5237 non
3058 5200 3179 5240 esse
3210 5186 3378 5241 Deum
3412 5188 3492 5239 fa-

1891 5276 2065 5343 teatur
2090 5289 2101 5325 :
2128 5272 2297 5339 absit;
2326 5272 2418 5328 sed
2448 5274 2569 5343 quia
2606 5276 2845 5329 nondunt
2905 5286 3117 5347 tempus
3163 5287 3281 5333 erat
3322 5294 3477 5335 reve-
3508 5290 3535 5317 ο

1892 5362 2034 5416 laudi
2092 5363 2427 5419 divinitatem
2460 5380 2611 5419 suam
2636 5409 2647 5429 ,
2680 5368 2808 5421 sinit
2847 5383 2970 5423 eum
3004 5368 3057 5423 in
3087 5360 3187 5425 suo
3238 5371 3492 5442 dogmate

1890 5454 2200 5521 persistere,
2242 5466 2297 5509 et
2328 5455 2510 5533 laudat
2533 5473 2654 5511 cum
2696 5459 2836 5527 quod
2867 5471 3048 5515 vetera
3087 5462 3256 5530 probe
3284 5478 3483 5533 cogno-

1887 5556 2023 5607 soat,
2056 5556 2111 5599 ut
2144 5546 2291 5600 illum
2322 5531 2510 5602 reddat
2548 5548 2799 5603 idoneum
2831 5550 2895 5605 ad
2930 5567 3083 5605 nova:
3112 5553 3246 5623 legis
3292 5531 3489 5608 doctri—

1889 5648 2012 5689 nam
2043 5635 2436 5705 suscipiendam
2464 5678 2478 5701 ,
2508 5653 2606 5693 suo
2656 5648 2898 5709 tempore
2926 5641 3302 5699 inducendam.
3336 5643 3486 5697 Alio-

1887 5724 2015 5793 quin
2043 5741 2171 5779 vero
2202 5722 2331 5783 illud
2362 5770 2377 5792 ,
2414 5729 2561 5784 Unus
2591 5741 2662 5785 est
2714 5732 2884 5801 Deus,
2917 5744 2962 5787 et
2999 5747 3185 5805 printer
3214 5718 3328 5791 eunt
3382 5754 3484 5791 non

1896 5826 1969 5871 est
1995 5816 2153 5883 alius,
2183 5826 2237 5872 ct
2262 5819 2314 5872 in
2351 5818 2526 5874 Veteri
2550 5864 2562 5887 ,
2596 5832 2643 5876 ct
2680 5823 2897 5895 ultique,
2948 5829 3149 5881 nonad
3181 5827 3483 5896 negandum

3106 5926 3179 5986 13
