4174 6332
671 355 778 412 683

676 469 868 524 Filium
898 467 1110 529 dicitur,
1140 465 1230 520 sed
1256 465 1320 520 ad
1351 465 1714 520 exclusionem
1737 463 2022 518 idolorum.
2070 460 2250 530 Itaque

671 577 792 613 cum
822 559 965 612 illum
994 557 1062 610 ita
1087 557 1391 625 loquentem
1422 555 1618 620 laudat,
1655 553 1755 609 hoc
1782 563 1926 608 certe
1957 566 2113 606 sensu
2142 551 2254 603 latt-

673 654 782 705 dat.
808 649 1009 705 Deinde
1038 659 1312 718 postquam
1334 649 1631 719 respondit,
1663 649 1774 717 ipse
1792 660 1999 715 quoque
2028 645 2255 697 interro-

677 754 799 812 gat:
833 742 922 796 49..
953 741 1088 807 Quid
1119 741 1253 794 vobis
1300 743 1492 794 videtur
1539 742 1601 793 de
1639 737 1881 794 Christo?
1935 737 2078 804 cujus
2118 733 2254 802 filius

673 842 744 885 est
763 832 786 884 2’
808 831 988 884 Dicunt
1005 832 1070 892 ei,
1096 830 1275 883 David.
1302 831 1429 884 Vide
1448 839 1566 896 post
1591 840 1719 898 quot
1737 827 1988 881 miracula
2010 834 2057 878 et
2083 825 2250 893 signa,

677 935 796 995 post
823 936 950 995 quot
974 925 1440 992 interrogationes,
1471 931 1590 992 post
1617 931 1745 990 quot
1774 926 2085 988 argumenta
2115 931 2245 988 eon-

673 1020 868 1074 cordia:
900 1034 1010 1072 sua:
1031 1035 1151 1072 eum
1187 1018 1359 1078 Patre,
1403 1027 1511 1068 tum
1544 1015 1742 1079 verbis,
1776 1023 1886 1066 tum
1930 1012 2076 1065 factis
2103 1010 2254 1065 exhi-

676 1112 784 1166 bita
807 1151 821 1177 ,
872 1121 926 1165 et
975 1120 1255 1181 postquam
1289 1107 1519 1160 laudavit
1550 1106 1708 1160 istum
1737 1106 1824 1174 qui
1855 1105 2062 1158 dixerat
2090 1117 2250 1157 unum

672 1215 794 1255 esse
820 1199 1005 1262 Deum,
1040 1207 1165 1252 tunc
1194 1198 1505 1265 interroget,
1529 1210 1593 1248 ne
1612 1195 1789 1249 dicere
1815 1202 2048 1262 possent,
2081 1192 2251 1261 ipsum

680 1291 936 1344 miracula
967 1289 1180 1359 quidem
1206 1287 1416 1351 fecisse,
1441 1287 1533 1340 sed
1567 1286 1665 1354 legi
1703 1286 2029 1338 contrarium
2059 1295 2112 1339 et
2145 1283 2253 1338 Deo

677 1384 950 1439 inimicum
977 1383 1157 1438 fuisse.
1191 1382 1314 1437 Ideo
1336 1391 1454 1449 post
1484 1384 1598 1435 hinc
1626 1389 1764 1433 tanta
1802 1379 2116 1448 interrogat,
2146 1391 2255 1430 oc-

681 1477 821 1530 culte
847 1476 966 1529 illos
997 1474 1256 1530 inducens
1286 1483 1344 1528 ut
1395 1487 1452 1528 se
1483 1473 1868 1527 conliterentur
1893 1484 2013 1525 esse
2062 1469 2248 1522 Deum.

673 1564 744 1620 Et
786 1565 1073 1635 discipulos
1115 1565 1344 1634 primum
1385 1564 1511 1634 quid
1562 1563 1647 1617 alii
1692 1562 1758 1618 de
1797 1576 1878 1628 se,
1906 1561 2098 1617 deinde
2126 1560 2254 1631 quid

673 1657 773 1725 ipsi
802 1656 1059 1721 dicerent,
1090 1655 1475 1725 interrogavit;
1508 1654 1607 1708 hos
1632 1661 1809 1707 autem
1840 1667 1945 1706 non
1977 1652 2086 1715 sic;
2113 1651 2248 1706 alio—

672 1748 800 1818 quin
827 1748 1083 1803 dixissent
1112 1748 1256 1801 illum
1308 1747 1644 1802 seductorem
1673 1760 1792 1800 esse
1821 1752 1876 1800 et
1904 1743 2200 1813 improbum
2234 1784 2250 1808 ,

671 1840 792 1908 quia
822 1840 1078 1895 audacter
1109 1840 1289 1895 omnia
1315 1840 1581 1896 dicebant.
1623 1838 1852 1910 Ideoque
1873 1839 2108 1908 ipsorum
2126 1850 2251 1891 sen-

674 1928 892 1983 tentiam
926 1929 1164 2000 inquirit.

741 2017 797 2073 2.
827 2017 1050 2073 Christus
1095 2019 1404 2074 divinitatem
1440 2037 1584 2074 suam
1633 2021 1829 2088 probat.
1859 2049 1927 2060 —
1949 2019 2078 2087 Quia
2109 2018 2250 2073 enim

670 2108 738 2164 ad
766 2110 1065 2178 passionem
1098 2109 1207 2177 jam
1248 2110 1418 2164 iturus
1448 2118 1584 2175 erat,
1635 2111 1777 2164 illam
1840 2109 1994 2163 aliert
2024 2109 2250 2178 prephe—

673 2201 800 2254 tiam
828 2242 842 2264 ,
895 2217 1015 2270 quae
1067 2201 1240 2271 ipsum
1273 2211 1454 2269 aperte
1498 2200 1776 2256 Dominum
1821 2201 2108 2269 prtedicat;
2143 2217 2246 2253 non

672 2293 791 2347 sine
819 2308 977 2347 causa
1008 2334 1021 2357 ,
1071 2309 1242 2364 neque
1272 2295 1536 2363 praecipue
1562 2291 1627 2346 ad
1655 2292 1706 2345 id
1737 2307 1795 2347 se
1822 2293 2120 2354 conterens,
2152 2289 2246 2345 sed

673 2399 739 2436 ex
775 2398 931 2437 causa
965 2384 1154 2437 rationi
1188 2393 1567 2438 consentanea.
1606 2383 1736 2436 Cum
1767 2383 1906 2436 enim
1942 2382 2063 2435 illos
2109 2382 2253 2450 prior

675 2474 1092 2544 interrogasset,
1148 2475 1270 2544 quia
1323 2490 1446 2528 vera
1483 2473 1551 2528 de
1596 2488 1654 2527 se
1708 2489 1811 2526 non
1871 2474 2253 2542 responderant

677 2565 823 2631 (nam
867 2581 1054 2635 purum
1087 2564 1358 2620 hominem
1400 2565 1719 2633 ipsum,esse
1746 2561 2034 2630 dixerant),
2068 2563 2250 2616 falsam

675 2657 885 2710 illorum
910 2658 1216 2727 opinionem
1245 2665 1508 2720 evertens,
1541 2656 1619 2711 sic
1659 2655 1908 2710 Davidem
1943 2653 2140 2708 inducit
2164 2653 2250 2708 di-

670 2748 944 2802 vinitatem
989 2762 1138 2800 suam
1171 2748 1568 2816 praedicantem.
1627 2745 1703 2799 llli
1736 2760 1962 2816 namque
1995 2745 2251 2814 putabant

671 2839 840 2906 ipsum
868 2853 987 2892 esse
1016 2854 1202 2907 purum
1231 2837 1500 2892 hominem
1524 2878 1538 2901 ,
1571 2836 1797 2905 ideoque
1823 2837 2092 2902 dixerunt,
2140 2835 2249 2888 Da-

670 2930 756 2983 vid
785 2945 802 2982 :
826 2929 939 2997 ipse
965 2945 1092 2983 vero
1136 2927 1237 2983 hoe
1265 2927 1556 2983 emendans
1583 2927 1798 2981 adducit
1823 2927 2157 2998 prephetam,
2195 2937 2250 2981 et

670 3018 948 3072 Dominum
979 3019 1174 3088 ipsum,
1208 3029 1264 3072 et
1298 3033 1609 3088 germanum
1644 3018 1829 3081 lilium,
1863 3027 1917 3072 et
1946 3018 2089 3087 paris
2117 3033 2240 3071 cum

667 3107 824 3162 Patre
859 3109 1078 3162 honoris
1109 3125 1229 3163 esse
1261 3109 1656 3165 testiﬁcanlem.
1704 3109 1886 3178 Neque
1921 3110 2007 3164 hic
2054 3110 2246 3164 substi-

669 3198 767 3261 tit;
813 3201 907 3252 sed
938 3210 996 3253 ut
1022 3199 1144 3252 illos
1179 3209 1427 3264 terreret,
1460 3199 1600 3267 quod
1653 3202 1892 3270 sequitur
1916 3201 2128 3269 adjecit,
2163 3202 2245 3255 di-

667 3302 796 3342 rens
828 3306 839 3340 :
873 3287 1046 3342 Donec
1089 3306 1272 3358 ponam
1328 3290 1557 3344 inimicos
1599 3301 1711 3345 tuos
1749 3291 2021 3346 scabellum
2065 3293 2248 3362 pedum

668 3388 902 3443 tuorum;
947 3390 1001 3432 ιιι
1028 3381 1105 3434 sic
1150 3379 1268 3434 illos
1295 3381 1360 3434 ad
1390 3397 1572 3436 veram
1617 3383 1975 3451 cognitionem
2027 3383 2248 3438 induce-

669 3479 770 3524 ret.
805 3470 879 3524 Ne
906 3485 1032 3526 vero
1053 3470 1298 3526 dicerent
1321 3512 1334 3534 ,
1367 3472 1538 3540 ipsum
1567 3472 1830 3528 adulando
1860 3473 1973 3528 hate
2015 3475 2244 3540 dixisse,

665 3572 718 3616 et
749 3563 884 3619 hanc
912 3565 1231 3620 sententiam
1266 3564 1549 3619 humanam
1596 3581 1714 3621 esse
1735 3606 1748 3632 ,
1781 3565 1901 3621 vide
1922 3566 2048 3636 quid
2077 3566 2239 3622 dicat.

665 3656 772 3711 45..
795 3655 1058 3720 Quomodo
1091 3641 1405 3725 crgoDuvid
1445 3656 1497 3709 in
1547 3657 1729 3725 spiritu
1760 3666 1901 3710 vocat
1927 3673 2039 3710 eum
2073 3656 2246 3709 Domi.

668 3762 812 3807 nam,
839 3745 1009 3800 dicens
1034 3761 1048 3799 :
1075 3746 1167 3800 44.
1193 3745 1336 3800 Dixit
1363 3744 1617 3800 Dominus
1655 3746 1873 3801 Domino
1901 3764 2030 3809 meo,
2058 3748 2190 3803 Sede
2213 3765 2246 3802 α

664 3837 856 3890 dextris
881 3837 1026 3901 meis,
1056 3835 1213 3890 donec
1243 3821 1428 3903 ponam
1470 3837 1698 3890 inimicos
1727 3848 1836 3891 tuos
1859 3838 2129 3892 scabellum
2157 3857 2245 3909 pe-

663 3929 785 3980 dum
815 3937 1018 3981 tuorum
1043 3927 1213 3996 (Paul.
1251 3928 1371 3983 l09.
1404 3929 1504 3997 ηεξ
1532 3929 1620 3984 45.
1652 3929 1712 3983 Si
1736 3946 1857 3999 ergo
1889 3929 2054 3983 David
2101 3940 2243 3983 vocat

662 4034 775 4070 eum
804 4016 1076 4071 Dominum
1100 4059 1114 4082 ,
1146 4019 1396 4084 quomodo
1423 4019 1562 4083 ﬁlius
1611 4022 1722 4088 ejus
1774 4020 1890 4072 est?
1923 4019 2054 4074 Vide
2083 4037 2243 4087 quam

668 4107 946 4163 moderate
971 4111 1289 4162 sententiam
1318 4120 1371 4163 et
1416 4109 1720 4178 Opinionem
1749 4111 1817 4164 de
1857 4126 1915 4166 se
1945 4111 2240 4166 habendam

666 4199 901 4254 inducat.
934 4200 1116 4254 Primo
1145 4201 1297 4263 dixit,
1333 4202 1470 4268 Quid
1499 4203 1634 4255 vobis
1663 4203 1905 4258 videtur?
1941 4207 2085 4273 cuius
2100 4207 2236 4274 ﬁlius

665 4290 867 4344 ειιῖυι
915 4307 1008 4361 per
1057 4292 1523 4362 interrogationem
1575 4291 1640 4346 ad
1685 4295 2087 4364 responsionem
2117 4297 2236 4352 illos

665 4379 912 4435 adducat.
943 4381 1143 4436 Deinde
1168 4383 1288 4451 quia
1316 4382 1584 4447 dixerant,
1621 4382 1804 4447 David,
1838 4384 1950 4439 haec
1984 4386 2236 4456 loquitur,

660 4471 753 4526 sed
771 4489 954 4528 rursus
981 4473 1354 4543 interrogando
1383 4492 1395 4526 :
1416 4473 1678 4541 Quomodo
1697 4492 1814 4546 ergo
1833 4476 1998 4530 Dauid
2015 4480 2065 4530 in
2083 4466 2239 4548 spiri-

662 4575 715 4616 tu
745 4575 885 4618 vocat
930 4583 1040 4619 eum
1066 4564 1389 4620 Dominum?
1418 4582 1483 4621 ne
1499 4568 1704 4621 scilicet
1742 4568 1822 4623 his
1870 4570 2046 4624 verbis
2065 4572 2236 4626 olli-n-

659 4653 872 4708 dantur.
903 4656 1025 4710 Ideo
1046 4671 1150 4709 non
1167 4656 1318 4722 dixit,
1341 4658 1465 4726 quid
1496 4657 1649 4712 vobis
1667 4659 1875 4714 videtur
1891 4660 1957 4715 de
1974 4678 2087 4727 me;
2118 4664 2234 4729 sed,

659 4743 738 4796 De
764 4743 981 4799 Christo.
1003 4745 1201 4801 Idcirco
1221 4751 1441 4816 apostoli
1470 4752 1689 4804 remisse
1719 4751 1787 4806 de
1818 4754 2112 4822 patriarcha
2133 4756 2236 4809 Da-

659 4838 778 4892 vide
806 4839 1157 4909 loquebantur
1179 4841 1420 4896 dicentes
1446 4859 1458 4895 :
1492 4843 1661 4897 Liceat
1688 4846 1839 4900 libere
1863 4848 2028 4901 dicere
2048 4851 2110 4903 de
2139 4867 2236 4918 pa-

657 4929 876 4984 triarcha
893 4929 1084 4998 David,
1105 4933 1222 5001 quia
1239 4943 1464 4987 mortuus
1481 4945 1529 4988 et
1555 4937 1776 5005 sepultus
1793 4949 1862 4993 est
1885 4940 2018 5011 (Act.
2045 4940 2097 4994 2.
2118 4941 2231 5011 29).

655 5019 911 5077 Similiter
949 5033 1003 5078 et
1046 5025 1179 5094 ipse.
1207 5027 1356 5094 quasi
1389 5026 1761 5098 interrogantis
1788 5042 1841 5085 et
1870 5034 2234 5089 ratiocinantis

659 5129 826 5177 more,
853 5113 1043 5184 dogma
1072 5116 1273 5171 inducit
1306 5117 1523 5174 dicens:
1551 5118 1811 5184 Quomodo
1841 5140 1957 5193 ergo
1997 5122 2162 5177 David
2182 5126 2234 5179 in

658 5207 837 5274 spiritu
882 5218 1022 5261 rorat
1069 5226 1181 5262 eum
1229 5208 1528 5275 Dominum,
1571 5213 1741 5267 dicens
1772 5229 1789 5266 :
1815 5213 1957 5269 Dixit
1987 5215 2231 5273 Dominus

657 5296 876 5351 Domino
900 5316 1027 5365 meo,
1056 5299 1190 5354 Sede
1217 5304 1458 5357 adextris
1485 5304 1626 5368 meis,
1665 5304 1821 5358 donec
1851 5323 2034 5376 ponam
2063 5308 2233 5361 inimi-

655 5403 739 5439 cos
771 5398 881 5440 tuos
903 5389 1170 5441 scabellum
1203 5391 1386 5460 pedum
1417 5403 1618 5446 tuorum
1639 5395 1665 5448 7
1693 5405 1743 5449 et
1767 5412 1998 5462 rursum,
2029 5394 2090 5452 Si
2114 5414 2229 5470 ergo

659 5479 823 5531 David
853 5489 993 5532 rorat
1022 5497 1132 5533 cum
1164 5480 1457 5550 Dominum,
1499 5486 1745 5554 quomodo
1793 5488 1930 5554 ﬁlius
1977 5489 2085 5558 ejus
2108 5489 2229 5544 est?

651 5586 753 5623 non
785 5570 924 5640 quod
955 5583 1108 5641 neget
1140 5587 1256 5628 esse
1283 5574 1446 5628 ﬁlium
1478 5577 1715 5642 Davidis;
1741 5578 1874 5633 absit
1903 5596 1916 5645 ;
1952 5595 2056 5635 non
2088 5583 2227 5637 enim

656 5660 864 5715 lustrum
896 5661 992 5718 hac
1020 5663 1085 5718 de
1113 5679 1270 5718 causa
1297 5666 1653 5737 incrt‘passct;
1682 5668 1775 5724 sed
1807 5671 2014 5726 illorum
2042 5688 2227 5728 einen-

654 5750 784 5805 daus
813 5754 1136 5819 opinionem.
1175 5753 1350 5826 Itaque
1383 5757 1592 5826 quando
1620 5758 1765 5831 dicit,
1799 5762 2061 5829 Quomodo
2085 5764 2224 5835 ﬁlius

1450 350 1502 405 s.
1542 348 1816 405 insutus
1853 309 2332 449 Cltttl'SOSTONII
2377 343 2690 402 AltClllEP.
2735 347 3267 405 covsraurmor.

3835 350 3942 407 664

2363 460 2470 528 ejus
2495 461 2608 514 est?
2631 463 2731 517 hoc
2758 462 2856 517 sibi
2890 463 3000 517 vult
3033 481 3045 516 :
3077 464 3192 518 Non
3220 473 3277 518 ut
3299 479 3388 520 vos
3411 464 3606 519 dit-itis.
3641 464 3716 520 llli
3745 465 3943 536 quippe

2361 549 2604 604 dicebant
2628 595 2641 613 .
2678 552 2846 621 ipsum
2875 569 2994 607 esse
3024 564 3225 608 tantum
3261 555 3476 609 Davidis
3497 557 3685 618 lilium,
3709 570 3814 610 non
3836 556 3943 610 Do-

2361 640 2582 694 minum.
2619 642 2743 696 Post
2772 644 2990 698 allatum
3030 647 3389 701 testimonium
3439 649 3664 702 remisse
3713 648 3893 718 adjicit
3929 667 3943 704 :

2362 733 2424 787 Si
2448 752 2564 803 ergo
2587 734 2756 789 David
2778 749 2916 791 vocat
2943 756 3054 792 cum
3071 738 3368 806 Dominum,
3393 746 3646 814 quomodo
3667 744 3807 811 ﬁlius
3829 760 3945 814 φη

2360 825 2468 877 est!
2496 826 2743 883 Attamen
2789 829 2870 883 his
2899 830 3113 898 auditis,
3170 831 3297 887 nihil
3339 837 3766 905 responderunt:
3793 838 3943 891 nolec

2362 913 2488 968 bant
2538 917 2678 971 enim
2721 919 2991 989 quidpiam
3032 935 3450 980 consentaneum
3503 927 3764 983 ediscere.
3794 929 3941 996 Qua-

2361 1014 2579 1073 pr0pter
2609 1008 2722 1078 ipse
2768 1011 3268 1082 subjungitdieens,
3320 1016 3599 1070 Dominum
3628 1020 3746 1088 ejus
3795 1036 3938 1074 esse.

2361 1096 2473 1152 lmo
2503 1114 2678 1170 neque
2704 1100 2805 1158 hoc
2834 1102 3078 1160 absolute
3102 1106 3256 1171 dixit,
3294 1108 3387 1162 sed
3416 1110 3730 1178 preplietam
3757 1125 3942 1165 secum

2359 1204 2641 1248 assumens
2665 1235 2679 1260 ,
2711 1209 2776 1249 eo
2827 1196 2966 1266 quod
3010 1197 3107 1267 ipsi
3141 1198 3297 1252 [idem
3331 1201 3528 1254 nullam
3577 1200 3836 1254 haberent
3889 1211 3942 1255 et

2359 1283 2497 1335 male
2521 1284 2658 1352 apud
2688 1285 2806 1341 illos
2831 1287 3057 1342 audiret.
3088 1288 3239 1355 Quod
3271 1290 3564 1359 praesertim
3594 1301 3894 1360 spectantes
3924 1332 3942 1356 ,

2359 1374 2569 1428 etiamsi
2610 1375 2735 1444 quid
2769 1377 2965 1433 humile
2995 1380 3077 1433 vel
3109 1380 3401 1435 demissum
3435 1381 3502 1437 de
3527 1396 3587 1437 se
3638 1382 3801 1446 dicat,
3835 1398 3941 1435 nou

2360 1462 2554 1518 oll‘endi
2607 1475 2870 1536 Oportet:
2922 1469 3037 1524 hare
3089 1472 3232 1526 enim
3279 1487 3438 1526 causa
3490 1482 3542 1528 et
3593 1473 3710 1527 alia:
3762 1474 3944 1527 multa:

2361 1566 2534 1624 erant,
2563 1572 2660 1612 cur
2686 1558 2895 1614 illorum
2945 1563 3122 1631 eaptui
3152 1578 3431 1618 sermones
3460 1579 3590 1620 suos
3619 1574 3872 1634 attempet
3885 1581 3943 1619 a—

2365 1659 2469 1704 ret.
2506 1650 2629 1706 ideo
2662 1669 2802 1708 nunc
2832 1668 2927 1723 per
2953 1656 3418 1725 interrogationem
3457 1667 3510 1712 et
3534 1657 3944 1727 responsionem

2359 1741 2608 1811 dogmata
2639 1745 2833 1808 tradit;
2865 1745 2942 1800 sic
2966 1762 3092 1802 vero
3114 1747 3410 1802 subindicat
3430 1747 3740 1820 dignitatem
3763 1765 3940 1805 suam.

2360 1831 2479 1887 Non
2511 1835 2652 1889 enim
2687 1852 2781 1905 par
2825 1848 2940 1893 erat
2981 1839 3164 1905 audire
3197 1839 3503 1896 Iudaeorum
3533 1843 3838 1908 Dominum,
3888 1853 3943 1899 et

2360 1922 2594 1979 Davidis.
2623 1927 2700 1980 Tu
2737 1943 2862 1982 vero
2887 1928 3016 1982 mihi
3046 1931 3498 1998 opportunitatem
3529 1934 3686 1987 etiam
3717 1949 3946 2003 perpen-

2357 2014 2444 2069 de.
2480 2017 2613 2070 Cum
2641 2018 2782 2073 enim
2812 2019 2961 2084 dicit,
2992 2020 3139 2076 Unus
3169 2033 3251 2077 est
3281 2022 3559 2089 Dominus,
3603 2033 3727 2079 tunc
3783 2035 3838 2080 et
3876 2025 3946 2082 de

2359 2108 2537 2175 seipso
2570 2111 2820 2179 loquitur,
2855 2114 2975 2182 quia
3002 2115 3257 2169 Dominus
3284 2127 3386 2180 est,
3419 2116 3578 2186 idque
3605 2133 3666 2171 ex
3700 2118 3942 2187 prephe-

2359 2202 2448 2261 tia,
2479 2217 2652 2272 neque
2669 2212 2870 2259 tantum
2895 2221 2960 2260 ex
2985 2207 3254 2275 operibus.
3283 2207 3633 2279 Ostenditque
3649 2208 3860 2265 Patrem
3886 2226 3949 2266 se

2359 2291 2427 2346 de
2459 2292 2561 2349 illis
2585 2295 2972 2351 vindicaturum
3003 2312 3143 2359 esse,
3175 2299 3396 2354 dicens:
3426 2297 3596 2354 Donec
3624 2317 3810 2369 ponam
3838 2302 3946 2354 iui-

2359 2383 2512 2437 micos
2563 2395 2674 2440 tuos
2717 2388 2989 2442 scubellum
3041 2391 3222 2458 pedum
3250 2401 3492 2458 tuorum;
3537 2392 3756 2447 multam
3810 2394 3942 2449 inde

2362 2487 2667 2532 monstrans
2717 2492 2837 2532 cum
2887 2479 3045 2535 Patre
3075 2482 3414 2537 concordiam
3442 2499 3735 2554 paremque
3764 2483 3942 2540 hono-

2360 2584 2508 2621 rem:
2542 2569 2729 2639 hisque
2771 2571 2949 2626 verbis
2992 2571 3151 2626 ﬁnem
3193 2573 3489 2629 disserendi
3522 2575 3667 2639 fecit,
3697 2576 3840 2645 quod
3881 2587 3939 2630 et

2359 2659 2587 2713 sublime
2614 2671 2666 2714 et
2697 2677 2945 2730 magnum
2973 2673 3124 2728 erat,
3179 2674 3491 2736 poteratque
3521 2665 3625 2721 illis
3669 2669 3947 2721 silentium

2358 2752 2650 2820 imponere.
2677 2752 2809 2807 Nam
2840 2764 2895 2807 et
2922 2755 3114 2810 exinde
3141 2765 3441 2824 tacuerunt,
3470 2772 3573 2812 non
3597 2769 3808 2828 sponte,
3847 2759 3950 2814 sed

2355 2842 2496 2914 quod
2527 2845 2661 2898 nihil
2693 2845 2977 2901 dicendum
3007 2858 3316 2918 suppeteret
3347 2866 3360 2904 :
3389 2860 3444 2905 et
3473 2859 3578 2904 tam
3607 2866 3819 2921 gravem
3841 2867 3912 2906 ex
3935 2881 3952 2892 -

2355 2949 2548 3005 cepere
2581 2937 2811 3007 plagam,
2843 2950 2898 2992 ut
2924 2955 2991 2993 ne
3021 2941 3156 2995 ultra
3179 2942 3365 2996 eadem
3394 2942 3608 3011 aggredi
3641 2942 3949 3008 auderent;

2355 3029 2428 3080 ait
2450 3029 2592 3082 enim
2626 3045 2641 3084 :
2673 3030 2761 3082 46.
2791 3027 2985 3083 Nullus
3009 3048 3162 3085 ausus
3189 3043 3263 3086 est
3312 3034 3374 3085 ab
3400 3035 3490 3086 illa
3517 3035 3599 3086 die
3638 3035 3802 3104 ipsum
3859 3052 3952 3087 m-

2356 3128 2632 3190 terrogare.
2694 3121 2826 3176 lllud
2860 3138 2989 3176 vero
3016 3123 3186 3177 turbis
3229 3141 3333 3178 non
3391 3141 3574 3193 parum
3626 3126 3756 3179 utile
3796 3136 3950 3182 erat.

2355 3211 2585 3281 Ideoque
2603 3212 2666 3266 ad
2695 3213 3084 3268 multitudinem
3109 3214 3363 3284 deinceps
3385 3231 3689 3270 sermonem
3713 3231 3956 3272 conver-

2357 3304 2439 3369 tit,
2469 3303 2661 3358 amotis
2690 3305 2851 3374 lupis,
2885 3308 3230 3376 ipsorumque
3257 3306 3463 3361 insidiis
3486 3307 3716 3377 rejectis.

2437 3439 2581 3494 Vana
2605 3443 2772 3513 gloria
2796 3451 2844 3496 et
2869 3459 2932 3498 ea:
2975 3445 3122 3498 malis
3146 3454 3191 3497 et
3227 3460 3292 3498 ea:
3319 3444 3462 3497 bonis
3489 3444 3770 3513 queritur;
3803 3444 3954 3498 ultra

2360 3531 2513 3584 vitam
2544 3533 2857 3587 extenditur.
2889 3563 2958 3573 —
2985 3533 3064 3588 Illi
3095 3534 3238 3588 enim
3269 3533 3402 3588 nihil
3431 3533 3556 3587 hinc
3605 3533 3734 3587 lucri
3768 3533 3957 3602 perci-

2357 3624 2571 3692 piebant
2591 3666 2604 3689 ,
2639 3640 2772 3679 vana
2795 3625 2960 3696 gloria
2987 3627 3151 3696 capti,
3186 3626 3237 3680 in
3268 3624 3517 3696 huncque
3543 3640 3763 3696 gravem
3798 3641 3956 3680 mor-

2352 3716 2477 3769 bum
2503 3716 2655 3784 lapsi.
2680 3716 2871 3773 Gravis
2893 3718 3036 3773 enim
3067 3727 3123 3774 et
3149 3717 3430 3788 multiceps
3459 3718 3676 3774 morbus
3695 3726 3781 3772 est
3809 3734 3823 3771 :
3853 3719 3958 3773 illo

2350 3808 2494 3861 enim
2521 3807 2663 3863 ducti
2709 3809 2797 3863 alii
2829 3809 3219 3879 principatum,
3265 3810 3354 3864 alii
3408 3809 3681 3880 pecunias,
3708 3789 3796 3863 alii
3840 3825 3955 3880 po-

2353 3901 2570 3953 tentiam
2616 3911 2813 3954 amant.
2851 3901 3173 3970 Progressus
3223 3909 3400 3955 autem
3456 3900 3676 3954 morbus
3718 3900 3846 3965 ille,
3880 3902 3954 3954 ad

2352 3991 2749 4060 cleemosynam
2775 4006 2940 4058 usque
2968 3992 3134 4057 venit,
3176 3990 3460 4060 jejunium,
3517 3991 3863 4058 precationes
3894 4001 3955 4046 et

2350 4082 2688 4148 doetrinam;
2738 4083 3007 4153 multaque
3052 4093 3176 4138 sunt
3225 4082 3380 4151 hujus
3429 4081 3554 4137 ferte
3600 4081 3793 4152 capita.
3831 4081 3951 4138 Sed

2349 4174 2488 4245 quod
2513 4174 2579 4229 de
2599 4175 2717 4228 aliis
2747 4191 2938 4230 vanam
2966 4175 3187 4246 gloriam
3226 4186 3556 4244 aucupentur
3578 4215 3593 4238 ,
3644 4173 3777 4228 nihil
3834 4175 3953 4229 mi-

2349 4284 2463 4321 rum
2490 4283 2503 4331 ;
2532 4267 2672 4337 quod
2696 4279 2870 4322 autem
2897 4267 2964 4322 de
2987 4267 3186 4336 jejunio
3211 4277 3266 4322 et
3289 4267 3354 4322 de
3382 4266 3646 4332 oratione,
3681 4266 3784 4320 hoc
3804 4280 3955 4319 sane

2346 4360 2663 4428 stupendum
2677 4369 2730 4413 et
2758 4360 3232 4430 lacrymisdignum
3249 4369 3350 4414 est.
3375 4359 3480 4414 Sed
3499 4373 3565 4413 ne
3586 4359 3952 4414 criminemttr

2349 4462 2551 4506 tantum
2577 4495 2591 4518 ,
2635 4467 2752 4522 age,
2785 4454 3001 4507 modum
3043 4453 3160 4518 ejus
3187 4451 3420 4520 fugiendi
3466 4450 3635 4505 morbi
3667 4451 3949 4504 dicamus.

2345 4544 2489 4612 Quos
2515 4559 2642 4615 ergo
2666 4545 2840 4616 primo
2867 4543 3275 4614 aggrediemur?
3297 4557 3364 4597 an
3393 4557 3486 4598 eos
3507 4542 3596 4613 qui
3615 4541 3684 4598 de
3703 4541 3952 4612 άίνίιίἱς,

2347 4637 2429 4690 vel
2456 4636 2522 4691 de
2548 4638 2883 4692 vestimentis
2906 4636 3242 4707 gloriantur?
3271 4651 3338 4691 an
3366 4650 3463 4691 eos
3491 4635 3580 4706 qui
3609 4636 3677 4690 de
3726 4638 3957 4703 princi-

2346 4740 2467 4798 patu
2492 4730 2514 4782 ?
2544 4728 2629 4784 vel
2659 4743 2755 4783 eos
2776 4729 2864 4798 qui
2892 4730 2957 4782 de
2983 4727 3230 4782 doctrina
3255 4770 3271 4794 ,
3322 4728 3404 4781 vel
3432 4728 3522 4797 qui
3546 4727 3621 4794 Ide
3649 4742 3901 4797 corpore
3933 4771 3949 4796 ,

2346 4822 2426 4876 vel
2450 4821 2516 4876 de
2541 4822 2765 4886 artibus,
2792 4822 2873 4876 vel
2901 4822 2965 4876 de
2992 4820 3184 4886 forma,
3216 4823 3298 4876 vel
3327 4821 3395 4876 de
3421 4821 3794 4876 ornamentis?
3856 4823 3952 4878 vel

2341 4915 2428 4982 qui
2477 4915 2545 4968 de
2570 4913 2930 4980 crudelitate,
2964 4915 3044 4969 vel
3095 4916 3182 4984 qui
3234 4914 3301 4969 de
3357 4914 3705 4984 benignitate,
3733 4915 3827 4969 vel
3875 4917 3955 4970 de

2341 5005 2723 5075 eleemosyna?
2758 5005 2839 5059 vel
2882 5005 2971 5073 qui
2998 5004 3065 5058 de
3095 5004 3349 5074 nequitia,
3381 5003 3465 5057 vel
3487 5003 3574 5074 qui
3594 5003 3662 5056 de
3703 5017 3900 5059 morte
3930 5006 3957 5061 ?

2341 5097 2421 5150 vel
2472 5097 2561 5164 qui
2602 5097 2761 5150 etiam
2805 5104 2927 5164 post
2961 5106 3189 5149 mortem
3219 5110 3366 5148 vanae
3419 5095 3604 5164 glorite
3634 5093 3762 5148 dant
3804 5110 3956 5164 ope-

2340 5188 2492 5241 ram?
2526 5186 2714 5241 Multas
2740 5188 2880 5241 enim
2904 5227 2918 5250 ,
2949 5195 3006 5240 ut
3031 5186 3164 5251 dixi,
3201 5186 3284 5239 hic
3314 5184 3536 5238 morbus
3557 5183 3957 5253 complicatio-

2339 5295 2435 5334 nes
2464 5279 2643 5342 habet,
2675 5281 2942 5348 etiamque
2987 5279 3122 5332 ultra
3173 5277 3334 5331 vitam
3369 5287 3606 5330 nostram
3650 5279 3955 5345 progredi-

2343 5383 2442 5426 tur.
2490 5371 2620 5424 Nam
2654 5372 2810 5440 vulgo
2835 5371 3050 5435 dicitur,
3080 5369 3172 5423 Ille
3200 5368 3410 5438 quidam
3441 5377 3682 5421 mortuus
3708 5376 3796 5421 est
3839 5386 3856 5425 :
3894 5383 3958 5426 et

2341 5476 2395 5518 nt
2419 5465 2753 5518 admirationi
2780 5473 2938 5528 esset,
2977 5463 3090 5516 lucc
3113 5472 3166 5517 et
3188 5462 3276 5516 illa
3329 5461 3440 5515 ﬁeri
3467 5461 3662 5530 jussit:
3697 5461 3954 5533 ideoque

2341 5558 2425 5611 ille
2458 5572 2691 5627 pauper,
2725 5556 2817 5611 ille
2844 5557 2992 5610 dives
3027 5564 3128 5610 est.
3172 5554 3303 5608 Nam
3334 5553 3475 5621 quod
3518 5553 3770 5608 acerbum
3807 5568 3904 5610 est
3930 5601 3947 5624 ,

2337 5669 2399 5707 ex
2431 5652 2714 5705 contrariis
2742 5653 2853 5706 haec
2874 5650 2983 5705 fera
3011 5656 3239 5704 constat.

2407 5768 2462 5822 ‘5.
2488 5762 2674 5822 Contra
2713 5782 2794 5820 eos
2832 5765 2914 5834 qui
2945 5763 3309 5834 elemosynam
3347 5763 3468 5816 dant
3517 5761 3584 5816 ad
3632 5758 3966 5820 ostentatio.
