4174 6332
181 405 272 462 665

183 531 306 569 nam.
338 541 406 552 —
434 509 709 566 Adversus
735 519 867 573 quos
921 518 1049 573 ergo
1098 503 1272 572 primo
1316 501 1577 557 stabimus
1619 507 1674 555 et
1715 514 1771 552 a-

183 611 309 665 ciem
342 602 714 662 instruenms?
739 599 857 654 Non
893 598 1022 652 satis
1073 598 1269 668 quippe
1318 606 1401 651 est
1441 595 1613 649 oratio
1669 606 1773 646 una

185 698 440 754 adversus
464 708 675 750 omnes.
719 690 964 746 Vultisue
1001 703 1098 744 eos
1146 688 1519 757 aggrediamur
1561 685 1652 756 qui
1707 683 1776 737 de

185 792 519 861 elcemosyna
535 785 832 855 gloriantur
852 782 877 834 ἲ
908 780 1031 835 Mihi
1077 790 1223 834 certe
1253 779 1304 833 id
1346 786 1772 833 consentaneum

184 883 431 938 videtur:
466 894 590 933 nam
624 893 737 932 rem
767 874 938 944 ipsam
979 873 1134 926 valde
1155 872 1354 942 diligo,
1395 879 1454 924 et
1491 869 1776 924 labefacta-

187 986 288 1031 tam
317 971 566 1043 deploro,
624 979 679 1024 et
703 967 854 1036 quasi
905 964 1067 1034 regiae
1115 963 1304 1032 puellae
1350 961 1611 1016 nutricem
1641 958 1776 1014 insi-

185 1066 418 1121 diantem
445 1075 636 1114 vanam
665 1057 889 1129 gloriam
925 1054 1100 1109 habeo
1125 1069 1139 1119 ;
1173 1054 1270 1107 alit
1294 1053 1490 1123 quippe
1512 1052 1678 1116 illam,
1708 1047 1778 1103 ad

189 1155 566 1224 turpitudinem
611 1160 665 1206 et
704 1151 957 1205 damnum
988 1163 1082 1217 per
1107 1147 1434 1215 voluptatem
1488 1144 1727 1198 alliciens
1758 1182 1774 1208 ,

186 1263 238 1307 et
281 1251 451 1323 patris
475 1251 619 1320 iusta
665 1247 945 1315 despicere
987 1243 1207 1306 docens,
1243 1251 1298 1296 ut
1329 1240 1572 1295 scelestis
1602 1237 1779 1308 perdi-

187 1346 359 1416 iisque
381 1358 526 1412 saepe
557 1341 682 1396 viris
722 1342 965 1409 placeat:
1017 1347 1238 1390 ornatus
1279 1333 1536 1388 adhibere
1559 1330 1776 1395 suadet,

187 1449 368 1508 turpes
398 1436 753 1502 infamesque,
785 1432 973 1502 quales
1007 1429 1228 1494 exteris,
1263 1442 1369 1481 non
1401 1424 1537 1495 patri
1571 1424 1783 1494 placere

186 1530 409 1602 possint.
441 1531 554 1598 Age
575 1540 703 1597 ergo
733 1523 830 1579 hos
854 1521 1224 1594 aggrediamur
1243 1560 1258 1585 ,
1291 1532 1346 1573 et
1374 1521 1445 1572 sit
1469 1518 1776 1586 eleemosy-

185 1641 251 1681 na
280 1625 430 1694 large
451 1619 618 1676 ell‘usa
640 1618 708 1673 ad
738 1617 1170 1672 ostentationem.
1187 1612 1447 1681 Sicigitur
1465 1611 1607 1665 illam
1623 1623 1652 1662 a
1669 1607 1784 1662 thao

186 1719 326 1773 iamo
343 1725 567 1786 paterno
589 1712 785 1768 educit.
816 1710 975 1765 Pater
1021 1716 1209 1762 autem
1235 1704 1386 1776 jubet
1405 1718 1474 1758 ne
1502 1701 1568 1756 ad
1598 1699 1786 1756 dexte-

189 1825 299 1864 ram
324 1805 543 1877 quidem
567 1803 839 1873 respicere
869 1818 882 1856 :
907 1801 995 1855 illa
1015 1813 1146 1854 vero
1175 1799 1406 1866 seipsam
1429 1794 1600 1850 servis
1621 1790 1784 1846 exhi-

187 1899 277 1955 bet
309 1912 374 1952 ac
402 1895 682 1965 quibusvis
722 1893 1063 1957 hominibus,
1111 1891 1204 1962 qui
1244 1904 1312 1945 ne
1339 1887 1520 1945 norint
1569 1884 1785 1955 quidem

188 1991 355 2047 illam.
391 1988 581 2045 Vidisti
630 1986 967 2042 meretricem
993 1994 1047 2038 et
1088 1984 1264 2039 lenam
1315 1980 1381 2036 ad
1419 1978 1786 2051 improborum

187 2095 433 2136 amorem
488 2093 611 2135 sese
653 2077 938 2133 dedentem
965 2115 980 2137 ,
1031 2082 1084 2129 ut
1104 2088 1204 2144 pro
1247 2073 1487 2143 ipsorum
1537 2067 1788 2138 cupidine

187 2187 311 2227 sese
340 2169 614 2227 exornet?
649 2166 744 2222 Vis
764 2166 948 2222 videre
969 2163 1246 2236 quomodo
1294 2178 1400 2217 non
1449 2160 1788 2215 meretricem

186 2262 385 2327 modo,
446 2261 540 2316 sed
596 2259 850 2314 furiosam
895 2257 1038 2312 illam
1094 2255 1326 2309 animam
1368 2251 1608 2308 reddat?
1660 2249 1791 2319 Ejus

187 2362 429 2408 mentem
454 2351 656 2407 edisee.
688 2350 821 2404 Cum
852 2349 996 2404 enim
1038 2347 1172 2402 ea‘lo
1212 2346 1404 2400 relicto
1450 2352 1634 2398 currat
1672 2349 1792 2412 post

187 2443 452 2516 fugitivos
479 2452 536 2497 et
565 2457 756 2497 vernas
795 2455 891 2509 per
911 2441 1059 2494 vicos
1086 2446 1141 2493 et
1181 2437 1515 2507 angiportus,
1549 2433 1617 2489 ad
1644 2433 1792 2488 inse-

187 2534 442 2607 quendos
481 2533 624 2598 illos,
679 2534 768 2604 qui
797 2534 965 2603 ipsam
988 2531 1254 2596 oderunt,
1311 2541 1496 2598 turpes
1525 2543 1590 2583 ac
1617 2526 1796 2582 defor-

192 2642 316 2681 mes
345 2625 618 2690 homines,
644 2623 737 2694 qui
757 2639 825 2678 ne
851 2623 1036 2678 videre
1075 2620 1289 2691 quidem
1341 2620 1510 2690 ipsam
1556 2617 1745 2673 volunt
1774 2657 1802 2683 ,.

185 2718 280 2786 qui
332 2715 584 2787 quoniam
615 2715 697 2769 sui
727 2728 914 2768 amore
963 2722 1172 2780 captam
1213 2710 1418 2778 vident,
1447 2709 1677 2765 oderunt
1725 2708 1793 2762 il-

186 2808 297 2863 lam
334 2825 350 2860 :
384 2807 511 2878 quid
536 2821 786 2877 umquam
816 2804 1068 2860 furiosius
1095 2801 1288 2856 fuerit?
1309 2800 1522 2856 Nullum
1549 2800 1692 2855 enim
1722 2798 1802 2853 ita-

186 2898 432 2954 oderunt
458 2898 596 2954 bene
626 2897 800 2962 inulti,
834 2905 890 2951 ut
914 2911 1009 2951 eos
1040 2893 1133 2965 qui
1159 2909 1312 2949 suam
1353 2907 1512 2963 Opem
1551 2899 1799 2961 quaerunt

191 2992 264 3047 ad
297 2991 528 3061 gloriam
574 2989 887 3060 parandam.
931 2988 1074 3044 Mille
1128 3001 1357 3056 namque
1393 2985 1799 3041 criminationes

188 3083 466 3138 adversus
494 3098 591 3139 eos
608 3083 920 3153 confingunt
945 3100 958 3135 :
993 3080 1332 3150 idipsumque
1361 3078 1418 3132 tit
1441 3118 1456 3142 ,
1500 3092 1565 3132 ac
1605 3076 1649 3132 si
1679 3076 1800 3146 quis

188 3159 466 3245 virginem
495 3175 635 3245 regis
665 3174 852 3240 tiliam,
881 3189 946 3228 ex
971 3173 1118 3243 regio
1149 3171 1286 3226 solio
1318 3170 1613 3240 dejectam,
1640 3169 1798 3239 jube-

188 3277 279 3322 ret
353 3267 750 3340 gladiatoribus
809 3265 982 3336 ipsam
1044 3264 1427 3321 aversantibus
1489 3277 1609 3318 sese
1672 3275 1803 3331 pro-

195 3360 460 3415 stituere.
487 3358 550 3414 Hi
577 3357 743 3424 enim,
765 3367 963 3429 quanto
979 3357 1148 3434 magis
1170 3357 1316 3426 ipsos
1337 3353 1659 3426 insequeris,
1679 3362 1801 3409 tan-

187 3460 251 3507 to
281 3451 466 3522 magis
491 3458 546 3505 te
573 3460 926 3505 aversantur:
987 3449 1128 3504 Deus
1166 3457 1365 3513 autem,
1389 3458 1588 3519 quanto
1636 3448 1806 3516 majo-

190 3560 317 3599 rem
347 3543 422 3597 ab
443 3543 557 3614 ipso
584 3542 808 3614 gloriam
831 3543 1030 3614 quaeris
1056 3585 1072 3609 ,
1116 3551 1263 3598 tanto
1291 3542 1460 3612 magis
1482 3552 1535 3597 te
1563 3541 1726 3597 trahit
1752 3550 1807 3598 et

187 3635 414 3702 laudat,
448 3648 800 3706 magnamque
831 3634 924 3688 tibi
972 3635 1276 3690 mercedem
1305 3635 1506 3689 tribuit.
1535 3635 1590 3690 Si
1633 3635 1808 3704 placet

187 3739 390 3785 autem
419 3737 475 3782 et
503 3727 718 3783 aliunde
746 3736 1004 3797 quantum
1044 3728 1113 3782 sit
1156 3729 1410 3782 damnum
1441 3728 1568 3783 illud
1601 3728 1810 3784 edisce-

189 3835 284 3887 re,
305 3818 530 3890 quando
573 3817 669 3873 das
692 3818 758 3872 ad
806 3819 1218 3874 ostentationem
1245 3828 1299 3874 et
1331 3819 1538 3875 laudem
1566 3863 1581 3887 ,
1630 3829 1808 3875 tecum

191 3924 404 3984 reputa
437 3921 670 3984 quantus
700 3912 792 3967 tibi
819 3910 975 3967 dolor
999 3913 1220 3968 accedat
1249 3923 1346 3978 ;et
1374 3929 1532 3984 quam
1563 3914 1811 3970 assiduus

187 4021 441 4071 mceror,
468 4003 688 4060 Christo
717 4003 810 4059 tibi
839 4005 1131 4076 inspirante
1161 4022 1224 4063 ac
1245 4007 1476 4071 dicente,
1527 4009 1810 4065 Perdidisti

189 4111 436 4153 clunem
467 4095 769 4152 mercedem
801 4105 942 4150 tuam
967 4097 986 4170 (
1014 4097 1205 4153 Matth.
1231 4099 1284 4154 6.
1311 4100 1403 4170 2).
1438 4099 1646 4170 Ubique
1677 4118 1811 4157 vana

186 4189 386 4260 gloria
416 4189 580 4255 mala,
613 4189 851 4244 maxime
877 4205 1009 4244 vero
1032 4190 1246 4260 quando
1272 4191 1638 4249 misericordia
1661 4194 1814 4250 exhi-

189 4284 397 4351 betur,
433 4284 483 4338 id
513 4283 655 4354 quod
683 4294 922 4339 extrema
939 4284 1230 4340 crudelitas
1251 4296 1352 4352 est,
1369 4288 1583 4357 quando
1609 4288 1675 4344 de
1693 4290 1816 4344 alio-

194 4392 336 4432 rum
390 4375 696 4430 calamitate
738 4390 858 4431 sese
898 4376 1138 4444 extollit,
1197 4386 1252 4432 et
1295 4380 1444 4449 quasi
1498 4381 1818 4450 pauperibus

187 4467 534 4537 exprobrat.
557 4467 690 4522 Nam
718 4467 761 4521 si
782 4483 874 4523 sua
899 4469 1100 4525 referre
1123 4469 1404 4537 beneficia,
1435 4472 1488 4526 id
1527 4473 1813 4528 conviciari

183 4571 284 4618 est
306 4581 324 4618 :
359 4560 431 4615 ad
457 4561 590 4616 alios
613 4561 809 4617 multos
836 4561 924 4616 illa
958 4562 1265 4631 traducere,
1294 4566 1418 4634 quid
1445 4581 1564 4620 esse
1578 4567 1818 4622 dixeris?

184 4655 503 4724 Quomodo
534 4667 662 4726 ergo
699 4654 802 4712 hoc
851 4656 1050 4711 malum
1098 4657 1404 4728 fngiemus?
1457 4661 1510 4716 Si
1551 4661 1821 4718 discamus

180 4747 492 4823 quomodo
516 4748 762 4808 misereri
790 4757 1082 4819 Oporteat;
1133 4751 1180 4805 si
1225 4751 1632 4809 consideremus
1679 4771 1820 4828 quu-

183 4854 470 4898 mmuam
496 4838 724 4910 gloriam
768 4841 1081 4910 querimus.
1113 4843 1206 4899 Dic
1232 4844 1386 4912 mihi,
1436 4846 1557 4917 quis
1584 4848 1822 4904 eleemo-

180 4949 368 5008 cyma
400 4931 593 4988 artifex
620 4934 744 4988 est?
771 4934 869 5002 Qui
895 4951 1008 4990 rem
1040 4937 1183 4991 illam
1211 4938 1412 5006 docuit,
1447 4957 1639 5012 nempe
1659 4943 1819 5012 Deus,

183 5026 340 5098 quid
394 5025 525 5081 illud
558 5026 790 5082 maxime
850 5030 1028 5094 novit,
1063 5039 1117 5085 et
1167 5031 1218 5085 in
1271 5033 1534 5088 infinitum
1583 5048 1818 5094 exercet.

184 5116 355 5189 Quid
389 5117 557 5187 ergo?
585 5118 630 5173 si
666 5119 966 5187 palmstram
1001 5122 1234 5178 disceres
1256 5166 1272 5190 ,
1310 5125 1376 5180 ad
1429 5144 1564 5197 quos
1592 5130 1827 5199 respice-

183 5225 314 5275 res,
351 5225 426 5265 an
455 5209 522 5264 ad
551 5225 672 5265 eum
700 5213 788 5282 qui
813 5212 960 5268 olera
983 5216 1188 5284 vendit,
1210 5229 1262 5273 et
1290 5220 1484 5288 pisces,
1514 5237 1581 5276 an
1610 5226 1676 5278 ad
1716 5241 1828 5295 pzc-

188 5302 496 5360 dotribam
525 5305 548 5357 τ
573 5300 730 5360 Certe
775 5306 847 5361 illi
876 5309 1025 5362 multi
1055 5321 1200 5376 sunt,
1242 5311 1327 5367 hic
1369 5331 1505 5370 unus
1532 5326 1635 5374 est.
1676 5319 1812 5389 Quid

183 5395 574 5468 ergo,si.illo
603 5407 653 5451 te
681 5397 981 5456 admirante
1026 5403 1114 5456 alii
1161 5404 1483 5472 irridercnt,
1542 5424 1720 5467 annon
1773 5424 1828 5469 tu

183 5503 337 5543 mm
373 5486 470 5541 illo
495 5488 645 5558 ipsos
677 5490 976 5545 irrideres?
1019 5492 1156 5560 Quid
1187 5495 1232 5553 si
1275 5501 1570 5568 pugilatum
1622 5502 1830 5561 edisce-

183 5597 293 5639 res
313 5579 350 5634 τ
379 5595 561 5636 annon
587 5582 837 5638 similiter
863 5583 928 5640 ad
956 5601 1077 5642 eum
1107 5591 1428 5661 respiceres,
1458 5595 1550 5663 qui
1579 5611 1642 5650 ea
1667 5595 1717 5651 in
1746 5613 1834 5652 ar-

188 5683 255 5729 te
284 5673 499 5728 doctor
517 5675 646 5730 est?
689 5675 747 5732 Si
777 5678 963 5733 orandi
1009 5680 1244 5737 studium
1274 5685 1598 5756 susciperes,
1652 5703 1833 5746 annon

186 5767 466 5827 rhetoris
490 5768 679 5828 laudes
708 5773 986 5844 exciperes
1011 5817 1027 5846 ,
1073 5778 1298 5835 aliorum
1328 5795 1456 5837 vero
1509 5792 1824 5842 contemne-

1153 390 1216 448 IN
1257 387 1667 447 M.\T'l'lL-EUM
1709 386 1938 443 IIOMIL.
1985 386 2165 442 LXXI.
2201 387 2274 443 al.
2317 387 2527 445 LXXII.

3386 389 3492 445 660

1882 497 2311 566 res?Quomodo
2338 515 2468 572 ergo
2492 500 2792 555 absurdum:
2832 517 2937 555 non
2985 500 3145 556 fuerit
3175 543 3190 566 ,
3253 501 3306 556 in
3365 503 3497 558 aliis

1893 588 2103 646 artibus
2126 590 2194 646 ad
2224 591 2503 648 doctorem
2535 601 2743 648 tantum
2765 593 3060 663 respicere,
3084 592 3173 649 hic
3193 607 3326 650 vero
3351 608 3489 649 con-

1882 681 2110 736 trarium
2157 682 2362 749 facere,
2389 685 2606 740 etiamsi
2639 699 2746 741 non
2779 701 2875 755 par
2902 686 3158 757 utrinque
3212 687 3286 742 sit
3331 686 3484 742 dam»

1881 775 2049 828 num?
2081 774 2153 830 lbi
2171 777 2338 841 enim,
2359 778 2402 833 si
2434 778 2502 834 ad
2531 778 2672 851 vulgi
2703 779 2978 849 placitum,
3010 795 3116 836 non
3137 780 3204 837 ad
3225 781 3488 847 doctoris,

1883 879 2108 935 pugnes,
2140 868 2193 922 in
2224 883 2400 941 pugna
2447 879 2618 925 totum
2664 872 3051 926 detrimentum
3090 883 3204 939 est;
3240 874 3328 929 hic
3358 888 3490 928 vero

1891 974 1945 1013 tn
1981 959 2091 1013 vita
2116 967 2342 1013 aeterna.
2376 956 2691 1013 Secundum
2723 956 3159 1013 misericordiam
3194 958 3393 1012 similis
3415 971 3484 1013 eo

1893 1048 2004 1107 Deo
2026 1070 2040 1106 :
2064 1061 2182 1108 esto
2213 1051 2380 1120 igitur
2406 1051 2480 1105 illi
2509 1052 2732 1118 similis,
2771 1051 3196 1108 ostentationem
3228 1051 3484 1108 vitando.

1886 1139 2109 1196 Dicebat
2131 1142 2276 1198 enim
2307 1142 2398 1198 ille
2423 1157 2546 1198 cum
2577 1151 2839 1208 curaret,
2872 1140 3074 1196 nemini
3120 1149 3182 1194 ut
3222 1138 3514 1194 dicerent-

1885 1233 1991 1288 Sed
2025 1234 2106 1288 vis
2135 1235 2448 1290 misericors
2470 1233 2612 1305 apud
2637 1233 2886 1289 homines
2903 1233 3127 1290 vocari?
3171 1230 3310 1301 Quid
3365 1230 3492 1286 inde

1886 1324 2066 1379 lucri?
2121 1325 2266 1380 Nihil
2321 1326 2536 1396 utique,
2579 1325 2675 1381 sed
2717 1325 2974 1381 damnum
3045 1324 3336 1380 infinitum.
3387 1322 3496 1394 Ipsi

1888 1426 2052 1483 enim,
2083 1435 2221 1490 quos
2244 1420 2310 1474 ad
2340 1422 2706 1476 testimonium
2735 1434 2916 1486 vocas,
2941 1418 3085 1475 fures
3114 1429 3243 1474 sunt
3274 1417 3495 1473 thesau-

1889 1530 2070 1570 rorum
2099 1516 2150 1569 in
2179 1515 2329 1570 caelis
2375 1514 2772 1584 repositorum;
2817 1515 2924 1569 imo
2956 1531 3062 1568 non
3090 1514 3206 1580 illi,
3250 1512 3348 1569 sed
3398 1526 3499 1568 nos

1891 1607 1992 1675 ipsi
2019 1606 2110 1676 qui
2143 1615 2326 1662 nostra
2359 1606 2514 1661 nobis
2546 1605 2811 1671 furamur,
2836 1614 2891 1662 et
2913 1621 3033 1677 qua:
3051 1606 3103 1660 in
3135 1607 3270 1662 czelo
3320 1605 3497 1675 posita

1891 1707 2018 1754 sunt
2049 1697 2395 1769 dissipamus.
2443 1697 2491 1755 0
2541 1714 2735 1754 novam
2787 1699 3181 1754 calamitatem!
3215 1714 3250 1755 ο
3278 1707 3498 1770 stupen-

1892 1791 2021 1847 dum
2047 1793 2330 1847 morbum!
2365 1792 2465 1850 Ubi
2502 1794 2643 1849 tiuea
2672 1807 2781 1847 non
2830 1792 3125 1847 demolitur
3149 1835 3164 1859 ,
3213 1793 3302 1848 tibi
3354 1791 3503 1847 fures

1901 1899 2008 1938 non
2063 1882 2369 1949 ell‘odiunt,
2417 1899 2552 1938 vana
2582 1884 2754 1955 gloria
2807 1884 3055 1954 dissipat.
3097 1885 3225 1940 Haec
3247 1891 3333 1940 est
3359 1885 3515 1939 tinea

1894 1975 2130 2030 caelestis
2158 1976 2429 2042 thesauri,
2454 1976 2542 2031 hic
2573 1976 2661 2031 fur
2685 1977 2979 2047 opulentia:
3005 1976 3262 2042 cmlestis,
3293 1977 3383 2045 qui
3417 1976 3502 2031 di-

1895 2070 2055 2125 vitias
2085 2070 2208 2125 illas
2241 2079 2357 2126 tuto
2377 2071 2671 2127 collocatas
2709 2071 2928 2141 abripit.
2986 2071 3100 2126 lloc
3152 2070 3334 2125 omnia
3384 2085 3508 2142 pes-

1895 2161 2110 2216 sumdat
2158 2171 2214 2217 et
2272 2162 2470 2234 perdit.
2521 2163 2656 2232 Quia
2725 2164 2868 2218 enim
2917 2164 3054 2219 vidit
3115 2163 3402 2228 diabolus,
3452 2173 3510 2218 et

1897 2251 2105 2308 furibus
2147 2265 2202 2310 et
2249 2255 2424 2310 vermi
2467 2255 2694 2322 aliisque
2744 2254 2952 2309 insidiis
3002 2255 3334 2309 inaccessum
3385 2267 3510 2308 esse

1897 2344 2073 2400 locum
2103 2344 2273 2411 illum,
2297 2361 2391 2414 per
2411 2361 2602 2400 vanam
2629 2345 2856 2417 gloriam
2877 2345 3093 2401 divitias
3114 2346 3234 2399 illas
3255 2344 3508 2414 subripit.

1971 2438 2025 2492 4.
2091 2436 2538 2504 Quemadmodum
2566 2438 2707 2494 Deus
2728 2439 2820 2493 sub
2836 2439 3064 2511 mysterii
3087 2440 3196 2492 volo
3220 2454 3370 2493 suam
3413 2438 3514 2491 mi-

1897 2528 2228 2581 sericordiam
2268 2528 2485 2601 largitur
2519 2539 2570 2584 et
2599 2530 2853 2602 signiﬁcat
2873 2571 2890 2597 ,
2914 2531 2988 2586 sic
3017 2546 3111 2585 nos
3139 2529 3511 2600 deemosynant

1899 2628 2127 2675 nostram
2140 2621 2396 2676 occultare
2417 2620 2676 2676 debemus.
2703 2651 2777 2662 —
2801 2620 2909 2678 Sed
2939 2621 3127 2693 gloria:
3151 2620 3380 2691 cupidus
3404 2633 3465 2675 es
3490 2620 3514 2673 τ

1903 2714 2095 2767 Annon
2139 2713 2232 2768 tibi
2260 2716 2393 2769 satis
2423 2725 2506 2770 est
2547 2714 2636 2769 illa
2665 2730 2826 2785 quam
2854 2714 2924 2770 ab
2951 2715 3252 2785 accipiente
3300 2713 3467 2769 habes
3496 2753 3512 2776 ,

1902 2817 1932 2856 a
1962 2803 2346 2874 benignissimo
2367 2805 2500 2870 Deo,
2527 2805 2623 2861 sed
2651 2805 2813 2861 etiam
2839 2806 3068 2875 gloriam
3096 2805 3238 2876 apud
3268 2805 3516 2860 homines

1902 2897 2143 2965 qumris?
2201 2896 2336 2953 Vide
2361 2914 2431 2954 ne
2474 2899 2806 2954 contrarium
2858 2899 3112 2969 patiaris;
3167 2913 3236 2954 ne
3279 2898 3402 2969 quis
3453 2907 3508 2953 te

1905 2988 2130 3044 damnet
2157 2990 2310 3060 quasi
2347 3005 2455 3046 non
2485 2992 2833 3047 miserantem
2863 3033 2878 3057 ,
2909 2991 3006 3046 sed
3038 2991 3199 3046 fastui
3249 3001 3305 3047 et
3348 2989 3520 3045 ambi-

1903 3083 2038 3139 tioni
2065 3081 2332 3150 deditum,
2356 3092 2518 3155 atque
2537 3085 2745 3139 alienas
2763 3085 3093 3139 calamitates
3125 3085 3516 3140 traducentem.

1907 3176 2041 3232 Nam
2074 3177 2390 3247 mysterium
2421 3188 2504 3233 est
2533 3179 2902 3249 eleemosyna.
2926 3177 3130 3232 Claude
3150 3192 3283 3248 ergo
3300 3180 3516 3246 januas,

1907 3283 1977 3323 ne
2025 3267 2146 3339 quis
2192 3268 2281 3322 illa
2323 3267 2504 3323 videat
2555 3284 2678 3340 qua:
2731 3277 3007 3324 ostentare
3056 3268 3211 3324 nefas
3253 3277 3357 3323 est.
3407 3267 3522 3323 Hoc

1908 3361 2108 3433 quippe
2139 3371 2262 3416 sunt
2294 3362 2526 3418 maxime
2547 3363 2803 3434 mysteria
2845 3371 3028 3418 nostra
3055 3404 3070 3430 ,
3105 3362 3474 3417 misericordia
3502 3404 3520 3429 ,

1910 3464 1968 3511 et
2015 3455 2320 3527 benignitas
2379 3456 2516 3513 Dei:
2569 3471 2692 3511 nam
2741 3455 3039 3512 secundum
3091 3456 3521 3512 misericordiam

1911 3566 2064 3607 suam
2105 3566 2354 3622 magnam
2385 3566 2485 3606 nos
2506 3551 2924 3623 inobsequentes
2965 3552 3255 3606 miseratus
3297 3558 3400 3605 est.
3447 3550 3515 3604 Et

1914 3644 2086 3715 prima
2117 3643 2377 3713 precatio,
2400 3658 2562 3713 quam
2609 3659 2707 3711 pro
2727 3643 3108 3714 energuntenis
3158 3641 3480 3698 adhibemus
3503 3685 3522 3712 ,

1915 3734 2303 3789 misericordiae
2343 3738 2864 3791 commemoratione
2913 3737 3071 3806 plena
3112 3745 3237 3800 est;
3286 3735 3525 3792 secunda

1915 3843 2149 3899 quoque,
2177 3845 2275 3899 pro
2299 3830 2363 3883 iis
2384 3830 2473 3902 qui
2503 3830 2557 3885 in
2582 3831 2897 3899 poenitentia
2919 3838 3068 3898 sunt,
3099 3831 3323 3888 multam
3354 3833 3522 3887 mise-

1915 3923 2204 3978 ricordiam
2251 3924 2516 3993 postulat:
2569 3924 2726 3979 tertia
2769 3923 3018 3991 demum,
3051 3939 3150 3994 pro
3180 3925 3335 3980 nobis
3372 3925 3524 3996 ipsis,

1918 4015 2099 4085 pepuli
2127 4014 2356 4071 infantes
2383 4017 2703 4071 innocentes
2732 4017 2973 4085 inducit,
3011 4017 3180 4074 Deum
3209 4018 3276 4073 ad
3310 4018 3527 4073 miseri-

1918 4107 2158 4162 cordiam
2191 4115 2567 4178 provocantes.
2601 4107 2735 4178 Quia
2757 4109 2902 4163 enim
2951 4123 3050 4164 nos
3095 4118 3314 4180 peccata
3339 4117 3529 4165 nostra

1919 4201 2260 4266 damnamus,
2291 4217 2389 4272 pro
2438 4201 2503 4256 iis
2526 4202 2616 4271 qui
2650 4202 2876 4256 multum
2909 4210 3225 4272 peccarunt,
3267 4209 3321 4257 et
3365 4218 3528 4257 accn-

1923 4293 2031 4348 sari
2058 4293 2292 4359 debent,
2341 4307 2441 4347 nos
2486 4308 2809 4363 precamur:
2844 4310 2941 4364 pro
2971 4295 3130 4350 nobis
3176 4292 3306 4350 vero
3353 4295 3529 4364 pueri,

1926 4400 2155 4456 quorum
2182 4385 2542 4456 simplicitatis
2573 4385 2872 4440 imitatores
2897 4401 3122 4457 regnum
3151 4387 3406 4443 caalorum
3429 4403 3528 4442 ex-

1923 4489 2156 4550 spectat.
2188 4479 2304 4552 lpsa
2335 4480 2478 4535 enim
2512 4481 2764 4550 precandi
2808 4481 2978 4536 forma
3011 4481 3062 4536 id
3093 4481 3362 4537 ostendit:
3406 4497 3531 4537 nam

1924 4572 2202 4643 quiinstar
2219 4588 2515 4644 puerorum
2535 4575 2764 4629 humiles
2794 4583 2920 4630 sunt
2940 4584 2992 4630 et
3021 4576 3240 4641 sinceri,
3271 4574 3323 4628 hi
3353 4576 3529 4629 maxi-

1926 4683 2014 4722 me
2043 4676 2266 4737 possunt
2293 4682 2392 4737 pro
2417 4668 2525 4723 reis
2549 4666 2780 4738 precari.
2809 4668 2982 4738 Ipsum
3006 4668 3320 4739 mysterium
3360 4683 3536 4738 quau-

1928 4761 2400 4816 tazmisericordia:
2429 4803 2445 4828 ,
2498 4769 2713 4833 quantm
2771 4761 3117 4831 benignitatis
3164 4762 3235 4817 sit
3273 4762 3531 4832 plenum,

1936 4857 2113 4912 sciunt
2137 4857 2348 4911 initiati.
2378 4856 2448 4911 Et
2469 4865 2522 4911 tu
2547 4856 2727 4927 igitur,
2759 4871 2881 4910 cum
2905 4855 3110 4910 homini
3146 4857 3276 4910 facis
3297 4857 3536 4911 eleemn-

1931 4964 2118 5021 synam
2141 4990 2156 5014 ,
2183 4947 2372 5004 claude
2395 4949 2612 5017 jannam
2643 4958 2786 5002 tuam
2822 4966 2835 5003 :
2871 4948 2985 5018 ipse
3012 4949 3101 5016 qui
3131 4948 3359 5016 accipit,
3387 4947 3539 5002 solus

1932 5042 2130 5108 videat;
2155 5043 2263 5097 imo
2290 5042 2335 5096 si
2369 5041 2486 5096 ﬁeri
2519 5042 2708 5112 possit,
2736 5043 2935 5111 neipse
2962 5042 3200 5113 quidem.
3233 5042 3288 5097 Si
3315 5041 3536 5112 jannam

1932 5134 2163 5204 aperias,
2191 5136 2503 5206 mysterium
2529 5145 2676 5189 tuum
2701 5145 2958 5190 ostentas.
2984 5137 3167 5206 Cogita
3195 5152 3316 5191 eum
3338 5137 3537 5206 ipsum,

1933 5241 1962 5280 a
1994 5242 2101 5297 quo
2128 5228 2352 5298 gloriam
2375 5227 2585 5296 expetis
2607 5271 2622 5294 ,
2657 5236 2708 5282 te
2736 5227 3115 5282 damnatorum
3142 5243 3283 5282 esse.
3318 5229 3374 5282 Si
3407 5228 3544 5281 ami-

1936 5337 2031 5377 cus
2058 5323 2149 5386 sit,
2199 5332 2252 5377 te
2282 5323 2420 5392 apud
2453 5338 2512 5377 se
2537 5321 2946 5387 criminabitur;
2980 5323 3024 5377 si
3076 5322 3345 5387 inimicus,
3398 5323 3539 5391 apud

1938 5417 2075 5471 alios
2106 5425 2160 5470 te
2189 5417 2466 5483 traducet,
2512 5417 2859 5470 ctcontraria
2901 5413 2994 5469 tibi
3043 5418 3292 5469 evenient
3320 5455 3336 5480 ,
3382 5430 3542 5485 quam

1937 5507 2306 5563 desiderabas.
2336 5507 2415 5562 Tu
2445 5507 2589 5562 enim
2627 5506 2910 5579 cupiebas,
2961 5517 3019 5562 ut
3079 5507 3192 5576 ipse
3239 5507 3446 5563 diceret
3495 5518 3547 5562 te

1939 5601 2388 5668 misericordem;
2436 5602 2526 5656 ille
2551 5615 2686 5657 vero
2720 5617 2825 5656 non
2856 5601 2958 5656 hoc
2980 5602 3155 5667 dicet,
3189 5601 3284 5658 sed
3318 5612 3369 5656 te
3393 5615 3546 5656 vana:

1939 5693 2126 5763 gloria:
2148 5693 2403 5762 cupidum
2431 5735 2446 5760 ,
2478 5709 2664 5747 auram
2697 5692 2975 5748 hominum
3003 5703 3310 5766 captantem
3357 5692 3549 5762 appel-

1944 5785 2096 5853 labit,
2124 5785 2334 5857 aliaque
2361 5786 2606 5857 graviora
2637 5785 2872 5857 adiiciet.
2904 5786 2994 5843 Sin
3026 5787 3378 5843 occultaveris
3406 5829 3420 5855 ,
3452 5786 3534 5841 his
