4174 6332
690 396 790 453 €67

692 510 913 566 omnino
937 508 1200 564 contraria
1226 508 1384 574 dicet,
1439 506 1722 577 benignum
1750 505 2261 575 misericordemquc

690 600 992 670 appellabit.
1024 600 1206 669 Neque
1230 600 1371 654 enim
1401 599 1541 653 Deus
1570 599 1685 655 haec
1706 598 1956 654 occultari
1990 596 2267 667 permittit.

692 693 749 747 Si
792 702 845 746 tu
871 693 1241 757 occultaveris,
1276 692 1364 747 ille
1393 690 1729 747 manifestum
1760 690 1980 746 reddet:
2015 690 2136 744 hinc
2152 704 2267 742 ma-

687 786 772 853 jor
799 782 1083 838 admiratio
1106 790 1161 838 et
1179 783 1447 853 copiosius
1477 784 1681 839 lucrum
1732 781 1957 836 accedit.
1993 780 2174 849 Itaque
2198 778 2266 832 ad

686 874 908 942 gloriam
937 874 1226 946 parandam
1249 874 1413 928 olﬁeit
1451 873 1767 936 ostentatio;
1798 872 1865 926 ad
1899 871 1947 925 id
1976 870 2117 940 quod
2146 869 2268 923 dili-

686 976 874 1034 genter
895 966 1201 1035 quaerimus,
1236 964 1387 1019 obest
1410 964 1495 1018 illa
1522 965 1634 1033 ipsa
1656 963 1944 1032 inquisitio.
1969 960 2082 1017 Non
2106 961 2265 1017 modo

685 1058 824 1114 enim
855 1057 1233 1111 misericordia:
1256 1057 1461 1111 laudem
1488 1071 1590 1111 non
1609 1056 1931 1127 acquirimus
1962 1096 1978 1121 ,
2009 1055 2102 1111 sed
2130 1069 2262 1110 con-

755 1180 1028 1191 ———_—

1497 391 1537 447 S
1586 389 1859 446 JOAN‘NIS
1896 385 2362 445 CllRYSOS'l'OMl
2400 387 2713 445 ARCIIIEP.
2755 388 3285 446 CONSTANTINOP.

3856 380 3961 446 668

2383 503 2598 558 trarium
2627 506 2998 575 assequimur:
3028 505 3095 560 ad
3120 505 3235 560 haec
3255 517 3381 561 vero
3406 502 3629 560 multum
3653 503 3778 561 hinc
3802 505 3959 561 datu-

2373 596 2425 650 ni
2472 596 2624 651 nobis
2651 596 2844 651 oritur.
2900 596 3102 651 Horum
3139 597 3317 666 itaque
3363 596 3604 651 omnium
3652 610 3811 651 causa
3845 596 3959 650 ina-

2371 701 2493 743 nem
2514 688 2737 758 gloriam
2768 703 3080 758 respuamus
3102 731 3116 756 ,
3148 689 3426 757 solamque
3454 687 3548 742 Dei
3578 688 3801 757 gloriam
3833 687 3958 742 dili-

2371 796 2574 851 gamus.
2605 780 2692 837 Sic
2734 783 2876 837 enim
2932 792 2984 836 et
3034 782 3258 852 gloriam
3299 781 3385 835 hic
3430 794 3845 850 consequemur,
3904 788 3959 833 et

2370 873 2587 928 aeternis
2614 873 2850 927 fruemur
2877 872 3052 937 bonis,
3075 873 3247 944 gratia
3296 880 3352 928 et
3381 872 3709 943 benignitate
3742 872 3959 927 Domini

2369 966 2536 1021 nostri
2558 965 2685 1021 Jesu
2716 965 2939 1031 Christi,
2967 968 3053 1019 cui
3084 964 3253 1035 gloria
3284 974 3339 1021 et
3370 964 3651 1035 imperium
3672 966 3723 1019 in
3756 964 3955 1020 sarcula

2368 1058 2705 1112 seculorum.
2734 1060 2924 1112 Amen.

1712 1239 2055 1301 HOMILIA
2100 1236 2355 1299 LXXII.
2404 1237 2492 1299 al.
2538 1238 2821 1298 LXXIII.

682 1387 808 1443 Car.
860 1387 932 1442 23
997 1404 1050 1442 v.
1104 1389 1157 1443 1.
1209 1386 1348 1441 Tunc
1387 1386 1537 1440 Iesus
1586 1388 1821 1454 loquutus
1879 1356 1949 1467 sit
1997 1384 2153 1439 turbis
2216 1394 2264 1439 et

754 1476 1018 1546 discipulis
1062 1478 1166 1530 suis
1186 1519 1201 1543 ,
1228 1476 1283 1531 9..
1314 1475 1483 1530 dicens
1502 1493 1521 1530 :
1551 1476 1717 1540 Super
1746 1475 2038 1535 cathedram
2072 1474 2266 1546 Moysis

753 1569 989 1623 sederunt
1008 1567 1190 1621 scribae
1203 1578 1248 1621 et
1273 1565 1541 1621 Pharisaei.
1567 1568 1621 1623 5.
1648 1566 1831 1621 Omnia
1855 1583 1995 1638 ergo,
2018 1582 2267 1638 qtta'cum-

751 1677 847 1731 que
872 1660 1091 1714 dixerint
1121 1658 1276 1725 vobis,
1309 1659 1463 1729 facite
1483 1675 1502 1713 :
1527 1659 1803 1713 secundum
1848 1674 2001 1729 Opera
2026 1675 2139 1713 vero
2177 1674 2265 1712 eo-

751 1768 861 1803 rum
887 1767 987 1805 non
1012 1751 1214 1822 facite‘.

755 1840 808 1896 1.
840 1840 1001 1904 Tunc,
1034 1840 1411 1911 quandonam?
1462 1840 1683 1910 Quando
1714 1838 1827 1895 lucc
1850 1840 2021 1906 dixit;
2050 1822 2283 1911 quandol

682 1931 809 2001 ipsis
828 1930 1099 1986 silentium
1128 1932 1395 2001 imposuit;
1421 1931 1633 2002 quando
1661 1932 1739 1986 sic
1760 1932 2040 1999 repressit,
2072 1939 2256 1985 utnon

680 2022 937 2077 auderent
960 2024 1093 2077 ultra
1124 2023 1295 2092 ipsum
1329 2031 1566 2087 tentare;
1596 2023 1810 2093 quando
1838 2024 2072 2077 ostendit
2113 2022 2258 2093 ipsos

634 2178 641 2183 _
681 2112 950 2167 incurabili
975 2112 1164 2168 morbo
1184 2112 1443 2168 laborare.
1476 2112 1669 2167 Verum
1691 2113 1941 2181 quoniam
1965 2112 2173 2167 Domini
2199 2122 2254 2167 et

692 2204 892 2258 Domini
916 2203 1240 2258 mentionem
1272 2203 1428 2268 l‘ccit,
1465 2218 1655 2258 rursus
1691 2203 1757 2257 ad
1788 2203 1958 2274 legem
2012 2203 2256 2258 recurrit.

679 2294 839 2365 Atqui
867 2295 976 2357 lex,
1004 2295 1242 2365 inquies,
1277 2293 1405 2348 nihil
1434 2293 1736 2363 hujusmodi
1764 2293 1934 2360 dixit;
1989 2294 2084 2349 sed
2106 2334 2122 2359 ,
2155 2292 2262 2348 Do-

682 2388 846 2441 minus
867 2385 1005 2441 Deus
1025 2398 1161 2454 tuus,
1188 2386 1437 2441 Dontiuus
1459 2403 1588 2440 unus
1620 2396 1692 2440 est
1716 2386 1735 2456 (
1756 2384 1911 2440 Deut.
1943 2385 1997 2441 6.
2023 2386 2057 2441 4
2085 2385 2125 2456 ).
2154 2384 2259 2440 Ve-

688 2494 802 2532 rum
827 2478 908 2533 lex
939 2478 991 2533 in
1013 2478 1287 2548 Scriptura
1313 2487 1477 2533 totum
1507 2477 1672 2534 Vetus
1692 2478 2091 2533 Testamentum
2116 2477 2255 2532 dici-

682 2579 787 2621 tur.
819 2567 945 2624 llaec
984 2583 1147 2640 porro
1168 2568 1295 2625 dicit
1327 2610 1341 2634 ,
1368 2569 1653 2625 ostendens
1684 2584 1781 2640 per
1800 2569 1978 2624 omnia
2010 2583 2256 2639 magnam

677 2675 825 2715 suam
852 2676 973 2716 cum
1005 2662 1163 2719 Patre
1194 2663 1555 2719 concordiam.
1606 2662 1735 2716 Nam
1762 2663 1806 2716 si
1842 2666 2141 2718 contrarius
2170 2678 2257 2718 es-

678 2752 1138 2815 set,c0tttrarium
1190 2753 1330 2809 circa
1383 2753 1551 2822 legem
1599 2753 1834 2816 diceret;
1892 2768 2033 2808 nunc
2074 2763 2255 2808 autem

681 2852 877 2897 tantam
901 2843 1054 2913 jubet
1094 2858 1218 2914 erga
1265 2845 1433 2913 ipsam
1468 2845 1706 2900 exhiberi
1761 2843 2151 2912 reverentiam,
2198 2852 2256 2900 ut

678 2933 776 2987 etsi
803 2934 1037 3005 corrupti
1062 2934 1309 2989 doctores
1333 2946 1506 3001 erant,
1540 2934 1684 2989 illam
1718 2944 1893 2991 tamen
1916 2934 2100 3005 jubeat
2130 2949 2247 2989 ser-

677 3027 808 3080 vari.
835 3026 931 3081 llic
955 3041 1085 3082 vero
1108 3029 1269 3083 etiam
1292 3027 1360 3083 de
1388 3028 1508 3082 vitae
1531 3027 1771 3082 instituto
1795 3028 1941 3099 agit,
1970 3028 2092 3099 quia
2121 3025 2251 3083 illud

676 3118 908 3173 maxime
935 3132 1095 3173 causa
1126 3117 1519 3174 incredulitatis
1572 3120 1702 3189 ipsis
1741 3122 1876 3185 erat,
1917 3121 2021 3175 vita
2056 3134 2251 3190 nempe

675 3220 943 3282 corrupta,
976 3222 1029 3268 et
1055 3212 1237 3283 gloria:
1264 3227 1435 3267 amor.
1469 3212 1753 3268 Auditores
1784 3214 1941 3283 igitur
1970 3223 2026 3267 ut
2054 3228 2248 3268 emen-

677 3302 789 3367 det,
820 3302 946 3359 illud
991 3304 1221 3360 maxime
1256 3302 1409 3373 jubet
1452 3302 1594 3374 quod
1634 3304 1862 3373 primttm
1911 3304 1979 3359 ad
2025 3305 2251 3360 salutem

674 3392 1041 3457 conducebat,
1071 3408 1261 3464 nempe
1305 3395 1551 3451 doctores
1599 3410 1705 3450 non
1752 3404 2124 3462 coutenmere,
2154 3412 2255 3452 nec

676 3496 862 3541 contra
887 3487 1193 3543 sacerdotes
1215 3489 1508 3558 insurgere.
1536 3487 1718 3559 Neque
1745 3488 1905 3543 modo
1937 3488 2111 3560 jubet,
2155 3489 2251 3545 sed

675 3581 835 3635 etiam
869 3580 981 3650 ipse
1008 3589 1204 3637 servat.
1233 3581 1364 3637 Nam
1390 3578 1671 3652 corruptos
1714 3582 1831 3636 illos
1858 3597 1890 3637 e
1933 3581 2098 3653 gradu
2144 3598 2250 3638 non

673 3670 894 3741 dejicit;
921 3686 1020 3741 qua
1048 3673 1255 3728 ratione
1282 3673 1385 3729 illis
1408 3676 1620 3744 gravius
1655 3673 1913 3745 judicium
1931 3673 2250 3736 attrahcbat.

676 3763 921 3833 disipulis
940 3779 1066 3819 vero
1088 3767 1283 3821 nullam
1332 3767 1667 3837 relinquebat
1694 3766 2069 3822 inobedientia:
2096 3780 2252 3821 occa-

674 3860 905 3911 sionem.
936 3854 1014 3911 Ne
1051 3856 1170 3927 quis
1225 3867 1397 3927 porro‘
1412 3859 1608 3915 diceret
1630 3898 1646 3923 ,
1673 3858 1806 3927 Quia
1840 3859 2111 3929 improbus
2148 3858 2248 3912 do-

675 3958 793 4003 ctor
815 3958 919 4016 est,
950 3949 1071 4005 ideo
1098 3950 1314 4019 segnior
1328 3952 1472 4007 evasi
1502 3969 1517 4007 :
1550 3952 1689 4007 hunc
1716 3968 1926 4023 quoque
1972 3952 2249 4010 obtentum

672 4040 866 4095 aufert.
937 4039 1027 4096 Sic
1077 4056 1210 4113 etgo
1257 4042 1469 4097 illorum
1530 4042 1883 4114 principatum
1953 4044 2249 4109 constituit,

673 4132 880 4187 etiamsi
908 4132 1144 4202 improbi.
1170 4143 1369 4199 essent,
1400 4135 1469 4189 ita
1497 4144 1555 4189 ut
1584 4145 1702 4203 post
1723 4144 1921 4189 tantam
1949 4136 2076 4205 ipsis
2103 4135 2254 4191 obla-

677 4233 783 4278 tam
814 4224 1241 4281 criminationem
1271 4227 1513 4283 diceret:
1546 4226 1759 4299 _0mnia,
1803 4243 2126 4299 quacumque
2167 4228 2250 4281 di-

674 4318 843 4372 xerint
869 4319 1023 4383 vobis,
1057 4318 1209 4391 facile
1230 4335 1251 4372 :
1282 4334 1455 4389 neque
1480 4321 1621 4375 enint
1650 4336 1743 4375 sua
1772 4319 1977 4386 dicunt,
2009 4322 2103 4376 sed
2130 4336 2251 4389 quin

680 4408 771 4464 Dei
794 4417 939 4476 sunt,
970 4424 1088 4479 quae
1108 4424 1205 4478 per
1234 4408 1451 4481 Moysen
1478 4410 1565 4465 ille
1591 4411 1861 4483 praecepit.
1895 4411 2251 4469 Animadver-

678 4508 731 4553 te
777 4508 1031 4568 quantum
1073 4497 1239 4569 Moysi
1282 4499 1489 4555 deferat
1520 4498 1815 4566 honorem,
1871 4517 2055 4558 rursus
2098 4517 2251 4559 suam

678 4605 800 4645 cum
829 4590 992 4645 veteri
1023 4590 1140 4661 lege
1191 4591 1531 4646 concordiam
1560 4592 1870 4659 ostendens,
1917 4593 2253 4665 quandoqui-

682 4680 800 4735 dem
826 4679 953 4735 hinc
982 4680 1101 4735 illos
1133 4681 1468 4738 venerabiles
1505 4681 1698 4749 reddit.
1741 4682 1911 4753 Super
1960 4686 2252 4739 cathedram

684 4771 852 4842 Moysi
871 4774 1126 4837 sederunt,
1147 4773 1332 4844 inquit.
1356 4773 1485 4840 Quia
1528 4788 1633 4829 non
1658 4782 1865 4843 poterat
1913 4775 2032 4830 illos
2051 4791 2117 4830 ex
2144 4776 2250 4829 vita

680 4864 1057 4919 commendare
1077 4906 1094 4931 ,
1116 4880 1145 4918 a
1174 4865 1364 4935 quibus
1388 4865 1582 4922 licebat
1603 4865 1654 4921 id
1677 4865 1821 4930 facit,
1845 4880 1876 4919 a
1900 4867 2029 4922 sede
2057 4882 2251 4936 nempe

681 4969 735 5009 ct
756 4970 783 5006 a
812 4956 1153 5012 successione
1170 4958 1213 5011 ³.
1248 4956 1432 5011 nuntia
1450 4969 1627 5014 autem
1652 4973 1773 5014 cum
1796 4958 1968 5025 audis,
1994 4975 2062 5014 ne
2084 4969 2245 5015 totam

684 5044 853 5114 legem
878 5060 998 5101 esse
1028 5058 1213 5118 putes;
1258 5050 1325 5105 de
1348 5050 1483 5106 cibis
1512 5067 1738 5119 nempe,
1776 5050 1847 5107 de
1875 5052 2151 5107 sacriﬁciis
2198 5060 2255 5107 et

682 5136 963 5192 similibus.
989 5138 1268 5204 Quomodo
1287 5143 1428 5196 enim
1452 5140 1568 5197 haec
1586 5142 1824 5198 dicturus
1844 5151 1980 5209 erat,
2007 5145 2097 5214 qui
2129 5156 2252 5200 ante

682 5228 1002 5285 sustulerat?
1022 5228 1126 5285 Sed
1152 5229 1337 5286 Omnia
1356 5233 1502 5300 dicit,
1531 5250 1650 5306 qua:
1676 5251 1854 5290 mores
1880 5235 2250 5302 emendarem,

681 5330 737 5378 et
759 5323 1086 5394 eorrigcrcnt
1110 5365 1127 5390 ,
1175 5339 1398 5397 qumque
1418 5343 1539 5383 cum
1587 5344 1741 5385 novae
1790 5330 1921 5401 legis
1974 5332 2253 5400 praeceptis

686 5424 1061 5487 congruerent,
1087 5431 1263 5488 neque
1290 5421 1423 5473 ultra
1452 5420 1690 5477 sinerent
1717 5422 1816 5477 sub
1833 5424 1962 5493 jugo
1995 5424 2126 5493 legis
2168 5438 2255 5479 es-

689 5524 770 5564 te.
798 5508 908 5565 Cur
930 5524 1059 5581 ergo
1087 5526 1237 5567 nona
1268 5511 1385 5583 lege
1408 5515 1593 5583 gratia:
1637 5515 1686 5571 id
1733 5516 2029 5582 constituit,
2083 5516 2174 5571 sed
2224 5533 2256 5573 a

748 5662 763 5693 ⁸
787 5659 973 5711 Titulus
994 5661 1304 5735 apud‘uorel.
1327 5664 1507 5735 desinit
1527 5665 1621 5735 hoc
1639 5667 1806 5720 modo:
1829 5670 2094 5735 secundum
2110 5683 2259 5735 opera

684 5734 793 5773 arra
813 5736 979 5773 eorum
1001 5735 1094 5775 non
1116 5725 1259 5786 facile
1281 5739 1300 5778 :
1326 5727 1488 5781 dicunt
1508 5727 1653 5784 enim.
1667 5738 1827 5782 etnon
1849 5733 2047 5792 factum.

746 5809 766 5843 ⁸
788 5806 982 5867 Quidam
1008 5816 1060 5861 ct
1083 5808 1246 5862 Morel.
1270 5810 1469 5879 habent,
1489 5812 1726 5879 doctrina,
1752 5828 1857 5881 pro,
1880 5816 2191 5870 successum.

2376 1378 2491 1449 lege
2528 1378 2768 1450 Moysis?
2793 1378 2924 1446 Quia
2945 1389 3069 1436 ante
3097 1394 3309 1436 crucem
3331 1389 3540 1452 tempus
3562 1395 3667 1436 non
3696 1391 3809 1435 erat
3839 1381 3957 1435 haec

2368 1472 2518 1526 clare
2549 1472 2823 1540 loquendi.
2854 1473 2931 1526 Ad
2963 1473 3077 1527 lia-c
3104 1488 3233 1529 vero
3279 1474 3407 1529 mihi
3463 1474 3681 1544 quidem
3738 1475 3957 1531 videtur

2367 1560 2509 1615 aliud
2539 1561 2809 1633 quidpiam
2853 1564 2937 1617 hic
2970 1566 3117 1631 prius
3144 1563 3448 1633 providere.
3499 1566 3631 1634 Quia
3670 1567 3814 1621 enim
3861 1581 3956 1621 ac-

2367 1662 2648 1710 cusaturus
2670 1655 2789 1709 illos
2815 1665 2950 1722 erat,
2980 1670 3047 1710 ne
3074 1654 3143 1710 ab
3173 1656 3373 1710 insanis
3394 1656 3708 1726 quibusdam
3739 1666 3946 1727 putare.

2370 1752 2454 1798 tur
2494 1759 2678 1798 eorum
2730 1745 3079 1815 principatum
3126 1744 3353 1812 ambire,
3381 1756 3473 1801 aut
3497 1762 3563 1801 ex
3594 1746 3867 1801 inimicitia
3902 1745 3957 1801 id

2368 1835 2561 1900 facere,
2592 1836 2727 1891 hanc
2754 1838 2925 1906 primo
2964 1838 3101 1892 tollit
3125 1838 3508 1908 suspicionem,
3539 1849 3593 1893 et
3640 1839 3707 1893 ab
3750 1838 3855 1893 hac
3883 1840 3955 1895 li-

2367 1926 2466 1981 ber
2488 1942 2743 1985 accusare
2771 1930 2974 1999 incipit.
3004 1929 3115 1985 Cur
3139 1940 3315 1985 autem
3346 1933 3519 2001 arguit
3547 1932 3689 1993 illos.
3730 1931 3957 2002 longos-

2365 2033 2468 2087 que
2488 2033 2549 2072 ea
2576 2018 2643 2075 de
2665 2036 2722 2075 re
2742 2035 3019 2076 sermones
3046 2022 3216 2077 texit?
3262 2022 3327 2079 Ut
3353 2034 3538 2078 caveat
3568 2024 3856 2078 multitudo
3889 2039 3958 2078 ne

2366 2108 2418 2162 in
2448 2108 2571 2164 talia
2602 2110 2817 2165 incidat.
2865 2111 2978 2167 Non
3005 2114 3146 2168 enim
3175 2114 3351 2169 simile
3379 2124 3463 2169 est
3489 2114 3812 2172 interdicere
3836 2156 3853 2180 ,
3902 2125 3959 2171 ct

2364 2209 2647 2268 peccantes
2672 2202 2988 2257 ostendere:
3013 2205 3154 2259 sicut
3183 2219 3289 2258 non
3314 2204 3488 2260 simile
3515 2215 3598 2260 est
3624 2204 3760 2260 bona
3788 2221 3959 2276 Opera

2362 2290 2598 2356 laudare,
2629 2300 2682 2347 et
2709 2291 2822 2347 hinc
2847 2304 3135 2363 operantes
3159 2294 3465 2350 inmedium
3488 2296 3776 2352 adducere.
3809 2295 3960 2353 Ideo-

2361 2395 2467 2450 que
2509 2381 2623 2437 ltaac
2646 2382 2829 2440 dicere
2860 2395 3200 2457 praeoccupat
3226 2405 3239 2439 :
3275 2386 3568 2442 Secundum
3596 2401 3766 2442 autem
3795 2405 3960 2459 opera

2361 2488 2538 2527 eorum
2564 2476 2721 2530 nolite
2758 2478 2945 2546 facere.
2993 2476 3071 2533 Ne
3100 2489 3387 2549 putarent,
3434 2495 3590 2550 quem
3630 2477 3818 2536 audire
3858 2496 3960 2539 eos

2361 2566 2664 2631 oportebat,
2698 2568 2857 2623 etiam
2888 2570 3080 2623 imitari
3113 2582 3382 2641 oportere.
3415 2570 3515 2627 hac
3544 2573 3711 2627 utitur
3749 2588 3949 2628 emcn-

2360 2652 2599 2723 datione,
2625 2665 2680 2713 et
2707 2660 2847 2725 quod
2877 2660 2982 2713 illis
3012 2660 3288 2716 videbatur
3315 2662 3505 2716 honori
3526 2677 3646 2718 esse
3666 2704 3681 2728 ,
3714 2663 3768 2717 itt
3790 2678 3960 2719 accit-

2360 2746 2621 2801 sationem
2670 2750 2848 2804 vertit.
2895 2750 3031 2819 Quid
3064 2753 3208 2807 enim
3248 2753 3468 2809 doctore
3524 2756 3613 2810 illo
3660 2755 3956 2811 miserabi-

2362 2837 2465 2892 lius
2490 2879 2506 2903 ,
2549 2840 2637 2910 qui
2673 2841 2962 2913 discipulos
2988 2846 3057 2899 ita
3088 2846 3262 2901 solum
3303 2861 3519 2902 scrvare
3544 2848 3731 2917 possit.
3764 2847 3808 2902 si
3841 2863 3959 2904 non

2356 2932 2632 2988 attendant
2659 2934 2826 3005 ipsius
2854 2937 3139 3006 operibus?
3168 2938 3243 2993 Ita
3267 2951 3323 2994 ut
3351 2940 3443 3012 qui
3473 2940 3681 2996 videtur
3710 2941 3815 2996 illis
3844 2941 3959 2995 ho-

2355 3040 2459 3079 nor
2479 3024 2661 3081 haberi
2680 3068 2695 3093 ,
2726 3031 2956 3085 maxime
2978 3033 3048 3086 sit
3072 3033 3340 3088 accusatio
3359 3073 3376 3099 ,
3419 3033 3631 3104 quando
3654 3033 3813 3089 talem
3864 3036 3961 3089 vi-

2356 3123 2462 3170 tam
2488 3116 2709 3184 ducunt,
2747 3135 2850 3189 qua
2883 3122 3178 3178 imitatores
3206 3122 3287 3178 sui
3313 3134 3744 3193 corrumpantur.
3794 3125 3963 3182 Ideo-

2354 3223 2459 3279 que
2488 3209 2556 3265 ad
2602 3210 2925 3269 incusandos
2966 3214 3085 3270 illos
3112 3231 3173 3272 se
3196 3217 3482 3274 convertit.
3513 3217 3700 3289 Neque
3738 3235 3801 3274 ea
3854 3235 3961 3276 so-

2357 3302 2465 3357 lum
2487 3302 2557 3359 de
2581 3318 2740 3360 causa
2761 3346 2777 3371 ,
2810 3304 2905 3361 sed
2933 3316 2990 3361 ut
3027 3308 3295 3372 ostendat.
3322 3310 3762 3379 incredulitatem
3793 3312 3961 3381 prio-

2358 3411 2471 3451 rem
2494 3411 2702 3463 eorum,
2735 3406 2790 3453 et
2812 3397 3159 3469 cruciﬁgendi
3191 3399 3396 3455 facinus
3423 3401 3567 3472 quod
3594 3409 3776 3471 postea
3816 3416 3959 3458 sus-

2357 3500 2632 3557 ceperunt,
2661 3503 2766 3543 non
2793 3488 3052 3556 cruciﬁxi,
3084 3492 3167 3545 cui
3200 3507 3305 3546 non
3336 3491 3700 3560 crediderunt,
3728 3494 3961 3564 culpam

2360 3593 2502 3646 esse,
2530 3578 2626 3634 sed
2667 3580 3033 3650 improborum
3086 3583 3524 3653 iugratorumque
3550 3584 3781 3640 illorum.
3812 3586 3962 3641 l‘cr-

2358 3670 2531 3742 pende
2558 3681 2736 3725 autem
2769 3671 2910 3727 unde
2948 3673 3187 3745 incipiat,
3215 3683 3270 3730 et
3297 3675 3437 3729 unde
3461 3676 3687 3730 crimina
3725 3686 3958 3747 augeat.

2356 3762 2575 3832 Dicunt,
2609 3764 2798 3836 inquit,
2827 3774 2873 3819 et
2894 3782 2992 3821 non
3014 3768 3227 3838 faciunt.
3251 3767 3478 3838 Singuli,
3499 3769 3691 3840 inqttit,
3722 3771 3965 3841 perinde

2353 3855 2603 3925 culpandi
2647 3864 2804 3920 sunt,
2836 3857 2925 3927 qui
2968 3857 3142 3929 legem
3175 3860 3679 3927 transgrediuntur;
3708 3860 3965 3921 maxime

2354 3960 2535 4025 autem
2582 3949 2627 4005 is
2679 3949 2770 4019 qui
2807 3949 3033 4009 docendi
3082 3951 3455 4007 auctoritatem
3502 3951 3691 4007 habet:
3743 3952 3963 4025 duplici

2354 4018 2551 4118 qu‘ﬁrpe
2591 4050 2645 4095 et
2683 4039 2877 4108 triplici
2922 4040 3251 4097 damnationi
3298 4042 3564 4098 obnoxius
3612 4052 3714 4099 est.
3757 4018 3965 4102 Primo

2356 4128 2594 4200 quidem,
2637 4130 2777 4200 quod
2818 4132 3276 4202 transgrediatur;
3315 4134 3585 4197 secundo,
3630 4136 3775 4207 quod
3821 4151 3965 4193 cum

2355 4221 2488 4277 alios
2527 4221 2814 4279 emendare
2855 4222 3101 4287 deberet,
3149 4224 3344 4281 deinde
3395 4225 3535 4297 quod
3557 4227 3869 4284 claudicans
3899 4230 3963 4285 id

2356 4311 2533 4378 faciat,
2562 4312 2633 4369 ob
2662 4314 2829 4384 ipsam
2859 4313 3168 4385 dignitatem
3198 4316 3385 4386 majori
3421 4331 3575 4387 pinna
3604 4317 3799 4388 dignus
3818 4330 3918 4375 est
3942 4337 3961 4384 ;

2359 4404 2556 4471 tertio,
2584 4404 2729 4476 quod
2759 4406 2981 4475 majoris
3013 4408 3331 4478 corruptela:
3368 4421 3528 4463 causa
3569 4408 3670 4474 sit,
3716 4412 3846 4479 quia
3902 4414 3969 4469 in

2354 4496 2591 4553 doctoris
2609 4498 2800 4554 ordine
2827 4497 2941 4554 lucc
2958 4508 3257 4570 perpetret.
3287 4498 3369 4555 Ad
3396 4504 3511 4556 haec
3552 4500 3694 4558 aliud
3725 4518 3970 4576 quoque

2341 4586 2482 4658 ipsis
2506 4588 2708 4644 crimen
2739 4589 2947 4659 objicit,
2976 4590 3120 4659 quod
3163 4605 3288 4660 erga
3315 4590 3453 4647 alios
3475 4592 3585 4647 sint
3611 4593 3795 4649 acerbi
3822 4612 3842 4650 :
3896 4597 3967 4654 4.

2353 4678 2580 4751 Alligattt
2603 4679 2737 4734 enim
2761 4696 2918 4735 onera
2946 4682 3120 4752 grauia
3135 4690 3183 4735 et
3202 4682 3567 4752 importabilia,
3596 4693 3643 4739 et
3670 4685 3973 4756 imponunt

2352 4772 2403 4826 in
2423 4774 2658 4827 Itumeros
2678 4772 2971 4839 hominum;
3000 4775 3161 4846 digito
3187 4785 3354 4828 autem
3392 4792 3486 4831 suo
3522 4777 3700 4843 nolunt
3722 4795 3787 4833 ea
3831 4798 3974 4838 mo-

2352 4880 2484 4919 vere.
2518 4864 2790 4933 Duplicem
2823 4864 2911 4920 hic
2935 4866 3224 4936 nequitiam
3257 4878 3554 4934 memorat,
3590 4872 3731 4941 quod
3754 4887 3784 4925 a
3812 4878 3979 4931 sub-

2352 4956 2479 5012 ditis
2530 4956 2653 5011 sine
2685 4956 2787 5012 ulla
2815 4957 2966 5012 venia
2998 4957 3240 5013 sedulam
3286 4961 3565 5029 requirant
3588 4962 3707 5019 vitae
3732 4966 3975 5034 put-iu-

2355 5049 2817 5119 tem,mult:tmque
2843 5048 2941 5103 sibi
2984 5049 3247 5105 licentiam
3278 5052 3615 5119 permittant;
3642 5057 3786 5125 quod
3814 5072 3982 5115 mn-

2354 5143 2576 5198 trarium
2611 5152 2694 5199 est
2724 5142 2850 5197 boui
2883 5140 3139 5212 principis
3170 5143 3382 5209 ollicio,
3422 5147 3562 5216 quod
3594 5149 3749 5203 estin
3782 5152 3983 5214 rebus

2353 5248 2415 5289 se
2459 5233 2824 5302 spectantibus
2855 5233 3091 5303 iudicem
3132 5248 3252 5290 esse
3284 5249 3531 5292 seretum
3561 5252 3625 5293 ac
3668 5240 3791 5298 sine
3851 5246 3982 5304 una

2354 5324 2510 5380 venia
2537 5340 2552 5387 ;
2595 5324 2645 5377 in
2675 5323 3006 5379 subditorum
3036 5338 3166 5379 vero
3196 5327 3429 5394 peccatis
3456 5327 3637 5383 mitem
3661 5338 3718 5390 et
3746 5332 3822 5386 ad
3866 5351 3982 5393 ve-

2356 5418 2496 5474 uiam
2518 5417 2746 5473 dandam
2769 5431 2991 5486 pronum
3024 5434 3039 5471 :
3072 5415 3269 5473 bivero
3300 5421 3628 5476 contrarium
3652 5422 3983 5489 iaciebant.

2417 5536 2473 5590 2.
2490 5536 2648 5590 Tales
2664 5543 2792 5592 sunt
2808 5534 2845 5589 ii
2861 5548 3053 5590 omnes
3074 5534 3167 5606 qui
3183 5536 3359 5596 verbis
3375 5538 3801 5612 pbilosophantu
3811 5564 3875 5618 ιι,
3889 5567 3989 5611 σε.

2361 5629 2472 5684 veri
2496 5644 2690 5698 nempe
2703 5638 2758 5683 et
2775 5626 3256 5694 immisericordes,
3274 5640 3462 5702 utpote
3484 5636 3669 5705 operis
3702 5637 3982 5702 dimcul-

2364 5732 2526 5778 tatem
2557 5735 2666 5776 non
2704 5721 2929 5793 experti.
2968 5718 3083 5777 Nec
3113 5723 3324 5778 modica
3358 5734 3442 5781 est
3464 5726 3554 5782 illa
3593 5727 3958 5800 improbitas

2365 5832 2430 5873 ne
2440 5830 2541 5889 1sue
2560 5829 2749 5887 parum
2770 5825 2929 5889 auget
2946 5813 3400 5872 criminationem.
3418 5815 3498 5873 'l‘u
3512 5834 3641 5878 vero
3657 5821 3791 5879 mihi
3818 5842 3989 5889 con—
