4174 6332
254 399 351 458 669

250 520 452 573 sideres
470 513 630 569 velim
646 551 662 577 ,
691 512 969 584 quomodo
988 513 1197 568 crimen
1234 521 1448 582 augeat.
1472 510 1658 584 Neque
1678 517 1826 568 enim

247 612 400 675 dixit,
417 609 533 664 Non
550 616 803 678 possunt,
818 606 936 671 sed,
952 605 1155 660 Nolunt
1171 621 1190 661 :
1204 622 1383 677 neque
1401 607 1559 673 dixit,
1580 606 1830 670 Portare,

245 704 357 768 sed,
386 702 564 772 Digito
581 716 803 767 mouere,
829 699 881 754 id
903 709 1006 765 est,
1025 713 1126 754 nec
1148 713 1312 769 prope
1336 699 1623 763 accedere,
1648 711 1829 769 neque

250 803 485 854 tangere.
527 791 631 848 Sed
677 792 891 847 ubinam
932 790 1154 845 studiosi
1189 800 1242 845 et
1267 790 1552 858 diligentes
1579 785 1746 840 sunt?
1772 785 1826 841 In

248 884 526 955 prohibitis
550 901 565 949 ;
595 901 715 938 nam
740 885 816 940 ait
844 901 857 936 :
889 883 942 939 5.
977 879 1165 937 Omnia
1192 881 1493 948 mintopera
1506 879 1599 934 sua
1611 879 1826 967 faciunt,

244 985 298 1029 st
341 976 607 1029 uideantur
647 975 711 1029 ab
748 974 1047 1028 hominibus.
1076 972 1249 1028 Inanis
1275 971 1462 1043 glorias
1484 969 1830 1041 cupiditatem

243 1080 427 1118 eorum
477 1063 561 1118 bis
590 1064 846 1130 traducit,
875 1078 979 1134 qua
1007 1063 1296 1133 perierunt.
1328 1061 1508 1117 Priora
1536 1061 1680 1116 enim
1702 1071 1826 1115 cru:-

241 1154 474 1209 delitatis
510 1166 564 1210 et
605 1155 821 1210 desidia:
866 1165 1052 1218 erant,
1101 1153 1216 1209 haec
1244 1164 1420 1208 autem
1448 1153 1620 1207 inanis
1645 1151 1829 1219 gloria:

243 1245 567 1314 cupiditatis.
613 1246 724 1301 Hoc
768 1226 896 1300 illos.
935 1261 964 1299 a
1007 1247 1117 1301 Deo
1143 1246 1409 1301 removit:
1439 1244 1540 1300 hoc
1567 1242 1745 1298 eifecit
1773 1250 1830 1297 ut

243 1336 294 1390 in
336 1336 445 1391 alio
485 1336 692 1391 theatro
733 1344 1134 1404 concertarent,
1174 1346 1228 1391 et
1273 1335 1528 1406 perirent.
1557 1333 1694 1390 Nam
1716 1332 1829 1388 suis

241 1428 633 1497 spectatoribus
669 1429 892 1499 quisque
923 1429 1134 1499 placere
1154 1427 1335 1486 studet
1362 1443 1456 1498 per
1475 1427 1829 1522 certaminum

242 1521 550 1589 qualitatem
579 1538 594 1574 :
625 1522 714 1591 qui
739 1532 865 1577 ante
885 1523 1040 1603 viros,
1056 1533 1304 1577 strenuos
1334 1529 1534 1592 pugnat
1564 1520 1683 1576 talia
1709 1520 1828 1575 stit-

243 1610 332 1665 det
359 1611 649 1666 certamina
673 1613 908 1680 referre;
939 1615 1026 1685 qui
1053 1629 1182 1670 vero
1198 1624 1334 1670 ante
1354 1613 1571 1670 timidos
1594 1622 1650 1670 et
1676 1614 1828 1686 igua-.7

242 1714 371 1766 vos,
426 1702 540 1770 ipse
585 1716 795 1774 quoque
824 1705 1045 1774 ignavus
1074 1703 1320 1762 efficitur.
1355 1705 1513 1761 Verbi
1541 1705 1708 1776 gratia
1732 1744 1748 1769 ,
1780 1704 1827 1759 si

243 1791 362 1860 quis
391 1801 743 1861 spectatorem
771 1791 968 1850 habeat
990 1794 1155 1850 risum
1185 1805 1489 1864 amantem,
1514 1795 1680 1849 risum
1711 1796 1828 1864 ipse

243 1889 459 1945 movet,
507 1890 560 1938 ut
606 1893 961 1952 spectatorem
1002 1884 1272 1952 delectet;
1303 1887 1443 1942 alius
1470 1886 1559 1958 qui
1593 1885 1825 1956 philoso-

239 1970 405 2039 phum
452 1985 507 2027 et
550 1975 846 2030 studiosum
873 1975 1034 2032 habet
1056 1985 1412 2046 spectatorem
1431 2018 1450 2046 ,
1482 1977 1602 2032 talis
1626 1975 1826 2047 et'ipse

240 2061 376 2116 eiiici
399 2072 567 2116 curat
586 2106 599 2127 ,
632 2065 751 2133 quin
782 2066 904 2120 talis
933 2074 1017 2121 est
1040 2067 1307 2121 laudantis
1328 2070 1557 2123 animus.
1583 2067 1680 2122 Ilic
1709 2083 1826 2122 rur-

237 2166 354 2206 sum
403 2151 523 2207 vide
565 2155 834 2224 quomodo
873 2156 1076 2211 crimen
1121 2156 1430 2227 ampliﬁcet.
1473 2158 1656 2230 Neque
1679 2159 1824 2214 enim

235 2240 336 2295 alia
383 2242 462 2298 sic
481 2285 495 2307 ,
527 2243 630 2299 alia
652 2261 778 2300 vero
805 2245 910 2301 non
937 2247 1016 2303 sic
1043 2247 1275 2315 faciunt;
1307 2249 1404 2306 sed
1428 2250 1608 2306 omnia
1634 2250 1824 2312 simili-,-

237 2342 337 2385 ter.
387 2334 589 2390 Deinde
637 2345 918 2408 postquam
964 2355 1114 2397 vana:
1160 2341 1348 2413 gloria!
1394 2344 1821 2399 criminationem

236 2420 366 2492 ipsis
405 2423 677 2483 obtulerat
701 2467 718 2493 ,
763 2437 1023 2483 monstrat
1064 2444 1160 2485 eos
1184 2445 1292 2486 non
1319 2433 1386 2486 de
1416 2436 1621 2504 magnis
1646 2443 1701 2488 et
1728 2449 1821 2488 ne-

234 2515 486 2569 cessariis
530 2515 764 2585 gloriari
791 2515 943 2590 (nihil
989 2524 1132 2576 enim
1181 2523 1287 2577 tale
1330 2523 1634 2589 habebant;
1667 2534 1822 2580 erant

231 2605 430 2675 quippe
475 2607 628 2662 bonis
664 2609 915 2680 operibus
956 2627 1176 2682 prorsus
1219 2613 1434 2685 vacui),
1473 2615 1569 2672 sed
1621 2616 1689 2672 de
1726 2616 1822 2671 fri-

231 2695 371 2765 gidis
407 2705 466 2753 et
508 2697 578 2766 tm
621 2700 855 2757 minimis
896 2703 1058 2759 rebus
1107 2706 1162 2771 ³,
1207 2719 1328 2776 qua:
1371 2716 1527 2761 erant
1566 2709 1818 2778 nequitia:

228 2789 443 2845 illorum
476 2792 690 2848 indicia.
721 2793 950 2850 Dilatattt
979 2797 1113 2851 enim
1139 2799 1451 2869 phylacter'ia
1474 2816 1589 2867 sua,
1615 2801 1814 2872 inquit;

225 2889 275 2934 et
295 2882 626 2951 magniﬁcam
642 2883 867 2951 ﬁmbrias
883 2887 1284 2942 vestimentorum
1301 2905 1532 2945 suorum.

294 2968 632 3041 Pnytacteria
672 2976 793 3044 quid
837 2988 1019 3032 essent.
1047 3008 1116 3022 -—
1156 2979 1333 3052 Ecqua
1360 2993 1486 3038 sunt
1514 2983 1600 3038 Illa
1627 2983 1817 3057 phyla-

220 3061 392 3115 cteria
413 3099 430 3128 ,
474 3073 593 3132 qua
621 3063 889 3121 ﬁmbriae?
912 3068 1045 3136 Quia
1077 3084 1222 3141 sape
1246 3072 1697 3131 obliviscebantur
1727 3076 1819 3132 be-

223 3149 540 3207 neﬁciorum
572 3154 686 3219 Dei,
709 3156 866 3226 jussit
896 3161 947 3214 in
977 3160 1213 3218 minimae
1237 3165 1394 3218 molis
1411 3165 1560 3222 libris
1583 3168 1814 3223 describi

220 3245 482 3300 miracula
523 3247 725 3318 ipsius,
774 3260 829 3306 et
868 3255 1098 3324 appendi
1126 3257 1370 3313 manibus
1399 3274 1607 3315 comm.
1638 3261 1814 3329 Quare

218 3334 355 3391 dixit
396 3358 411 3393 :
467 3336 576 3393 Nec
623 3343 1006 3398 movebantur
1042 3346 1107 3400 ab
1130 3348 1290 3403 oculis
1317 3350 1417 3403 tuis
1445 3349 1622 3422 (Deut.
1651 3354 1704 3409 6.
1732 3351 1811 3424 8).

216 3429 351 3499 Qum
398 3432 757 3504 pbylacteria,
801 3439 954 3514 quasi
995 3439 1145 3496 dicas
1185 3445 1584 3499 conservatoris
1609 3487 1625 3513 ,
1654 3460 1813 3501 voca-

215 3520 446 3590 bantur,
479 3533 536 3578 ut
571 3527 752 3582 multis
775 3519 935 3584 "nunc
973 3532 1229 3587 mulieres
1265 3535 1541 3605 evangelia
1576 3551 1642 3591 ex
1671 3537 1813 3593 collo

217 3614 509 3684 pendentia
554 3617 750 3673 habent
774 3635 790 3686 ;
817 3629 872 3675 et
901 3629 959 3676 ut
982 3612 1199 3679 aliunde
1230 3625 1281 3678 in
1309 3629 1624 3682 memoriam
1651 3628 1810 3684 redu-

214 3717 448 3772 cantr,
492 3707 546 3762 id
593 3709 736 3780 quod
779 3711 930 3766 multi
955 3727 1100 3784 sirpe
1142 3714 1380 3784 faciunt,
1427 3715 1708 3775 oblivionis
1733 3721 1812 3775 vi-

215 3795 397 3851 tanda
415 3811 576 3852 causa
605 3799 828 3856 linoaut
855 3801 943 3857 ﬂio
964 3803 1187 3875 digitum
1213 3806 1439 3877 ligantes
1456 3848 1473 3875 ,
1502 3809 1603 3866 hoc
1626 3811 1731 3867 illis
1754 3821 1812 3868 ut

216 3890 403 3956 pueris
441 3889 584 3946 Deus
619 3891 796 3950 facere
823 3898 1092 3968 pmepit,
1114 3897 1514 3970 hyacinthinam
1543 3903 1727 3960 vittam
1755 3907 1808 3960 in

213 3992 312 4034 ora
338 3981 510 4036 vestis
530 3983 674 4038 circa
701 3985 868 4055 pedes
897 4001 1121 4045 assuere
1142 3989 1333 4061 (Nam.
1361 3993 1453 4048 I5.
1477 3993 1570 4066 '58)
1596 4037 1612 4060 ,
1640 4009 1696 4052 ut
1724 3996 1810 4053 bis

209 4073 458 4128 animum
484 4074 802 4151 adhibentes
831 4093 1220 4152 praeceptorum
1240 4087 1655 4144 recordarentur
1677 4106 1692 4154 ;
1716 4105 1809 4146 vo-

199 4164 584 4236 ‘cabanturque
626 4155 870 4226 ﬁmbriae.
910 4173 975 4229 In
1013 4173 1096 4230 bis
1122 4191 1251 4248 ergo
1277 4177 1502 4234 studiosi
1526 4190 1714 4249 erant,
1745 4182 1808 4237 ii-

206 4255 404 4324 gacula
443 4255 706 4312 librorum
747 4263 1096 4321 extendentes
1119 4306 1135 4331 ,
1181 4276 1236 4323 et
1276 4268 1516 4327 fimbrias
1555 4272 1689 4328 latas
1724 4271 1808 4331 'Ia-

206 4345 461 4414 cientes;
489 4349 628 4424 quod
659 4352 831 4410 inanis
858 4355 1041 4426 gloriae
1065 4370 1366 4418 extremum
1386 4373 1521 4420 erat.
1545 4363 1655 4420 Cur
1678 4383 1808 4438 ergo

207 4436 301 4492 illa
328 4439 620 4523 ambitiose
639 4445 886 4501 extendis
904 4447 930 4499 τ
949 4462 1018 4504 an
1044 4448 1097 4505 id
1124 4451 1245 4506 boni
1267 4457 1446 4523 aperis
1467 4455 1585 4513 loco
1605 4436 1809 4515 habes?

208 4541 340 4584 num
368 4531 502 4600 quid
527 4522 618 4589 tibi
649 4547 903 4604 prosunt,
933 4542 1036 4596 nisi
1079 4542 1212 4607 hinc
1230 4522 1354 4614 quid
1399 4548 1663 4606 Increrisl
1686 4552 1803 4609 Non

203 4621 353 4674 enim
400 4624 598 4689 qumﬁt
615 4625 764 4698 Deus
785 4638 849 4683 ut
873 4630 962 4686 illa
984 4635 1243 4703 extendas
1274 4647 1327 4693 et
1354 4640 1649 4711 atuplitices
1667 4684 1684 4710 ,
1708 4646 1804 4701 sed

201 4720 264 4766 ut
288 4712 507 4768 eximit
520 4715 679 4785 opera
694 4720 815 4788 ejus
827 4725 1309 4807 memoria-teneas.
1331 4729 1484 4798 Quod
1510 4735 1554 4789 si
1575 4733 1644 4791 de
1657 4737 1804 4794 eIee-

192 4815 439 4878 'mosyna
467 4815 524 4863 et
543 4807 768 4879 jejunio,
795 4829 918 4885 quae
940 4816 1204 4876 laboriosa
1224 4833 1349 4877 sunt
1377 4835 1431 4880 et
1457 4826 1800 4899 bonaonera,

203 4907 311 4960 μοι.
342 4895 476 4952 licet
495 4897 709 4968 gloriari
738 4922 756 4958 ε
783 4919 881 4959 απ
899 4913 953 4962 tu
970 4907 1058 4964 illa
1084 4921 1354 4982 ostetttas,
1377 4933 1410 4970 o
1436 4895 1622 4975 Iudice
1638 4895 1666 4991 ,⁷
1682 4895 1804 4994 (ιιιῷ

204 4982 480 5042 desidiam
502 4997 648 5046 tuam
671 4997 903 5052 maxime
925 5005 1193 5070 arguunt?
1215 5005 1294 5060 Illi
1315 5023 1443 5063 vero
1472 4982 1664 5068 nonad
1689 4982 1804 5072 haec

199 5260 312 5324 Iis,
336 5271 411 5354 et
454 5266 648 5331 pinos
684 5283 944 5330 amas
977 5278 1034 5331 in
1055 5285 1326 5354 synegogis
1343 5326 1359 5352 ,
1386 5289 1436 5344 7.
1467 5301 1513 5345 et
1535 5294 1805 5352 salutatio-

198 5365 289 5408 ι.
324 5351 390 5408 in
433 5358 581 5450 fetv,
621 5369 670 5412 et
692 5366 865 5419 vacui
889 5351 1294 5446 adhortantibus,
1333 5351 1511 5439 Rabbi.
1547 5385 1672 5450 Iimc
1698 5393 1800 5447 etsi

191 5455 367 5510 epam
412 5447 703 5540 videantur
745 5472 898 5525 esse,
941 5466 1220 5533 grandiora
1270 5481 1445 5530 tamen
1489 5492 1611 5536 sunt
1639 5447 1799 5540 causa

199 5536 500 5637 fabrum.
543 5539 672 5599 Haec
709 5555 761 5602 et
801 5551 1044 5615 civitates
1086 5568 1143 5614 et
1171 5560 1439 5622 ECt'iCSIﬂS
1469 5584 1797 5637 everterunt.

200 5621 391 5699 “eque
442 5632 773 5710 [Ἀθ-γπῶς
812 5638 1086 5705 abstinere
1131 5669 1386 5729 possum,

262 5779 286 5815 ι
310 5781 446 5840 Alii.
459 5787 523 5843 de
537 5791 684 5848 rebus
703 5793 913 5853 manu
936 5809 982 5856 ει
1001 5804 1183 5887 nullius
1203 5811 1372 5874 pretii.

1191 394 1260 451 IN
1292 395 1710 454 MATTHEUH
1748 393 1982 453 ﬂOlIIL.
2021 386 2348 454 LXXIIaaI.
2387 397 2623 456 LXXIII.

3437 404 3542 463 670

1937 525 2228 568 consessus
2272 513 2433 568 audio
2479 523 2534 569 et
2577 515 2961 585 salutationes,
3009 525 3068 576 et
3113 520 3293 592 cogito
3340 536 3539 594 quanta

1936 599 2063 657 hinc
2113 603 2254 671 mala
2301 603 2396 661 Dei
2446 603 2702 664 Ecclesiis
2728 609 3064 677 pariantur;
3095 613 3217 682 quin
3240 612 3352 682 jam
3385 614 3542 671 vobis

1933 693 2202 748 recenseri
2250 708 2408 764 opus.
2431 711 2537 750 non
2589 705 2673 753 est
2704 714 2718 752 :
2751 699 2993 755 seniores
3025 703 3221 773 quippe
3248 705 3299 759 id
3325 720 3353 758 a
3383 706 3540 762 nobis

1933 779 2174 838 ediscere
2217 799 2322 840 non
2373 784 2592 843 debent.
2631 787 2720 844 -'I'n
2769 805 2899 845 vero
2946 795 3252 863 perpende,
3279 809 3542 868 quantum

1933 884 2080 930 esset
2124 876 2299 932 inanis
2349 878 2535 948 gloria
2578 880 2851 950 studium,
2897 884 2986 939 ubi
3021 885 3348 954 jubebantur
3389 889 3538 946 illam

1934 963 2158 1035 fugere;
2207 967 2263 1022 in
2309 971 2600 1041 synagogis
2629 988 2852 1044 nempe,
2885 975 2974 1030 ubi
3001 977 3136 1032 alios
3163 980 3412 1037 edoctum
3442 997 3538 1038 ve-

1933 1055 2176 1114 niebant.
2208 1056 2266 1114 In
2295 1061 2469 1116 omnis
2492 1062 2635 1118 enim
2668 1063 2799 1131 illud
2825 1065 3036 1122 admitti
3064 1070 3232 1139 magis
3258 1071 3537 1128 ferendum

1933 1146 2147 1202 videtur
2188 1165 2206 1202 :
2253 1165 2581 1223 quamquam
2628 1163 2685 1209 et
2723 1155 2830 1212 illic
2868 1157 3143 1214 doctorem
3170 1164 3379 1218 eieteris
3401 1180 3539 1241 praue

1932 1247 2079 1295 stare
2122 1255 2218 1310 par
2258 1253 2410 1312 erat,
2443 1259 2550 1301 non
2577 1248 2631 1302 in
2657 1249 2901 1306 ecclesiis
2928 1261 3131 1308 tantum
3155 1296 3172 1321 ,
3205 1256 3301 1311 sed
3329 1264 3388 1312 et
3415 1260 3536 1314 ubi-

1933 1344 2058 1399 que.
2080 1332 2544 1404 .Quemadmodum
2577 1339 2720 1394 enim
2751 1339 2948 1411 homo,
2978 1338 3320 1418 quocumque
3343 1348 3537 1408 inloco

1931 1433 2222 1492 appareat,
2252 1426 2465 1481 caeteris
2493 1429 2856 1488 animantibus
2884 1440 3140 1504 prastare
3162 1437 3533 1510 dignoscitur:

1932 1514 2012 1569 sic
2054 1513 2332 1573 doctorem
2358 1528 2412 1575 et
2440 1520 2748 1592 loquentem
2777 1533 2831 1580 et
2857 1535 3122 1584 tacentem
3140 1571 3155 1596 ,
3184 1541 3239 1586 et
3267 1529 3538 1602 prandeo;

1935 1615 2041 1659 tem
2083 1616 2140 1661 et
2166 1608 2379 1677 quidvis
2412 1609 2736 1682 facientem,
2760 1619 2970 1674 ctrteris
2997 1624 3257 1691 praestare
3286 1639 3383 1694 par
3409 1636 3534 1696 est,

1933 1694 1995 1750 in
2033 1696 2280 1765 incessu,
2333 1702 2386 1757 in
2437 1717 2692 1774 aspectu,
2732 1708 2784 1763 in
2827 1709 3046 1782 habitu,
3091 1720 3148 1769 et
3175 1715 3229 1771 in
3259 1694 3534 1776 omnibus.

1932 1785 2012 1841 Illi
2055 1802 2182 1844 vero
2220 1792 2456 1864 undique
2503 1796 2714 1853 ridiculi
2745 1809 2935 1869 erant,
2963 1795 3492 1879 et.nndique'turpes
3512 1852 3530 1879 ,

1931 1878 2052 1948 quia
2082 1881 2172 1936 illa
2202 1885 2450 1955 persequi
2489 1889 2820 1957 studebant,
2848 1909 2968 1963 qua:
2993 1894 3182 1967 fugere
3225 1878 3530 1969 oportebat.

1929 1969 2150 2037 Antam,
2198 1975 2402 2046 inquit;
2449 1978 2495 2033 εξ
2543 1994 2728 2038 amare
2768 1984 2974 2041 crimen
3009 1996 3128 2053 est,
3161 1988 3338 2047 I’acere
3362 2007 3535 2063 quan-

1934 2070 2043 2114 tum
2087 2064 2228 2124 erit?
2276 2067 2364 2122 illa
2405 2071 2622 2139 venari,
2655 2083 2709 2129 et
2734 2077 2950 2147 assequi
2995 2081 3242 2150 studere,
3271 2094 3532 2154 quantum

1930 2153 2034 2206 erit
2063 2155 2260 2211 malum
2289 2160 2311 2208 Ἰ
2875 2175 2878 2178 ’

2000 2243 2056 2297 3.
2087 2243 2144 2298 In
2170 2248 2384 2304 caeteris
2409 2251 2628 2320 quidem
2651 2268 2908 2314 accusare
2936 2261 3066 2316 satis
3096 2261 3280 2320 habuit
3299 2308 3316 2333 ,
3343 2277 3532 2338 utpote

1927 2348 2049 2403 quas
2094 2351 2256 2407 parva
2303 2351 2485 2398 essent
2531 2355 2586 2400 et
2629 2347 2788 2415 vilia,
2835 2365 2936 2407 nec
2982 2353 3244 2413 deberent
3279 2359 3532 2432 discipuli

1927 2426 2069 2482 circa
2119 2429 2206 2485 illa
2255 2434 2449 2506 corrigi
2508 2453 2524 2494 :
2572 2439 2715 2508 quod
2763 2450 2943 2499 autem
2992 2449 3234 2505 omnium
3263 2426 3531 2511 malorum

1926 2521 2088 2572 causa
2133 2531 2284 2602 erat,
2334 2527 2664 2597 principatus
2707 2524 2948 2590 amorem
2969 2577 2984 2600 ,
3012 2547 3070 2593 et
3095 2537 3360 2598 doctrina:
3382 2546 3532 2602 sedis

1926 2599 2259 2669 invasiunem
2281 2655 2298 2680 ,
2348 2617 2482 2674 illud
2503 2663 2519 2687 ,
2571 2623 2825 2695 inquam,
2856 2626 2909 2681 in
2940 2599 3178 2686 medium
3208 2599 3529 2708 adducens,

1922 2701 2213 2773 diligenter
2251 2711 2523 2783 corrigere
2568 2719 2780 2786 studet,
2816 2720 2873 2775 in
2903 2721 2990 2778 bis
3015 2724 3367 2784 vehementer
3393 2701 3528 2788 insi:

1923 2801 2094 2850 stens.
2123 2797 2259 2865 Quid
2290 2802 2433 2857 enim
2459 2805 2580 2860 ait?
2604 2810 2657 2863 8.
2686 2792 2808 2876 γοὲ
2830 2827 2949 2868 vero
2967 2813 3124 2871 nolite
3146 2820 3318 2874 vocari
3337 2818 3528 2880 Baebi.

1926 2883 2060 2940 Hinc
2098 2901 2257 2944 causa
2297 2892 2639 2968 subjungitur
2665 2917 2680 2953 :
2711 2899 2858 2958 Unus
2897 2915 2973 2960 est
3000 2909 3135 2965 enim
3165 2910 3416 2984 Magister
3433 2930 3525 2971 re-

1922 2983 2066 3042 ster;
2111 2992 2286 3037 oninea
2308 2995 2476 3040 metu
2502 3002 2591 3043 vos
2633 2991 2835 3059 fratrea
2861 2996 3022 3064 estis;
3051 3013 3151 3062 nec
3180 2983 3319 3059 alter
3346 3005 3522 3063 altero

1923 3072 2261 3148 praestantior
2296 3086 2416 3144 est,
2440 3092 2563 3135 eum
2592 3083 2723 3139 nihil
2753 3101 2824 3142 ex
2851 3091 3033 3160 seipse
3057 3091 3271 3154 habeat.
3301 3098 3429 3156 Ideo
3450 3103 3525 3159 ait

1921 3153 2116 3212 Paulus
2160 3177 2178 3214 :
2231 3163 2355 3231 Quia
2404 3164 2605 3226 Paulus
2655 3188 2676 3227 :
2715 3181 2830 3248 quis
2861 3153 3094 3247 Apollo!
3131 3153 3526 3262 quisCepliaa;

1920 3261 2086 3351 nonne
2114 3252 2332 3310 ministri
2357 3257 2437 3324 (t.
2457 3259 2589 3351 ρον.
2623 3263 2678 3319 s.
2707 3267 2764 3321 4.
2793 3268 2896 3340 5)?
2922 3271 3041 3329 Non
3058 3252 3212 3345 dicit,
3231 3252 3520 3342 ’δυσίατοι
3559 3347 3564 3351 ,

1919 3336 1989 3394 Ει
2033 3341 2227 3406 iterum
2273 3364 2290 3401 :
2335 3347 2390 3404 9.
2439 3350 2525 3408 Ne
2569 3359 2754 3415 vocetis
2784 3336 2993 3419 Putrem
3020 3381 3042 3422 :
3069 3361 3176 3426 non

1918 3437 2234 3538 cent,.sed
2259 3449 2319 3496 ut
2353 3444 2529 3538 sciant
2555 3463 2725 3538 quem
2773 3459 2988 3525 proprie
3011 3457 3226 3520 Patrem
3249 3469 3525 3538 appellare

1919 3537 2016 3591 par
2059 3526 2148 3633 sit.
2193 3528 2657 3598 Quemadmodum
2692 3546 2839 3600 enim
2865 3547 3059 3606 doctor
3087 3569 3195 3611 non
3221 3526 3304 3615 esi

1917 3627 2053 3683 puus
2080 3617 2272 3676 doctor
2301 3640 2316 3677 :
2345 3625 2427 3681 sic
2452 3631 2628 3700 neque
2654 3644 2827 3703 pater.
2859 3637 2954 3696 Ille
2978 3642 3124 3699 enim
3152 3654 3208 3702 et
3233 3617 3518 3712 doctorum

1917 3714 1971 3815 et
2004 3717 2215 3776 patrum
2260 3717 2502 3774 omnium
2524 3735 2688 3779 causa
2713 3736 2819 3812 est.
2851 3728 3048 3789 Iterum
3078 3736 3355 3815 subjungit
3381 3762 3397 3800 :
3428 3747 3517 3803 10.

1918 3795 2030 3855 Nec
2051 3807 2301 3862 .ttocemim'
2328 3813 2562 3882 mnqistrt'
2589 3832 2610 3872 :
2629 3807 2762 3876 unus
2787 3834 2863 3878 est
2885 3828 3020 3882 enim
3048 3795 3309 3903 Megiste:
3324 3849 3481 3893 vester
3499 3883 3517 3904 ,

1917 3888 2170 3994 cummi.
2213 3895 2322 3955 Nec
2338 3900 2509 3994 dicit,
2544 3905 2679 3979 Ego.
2706 3909 2857 3969 Sicut
2881 3918 3027 3973 enim
3058 3920 3110 3975 in
3140 3888 3514 3994 omnia};

1915 3980 1994 4086 sic
2020 3982 2254 4086 Ibquitur
2271 3991 2463 4086 {Quid
2485 3997 2624 4053 vobis
2645 4001 2842 4058 videtur
2863 4007 3152 4066 tle-Christo
3177 3980 3390 4086 (λιαιιιιξ
3416 3980 3514 4079 ἐξ

1913 4071 2010 4144 42)
2030 4075 2254 4169 neque
2277 4081 2409 4169 dicit
2425 4126 2442 4154 ,
2476 4087 2552 4144 De
2577 4106 2663 4147 me
2689 4112 2702 4148 :
2725 4094 2805 4151 sic
2829 4103 2886 4154 et
2905 4097 3008 4155 hoc
3035 4071 3311 4163 loco.\Sed
3340 4071 3519 4169 libet;

1917 4172 1998 4273 t'er
2029 4164 2116 4222 hic
2146 4166 2534 4273 interrogarem
2555 4221 2571 4249 ,
2600 4184 2728 4253 quid
2755 4186 3025 4259 dixerint,
3054 4197 3143 4264 qui
3171 4213 3317 4268 saepe
3342 4164 3516 4273 illud,

1918 4254 2066 4364 Enna
2090 4266 2147 4314 et
2174 4259 2354 4334 Unus,
2380 4265 2524 4325 Patri
2552 4272 2878 4334 adscribunt
2894 4254 3021 4348 soli,
3047 4254 3115 4339 ad
3144 4254 3516 4364 contemptum

1915 4347 2208 4422 Unigeniti.
2259 4359 2451 4416 Annon
2485 4363 2645 4422 Pater
2670 4378 2754 4425 est
2783 4375 3082 4445 magister?
3109 4381 3312 4440 Omnes
3342 4347 3517 4442 fateri:

1914 4450 2034 4531 tur,
2084 4459 2351 4521 nemoque
2395 4459 2694 4528 negaverit.
2746 4465 2908 4537 Atqui
2962 4486 3140 4541 unus,
3187 4478 3392 4550 inquit,
3434 4494 3520 4539 est

1911 4529 2211 4608 praceptor
2243 4551 2452 4613 vester,
2503 4545 2770 4607 Christus.
2819 4529 2890 4613 Ᾰι
2933 4563 3073 4618 sicut
3377 4529 3520 4632 luit;

1913 4640 2214 4699 praeceptor
2252 4633 2429 4694 dictus
2460 4655 2566 4695 non
2595 4646 2833 4704 excludit
2863 4651 3076 4711 Patrem
3111 4677 3126 4715 :
3154 4660 3233 4717 sic
3261 4667 3520 4735 magister

1918 4715 2012 4735 λη,
2067 4734 2072 4735 ,
2134 4721 2170 4735 ..
2213 4733 2220 4735 _

1908 4715 2087 4776 dictus
2121 4721 2289 4817 fater
2321 4741 2442 4786 non
2469 4736 2706 4793 excludit
2731 4758 2760 4794 ει
2788 4746 3105 4815 magistratu
3127 4715 3518 4817 P‘IIIIIID:OII‘I‘IIJ

1906 4813 2086 4882 enim,
2118 4814 2264 4908 Unus
2300 4831 2356 4877 et
2393 4821 2571 4895 Unus,
2604 4830 2671 4886 ad
2693 4813 3050 4894 differentiam
3081 4843 3357 4903 hominum

1908 4909 1999 4958 tur
2021 4946 2039 4972 ,
2091 4907 2526 4997 reliquarumque
2560 4934 2948 4985 creaturarum.
2980 4931 3112 4987 Cum
3143 4951 3272 5006 ergo
3296 4957 3515 5010 gravem

1909 4995 2060 5104 illum
2069 4995 2342 5104 lnorbum
2358 5007 2653 5080 depulisset
2681 5028 2737 5072 et
2764 5031 3028 5092 eurasset,
3055 4995 3519 5104 docetvqti’omodo

1909 5088 2002 5146 ille
2031 5092 2316 5165 eﬂugiatur
2357 5116 2453 5170 per
2477 5105 2858 5167 humilitatem.

1772 5237 1800 5247 _
1910 5179 1998 5234 ii.
2034 5182 2136 5248 Qui
2160 5196 2236 5240 est
2265 5195 2431 5261 major
2460 5207 2706 5263 uestrum,
2737 5204 2802 5256 sit
2834 5179 3067 5264 minister
3084 5225 3262 5271 uester.
3291 5179 3374 5274 iii
3417 5223 3517 5290 Qui

1907 5271 2042 5328 enim
2074 5292 2131 5331 se
2160 5281 2455 5339 excitauerit
2477 5328 2492 5351 ,
2538 5289 2892 5350 humiliabitur
2912 5316 2933 5364 ;
2957 5312 3006 5356 et
3030 5306 3116 5373 qui
3137 5323 3191 5360 se

1905 5365 2012 5430 rit,
2051 5371 2388 5430 «multabitur.
2436 5379 2578 5436 Nihil
2623 5386 2766 5442 enim
2819 5392 3081 5450 modestia
3128 5407 3511 5472 pnestantius;

1906 5455 2134 5547 ideoque
2176 5465 2313 5523 hanc
2355 5472 2611 5529 virtutem
2657 5477 2967 5550 frequenter
3014 5455 3512 5554 illis-commendat:

1905 5544 1974 5605 Et
1992 5557 2208 5624 quando
2228 5564 2480 5629 parvulos
2500 5567 2551 5621 in
2575 5571 2808 5626 medium
2831 5577 3070 5648 adduxit,
3085 5594 3138 5638 et
3163 5562 3304 5643 nunc
3320 5593 3504 5657 etiam,

1904 5657 2117 5701 ac-cum
2145 5649 2196 5703 in
2225 5665 2408 5710 monte
2435 5657 2791 5720 beatitudines
2829 5667 3079 5742 eil‘erret,
3117 5675 3244 5734 hinc
3269 5680 3503 5751 incepit:

1908 5733 1997 5790 hic
2023 5751 2154 5794 vero
2179 5744 2486 5816 superbiam
2520 5752 2778 5812 radicitus
2807 5761 3022 5830 evellit,
3056 5765 3177 5823 eum
3207 5770 3337 5825 dicit
3363 5733 3510 5842 :IQui

1910 5827 2148 5885 Ιικηύιὶαι
2196 5837 2441 5908 ccipiam,
2481 5846 2788 5905 multabitur
2813 5851 2966 5923 (an.
3001 5827 3088 5914 il.
3122 5861 3231 5929 ii).
3266 5827 3505 5924 Vidistin;
