4174 6332
629 390 726 447 ert
1346 377 1402 434 s.
1442 366 1715 430 JOAN-XIS
1741 357 2215 421 cutusosrout
2253 357 2564 415 ARCHIEP.
2604 358 3141 417 CONSTANTINOP.

630 509 897 583 quomodo
941 506 1004 562 ad
1044 498 1363 560 contrarium
1395 512 1461 553 ex
1482 493 1744 550 diametro
1770 485 2065 542 auditorem
2097 478 2199 532 im-

634 580 836 674 pellat?
879 599 1059 668 Neque
1094 609 1235 650 enim
1260 591 1432 647 solum
1463 583 1681 655 impedit
1703 580 1960 653 primatus
1986 584 2201 635 amare,

631 693 724 748 sed
750 700 801 746 et
825 701 1059 744 extrema
1085 682 1232 754 sequi
1253 681 1424 751 jubet.
1455 678 1542 733 Sic
1561 675 1701 730 enim
1718 677 1891 741 optata
1908 676 2204 731 conseque-

630 788 705 840 ris
724 825 737 847 ,
770 782 953 852 inquit.
997 778 1118 833 ideo
1146 782 1359 845 oportet
1384 786 1501 827 cum
1523 812 1539 837 ,
1568 769 1655 839 qui
1682 765 1972 837 primarum
1999 757 2203 815 sodium

629 874 971 942 cupiditatem
1028 866 1222 938 pellit,
1279 874 1576 920 extremum
1626 854 1868 915 orditletn
1926 860 2201 942 appetere.

630 941 761 1020 Nam
792 962 892 1030 Qui
914 978 967 1017 se
992 956 1328 1013 Ituntiliavcrt't
1347 996 1361 1019 ,
1389 951 1708 1006 exaltabitur.
1740 949 1805 1001 Et
1832 945 1917 998 ubi
1947 944 2082 997 hanc
2108 941 2206 996 hu-

559 1120 562 1123 _
631 1055 911 1112 militatem
956 1047 1325 1120 reperiemus?
1356 1044 1596 1099 Vultisne
1640 1055 1850 1095 rursum
1898 1039 1950 1093 in
1996 1037 2205 1093 virtutis

628 1149 894 1203 civitatem
941 1158 1163 1207 eamus,
1213 1147 1515 1193 sanctorum
1569 1133 1947 1199 tabernacula,
1996 1140 2203 1184 montes

630 1240 769 1300 dico,
801 1247 959 1306 atque
982 1234 1183 1290 saltus?
1209 1232 1281 1288 lbi
1307 1246 1533 1301 namque
1561 1228 1840 1285 sublimem
1868 1229 2010 1283 illam
2033 1227 2206 1281 Immi-

630 1330 832 1383 litateut
878 1325 1221 1396 reperiemus.
1273 1323 1530 1378 llomincs
1571 1322 1764 1391 quippe
1786 1358 1801 1386 ,
1834 1319 1921 1390 qui
1948 1320 2029 1374 vel
2058 1333 2088 1372 a
2116 1318 2200 1373 di-

629 1424 863 1492 gnitate,
892 1421 977 1475 vel
1020 1434 1050 1473 a
1078 1419 1278 1474 divitiis
1306 1416 1573 1487 conspicui
1607 1424 1793 1478 erant,
1825 1415 2054 1483 undique
2082 1429 2203 1469 sese

630 1515 961 1584 deprinntnt,
1004 1527 1034 1564 a
1063 1520 1207 1567 veste
1226 1551 1241 1573 ,
1269 1525 1300 1564 a
1329 1510 1513 1573 domo,
1544 1523 1573 1563 a
1602 1506 1923 1571 ministerio,
1956 1516 2112 1577 atque
2136 1521 2203 1559 ex

632 1607 715 1662 his
756 1608 999 1663 euntibus
1039 1605 1185 1676 quasi
1216 1605 1378 1659 literis
1408 1600 1755 1656 humilitatem
1782 1597 2201 1667 descripserunt.

628 1700 757 1765 Quae
780 1711 905 1751 vero
942 1695 1008 1750 ad
1035 1695 1335 1765 superbiam
1362 1693 1641 1747 incendunt
1665 1731 1682 1756 ,
1714 1692 1937 1745 vestium
1967 1687 2205 1759 magniﬁ-

628 1792 837 1855 eentia,
883 1788 1106 1844 aedilicia
1147 1787 1466 1858 splendida,
1515 1786 1830 1839 famulorum
1880 1780 2201 1847 multitudo,

634 1898 753 1951 qua:
782 1882 864 1936 vel
891 1882 1084 1936 invitus
1124 1894 1267 1949 saepe
1300 1879 1351 1933 in
1382 1876 1683 1947 superbiant
1713 1874 2035 1945 conjiciunt;
2066 1872 2201 1937 haec,

629 1976 879 2044 inquam,
932 1972 1107 2027 omnia
1152 1972 1295 2025 illinc
1339 1970 1543 2024 sublata
1583 1976 1724 2022 sunt.
1772 1965 1847 2021 llli
1898 1966 1995 2035 ipsi
2027 1966 2202 2035 ignem

627 2066 925 2122 accendunt
945 2105 959 2129 ,
1010 2064 1147 2133 ligna
1174 2071 1356 2117 secant
1379 2102 1397 2126 ,
1422 2070 1654 2129 coquunt
1673 2099 1689 2124 ,
1724 2057 2016 2127 hospitibus
2043 2055 2202 2110 mini-

628 2168 817 2214 strant.
856 2156 1133 2213 Neminem
1175 2155 1282 2210 illic
1309 2153 1750 2209 contumeliosum
1781 2152 1965 2206 audire
1990 2150 2201 2205 contino

627 2250 735 2320 git,
770 2264 939 2318 neque
957 2247 1293 2302 contumeliis
1318 2246 1563 2300 allectum
1589 2244 1770 2298 videre
1792 2284 1806 2307 ,
1832 2242 2097 2296 neminem
2118 2241 2203 2295 cui

631 2342 1002 2413 ltl'tL‘CipialUt‘,
1045 2341 1311 2397 nemiuem
1358 2337 1755 2409 praecipientem
1814 2352 1828 2389 :
1878 2335 1971 2391 sed
2016 2347 2203 2389 omnes

631 2434 853 2489 ministri
903 2442 1058 2499 sunt,
1098 2431 1291 2500 singuli
1341 2430 1605 2500 hospitum
1655 2428 1815 2499 pedes
1850 2428 2103 2493 abluunt,
2150 2434 2205 2480 et

628 2543 817 2598 magna
859 2526 957 2581 hac
984 2527 1034 2579 in
1063 2541 1119 2580 rc
1157 2534 1238 2579 est
1262 2524 1587 2579 concertatio
1623 2524 1662 2575 ί.
1694 2522 1747 2575 ld
1774 2535 1934 2591 porro
1965 2519 2200 2584 faciunt,

633 2633 735 2672 non
782 2619 1108 2687 inquirentes
1152 2617 1271 2685 quis
1313 2616 1415 2678 sit,
1462 2630 1528 2669 an
1560 2629 1747 2670 servus
1770 2656 1786 2679 ,
1817 2629 1885 2667 au
1908 2613 2079 2676 liber;
2111 2611 2203 2667 sed

631 2725 753 2781 erga
780 2722 967 2764 omnes
993 2694 1105 2763 hoc.
1130 2709 1482 2763 ministerium
1510 2706 1747 2775 implent.
1777 2705 1961 2759 Nullus
1989 2704 2059 2758 ibi
2092 2718 2203 2756 ma-

629 2815 766 2870 gnus
784 2839 800 2864 ,
840 2808 933 2853 aut
975 2813 1184 2868 parvus.
1229 2798 1363 2865 Quid
1390 2798 1547 2868 igitur
1573 2798 1677 2851 ian
1704 2795 1988 2851 confusio?
2012 2794 2200 2857 Absit;

630 2890 722 2943 sed
762 2890 993 2960 optimus
1037 2890 1187 2942 ordo.
1218 2888 1435 2942 Etiamsi
1458 2886 1597 2942 enim
1624 2886 1743 2957 quis
1771 2899 1961 2955 parvus
1985 2886 2084 2948 sit,
2113 2886 2200 2955 qui

630 2998 851 3054 magnus
877 2994 958 3039 est
987 2981 1051 3035 ad
1080 2981 1130 3035 id
1160 2997 1263 3035 non
1292 2981 1540 3051 respicit,
1572 2981 1664 3035 sed
1693 2994 1753 3034 se
1778 2980 1869 3033 illo
1900 2974 2202 3033 inferiorem

632 3088 813 3146 putat,
863 3084 918 3130 et
957 3075 1077 3130 ideo
1114 3077 1282 3143 major
1307 3074 1555 3129 et’licilur.
1585 3072 1699 3128 Una
1728 3088 1907 3129 mensa
1935 3074 2201 3138 omnibus,

631 3168 1001 3233 servientibus,
1029 3167 1353 3231 sedentibus,
1376 3167 1563 3223 eadem
1582 3157 1850 3232 alimenta,
1873 3169 2200 3232 indumenta,

630 3259 831 3315 caedent
873 3258 1046 3324 domi,
1082 3267 1139 3313 et
1162 3273 1329 3328 genus
1352 3258 1558 3333 vivendi
1587 3258 1745 3313 idem.
1779 3258 1996 3326 Magnus
2024 3259 2092 3312 ibi
2124 3267 2206 3313 est

629 3352 717 3421 qtti
750 3353 933 3404 viliora
960 3365 1121 3421 opera
1148 3350 1361 3420 abripit.
1388 3349 1501 3406 Non
1532 3360 1615 3405 est
1643 3349 1713 3403 ibi
1745 3348 1915 3405 Meum
1928 3360 1983 3406 et
1998 3347 2201 3416 Tuum;

632 3442 727 3497 sed
766 3444 864 3498 hoc
905 3443 1125 3499 verbum
1169 3442 1293 3498 inde
1328 3443 1532 3499 exsulat
1562 3483 1579 3509 ,
1605 3442 1748 3514 quod
1773 3442 1917 3498 mille
1943 3441 2203 3501 bellorum

628 3556 791 3599 causa
808 3549 915 3601 est.

700 3636 753 3690 4.
787 3635 983 3703 Ecquid
1012 3634 1242 3699 miraris,
1270 3635 1314 3689 si
1348 3649 1515 3705 genus
1544 3633 1777 3700 vivendi,
1810 3648 2012 3698 mensa,
2040 3634 2206 3689 vestis

631 3742 735 3782 una
765 3729 835 3782 sit
873 3728 1119 3783 omnibus
1143 3768 1159 3793 ,
1208 3726 1632 3797 quandoquidem
1677 3736 1730 3781 et
1769 3728 1942 3781 anima
1974 3741 2073 3780 una
2123 3735 2204 3781 est

632 3821 883 3874 omnibus
913 3818 1010 3892 (ιι).
1043 3835 1147 3874 non
1179 3818 1467 3874 secundum
1494 3819 1842 3874 substantiam
1868 3818 2025 3873 modo
2053 3819 2072 3890 (
2092 3819 2205 3873 htt-e

630 3913 773 3967 enim
799 3925 899 3965 una
927 3912 980 3967 in
1004 3912 1248 3967 omnibus
1274 3911 1402 3980 est),
1424 3911 1525 3967 sed
1555 3910 1848 3966 secundum
1873 3911 2149 3965 caritatem
2178 3909 2204 3963 ?

630 4004 907 4070 Quomodo
951 4004 1106 4074 igitur
1135 4005 1245 4074 ipsa
1275 4016 1457 4059 eontra
1500 4004 1731 4074 seipsam
1766 4002 2037 4074 superbiat
2084 4018 2204 4057 um-

632 4100 829 4169 quam?
853 4098 969 4154 Non
1001 4108 1083 4169 est
1109 4099 1180 4153 ibi
1213 4108 1494 4168 paupertas
1513 4140 1528 4163 ,
1578 4114 1681 4153 non
1712 4098 1928 4163 diviti-.e,
1958 4112 2063 4151 non
2092 4098 2205 4168 glo-

632 4194 708 4246 ria
734 4232 749 4256 ,
781 4206 885 4246 non
926 4190 1160 4245 infamia.
1192 4190 1469 4258 Quomodo
1498 4190 1623 4243 illuc
1660 4199 1931 4258 receptum
1980 4189 2207 4243 habeant

631 4283 875 4352 superbia
904 4292 957 4337 et
992 4280 1334 4353 arrogantia?
1361 4279 1495 4337 Sunt
1520 4281 1664 4335 enim
1687 4289 1743 4337 et
1767 4280 1970 4335 minimi
2011 4290 2067 4336 et
2093 4297 2207 4336 ma-

628 4375 716 4444 gni
746 4375 1032 4428 secundum
1065 4374 1321 4428 rationem
1350 4373 1593 4439 virtutis;
1620 4372 1713 4428 sed
1739 4415 1755 4441 ,
1786 4382 1842 4427 ιιι
1865 4372 1973 4428 dixi
2000 4414 2015 4439 ,
2045 4388 2204 4430 nemo

630 4464 730 4520 hoc
757 4464 916 4520 videt.
956 4464 1056 4534 Qui
1086 4479 1283 4534 parvus
1322 4474 1404 4521 est
1432 4480 1535 4520 non
1567 4466 1779 4537 angitur
1822 4467 1971 4535 quasi
2010 4466 2203 4536 despe-

627 4566 781 4612 ctus:
824 4573 981 4612 nemo
1019 4558 1215 4643 quippe
1254 4566 1339 4613 est
1380 4558 1467 4627 qui
1511 4558 1797 4628 despiciat;
1836 4560 2042 4613 etiamsi
2080 4575 2219 4615 vero

630 4658 771 4702 esset
793 4649 881 4719 qui
905 4648 1203 4718 despiceret
1226 4690 1241 4713 ,
1276 4650 1326 4703 in
1356 4648 1457 4705 hoc
1500 4651 1730 4705 maxime
1758 4648 2074 4704 erudiuntur
2100 4690 2113 4714 ,
2149 4659 2205 4706 ut

630 4740 919 4804 contemni,
941 4739 1162 4809 despici,
1183 4742 1432 4812 vilipendi
1456 4752 1783 4809 assuescant,
1803 4742 1998 4810 verbis,
2024 4744 2203 4811 rebus,

629 4849 750 4889 cum
779 4832 1034 4888 mendicis
1064 4842 1117 4889 et
1143 4835 1339 4889 mutilis
1369 4847 1647 4901 versentur
1669 4876 1683 4901 ,
1716 4845 1772 4891 et
1809 4835 1860 4889 in
1890 4850 2074 4891 mensa
2122 4839 2207 4906 ipa

627 4940 809 4980 summ
841 4925 1036 4981 multos
1082 4924 1380 4995 bujusmodi
1418 4928 1667 4982 convivas
1713 4925 1933 4993 videas;
1979 4926 2205 4998 ideoque

627 5020 761 5075 calo
785 5030 907 5074 sunt
932 5018 1100 5090 digni.
1129 5021 1279 5074 Alius
1302 5021 1525 5075 vulnera
1561 5011 1713 5077 curat
1735 5021 1863 5091 aegri
1885 5064 1899 5087 ,
1930 5021 2065 5076 alius
2092 5036 2200 5077 cae-

626 5128 749 5168 cum
778 5112 944 5177 ducit,
973 5112 1111 5167 alius
1133 5111 1373 5167 tnuti'u.n
1397 5124 1586 5183 gestat.
1614 5114 1727 5170 Non
1764 5114 1835 5170 ibi
1864 5116 2199 5173 adulatorum

628 5215 848 5272 coetum,
877 5221 983 5261 non
1010 5205 1364 5275 parasitorum
1390 5208 1569 5261 videas
1592 5225 1604 5259 :
1631 5208 1737 5263 imo
1759 5224 1858 5265 nec
1882 5210 2058 5264 sciunt
2078 5210 2202 5278 quid

629 5301 700 5355 sit
741 5300 991 5355 adulatio.
1026 5300 1298 5357 Undenam
1327 5316 1455 5370 ergo
1482 5300 1757 5369 superbire
1787 5303 2041 5371 possent?
2069 5302 2199 5357 Nam

562 5468 565 5469 ν
631 5394 793 5448 multa
823 5392 960 5463 apud
989 5393 1107 5449 illos
1136 5392 1409 5464 :equalitas
1436 5400 1519 5447 est
1551 5410 1563 5445 :
1594 5392 1715 5449 ideo
1747 5394 1911 5449 multa
1938 5394 2004 5449 ad
2036 5397 2202 5449 virtu-

695 5593 711 5625 ι
740 5586 820 5640 Itis
832 5589 1010 5653 adjecit
1032 5590 1215 5649 ωσι-ιιι..
1239 5598 1370 5643 tanta
1392 5599 1461 5643 est
1483 5591 1675 5645 illorum
1696 5591 1959 5646 Itumilt'las.

692 5654 914 5725 (αλιιξυιι,
931 5653 1325 5725 quandoquidem
1342 5662 1386 5725 et
1409 5656 1569 5725 anim
1591 5668 1687 5706 una
1706 5656 2036 5725 calcantibus,
2058 5672 2088 5709 ιι
2109 5658 2204 5711 Co-

629 5714 736 5766 dice
758 5714 867 5771 θυι,
895 5714 995 5779 et_‘a
1016 5714 1184 5764 savilio
1208 5722 1419 5779 mutuam
1436 5724 1576 5777 sunt;
1600 5718 1725 5779 apud
1749 5718 1914 5771 Morel.
1929 5714 2209 5775 ethnune-

630 5780 716 5829 lin.
740 5788 912 5827 caussa
937 5776 1128 5827 fuerant
1150 5782 1345 5842 propter
1362 5776 1793 5833 boumoteleulou.

2316 482 2423 528 tem
2447 473 2691 531 facilitas.
2724 476 2932 532 Etenim
2964 476 3028 531 iis
3055 474 3296 531 rudiores
3320 475 3488 545 magis
3516 474 3892 541 instituuntur,

2308 583 2465 639 quam
2491 570 2535 623 si
2564 576 2880 639 cogerentur
2909 569 3039 638 ipsis
3083 568 3281 639 primas
3320 565 3634 622 concedere.
3684 563 3892 633 Quem-

2308 661 2592 717 admodum
2621 661 2762 718 enim
2791 661 3046 717 audacem
3078 702 3094 727 ,
3126 660 3214 731 qui
3252 674 3535 729 percussus
3556 657 3731 725 cedit,
3760 674 3893 713 cru-

2308 754 2425 809 dire
2464 754 2601 810 solet
2637 770 2652 808 :
2697 754 2775 809 sic
2816 763 2871 808 et
2924 752 3262 807 ambitiosum
3306 752 3350 805 is
3388 752 3476 821 qui
3520 752 3738 820 gloriam
3778 766 3892 805 non

2308 848 2497 918 qua-rit
2525 889 2541 913 ,
2584 846 2676 903 sed
2703 846 2949 917 despicit.
2996 846 3052 900 Id
3076 845 3216 915 quod
3257 845 3331 898 illi
3366 843 3769 914 diligentissime
3806 844 3893 896 fa-

2309 941 2455 994 ciunt
2480 956 2494 994 :
2527 947 2581 995 et
2608 947 2861 1021 quantum
2890 951 2987 992 nos
3011 951 3305 1006 pugnamus
3329 977 3343 999 ,
3374 945 3430 990 ut
3471 936 3667 1006 primas
3693 950 3893 991 censeo

2308 1047 2556 1103 quamnr,
2589 1042 2791 1087 tantum
2823 1032 2897 1086 illi
2924 1031 3222 1096 decertant,
3250 1040 3306 1084 ut
3332 1047 3436 1084 non
3465 1043 3890 1099 consequantur,

2310 1123 2402 1179 sed
2424 1123 2775 1194 dejieiautur;
2804 1122 3126 1193 studentque
3148 1132 3206 1176 ut
3232 1120 3453 1175 honoris
3478 1119 3701 1173 multum
3738 1116 3894 1174 defe—

2309 1224 2449 1279 rant,
2481 1230 2586 1269 non
2618 1223 2674 1267 ut
2698 1214 3013 1282 recipiant‘.

2382 1305 2665 1361 Monac-Iros
2693 1308 2801 1375 ipse
2842 1307 3040 1361 vivendi
3066 1305 3245 1359 modus
3268 1303 3338 1355 ad
3363 1302 3699 1356 humilitatem
3742 1301 3897 1355 incli-

2307 1408 2419 1454 nat.
2461 1398 2712 1467 Exempla
2740 1398 3039 1453 humilitatis
3065 1414 3096 1450 α
3121 1396 3306 1450 sanctis
3345 1395 3563 1460 tradita,
3594 1394 3768 1464 quibus
3789 1409 3897 1447 non

2310 1488 2643 1542 humilitatem
2670 1489 2943 1559 perniciem
2972 1484 3542 1555 alienata—Alioquin
3572 1494 3748 1538 autem
3776 1484 3894 1553 ipsa

2310 1594 2471 1650 opera
2502 1578 2817 1636 modestiam
2849 1580 3106 1636 exhibere
3128 1578 3344 1645 docent,
3377 1591 3476 1632 nec
3502 1577 3688 1631 sinunt
3722 1585 3899 1629 tume-

2306 1687 2385 1726 re.
2434 1672 2565 1740 Quis
2588 1670 2730 1726 enim
2755 1714 2771 1741 ,
2816 1686 2998 1743 quaso
3022 1711 3035 1735 ,
3068 1680 3265 1726 terram
3294 1670 3503 1724 fodiens
3530 1711 3546 1735 ,
3587 1668 3815 1737 irrigans
3838 1676 3899 1721 et

2310 1763 2575 1833 plantaus,
2598 1762 2864 1834 sportulas
2890 1772 3130 1829 nectens,
3158 1775 3477 1830 succumque
3499 1773 3787 1825 consuens,
3811 1756 3898 1811 vel

2309 1857 2680 1930 aliaquzedam
2714 1865 2967 1921 tractans,
2998 1856 3162 1910 altum
3188 1868 3438 1924 umquam
3460 1851 3671 1921 sapiat?
3695 1853 3816 1922 quis
3838 1854 3897 1906 in

2308 1958 2619 2021 paupertate
2647 1949 2851 2010 vivens.
2883 1958 2933 2003 et
2958 1962 3079 2004 cum
3111 1946 3251 2002 fame
3269 1960 3508 2016 pugnans
3530 1986 3547 2010 ,
3576 1945 3677 2001 hoc
3704 1945 3901 1999 morbo

2308 2039 2607 2095 laborabit?
2630 2038 2798 2094 Nemo
2823 2048 2990 2095 certe.
3024 2038 3145 2093 Ideo
3172 2037 3339 2092 facilis
3364 2036 3469 2091 illis
3492 2045 3576 2091 est
3599 2035 3896 2089 humilitas.

2307 2132 2386 2187 Ac
2412 2130 2857 2202 quemadmodum
2886 2130 2973 2185 hie
2996 2129 3255 2185 modestia
3285 2128 3521 2185 difficilis
3548 2136 3633 2184 est
3655 2127 3728 2182 ob
3750 2127 3898 2182 mul-

2309 2223 2587 2279 titudiuem
2637 2222 2998 2293 plaudentium
3028 2229 3081 2277 et
3110 2220 3415 2275 mirantium
3440 2237 3454 2272 :
3484 2222 3562 2274 sic
3593 2218 3662 2273 ibi
3702 2217 3896 2273 admo-

2316 2317 2443 2370 dum
2488 2315 2657 2369 facilis
2696 2325 2798 2369 est.
2849 2312 3137 2368 Monachus
3190 2313 3333 2369 enim
3379 2310 3650 2367 solitudini
3693 2316 3899 2363 tantum

2310 2407 2559 2474 attendit,
2583 2421 2709 2462 aves
2733 2407 2875 2462 videt
2902 2406 3162 2473 volantes,
3186 2406 3511 2474 arboresque
3537 2413 3700 2458 vento
3726 2401 3899 2471 agitav

2313 2509 2412 2567 tas,
2444 2501 2735 2571 spirantem
2766 2500 3079 2571 zephyrum,
3113 2509 3380 2555 torrentes
3405 2513 3501 2568 per
3526 2497 3689 2551 valles
3713 2494 3897 2551 defer-

2310 2592 2375 2647 ri.
2410 2591 2562 2648 Unde
2586 2606 2716 2662 ergo
2738 2590 3027 2646 extollatur
3066 2590 3155 2658 qui
3183 2591 3234 2643 in
3264 2587 3569 2660 bujusmodi
3606 2586 3902 2644 solitudine

2310 2686 2482 2739 vivat?
2505 2685 2623 2739 Non
2653 2695 2828 2740 tamen
2856 2683 2976 2738 ideo
2996 2681 3395 2738 excusationem
3422 2695 3523 2735 nos
3552 2676 3896 2746 habebimus,

2309 2780 2432 2847 quia
2486 2776 2538 2831 in
2589 2776 2765 2832 media
2808 2776 3149 2831 multitudine
3186 2781 3497 2837 versantes,
3542 2772 3708 2825 altum
3749 2770 3899 2839 sapi-

2308 2885 2447 2924 mus.
2495 2868 2707 2924 Etenim
2764 2867 3032 2923 Abraham
3099 2868 3237 2920 inter
3289 2864 3618 2919 Chananeus
3675 2875 3900 2917 versans

2309 2962 2519 3018 diccbat
2545 2981 2557 3015 :
2590 2961 2704 3033 Ego
2733 2977 2844 3015 sum
2874 2972 3026 3023 terra,
3060 2968 3107 3013 et
3134 2959 3260 3013 citus
3280 2955 3436 3020 (Gen.
3467 2959 3553 3011 l8.
3576 2954 3697 3024 26);
3717 2965 3766 3010 el
3794 2954 3899 3008 Da-

2310 3054 2395 3108 vid
2423 3056 2473 3107 in
2502 3054 2680 3108 medio
2710 3056 2950 3108 exercitu
2974 3069 2989 3105 :
3024 3050 3136 3122 Ego
3161 3061 3462 3107 anteanam
3492 3049 3694 3112 uertitis,
3725 3056 3897 3101 etnon

2309 3146 2458 3199 homo
2489 3145 2661 3212 (Paul.
2709 3145 2803 3199 21.
2852 3143 2949 3216 6):
2984 3152 3039 3198 et
3068 3140 3354 3211 Apostolus
3402 3140 3455 3193 in
3502 3136 3679 3194 modo
3726 3137 3921 3200 orbe:,

2311 3236 2433 3292 Non
2462 3254 2573 3293 sum
2596 3238 2777 3309 dignus
2806 3236 2975 3292 vocari
3000 3235 3259 3305 apostolus
3284 3233 3363 3305 (l.
3392 3230 3511 3288 Cor.
3548 3232 3635 3288 l5.
3662 3231 3740 3301 9).
3764 3230 3899 3298 Qut:

2312 3331 2470 3401 igitur
2500 3330 2651 3384 nobis
2678 3332 2778 3383 erit
2820 3329 3117 3385 consolatio
3139 3367 3154 3390 ,
3185 3341 3303 3397 qute
3331 3324 3608 3389 defensio.
3653 3340 3772 3380 eum
3819 3333 3899 3378 tot

2312 3422 2598 3492 propositis
2616 3423 2875 3491 exemplis
2896 3438 3002 3476 non
3024 3420 3267 3475 modeste
3294 3419 3553 3489 agamus?
3580 3417 3729 3473 Sicut
3748 3417 3900 3471 enim

2312 3514 2387 3567 illi
2417 3513 2561 3568 mille
2591 3522 2713 3568 sunt
2735 3514 2949 3568 coronis
2980 3512 3162 3582 digni,
3194 3511 3284 3583 qui
3316 3512 3469 3581 primi
3514 3511 3726 3566 virtutis
3753 3510 3897 3563 viam

2312 3605 2546 3659 inierunt
2573 3621 2585 3656 :
2614 3605 2693 3659 sic
2720 3619 2817 3658 nos
2843 3605 2989 3659 mille
3023 3604 3295 3674 suppliciis
3334 3602 3410 3659 rei
3431 3616 3651 3669 sumus,
3679 3602 3769 3672 qui
3815 3611 3902 3657 tot

2309 3698 2550 3765 exempla
2601 3697 2871 3766 proposita
2912 3705 2967 3752 et
3006 3696 3270 3766 descripta
3302 3694 3593 3760 habentes,
3643 3702 3762 3764 post
3802 3692 3899 3750 illa

2310 3804 2415 3841 non
2440 3788 2680 3849 modeste
2706 3788 2944 3857 sapimus
2966 3826 2983 3854 ,
3010 3802 3184 3857 neque
3214 3787 3336 3843 illos
3355 3785 3635 3841 defunctos
3658 3824 3676 3851 ,
3717 3798 3901 3854 neque

2310 3878 2408 3934 hos
2437 3894 2577 3935 nunc
2612 3881 2851 3937 viventes
2873 3922 2887 3947 ,
2931 3889 2986 3935 et
3009 3896 3075 3935 ex
3095 3879 3263 3950 gestis
3286 3878 3625 3934 admirationi
3655 3875 3898 3941 habitos,

2311 3972 2501 4026 imitari
2533 3974 2922 4029 contendimus.
2949 3972 3086 4040 Quid
3112 3973 3255 4029 enim
3276 3973 3456 4027 dicere
3486 3969 3679 4042 possis,
3710 3969 3754 4023 si
3783 3982 3902 4025 non

2311 4066 2625 4134 resipiscas?
2652 4066 2857 4121 Literas
2886 4083 2993 4121 non
3022 4067 3185 4132 nosti,
3215 4079 3312 4120 nec
3337 4064 3643 4133 Scripturas
3679 4063 3853 4130 legisti
3878 4102 3899 4128 ,

2313 4166 2372 4212 ut
2412 4166 2653 4213 veterum
2698 4158 2920 4213 virtutes
2961 4156 3271 4213 edisceres?
3298 4156 3456 4226 Atqui
3498 4154 3612 4209 haec
3663 4154 3900 4208 maxima

2310 4251 2461 4319 culpa
2492 4260 2579 4305 tua
2610 4260 2709 4313 est,
2744 4250 2887 4319 quod
2914 4249 3142 4304 ecclesia
3171 4250 3264 4304 tibi
3293 4262 3508 4318 seraper
3534 4256 3731 4317 pateat,
3758 4257 3812 4299 ut
3841 4247 3901 4302 in

2312 4343 2458 4412 puris
2502 4343 2608 4397 illis
2654 4342 2867 4397 ﬂuentis
2914 4341 3149 4396 haurias.
3198 4341 3460 4395 Caeterum
3507 4340 3553 4394 si
3604 4339 3724 4393 illos
3763 4339 3903 4395 olim

2310 4443 2523 4489 sanctos
2571 4450 2665 4503 per
2706 4434 2994 4503 Scriptura:
3025 4434 3306 4489 lectionem
3351 4445 3456 4485 non
3508 4430 3760 4496 noveris,
3795 4429 3903 4484 hos

2311 4540 2439 4582 sane
2466 4526 2707 4583 viventes
2730 4526 2924 4582 vidisse
2950 4524 3201 4594 Oportuit.
3237 4523 3344 4581 Sed
3380 4523 3557 4578 nullus
3598 4533 3680 4577 est
3704 4522 3795 4592 qui
3843 4531 3904 4577 te

2311 4618 2507 4673 ducat?
2534 4618 2612 4673 Ad
2637 4634 2723 4673 me
2749 4618 2965 4682 accede,
2996 4633 3097 4689 ego
3124 4618 3215 4672 tibi
3247 4616 3558 4671 monstrabo
3586 4623 3903 4671 sanctorum

2311 4709 2622 4764 diversoria.
2678 4708 2848 4775 Veni,
2880 4718 2949 4764 et.
2976 4709 3044 4765 ab
3067 4708 3185 4764 aliis
3227 4723 3348 4778 qua:
3397 4706 3609 4763 utilitati
3646 4707 3740 4761 tibi
3786 4708 3905 4763 sint

2312 4802 2452 4857 audi.
2506 4804 2565 4856 lli
2597 4804 2828 4857 lucernae
2868 4811 2992 4856 sunt
3024 4816 3117 4871 per
3144 4809 3311 4856 totum
3356 4800 3540 4855 orbem
3590 4799 3858 4871 fulgentes
3880 4818 3899 4855 :

2314 4909 2409 4965 pro
2467 4899 2634 4950 muris
2676 4902 2800 4950 sunt
2838 4894 3074 4949 urbibus.
3122 4893 3244 4949 Ideo
3287 4893 3629 4953 solitudinem
3668 4906 3906 4962 occupa-

2314 4995 2468 5052 runt,
2500 4997 2558 5040 ut
2586 4996 2635 5042 te
2662 4986 2891 5041 doceant
2936 4986 3190 5040 tunmltus
3217 4985 3450 5039 civitatis
3480 4982 3774 5055 despicere.
3814 4982 3901 5039 llli

2316 5081 2458 5137 enim
2489 5090 2669 5149 utpote
2700 5080 2949 5134 fortiores
2977 5118 2992 5142 ,
3024 5086 3245 5148 possunt
3285 5077 3335 5131 in
3363 5076 3538 5131 media
3579 5085 3904 5147 tempestate

2314 5173 2693 5243 tranquillitate
2719 5171 2818 5227 frui
2845 5188 2863 5224 ει
2890 5170 2983 5226 tibi
3010 5185 3140 5225 vero
3163 5211 3179 5235 ,
3209 5170 3297 5239 qui
3327 5168 3562 5241 undique
3583 5165 3897 5239 exagitaris,

2310 5268 2490 5339 quiete
2515 5281 2649 5335 Opus
2678 5275 2779 5332 est,
2810 5276 2865 5319 ut
2891 5263 3163 5335 paululum
3191 5277 3221 5316 a
3246 5261 3611 5333 frequentibus
3641 5259 3902 5322 procellis

2312 5359 2579 5429 respirare
2624 5358 2816 5427 possis.
2862 5355 2986 5412 Illos
3033 5355 3209 5425 itaque
3252 5352 3557 5425 frequenter
3596 5350 3789 5417 adeas,
3835 5359 3906 5408 ut

2312 5465 2496 5507 eorum
2547 5450 2792 5521 precibus
2825 5459 2882 5506 et
2911 5448 3127 5502 monitis
3162 5445 3396 5501 maculas
3435 5444 3616 5511 eluas,
3658 5453 3713 5499 et
3754 5440 3904 5499 hanc

2312 5547 2471 5599 vitam
2500 5546 2703 5616 Optime
2727 5542 2933 5600 emetiri
2974 5541 3181 5613 possis,
3224 5548 3281 5594 ut
3305 5537 3480 5594 futura
3530 5535 3670 5593 bona
3698 5550 3899 5591 conse-

2314 5728 2633 5844 ιωῖω
2656 5727 2937 5793 audentque
2975 5723 3158 5791 prima:
3198 5729 3385 5787 tenere,
3410 5716 3775 5783 familiam,
3800 5732 3911 5771 non

3788 355 3898 413 673
3960 374 3975 389 ·
