4174 6332
276 320 377 383 673

274 442 497 513 quaris,
558 444 729 517 gratia
775 450 833 499 et
878 440 1210 514 benignitate
1266 434 1714 538 Domiui_nostri.
1745 434 1875 493 Iesu

275 534 495 601 Christi,
548 550 646 608 per
681 550 840 606 quem
880 544 937 591 et
981 550 1103 591 cum
1144 550 1252 606 quo
1291 533 1437 590 Patri
1461 532 1630 603 gloria
1654 572 1670 598 ,
1697 532 1872 599 impe-

1233 320 1303 381 IN
1339 318 1745 380 MATTIIA‘ZUM
1784 316 2017 375 IIOMIL.
2058 318 2294 380 LXXIII.
2334 322 2386 379 al
2425 322 2662 382 LXXIV.

3489 335 3599 395 676

1984 435 2147 519 rium,
2180 438 2355 495 honor
2376 481 2392 506 ,
2421 456 2526 497 una
2551 457 2675 497 cum
2703 452 2895 500 sancto
2932 442 3158 516 Spiritu,
3187 463 3334 506 nunc
3357 460 3413 506 et
3443 465 3595 508 sem-

1983 542 2104 597 per,
2135 537 2190 583 et
2220 528 2273 584 in
2307 531 2503 587 siccula
2531 533 2877 591 sarculorum.
2909 539 3105 593 Amen.

274 866 403 923 Cn.
441 866 535 923 25.
562 882 617 921 v.
645 868 732 923 14.
772 864 864 921 Vat
903 865 1074 932 vobis,
1105 865 1283 919 scribta
1322 872 1370 919 et
1410 860 1664 917 Pharisei
1707 859 1871 931 hypo-

336 963 485 1018 ~crit¢
510 1004 526 1028 ,
573 962 695 1034 quia
750 963 1000 1017 devoratis
1048 960 1225 1014 domos
1283 958 1552 1012 viduarum
1576 998 1593 1022 ,
1641 954 1872 1020 oratione

340 1054 496 1125 longa
524 1063 727 1110 orantes
765 1054 840 1126 (a)
874 1068 894 1107 :
924 1061 1193 1123 propterea
1212 1049 1474 1122 judicium
1505 1046 1727 1119 amplius
1773 1061 1865 1099 ac-

338 1145 565 1215 cipielis.

342 1235 398 1290 1.
430 1235 567 1291 Hinc
612 1235 724 1307 jam
758 1244 977 1306 propter
1004 1234 1292 1306 ingluviem
1320 1233 1372 1288 in
1406 1234 1525 1290 illos
1553 1232 1865 1288 invehitur:

272 1326 519 1398 quodque
542 1329 757 1399 gravius
784 1336 888 1395 est,
904 1328 1025 1397 quia
1045 1342 1152 1382 non
1180 1341 1242 1381 ex
1273 1324 1499 1381 divitum
1518 1365 1536 1391 ,
1562 1323 1657 1380 sed
1687 1339 1752 1379 ex
1782 1324 1865 1377 vi-

274 1418 497 1474 duarum
543 1419 840 1473 substantia
890 1428 1109 1473 ventres
1166 1417 1503 1487 implebant,
1547 1417 1867 1485 illarumque

274 1520 634 1582 paupertatem
665 1511 995 1575 atterebant,
1040 1510 1126 1565 cui
1176 1509 1464 1564 subvenire
1517 1509 1865 1577 Oportuisset.

272 1602 380 1658 Non
425 1604 569 1659 enim
613 1602 929 1673 simpliciter
969 1601 1230 1663 edebant,
1275 1599 1370 1656 sed
1412 1608 1469 1654 et
1507 1598 1861 1654 devorabam.

272 1693 470 1749 Deinde
496 1708 625 1753 vero
654 1692 860 1748 fraudis
884 1693 1074 1748 modus
1100 1693 1315 1762 gravior
1341 1689 1658 1762 exprimitur
1684 1707 1699 1743 :
1731 1688 1864 1742 Ora-

272 1787 400 1840 tione
423 1786 578 1857 longa
600 1794 820 1841 orantes.
846 1785 1099 1856 Quisquis
1124 1784 1264 1839 male
1288 1794 1565 1852 Operatur,
1599 1780 1864 1851 supplicio

267 1877 458 1948 dignus
484 1887 603 1933 est:
632 1878 877 1948 quisquis
917 1887 1099 1932 autem
1126 1876 1339 1947 pietatis
1367 1877 1591 1931 obtentu
1621 1876 1671 1929 id
1712 1874 1858 1939 facit,

270 1975 322 2023 et
350 1967 524 2024 fallaci
555 1968 736 2039 specie
777 1969 943 2022 utitur
970 1966 1036 2021 ad
1065 1967 1357 2037 nequitiam
1385 2007 1399 2032 ,
1430 1965 1588 2036 longe
1627 1966 1864 2045 graviori

270 2068 345 2114 est
372 2059 639 2130 supplicio
679 2058 963 2115 obnoxius.
1008 2058 1076 2113 Et
1103 2073 1201 2113 cur
1239 2073 1344 2113 non
1372 2057 1542 2128 gradu
1570 2058 1767 2127 dejecit
1792 2057 1859 2112 il-

268 2149 383 2206 los?
428 2151 566 2219 Quia
613 2150 665 2206 id
709 2151 950 2206 nondum
981 2159 1191 2220 tempus
1223 2150 1586 2221 permittebat.
1619 2151 1744 2206 Ideo
1775 2151 1858 2206 in-

270 2242 417 2298 terim
456 2244 582 2299 illos
627 2244 924 2314 relinquit:
956 2242 1051 2298 sed
1083 2243 1259 2299 verbis
1312 2243 1426 2299 suis
1475 2252 1630 2300 curat
1685 2254 1743 2298 ut
1790 2259 1861 2300 ne

269 2336 821 2407 populusdecipiatur,
843 2351 910 2392 ne
935 2336 1075 2405 illos,
1094 2346 1277 2406 utpote
1303 2337 1357 2416 ip
1383 2337 1643 2407 dignitate
1658 2338 1860 2394 consti-

269 2435 403 2483 tutos
424 2468 441 2495 ,
488 2427 685 2483 imitari
730 2426 1030 2483 studerent.
1077 2426 1210 2495 Quia
1242 2427 1389 2483 enim
1415 2428 1668 2495 dixerat,
1704 2430 1858 2499 Quat-

266 2536 469 2591 cumque
513 2519 651 2575 nobis
692 2518 913 2574 dicerint
960 2519 1112 2589 facite
1134 2560 1151 2586 ,
1198 2520 1433 2575 ostendit
1478 2535 1723 2590 quaenam
1769 2521 1857 2577 illa

265 2612 406 2666 sint:
438 2625 507 2667 ea
547 2610 755 2666 scilicet
783 2626 904 2681 qua:
930 2608 1031 2680 ipsi
1071 2626 1176 2666 non
1211 2619 1406 2679 praeter
1427 2612 1518 2681 jus
1550 2611 1735 2684 fasque
1779 2612 1857 2668 fe-

264 2702 427 2757 cerint
445 2696 479 2769 ,'
497 2716 567 2758 ne
594 2702 770 2757 minus
797 2716 927 2756 sana
958 2711 1136 2757 mente
1164 2702 1370 2771 prtediti
1401 2714 1650 2773 putarent
1674 2706 1854 2761 omnia

264 2806 377 2863 qua:
404 2793 479 2848 illi
522 2793 758 2848 facerent
805 2793 1063 2862 permitti.
1110 2794 1199 2849 15.
1252 2791 1344 2848 Va:
1371 2794 1544 2862 vobis,
1592 2796 1770 2851 scribta
1808 2806 1856 2851 et

262 2881 513 2939 Pharisa'i
535 2926 552 2952 ,
604 2885 725 2955 quia
766 2885 1006 2940 clauditis
1042 2902 1253 2957 regnum
1292 2898 1414 2942 ante
1455 2890 1701 2946 homines.
1754 2890 1856 2947 Vos

261 2977 387 3031 enim
414 2993 521 3032 non
547 2977 752 3032 intratis
776 3019 791 3042 ,
824 2994 917 3033 nec
944 2978 1189 3034 intrantes
1220 2976 1509 3049 permittitis
1538 2982 1751 3038 intrare.
1794 2983 1852 3040 Si

258 3071 394 3125 enim
426 3070 633 3126 nemini
677 3070 939 3140 prodesse
965 3072 1172 3127 crimen
1211 3082 1333 3141 est,
1379 3089 1576 3130 nocere
1600 3085 1654 3130 et
1685 3076 1855 3145 impe-

257 3159 367 3216 dire
388 3176 554 3231 quam
581 3161 794 3217 veniam
822 3163 1125 3218 mereatur?
1150 3163 1287 3231 Quid
1315 3175 1400 3219 est
1440 3165 1566 3221 illud
1585 3206 1603 3234 ,
1633 3165 1849 3222 Intran-

257 3251 365 3305 tes!
395 3251 449 3305 Id
478 3262 584 3315 est,
613 3251 857 3308 idoneos.
884 3252 1014 3307 Nam
1041 3253 1255 3324 quando
1278 3255 1397 3309 aliis
1424 3268 1691 3327 prazccpta
1718 3257 1850 3313 dare

255 3343 558 3413 oportebat,
587 3359 749 3399 onera
790 3345 1146 3401 intolerabilia
1190 3346 1573 3418 imponebant;
1604 3364 1725 3405 cum
1754 3366 1850 3407 au-

254 3436 538 3504 tem'ipsos
558 3436 685 3506 quid
716 3448 973 3507 pne-stare
1002 3454 1097 3509 par
1131 3448 1278 3503 erat,
1312 3450 1440 3497 tunc
1467 3457 1499 3498 e
1529 3444 1802 3499 contrario
1827 3486 1846 3512 ,

253 3540 354 3581 non
382 3528 549 3584 modo
578 3529 712 3584 nihil
752 3530 1057 3597 faciebant,
1091 3532 1184 3588 sed
1216 3534 1358 3603 quod
1400 3536 1561 3607 longe
1609 3537 1846 3594 deterius

251 3627 348 3684 est,
378 3621 519 3675 alios
544 3622 703 3677 etiam
725 3624 1163 3693 corrumpebant.
1194 3625 1258 3681 Hi
1279 3636 1407 3682 sunt
1428 3629 1517 3699 qui
1552 3639 1731 3697 pestes
1752 3646 1846 3699 ap-

252 3709 519 3778 pellantur
542 3751 558 3777 ,
587 3712 678 3783 qui
722 3712 775 3766 in
806 3728 942 3782 opus
981 3714 1084 3769 sibi
1110 3724 1350 3770 statuunt
1391 3716 1623 3773 aliorum
1665 3722 1846 3789 perni-

247 3803 419 3870 ciem,
446 3805 595 3859 veris
621 3805 933 3862 doctoribus
958 3822 1024 3862 ex
1052 3808 1318 3865 diametro
1346 3810 1602 3879 oppositi.
1633 3811 1765 3866 Nam
1796 3814 1842 3869 si

248 3890 481 3949 doctoris
506 3903 592 3950 est
622 3905 935 3962 pereuntem
962 3911 1180 3954 servare
1202 3938 1217 3964 ,
1264 3900 1493 3969 perdere
1537 3916 1660 3957 eum
1686 3943 1703 3969 ,
1751 3902 1843 3973 qui

246 3983 545 4039 servandus
571 3995 724 4052 erat,
764 3987 999 4056 pestiferi
1054 3987 1285 4043 hominis
1312 3999 1414 4044 est.
1443 3991 1605 4046 Aliud
1645 3992 1843 4049 deinde

244 4072 444 4129 crimen
495 4076 780 4145 sequitur:
813 4077 900 4132 15.
949 4078 1186 4134 (.‘ircnitis
1236 4097 1377 4135 mare
1402 4091 1452 4135 et
1495 4084 1738 4150 aridam,
1786 4097 1841 4141 ut

243 4167 555 4237 proselytum
582 4185 741 4223 unum
769 4170 1003 4241 faciatis;
1049 4180 1097 4226 et
1137 4189 1254 4226 cum
1293 4174 1619 4241 inveneritis,
1670 4178 1839 4245 facitis

242 4256 384 4311 illum
427 4261 598 4328 [ilium
642 4262 886 4332 geltenme
913 4264 1070 4333 duplo
1099 4267 1260 4336 magis
1288 4283 1439 4337 quan:
1471 4284 1587 4335 vos,
1622 4270 1673 4324 id
1710 4282 1791 4326 est
1818 4313 1834 4337 ,

240 4345 365 4403 Cum
393 4349 480 4406 vix
508 4367 637 4407 eum
678 4363 732 4408 et
777 4363 898 4424 post
922 4356 1118 4412 multos
1163 4359 1374 4414 labores
1404 4364 1658 4432 ceperitis
1678 4405 1692 4427 ,
1729 4381 1836 4420 non

240 4441 454 4507 parcitis
483 4453 665 4498 tamen
708 4445 819 4512 illi;
863 4462 986 4502 cum
1017 4456 1195 4504 tamen
1236 4464 1298 4504 ea
1337 4468 1456 4521 qua:
1484 4454 1568 4508 vix
1611 4470 1833 4525 compa-

241 4544 357 4586 rare
397 4535 680 4603 potuimus
704 4576 719 4599 ,
752 4537 940 4602 majori
970 4540 1148 4595 studio
1188 4554 1500 4597 servemus:
1535 4561 1631 4600 vos
1657 4557 1836 4602 autem

239 4636 303 4677 ne
350 4624 401 4679 id
447 4627 668 4697 quidem
714 4631 1101 4685 moderatiores
1138 4632 1334 4687 reddit.
1388 4634 1486 4690 llic
1529 4652 1690 4705 porro
1728 4638 1836 4692 duo

238 4714 338 4771 illis
365 4720 599 4775 crimina
642 4720 832 4787 offert;
867 4723 1075 4793 primo,
1112 4726 1254 4795 quin]
1291 4727 1356 4780 ad
1382 4730 1607 4785 salutem
1635 4731 1835 4786 multo-

235 4822 348 4864 rum
376 4812 600 4867 inutiles
629 4814 770 4880 sint,
804 4831 927 4870 cum
967 4817 1137 4872 multo
1165 4818 1363 4875 sudore
1398 4838 1535 4891 opus
1566 4822 1794 4879 habeant
1817 4870 1831 4892 ,

236 4910 291 4954 ut
331 4919 498 4959 unum
531 4905 841 4973 attraham;
886 4910 1121 4965 secundo
1142 4952 1157 4976 ,
1187 4913 1329 4981 quod
1358 4917 1687 4986 negligentes
1726 4920 1836 4974 sint

234 4992 296 5047 ad
320 4997 625 5052 custodiam
660 4998 775 5068 ejus
798 5016 955 5069 quem
986 5002 1164 5071 adepti
1194 5014 1320 5060 sunt
1338 5001 1360 5071 ς’
1384 5007 1493 5062 imo
1530 5027 1635 5065 non
1668 5012 1830 5068 modo

235 5087 560 5155 negligentes
587 5130 601 5153 ,
630 5089 727 5145 sed
756 5092 916 5146 etiam
942 5094 1272 5165 proditores,
1302 5113 1422 5153 cum
1466 5116 1561 5156 eos
1590 5119 1653 5157 ex
1683 5106 1821 5161 male

234 5176 435 5232 vivendi
466 5181 723 5251 exemplo
767 5183 1065 5239 deteriores
1092 5185 1308 5243 faciant.
1358 5189 1491 5246 Cum
1521 5194 1664 5249 enim
1698 5197 1831 5252 tales

233 5268 478 5325 doctores
499 5271 798 5341 discipulus
827 5274 1036 5339 viderit,
1070 5278 1221 5347 pejor
1249 5282 1486 5337 redditur
1512 5302 1523 5337 :
1558 5301 1661 5342 non
1687 5290 1829 5344 enim

234 5360 448 5425 gradum
478 5363 629 5417 sistit
660 5365 710 5418 in
739 5364 974 5421 doctoris
1002 5370 1082 5422 sui
1115 5372 1385 5441 nequitia;
1416 5377 1509 5431 sed
1554 5379 1597 5433 si
1632 5382 1829 5449 probus

235 5448 386 5505 fuerit
407 5494 423 5518 ,
452 5455 637 5523 ipsum
667 5455 937 5523 imitatur;
971 5461 1050 5513 sin
1081 5462 1353 5531 improbus
1375 5508 1389 5531 ,
1420 5469 1583 5524 etiam
1610 5448 1830 5542 superat

232 5544 298 5599 ob
335 5545 653 5603 facilitatem
688 5549 755 5605 ad
795 5553 975 5622 pejora
1010 5557 1353 5625 procedendi.
1406 5560 1600 5619 Filium
1648 5580 1825 5625 autem

395 5723 649 5799 iam,
671 5740 926 5799 ιαὶμροᾳὰᾳ-ιε
942 5745 1061 5795 μαρὰ
1083 5750 1355 5798 apem-ginem:
1370 5779 1383 5799 ,

290 5744 357 5781 ιιι,
396 5744 649 5785 ,πειτα-ω,
671 5744 732 5777 καὶ
754 5744 926 5792 προφάσιε
942 5745 1061 5795 μαρά
1083 5750 1355 5798 προστυχόμενω
1370 5779 1383 5799 ,
1418 5755 1529 5807 qua:
1552 5744 1611 5796 ad
1634 5746 1828 5800 literam

229 5777 514 5850 Signsticant,
538 5787 596 5837 in
620 5788 827 5853 speciem
850 5790 1075 5846 diutume
1098 5807 1368 5862 precantes.

1977 852 2222 922 gehemne
2242 865 2420 921 vocat,
2456 858 2505 913 id
2530 870 2633 926 est,
2659 862 2828 931 ipsam
2854 864 3178 934 gehennam.
3212 869 3353 928 Dixit
3378 882 3586 942 autem,

1977 942 2154 1017 Duplo
2180 951 2344 1020 magis
2386 968 2539 1022 quam
2568 969 2655 1008 vos
2676 995 2691 1019 ,
2740 966 2797 1010 ut
2836 967 2892 1012 et
2922 958 3048 1015 illos
3090 971 3357 1031 terreret,
3401 976 3455 1022 et
3486 967 3588 1025 hos

1978 1036 2348 1095 vehementius
2398 1045 2820 1115 perSIringeret,
2867 1052 2992 1119 quia
3039 1050 3290 1108 doctores
3332 1059 3589 1127 nequitia:

1975 1137 2119 1181 sunt.
2168 1127 2355 1199 Neque
2388 1131 2493 1186 hoc
2533 1143 2777 1204 toruum,
2823 1139 2918 1193 sed
2943 1140 3109 1196 etiam
3151 1143 3293 1211 quod
3326 1146 3588 1216 majorem

1974 1216 2254 1288 discipulis
2300 1223 2563 1279 malitiam
2598 1227 2785 1283 indere
2816 1240 3048 1299 curent,
3087 1232 3403 1291 inducentes
3441 1234 3588 1308 ipsos

1974 1308 2041 1362 ad
2070 1310 2353 1380 majorem,
2382 1330 2541 1379 quam
2572 1318 2675 1388 ipsi
2700 1319 2954 1388 habeant,
2981 1325 3276 1394 nequitiam
3303 1345 3316 1380 :
3348 1327 3399 1383 id
3430 1330 3574 1399 quod

1974 1401 2207 1456 maxime
2221 1403 2286 1457 ad
2314 1405 2547 1461 animam
2563 1420 2870 1481 corruptam
2892 1413 3143 1481 pertinet.
3168 1416 3368 1474 Deinde
3393 1434 3585 1477 amen-

1974 1490 2103 1545 tiam
2136 1492 2267 1563 ipsis
2298 1498 2605 1565 exprobrat,
2634 1501 2779 1571 quod
2809 1504 3012 1574 majora
3041 1519 3309 1578 praecepta
3335 1509 3587 1581 despice-

1971 1597 2032 1637 re
2053 1583 2343 1653 juberent:
2372 1590 2519 1660 atqui
2540 1594 2868 1650 centrarium
2899 1612 3062 1667 supra
3088 1598 3323 1667 dicebat,
3353 1602 3588 1675 Alliga"!

1972 1690 2127 1729 onera
2162 1679 2398 1748 graviora
2424 1692 2472 1735 et
2499 1683 2845 1755 importabilia
2871 1688 3086 1758 (Matth.
3111 1691 3200 1748 25.
3221 1694 3299 1765 ι).
3326 1695 3434 1750 Sed
3466 1695 3585 1753 hinc

1970 1767 2133 1821 etiam
2164 1784 2352 1825 rursns
2374 1771 2641 1829 faciebant
2675 1818 2689 1841 ,
2722 1776 2963 1849 nihilque
2992 1796 3099 1836 non
3126 1787 3359 1854 agebant
3394 1796 3451 1841 ut
3476 1787 3584 1843 sibi

1969 1857 2214 1915 subditos
2275 1876 2733 1937 corrumperent,
2784 1869 2838 1925 in
2889 1873 3131 1930 minimis
3180 1880 3580 1937 accurationem

1967 1964 2291 2022 qumrentes,
2316 1967 2369 2012 et
2394 1974 2582 2030 magna
2596 1962 2978 2033 despicientes.
2998 1966 3091 2024 23.
3114 1967 3390 2028 Decimatis
3405 1954 3574 2041 enim,

1968 2042 2161 2113 inquit,
2193 2049 2451 2103 mentitam
2476 2060 2523 2106 et
2542 2054 2803 2119 anethum,
2824 2064 2870 2109 et
2898 2058 3174 2128 reliquistis
3198 2077 3316 2129 quia
3341 2065 3579 2134 graviora

1966 2144 2085 2188 sunt
2128 2134 2282 2208 legis,
2308 2140 2565 2210 judicium
2606 2152 2656 2197 et
2698 2145 3100 2203 misericordiam
3134 2160 3184 2206 et
3220 2153 3396 2218 ﬁdem.
3447 2154 3578 2211 Rrec

1965 2227 2227 2294 oportebat
2250 2232 2418 2300 facere
2440 2272 2457 2298 ,
2496 2240 2544 2287 et
2584 2234 2678 2289 illa
2723 2252 2827 2291 non
2867 2238 3113 2294 omittere.
3150 2241 3263 2298 Iloc
3291 2244 3411 2302 loco
3445 2263 3578 2319 ergo

1964 2331 1996 2371 e
2023 2332 2082 2372 re
2110 2318 2351 2390 loquitur
2380 2341 2394 2379 :
2418 2324 2506 2379 ubi
2534 2325 2745 2383 decima
2774 2337 2876 2394 est,
2910 2330 2981 2386 ibi
3010 2332 3173 2388 etiam
3198 2318 3569 2411 eleemosyna.

1963 2407 2101 2475 Quid
2131 2412 2275 2467 enim
2319 2414 2722 2491 eleemosynam
2769 2420 2900 2477 dare
2936 2426 3139 2480 nocet?
3165 2426 3271 2483 Sed
3317 2429 3419 2487 hoc
3441 2407 3571 2489 'non

1961 2500 2093 2557 dicit
2137 2504 2294 2573 quasi
2334 2506 2434 2577 ipsi
2457 2509 2632 2580 legem
2676 2511 3071 2583 observarent;
3100 2534 3277 2590 neque
3306 2524 3453 2579 enim
3493 2525 3574 2581 sic

1962 2592 2079 2663 ipse
2124 2595 2379 2668 loquitur.
2416 2599 2544 2657 Ideo
2589 2604 2675 2658 hic
2716 2607 2935 2674 quidem
2979 2609 3151 2666 dicit:
3183 2611 3310 2669 Hac
3344 2620 3573 2686 oportuit

1962 2687 2131 2754 facere
2160 2728 2176 2754 ,
2209 2697 2257 2742 et
2295 2690 2389 2745 illa
2415 2708 2518 2747 non
2541 2697 2789 2753 omittere.
2824 2698 2925 2755 Ubi
2954 2710 3135 2758 autem
3178 2706 3245 2761 de
3271 2708 3487 2766 mundis
3516 2721 3573 2769 et

1961 2776 2253 2835 immundis
2280 2781 2538 2852 disputat.
2572 2802 2679 2841 non
2701 2789 2838 2843 ultra
2874 2790 2976 2847 hoc
3005 2794 3210 2865 adjicit,
3244 2799 3338 2853 sed
3366 2800 3567 2856 distiu-

1958 2868 2112 2937 guit,
2145 2879 2200 2926 et
2229 2874 2467 2930 ostendit
2514 2892 2581 2933 ex
2632 2880 2888 2938 interiore
2933 2886 3195 2943 munditia
3238 2892 3565 2947 exteriorem

1959 2965 2267 3020 necessario
2293 2968 2443 3038 sequi
2476 2987 2491 3025 :
2523 2984 2630 3025 non
2662 2981 2841 3028 autem
2861 2975 2978 3031 vice
3009 2994 3183 3034 versa.
3213 2980 3310 3037 Ubi
3331 2984 3474 3040 enim
3497 2986 3569 3043 de

1958 3054 2326 3113 misericordia
2356 3060 2633 3130 agebatur,
2674 3064 3139 3124 indiscriminatim
3168 3072 3299 3129 illud
3339 3087 3566 3146 printer-

1956 3146 2138 3211 mittit,
2164 3156 2277 3203 tum
2310 3162 2530 3222 propter
2559 3154 2791 3224 idipsum
2811 3199 2826 3223 ,
2855 3167 2910 3213 et
2928 3162 3049 3229 quia
3078 3165 3317 3221 nondum
3350 3179 3566 3240 tempus

1954 3247 2072 3292 erat
2092 3238 2281 3310 legalia
2312 3252 2498 3312 aperte
2530 3245 2748 3305 tollendi
2776 3264 2790 3312 ;
2823 3249 2912 3304 ubi
2943 3263 3123 3307 autem
3148 3238 3569 3318 observatiovest

1955 3331 2319 3398 corporalium
2348 3332 2801 3403 purificationum,
2830 3339 3027 3407 clarius
3054 3342 3170 3399 haec
3190 3352 3402 3404 evertit.
3438 3351 3564 3409 Ideo

1954 3417 2023 3473 de
2053 3420 2361 3494 elemosyna
2386 3424 2556 3480 dicit:
2586 3425 2714 3483 Haec
2741 3433 2969 3499 oportuit
2996 3433 3169 3503 facere
3196 3478 3213 3503 ,
3257 3449 3305 3493 et
3338 3440 3432 3495 illa
3462 3458 3565 3498 non

1953 3513 2227 3578 omittere;
2255 3514 2322 3569 de
2352 3518 2763 3588 purgationibus
2790 3537 2924 3578 vero
2953 3541 3061 3581 non
3103 3528 3183 3583 sic
3213 3545 3227 3584 :
3258 3532 3353 3587 sed
3383 3534 3559 3602 quid?

1950 3600 2043 3656 25.
2076 3601 2365 3672 Murtdatis,
2394 3608 2582 3676 inquit,
2614 3612 2751 3676 quod
2780 3613 2973 3684 deforis
3012 3627 3087 3671 est
3122 3620 3299 3675 colicis
3323 3633 3371 3677 et
3404 3600 3564 3695 paro-

1954 3693 2162 3761 psidis;
2191 3696 2325 3750 intra
2370 3707 2538 3751 autem
2569 3700 2707 3769 pleni
2737 3704 2855 3758 estis
2891 3707 3077 3775 rapina
3114 3718 3159 3763 et
3195 3693 3432 3768 auaritia.
3463 3716 3555 3771 26.

1951 3783 2153 3839 Munda
2181 3804 2302 3858 ergo
2326 3790 2536 3845 calicem
2561 3802 2610 3846 et
2634 3797 2925 3866 paropsidis
2941 3800 3207 3872 interiora,
3228 3818 3281 3859 ut
3303 3811 3558 3867 exteriora

1948 3876 2142 3929 munda
2169 3877 2319 3947 ﬁant.
2348 3881 2391 3935 A
2423 3897 2483 3936 re
2509 3886 2784 3943 communi
2822 3898 2879 3944 et
2918 3892 3203 3951 manifeSta
3247 3903 3562 3973 exemplum

1947 3968 2175 4035 accepit,
2203 3983 2233 4023 a
2254 3971 2423 4026 calice
2443 3972 2501 4032 ι
2527 3976 2836 4045 paropside.

2016 4058 2072 4112 2.
2108 4060 2309 4117 Deinde
2338 4066 2651 4134 ostendens,
2677 4070 2882 4127 nullum
2922 4075 3053 4132 oriri
3081 4076 3337 4137 damnum
3360 4098 3427 4139 ex
3456 4102 3555 4144 nc-

1943 4151 2120 4220 glectu
2168 4158 2527 4225 corporalium
2595 4164 3026 4236 mundatibnum,
3080 4186 3329 4243 magnum
3378 4190 3559 4237 autem

1944 4243 2229 4301 imminere
2263 4251 2580 4319 supplicium
2639 4254 2704 4309 iis
2758 4259 2848 4327 qui
2898 4264 3095 4318 anima;
3146 4269 3556 4331 mundationem

1944 4349 2052 4390 non
2079 4350 2288 4407 curant,
2320 4356 2440 4411 qua:
2461 4345 2739 4401 muridatio
2785 4358 2869 4404 est
2913 4352 3106 4422 virtus,
3162 4356 3275 4413 Innc
3328 4365 3557 4423 culicem,

1943 4430 2176 4495 vocavit,
2224 4446 2384 4501 parva
2412 4436 2555 4490 enim
2604 4439 2846 4510 nihilque
2889 4456 3078 4511 erant;
3126 4454 3390 4510 camelum
3426 4474 3558 4513 vero

1943 4519 2034 4574 illa
2058 4562 2071 4585 ,
2104 4522 2465 4581 intolerabilia
2497 4530 2698 4601 quippe
2742 4547 2917 4591 erant.
2965 4539 3091 4596 Ideo
3134 4544 3211 4599 ait
3240 4564 3253 4599 :
3285 4547 3375 4603 24.
3410 4551 3558 4608 Culi-

1943 4629 2049 4667 cem
2077 4616 2386 4683 excolantes,
2422 4631 2469 4674 et
2516 4624 2765 4679 cautelam
2810 4630 3167 4701 deglutientes.
3213 4637 3345 4695 Nam
3384 4654 3441 4700 et
3471 4646 3557 4705 illa

1944 4720 2163 4778 propter
2197 4711 2313 4766 haec
2356 4714 2525 4781 posita
2569 4727 2714 4785 sunt,
2771 4735 2992 4793 promer
3032 4728 3461 4792 misericordiam
3503 4751 3560 4796 et

1937 4800 2216 4870 judicium.
2239 4804 2421 4873 Itaque
2450 4824 2548 4864 nec
2573 4820 2697 4866 tunc
2720 4812 2999 4884 juvabant,
3030 4821 3142 4875 sola
3175 4839 3299 4879 cum
3338 4841 3555 4887 essent:

1937 5533 2097 5587 modo
2123 5550 2209 5589 res
2235 5552 2293 5590 se
2317 5538 2567 5607 habebat,
2593 5546 2761 5597 multo
2780 5550 2970 5619 magis,
2995 5533 3278 5625 postquam
3297 5562 3546 5621 sublimia

1936 5621 2024 5676 illa
2054 5636 2323 5695 pnecepta
2351 5643 2638 5701 venerunt,
2670 5634 2785 5691 balc
2823 5638 3028 5697 inutilia
3058 5656 3205 5714 sunt,
3238 5665 3335 5705 nec
3361 5652 3553 5709 obser-

1935 5715 2129 5768 vanda.
2188 5717 2395 5789 Ubique
2446 5737 2577 5793 ergo
2626 5728 2863 5797 nequitia
2916 5736 3113 5790 malum
3167 5748 3284 5807 est;
3319 5745 3556 5803 maxime

1936 5822 2065 5863 vero
2085 5823 2207 5864 cum
2262 5813 2394 5867 nihil
2445 5824 2595 5885 putat
2642 5822 3023 5883 emendatione
3072 5843 3265 5901 egere;
3322 5844 3375 5890 ct
3406 5843 3551 5909 quod
