4174 6332
656 319 761 371 πτε

650 432 861 503 gravius
898 441 1013 496 est,
1046 446 1165 485 cum
1216 439 1360 500 putat
1408 431 1535 484 satis
1565 443 1683 484 esse
1722 428 1764 480 si
1794 425 1925 480 alios
1956 423 2219 492 corrigat;

649 542 769 595 quae
820 523 1121 594 significazs
1177 522 1416 576 Citri~tus
1466 521 1628 575 duces
1697 514 1815 568 illos
1851 524 2005 571 vocat
2054 527 2226 568 carros

648 631 905 672 crccorum
975 617 994 684 (
1038 616 1180 669 νοτε.
1226 613 1289 667 16
1320 614 1359 679 ).
1417 613 1545 668 Nam
1589 616 1634 671 si
1689 625 1807 664 cum
1836 623 2008 662 caecus
2036 622 2140 661 non
2169 621 2227 659 se

648 716 797 777 putat
818 706 953 761 duce
982 720 1115 774 Opus
1140 706 1355 765 habere,
1390 703 1439 757 id
1470 710 1703 758 extrema
1733 700 2005 754 calamitas
2031 707 2083 752 et
2131 698 2228 749 tui-

644 798 781 850 scria
804 806 885 851 est
915 811 1070 849 :cutn
1096 796 1207 863 ip.:e
1237 795 1368 846 alios
1401 794 1517 845 vult
1540 791 1754 853 dueere,
1785 790 1953 858 cogita
1985 791 2035 841 in
2059 803 2226 855 quan-

647 898 759 941 tum
797 887 1104 940 barathrum
1132 885 1365 953 (ejiciat.
1398 883 1521 937 Ilaec
1561 892 1736 936 autem
1782 880 2011 942 diccbat,
2044 878 2225 931 subiu~

645 982 828 1035 diettns
859 981 1068 1035 illorttm
1114 980 1343 1037 studium
1372 978 1436 1031 ad
1468 993 1655 1032 vanam
1697 977 1918 1047 gloriam
1957 979 2225 1043 attettpan-

644 1076 787 1139 dam,
813 1084 864 1129 et
892 1074 1109 1144 hujusce
1139 1073 1307 1126 morbi
1336 1072 1589 1139 grandem
1622 1071 1671 1123 iu
1710 1071 1811 1123 illis
1841 1070 2060 1125 rabiem.
2111 1068 2224 1121 Ilue

643 1164 784 1216 enim
840 1163 965 1230 ipsis
1004 1163 1239 1215 omnium
1285 1161 1541 1214 malorum
1598 1175 1755 1214 causa
1805 1158 1929 1220 fuit,
1970 1156 2107 1226 quod
2156 1154 2223 1209 ad

640 1254 1046 1307 ostentationem
1065 1255 1243 1306 omnia
1265 1250 1518 1306 facerent.
1546 1250 1655 1305 Iloe
1675 1267 1703 1301 a
1723 1249 1824 1303 fide
1849 1248 1966 1302 illos
1982 1248 2217 1310 abduxit,

640 1358 929 1411 veramque
978 1343 1226 1397 virtutem
1274 1342 1542 1411 negligere
1577 1341 1763 1401 suasit,
1797 1348 1851 1393 et
1878 1340 2005 1393 solis
2034 1353 2223 1404 corpo-

639 1437 835 1492 ralibus
884 1435 1315 1489 mundatiuuibus
1364 1434 1693 1498 incumbere,
1735 1433 1926 1485 anima:
1982 1432 2219 1499 neglecta

640 1526 999 1581 mundatinue.
1054 1526 1174 1580 Ideo
1198 1526 1261 1578 ad
1292 1540 1469 1579 veratn
1500 1527 1750 1577 virtutem
1782 1523 1899 1577 illos
1928 1522 2215 1581 deducens.

638 1627 692 1672 et
722 1618 784 1671 ad
814 1617 1211 1671 mundationem
1264 1615 1475 1681 animm,
1523 1615 1802 1685 judicium.
1853 1614 2132 1679 justitiam
2168 1623 2222 1666 et

639 1709 795 1763 ﬁdem
822 1716 1098 1762 memorat.
1134 1707 1255 1762 "1‘0
1276 1708 1471 1777 quippe
1496 1713 1621 1760 sunt
1646 1722 1763 1775 qua:
1796 1706 1954 1759 vitam
1984 1714 2218 1757 nostram

636 1798 837 1861 fovent,
867 1814 984 1869 qua:
1030 1800 1259 1852 animant
1300 1807 1526 1869 purgant
1559 1815 1571 1849 :
1600 1796 1825 1865 justitia,
1873 1796 2214 1864 ’benignitas,

636 1892 866 1954 veritas;
901 1905 1121 1959 quarum
1170 1890 1293 1948 alia.
1347 1904 1537 1957 nempe
1590 1888 1971 1953 misericordia,
2017 1887 2083 1940 ad
2131 1902 2223 1941 ve-

638 1983 777 2036 niam
811 1996 907 2033 nos
950 1980 1180 2041 deducit,
1213 1995 1311 2034 nec
1342 1980 1595 2049 permittit
1622 1987 1674 2032 ut
1718 1980 2014 2032 severiores
2034 1992 2207 2049 peccat

639 2074 838 2127 toribus
866 2073 1051 2136 simus,
1085 2086 1255 2139 neque
1285 2072 1350 2124 ad
1382 2070 1587 2124 veniam
1630 2069 2025 2125 concedendam
2074 2067 2217 2122 ditii-

637 2164 768 2219 ciles
821 2163 943 2231 (sic
996 2162 1136 2216 enim
1194 2161 1385 2229 duplex
1437 2162 1652 2215 luerumi
1690 2170 2042 2229 reportamus,
2091 2159 2217 2214 dum

638 2255 1007 2310 misericordes
1037 2254 1314 2317 eﬂicimur,
1339 2261 1388 2306 et
1419 2252 1840 2306 misericordiam
1872 2252 2088 2305 multam
2125 2268 2221 2303 uo-

637 2346 719 2400 bis
744 2361 771 2397 a
803 2345 909 2399 Deo
938 2343 1303 2398 universorum
1330 2341 1642 2397 attrahimus
1666 2343 1717 2411 ),
1748 2342 1832 2394 illa
1858 2355 2067 2411 quoque
2093 2355 2217 2396 sua-

636 2435 724 2491 det
756 2435 905 2488 nobis
929 2442 987 2488 ut
1010 2434 1277 2502 oppressis
1320 2430 1697 2486 enudoleamus
1732 2433 1953 2499 illosque
1980 2430 2217 2485 vindice-

638 2540 755 2578 mt's
780 2544 792 2553 °
846 2525 1045 2589 inuria
1095 2538 1219 2577 veri:
1272 2524 1631 2575 iraudnieutos
1656 2532 1709 2577 et
1738 2522 1916 2575 vafrus
1954 2537 2075 2577 es-e
2114 2536 2214 2575 non

638 2617 782 2669 sinit.
811 2614 1031 2682 Quando
1060 2623 1235 2667 autem
1266 2614 1427 2674 dixit,
1454 2612 1578 2667 Hau:
1598 2616 1817 2682 aportut't
1847 2614 2031 2679 facere,
2062 2623 2106 2667 et
2127 2614 2219 2665 ﬂia

640 2722 739 2759 non
765 2706 1007 2764 omittere.
1036 2720 1139 2758 non
1163 2704 1211 2756 id
1249 2714 1305 2756 ιιι
1349 2703 1567 2773 legalem
1616 2704 2037 2757 observationem
2061 2705 2215 2758 indu-

636 2796 740 2859 cit;
785 2796 967 2849 absit:
1003 2796 1104 2849 hoc
1155 2796 1293 2847 enim
1336 2794 1446 2862 jam
1494 2808 1650 2862 supra
1697 2794 2212 2859 demonstravimus;

635 2902 861 2955 cumque
890 2886 956 2939 de
983 2885 1262 2954 paropside
1288 2894 1339 2939 et
1366 2885 1433 2939 de
1462 2885 1627 2940 calice
1672 2885 1824 2952 dixit,
1875 2886 2068 2940 Munda
2090 2888 2216 2940 inte-

634 2978 770 3031 riora
799 2979 969 3032 calicis
993 2988 1039 3030 et
1060 2977 1363 3047 paropsides,
1406 2988 1457 3029 ut
1482 2977 1572 3045 [iul
1610 2978 1663 3030 id
1708 2979 1841 3039 quod
1886 2977 2101 3032 exterius
2141 2988 2214 3033 est

634 3070 899 3134 mundum,
932 3085 1037 3123 non
1068 3068 1134 3125 ad
1164 3079 1370 3123 veteres
1395 3082 1495 3121 nos
1539 3069 1789 3122 minutias
1817 3069 2019 3125 reducit
2044 3087 2058 3135 ;
2082 3086 2213 3125 eon-

636 3173 715 3218 tra
744 3178 870 3217 vero
893 3162 1006 3216 hzcc
1028 3162 1289 3232 superﬂua
1315 3176 1434 3216 esse
1455 3161 1707 3216 ostendit.
1741 3162 1854 3217 Non
1879 3164 2020 3218 enim
2049 3164 2213 3229 dixit,

636 3253 689 3309 Id
719 3253 901 3319 etiam,
926 3251 1063 3322 quod
1093 3252 1326 3306 exterius
1362 3259 1461 3317 est,
1488 3262 1725 3321 purgate.
1751 3252 1866 3317 sed,
1897 3253 2048 3320 Quod
2072 3254 2215 3310 intus

633 3354 715 3399 est
737 3360 752 3407 ;
772 3351 824 3397 et
850 3344 1066 3395 omnino
1091 3329 1189 3395 hoc
1214 3341 1281 3394 ab
1308 3341 1397 3397 illo
1441 3343 1702 3410 sequitur.
1732 3342 1980 3411 Alioquin
2035 3354 2212 3398 autem

634 3448 739 3489 non
770 3433 835 3488 de
854 3433 1019 3488 calice
1045 3441 1096 3487 et
1119 3432 1398 3504 paropside
1427 3433 1675 3503 loquitur.
1710 3433 1802 3489 sed
1844 3434 1912 3490 de
1957 3436 2131 3491 anima
2162 3444 2216 3491 et

633 3538 857 3594 corpore
889 3540 903 3578 :
932 3522 1072 3594 quod
1119 3524 1353 3578 exterius
1406 3533 1525 3587 est,
1575 3539 1769 3594 corpus
1816 3541 2034 3593 vocans,
2071 3529 2211 3599 quod

632 3626 806 3670 autem
830 3615 1067 3678 interius,
1100 3616 1349 3669 animam.
1394 3614 1449 3670 Si
1497 3630 1623 3669 vero
1675 3617 1727 3671 in
1776 3618 2056 3687 paropside
2080 3634 2214 3687 Opus

631 3715 715 3761 est
753 3705 1001 3760 interiora
1045 3720 1148 3759 non
1198 3705 1487 3776 negligere,
1518 3706 1685 3760 multo
1721 3709 1888 3778 magis
1920 3710 1970 3763 in
2004 3720 2073 3763 te.
2106 3709 2210 3765 Vos

633 3812 760 3853 vero
796 3806 979 3852 contra
1022 3795 1211 3863 facitis,
1244 3796 1443 3867 inquit;
1478 3812 1597 3852 nam
1644 3815 1801 3868 parva
1851 3811 1902 3855 et
1946 3801 2209 3856 exteriora

632 3888 995 3954 observantes,
1046 3902 1234 3958 magna
1287 3899 1341 3942 et
1397 3888 1657 3967 interiora.
1698 3890 1963 3959 negligitis
2010 3908 2021 3945 :
2070 3892 2210 3948 unde

632 3980 917 4033 maximum
944 3977 1165 4033 infertur
1183 3978 1455 4040 damnum,
1482 3979 1622 4048 quod
1648 3988 1889 4048 putantes
1917 3996 2009 4034 vos
2039 3991 2207 4063 letum

632 4070 961 4139 praestitisse,
991 4071 1193 4138 reliqua
1222 4069 1502 4139 negligatis
1527 4086 1542 4135 ;
1574 4086 1694 4125 eum
1740 4082 1914 4124 autent
1938 4088 1999 4127 ea
2027 4073 2209 4141 despi-

630 4160 804 4226 ciatis,
855 4159 940 4214 illa
995 4160 1282 4215 emendare
1334 4160 1462 4215 nihil
1510 4162 1727 4216 curatis.
1775 4163 1977 4219 Deinde
2019 4180 2113 4220 eos
2141 4165 2221 4221 de

632 4268 781 4306 vana:
809 4252 990 4323 gloria:
1016 4267 1198 4307 amore
1230 4253 1557 4323 perstringit,
1585 4254 1827 4324 sepulcra
1853 4255 2090 4311 draEbata
2116 4272 2208 4311 vo-

628 4357 757 4397 rans
784 4342 922 4407 illos,
950 4342 1355 4413 hypocritasquc
1376 4344 1679 4412 appellans;
1704 4347 1842 4415 quod
1868 4356 1950 4403 est
1968 4350 2206 4403 omnium

626 4449 785 4489 causa
813 4434 1089 4498 malorum,
1122 4444 1177 4488 et
1206 4435 1455 4503 perniciei
1486 4445 1882 4505 argumentum.
1911 4437 2091 4507 Neque
2120 4454 2206 4493 so-

628 4524 737 4577 lum
764 4523 882 4577 illos
909 4524 1151 4593 sepulcra
1198 4524 1440 4579 dealbata
1470 4528 1695 4593 vocavit,
1751 4528 1843 4582 sed
1898 4530 2058 4584 etiam
2110 4531 2206 4585 im-

627 4614 882 4669 munditia
921 4624 973 4669 et
1006 4615 1272 4687 hypocrisi
1315 4617 1502 4685 plenos
1537 4633 1655 4674 esse
1696 4619 1847 4674 dixit.
1902 4620 1993 4676 llis
2045 4638 2206 4693 porro

626 4719 841 4761 eausam
895 4708 1161 4770 ostendit,
1223 4717 1438 4776 propter
1484 4723 1641 4778 quam
1697 4725 1801 4764 non
1844 4711 2199 4779 crediderunt,

624 4796 873 4866 quoniam
906 4797 1045 4866 pleni
1066 4805 1218 4851 erant
1247 4797 1511 4869 hypocrisi
1541 4808 1595 4853 et
1623 4800 1916 4869 iniquitate.
1954 4803 2077 4858 llazc
2105 4820 2203 4859 au-

626 4900 730 4945 tem
754 4904 856 4945 non
878 4889 1121 4945 Christus
1151 4891 1329 4959 modo,
1361 4893 1453 4947 sed
1476 4894 1635 4949 etiam
1659 4896 1931 4966 propheta:
1958 4896 2205 4970 frequen-

625 4990 706 5035 ter
733 4982 1096 5047 criminantur,
1148 4983 1287 5052 quod
1334 4998 1553 5053 rapaces
1577 4988 1701 5051 sint,
1749 4988 1887 5058 quod
1939 4989 2204 5063 principes

633 5088 821 5129 eorum
852 5089 954 5128 non
994 5075 1287 5130 secundum
1312 5078 1399 5143 jus
1443 5086 1500 5133 et
1550 5079 1807 5135 rationem
1829 5082 2069 5149 judicent
2100 5102 2113 5139 :
2147 5094 2203 5140 et

623 5165 815 5236 ubique
842 5165 1074 5234 reperias
1113 5166 1372 5221 sacrificia
1398 5168 1614 5237 rejects,
1662 5170 1777 5227 haec
1819 5183 1998 5229 autem
2026 5178 2203 5246 requi-

621 5256 743 5309 sita.
793 5256 971 5324 Itaque
1022 5257 1152 5311 nihil
1201 5258 1500 5326 insolitum,
1539 5260 1665 5316 nihil
1697 5277 1911 5331 novum,
1944 5281 2117 5335 neque
2146 5269 2199 5323 in

621 5344 756 5414 lege,
787 5360 955 5416 neque
992 5350 1042 5401 in
1085 5350 1440 5414 accusatione,
1476 5366 1649 5423 neque
1678 5356 1835 5409 etiam
1890 5357 1941 5411 in
1970 5360 2200 5431 imagine

619 5452 673 5493 ct
700 5439 943 5508 exemplo
982 5440 1232 5508 sepulcri.
1266 5442 1374 5496 Iloc
1404 5444 1598 5513 quippe
1630 5450 2195 5519 memoratPropheta,

620 5544 725 5583 non
759 5531 1061 5597 sepulcrum
1093 5531 1249 5586 modo
1290 5548 1513 5599 vocans,
1568 5534 1659 5590 sed
1692 5552 1704 5588 :
1751 5536 2050 5606 Sepulcrum
2100 5559 2197 5612 pa-

620 5636 727 5678 len:
748 5634 817 5676 est
846 5634 1021 5692 gulmr
1040 5641 1211 5679 eorum
1236 5625 1413 5697 (Psal.
1446 5628 1499 5683 5.
1525 5629 1584 5684 II
1686 5628 1842 5685 Tales
1867 5640 1991 5688 sunt
2013 5633 2197 5691 hodie-

620 5726 722 5781 que
754 5716 921 5780 multi,
947 5717 1035 5787 qui
1067 5730 1185 5773 sese
1211 5720 1441 5774 exterius
1482 5728 1691 5788 ornant,
1758 5721 2004 5794 intusque
2047 5726 2188 5796 pleni

1345 317 1402 373 S.
1444 312 1719 372 JOANNIS
1742 308 2215 370 αιιῐιγδοςτοξιιι
2270 306 2582 363 ARCIIIEP.
2616 306 3145 365 CONSTANTINOI‘.

3822 309 3927 367 675

2333 422 2474 475 omni
2508 419 2785 491 Iniquitate
2814 432 2958 476 sunt.
2986 422 3135 477 Nunc
3161 421 3304 476 enim
3331 419 3526 477 utullus
3557 419 3727 488 Ialtor,
3758 428 3926 476 multa

2331 512 2633 567 sollicitudo
2662 521 2895 567 caterua:
2941 511 3218 567 munditiei
3254 512 3610 580 impenditur;
3646 511 3924 567 uutnditiei

2330 617 2458 655 vero
2485 602 2675 655 animm
2704 603 2845 655 nulla
2876 619 3023 658 cura.
3054 603 3157 657 Sed
3196 603 3239 655 si
3266 604 3645 657 conseieutlam
3675 603 3922 673 singulo-

2330 708 2447 746 rum
2477 692 2598 760 quis
2630 694 2877 760 aperiret,
2916 694 3111 749 multos
3158 710 3391 758 vermes,
3449 696 3668 747 multaut
3713 696 3922 748 saniem
3976 696 3989 711 ⁸

2332 784 2610 849 inveniret,
2661 784 3009 853 fmtoretuque
3055 785 3421 840 incredibili-tn
3452 802 3464 837 :
3493 784 3750 839 absurdus
3800 784 3927 839 dico

2330 883 2383 927 et
2413 876 2577 929 malas
2607 876 3068 946 concupiscentias
3090 918 3104 943 ,
3137 892 3255 945 qua:
3289 887 3413 931 sunt
3436 877 3708 932 vermibus
3750 877 3919 947 impu-

2330 966 2519 1021 riot‘es.

2400 1059 2452 1111 5.
2482 1057 2583 1113 Sed
2615 1057 2754 1124 quod
2794 1058 2866 1113 illi
2893 1059 3027 1114 tales
3055 1060 3181 1124 sint,
3214 1075 3320 1114 non
3352 1060 3419 1114 ita
3447 1076 3609 1130 grave
3631 1070 3746 1127 est,
3781 1072 3919 1117 tam-

2327 1149 2423 1201 οιςί
2455 1165 2613 1218 grave
2653 1159 2731 1203 est
2766 1165 2781 1202 :
2810 1150 2950 1220 quod
2983 1165 3110 1205 Vero
3138 1165 3235 1205 nos
3261 1192 3276 1215 ,
3322 1151 3411 1221 qtti
3446 1153 3639 1220 templa
3683 1151 3775 1206 Dei
3805 1152 3921 1207 fieri

2326 1237 2523 1308 dignati
2554 1254 2756 1305 sumus,
2786 1245 3025 1311 sepulcra
3053 1244 3231 1297 statim
3264 1252 3463 1297 tantum
3493 1244 3737 1300 fetorem
3762 1247 3923 1299 emil-

2331 1330 2490 1383 lenlia
2511 1330 2825 1397 efficiamur,
2857 1335 2954 1388 huc
2980 1346 3236 1389 extremm
3260 1336 3492 1390 miseriae
3514 1348 3616 1391 εει.
3649 1336 3743 1392 Ubi
3769 1336 3923 1392 Citri-

2327 1429 2439 1473 stus
2487 1421 2719 1485 habitat.
2753 1425 2985 1491 Spiritus
3022 1440 3237 1482 sanetus
3281 1438 3533 1498 operatus
3569 1439 3685 1493 est,
3737 1439 3923 1498 totque

2329 1513 2575 1582 mysteria
2630 1524 2858 1581 peracta,
2916 1515 3015 1570 hoc
3058 1517 3360 1585 sepulcrum
3411 1502 3552 1584 esse,
3602 1528 3796 1589 quanta
3829 1521 3919 1575 illa

2326 1604 2538 1658 miseria
2570 1607 2689 1659 est?
2718 1619 2843 1675 quot
2889 1608 3099 1663 ﬂetibus
3127 1620 3179 1663 et
3208 1612 3490 1679 gentilibus
3533 1613 3751 1682 dignum
3793 1624 3876 1668 est
3903 1656 3917 1679 ,

2327 1707 2445 1747 eum
2489 1696 2727 1749 membra
2776 1697 2969 1752 Christi
3017 1703 3319 1767 sepulcrum
3377 1704 3705 1757 immundum
3742 1704 3922 1758 ﬁunt?

2325 1780 2506 1853 Cogita
2536 1786 2805 1853 quomodo
2855 1797 3008 1841 natus
3034 1789 3143 1856 sis,
3191 1791 3383 1859 quibus
3423 1792 3672 1862 dignatus
3719 1792 3917 1857 fueris.

2326 1888 2482 1943 quent
2508 1879 2778 1946 acceperis
2808 1879 3081 1945 amictum,
3127 1881 3392 1949 quomodo
3421 1886 3675 1953 templum
3710 1886 3920 1941 firmum

2325 1966 2642 2019 constitutus
2667 1967 2762 2031 sis,
2802 1983 2959 2036 quant
2985 1971 3266 2038 pulchrum
3295 1989 3308 2035 ;
3338 1989 3441 2028 non
3482 1990 3613 2027 auro
3642 1986 3917 2043 ornatum,

2325 2072 2495 2126 neque
2541 2060 2855 2129 margaritis,
2908 2062 3001 2115 sed
3043 2061 3125 2116 his
3170 2064 3325 2133 longe
3364 2067 3677 2133 pretiosiore
3716 2067 3920 2138 Spiritu

2324 2158 2529 2205 saneto.
2579 2150 2761 2221 Cogita
2814 2155 3082 2209 nemiuem
3135 2156 3185 2210 itt
3244 2158 3374 2213 urbe
3418 2162 3718 2229 sepulcrum
3775 2177 3917 2216 con-

2324 2247 2531 2295 struere
2554 2241 2629 2311 (a)
2656 2257 2671 2304 ;
2716 2257 2844 2312 ergo
2871 2258 3045 2312 Ilcqtle
3076 2255 3128 2298 tu
3160 2247 3209 2301 in
3241 2261 3473 2317 superna
3519 2252 3731 2306 civitate
3761 2268 3918 2306 cout-

2329 2345 2516 2400 parere
2571 2334 2787 2401 poteris.
2822 2334 2950 2389 Nam
3001 2336 3044 2389 si
3076 2337 3161 2391 hic
3209 2338 3334 2393 illud
3385 2339 3717 2409 prohibetur,
3750 2346 3922 2396 multo

2325 2422 2491 2492 magis
2526 2424 2649 2477 illic.
2680 2422 2793 2478 Ituo
2836 2440 2962 2479 vero
2989 2426 3148 2481 etiam
3192 2428 3277 2482 hic
3306 2429 3413 2483 risu
3442 2430 3634 2499 dignus
3662 2434 3923 2487 omnibus

2323 2528 2565 2581 appares,
2594 2514 2717 2568 dum
2748 2525 3011 2570 mortuam
3035 2520 3347 2573 circumfers
3374 2522 3643 2584 animam;
3675 2538 3774 2577 nec
3807 2527 3921 2579 risu

2323 2605 2517 2676 dignus
2550 2616 2777 2674 tantum,
2805 2608 2897 2663 sed
2928 2610 3087 2663 etiam
3136 2610 3433 2679 fugiendus.
3466 2612 3560 2667 Dic
3587 2619 3728 2669 enim
3758 2615 3920 2677 mihi,

2322 2700 2365 2751 si
2392 2700 2511 2767 quis
2541 2708 2804 2753 mortuum
2830 2701 3057 2756 cadaver
3084 2702 3470 2767 circumferret,
3503 2721 3680 2761 annon
3727 2723 3923 2764 omnes

2321 2788 2607 2854 resilirent,
2647 2805 2821 2843 annon
2871 2806 3058 2845 Omnes
3100 2791 3382 2862 fugerent?
3430 2795 3541 2851 lloc
3567 2797 3728 2851 etiam
3773 2815 3924 2855 nunc

2322 2891 2495 2938 tecum
2519 2894 2725 2951 reputa.
2777 2882 2906 2937 Nam
2952 2884 3108 2955 longe
3138 2885 3375 2942 deterius
3405 2891 3761 2958 spectaculum
3810 2892 3923 2946 cir-

2318 2973 2570 3040 cumfers,
2607 2976 2838 3028 animam
2884 2988 3223 3043 peccatorum
3264 2979 3406 3035 mole
3453 2993 3738 3047 mortuam,
3795 2986 3922 3038 ani-

2319 3081 2459 3120 mam
2487 3064 2815 3121 dissolutam.
2838 3067 2967 3134 Quis
2990 3070 3107 3123 talis
3130 3069 3358 3124 hominis
3382 3071 3758 3128 miserebitur?
3778 3072 3922 3130 Cum

2318 3158 2459 3211 enim
2491 3166 2544 3210 tu
2574 3157 2767 3210 anima:
2796 3167 2900 3211 tum
2929 3174 3033 3213 non
3081 3160 3408 3227 miserearis,
3456 3164 3726 3233 quomodo
3772 3166 3922 3220 alius

2318 3257 2372 3302 te
2423 3247 2759 3302 miserabitur
2804 3248 2872 3303 ita
2922 3251 3193 3306 crudelem
3242 3262 3297 3306 et
3337 3253 3612 3309 inimicum
3644 3254 3735 3310 tibi
3767 3257 3924 3326 ipsi?

2318 3339 2372 3393 Si
2400 3342 2519 3408 quis
2538 3338 2679 3393 enim
2704 3354 2809 3409 quo
2835 3342 2950 3394 loco
2982 3351 3036 3394 tu
3066 3341 3269 3396 dormis
3307 3352 3363 3398 et
3390 3345 3651 3409 comedis,
3679 3346 3925 3402 cadaver

2316 3430 2417 3484 sub
2439 3440 2577 3485 terra
2604 3442 2843 3500 poneret,
2875 3432 3001 3502 quid
3025 3447 3129 3487 non
3162 3432 3408 3488 faceres?
3439 3443 3494 3488 tu
3523 3450 3652 3490 vero
3674 3438 3919 3493 animum

2319 3532 2582 3577 mortuam
2606 3524 2850 3593 deponis,
2880 3541 2986 3579 non
3016 3541 3122 3595 quo
3153 3526 3270 3581 loco
3307 3527 3538 3597 prantles
3570 3529 3654 3585 vel
3680 3527 3917 3597 dormis,

2316 3613 2409 3668 sed
2441 3615 2492 3668 in
2524 3614 2780 3669 membris
2802 3614 3018 3679 Christi,
3046 3630 3219 3685 neque
3243 3616 3398 3673 times
3425 3635 3493 3673 ne
3514 3620 3662 3675 mille
3686 3618 3918 3675 fulmina

2317 3706 2367 3759 in
2397 3716 2555 3773 caput
2590 3717 2735 3760 tuum
2774 3706 3078 3776 jaeiantur?
3105 3708 3385 3776 Quomodo
3431 3709 3599 3766 audes
3648 3712 3921 3768 ecclesias

2319 3797 2410 3853 Dei
2443 3790 2798 3868 frequentare,
2822 3808 2875 3852 et
2898 3813 3047 3854 sacra
3079 3800 3294 3869 templa,
3322 3816 3444 3856 cum
3465 3803 3604 3856 intus
3625 3812 3731 3857 tam
3754 3819 3921 3860 use.

2313 3888 2573 3943 orandum
2607 3888 2850 3945 fictorem
2880 3888 3117 3945 habeas"
3144 3889 3276 3946 Nam
3301 3892 3345 3946 si
3366 3893 3484 3963 quis
3509 3893 3560 3947 in
3590 3894 3791 3965 regiam
3823 3910 3923 3949 ca-

2313 3981 2476 4035 daver
2507 3980 2665 4034 ferret
2690 3990 2745 4034 ct
2771 3980 2862 4035 tibi
2890 3981 3187 4047 defoderet,
3212 3991 3481 4038 extremas
3509 3984 3662 4039 daret
3689 4001 3920 4054 pennas,

2318 4082 2369 4125 ιιι
2392 4086 2519 4126 vero
2540 4071 2625 4139 qui
2654 4086 2803 4126 sacra
2831 4082 2982 4142 septa
3012 4073 3150 4138 adis,
3182 4086 3235 4128 et
3266 4085 3411 4130 tanto
3450 4074 3641 4131 faetore
3683 4079 3920 4133 domum

2316 4164 2508 4234 reples,
2540 4164 2712 4233 cogi.a
2739 4175 2991 4234 quantum
3015 4165 3128 4220 lues
3157 4167 3499 4235 supplicium.
3533 4167 3751 4224 Imitare
3796 4186 3921 4227 meo
3956 4188 3959 4189 '

2312 4256 2559 4310 retricem
2608 4256 2776 4319 illam,
2804 4272 2922 4325 quae
2960 4270 3233 4327 unguento
3260 4259 3412 4313 unxit
3468 4260 3631 4329 pedes
3664 4258 3921 4329 Christi,

2311 4356 2366 4401 ct
2392 4348 2532 4402 bono
2556 4347 2721 4403 odore
2751 4358 2912 4402 totam
2937 4349 3155 4404 domum
3201 4351 3441 4420 implevit
3469 4355 3487 4424 (
3510 4351 3636 4407 Luc.
3668 4354 3722 4407 7.
3753 4355 3832 4413 58
3853 4355 3879 4429 )
3902 4374 3919 4423 ;

2314 4447 2366 4491 tu
2388 4452 2516 4493 vero
2543 4439 2866 4493 contrarium
2915 4440 2967 4493 in
2998 4439 3160 4496 domo
3191 4441 3281 4496 Dei
3313 4441 3465 4497 facis.
3494 4442 3631 4509 Quid
3659 4459 3838 4512 enim,
3872 4449 3924 4504 ει

2314 4538 2365 4583 ιιι
2389 4531 2502 4599 ipse
2548 4539 2743 4585 tetrum
2789 4530 3009 4585 odorem
3038 4548 3145 4587 non
3181 4533 3421 4587 sentias?
3451 4533 3506 4588 Id
3534 4550 3662 4591 sane
3682 4538 3923 4593 morbus

2311 4632 2394 4675 est
2416 4622 2795 4691 gravissimus;
2830 4622 2950 4678 ideo
2998 4624 3278 4679 incurabili
3326 4627 3516 4681 morbo
3559 4627 3803 4695 laboras,
3862 4641 3925 4687 et

2310 4715 2551 4784 graviore
2592 4730 2747 4784 quam
2797 4716 2829 4769 ii
2880 4718 2968 4787 qui
2999 4732 3226 4788 corpore
3274 4721 3445 4776 mutili
3471 4736 3533 4775 ac
3555 4723 3721 4777 vitiati
3758 4731 3918 4782 male

2309 4806 2471 4861 olent.
2491 4806 2582 4861 Ille
2610 4822 2837 4876 namque
2865 4810 3084 4863 morbus
3110 4810 3177 4864 ab
3202 4813 3545 4881 :rgrissensn
3578 4816 3918 4885 percipitur,

2309 4895 2545 4966 nihilque
2563 4896 2857 4965 culpandus
2881 4911 2982 4963 est,
3009 4901 3117 4954 imo
3132 4901 3293 4955 etiam
3314 4913 3397 4957 est
3417 4905 3921 4966 commiseratione

2308 4989 2538 5057 dignus;
2594 4990 2680 5044 hic
2728 5006 2857 5045 vero
2908 4992 3127 5049 morbus
3152 4993 3227 5048 ira
3266 5004 3321 5050 et
3352 4997 3605 5054 vindicta.
3632 4999 3926 5069 Quoniam

2305 5095 2431 5151 ergo
2458 5080 2573 5137 haec
2597 5084 2841 5153 graviora
2874 5092 3019 5151 sunt,
3052 5100 3173 5140 cum
3200 5103 3433 5145 mastme
3458 5107 3601 5163 :cger
3635 5093 3758 5165 ipse
3790 5111 3926 5152 ma-

2309 5174 2415 5227 lttm
2437 5190 2542 5228 non
2570 5176 2751 5241 sentit,
2781 5186 2839 5231 ut
2867 5188 3160 5246 oporteret,
3178 5182 3525 5251 age,intento
3545 5184 3667 5239 audi
3689 5188 3923 5257 animo,

2307 5271 2441 5319 utte
2482 5266 2654 5320 morbi
2706 5267 2997 5335 perniciem
3029 5268 3271 5325 doceam.
3322 5270 3503 5327 Primo
3550 5285 3729 5329 autem
3783 5282 3924 5337 audi

2303 5348 2427 5425 quid
2459 5356 2732 5426 psallendo
2757 5356 2902 5411 dicas
2926 5376 2941 5414 :
2975 5356 3239 5431 Dirigalur
3262 5363 3425 5416 oratio
3446 5380 3556 5417 mea
3578 5367 3707 5419 sicut
3728 5370 3929 5427 inm.

2301 5462 2411 5499 sum
2464 5450 2516 5500 in
2544 5458 2814 5516 conspectu
2851 5458 2937 5503 tuo
2960 5448 2978 5515 (
3001 5448 3148 5503 Psal.
3176 5452 3301 5508 HO.
3330 5453 3366 5507 Ξ
3388 5454 3431 5525 ).,
3455 5454 3588 5510 Cum
3636 5471 3779 5529 ergo
3804 5479 3925 5519 non

2303 5536 2599 5604 incensum,
2631 5538 2726 5593 sed
2755 5552 2783 5593 a
2827 5548 2880 5595 te
2918 5548 2971 5595 et
2997 5555 3025 5594 a
3052 5543 3217 5611 gestis
3245 5544 3348 5599 tuis
3378 5546 3517 5600 male
3539 5547 3692 5603 olens
3720 5549 3926 5611 fumus

2300 5627 2570 5695 ascendit,
2599 5644 2756 5697 quam
2790 5646 2897 5685 non
2943 5632 3168 5688 tuereris
3209 5633 3503 5691 ultionem?
3532 5636 3672 5705 Quid
3693 5654 3785 5697 est
3820 5644 3925 5703 ille

2368 5740 2445 5804 (η)
2474 5740 2700 5806 sepulcra
2722 5744 2769 5792 in
2792 5743 2997 5795 urbibus
3013 5747 3434 5800 consumebantur.
