4174 6332
245 385 342 438 αττ

243 501 379 554 male
408 500 560 554 oleas
588 497 952 553 futuu5?Multi
971 498 1695 568 ingrcdiuntnr,quil'ot‘tuas
1718 514 1840 552 mn-

241 590 432 645 lierum
478 590 944 659 circumspiciunt;
997 590 1212 658 aliique,
1253 593 1340 658 ψιὶ
1391 606 1675 658 puerorum
1724 605 1846 659 spe-

237 683 375 735 ciem
431 680 695 736 curiosius
749 690 1012 750 spectant.
1066 683 1259 734 Annon
1307 683 1540 742 miraris.
1575 682 1844 750 quomodo

237 772 456 826 t‘ntmtna
511 790 617 826 non
673 773 957 841 iaciantur,
1019 789 1113 827 nec
1169 775 1347 828 omnia
1405 790 1432 827 a
1481 773 1842 828 fundamentis

232 867 585 920 evertuntur?
627 866 756 920 Nam
793 866 950 937 digna
1001 878 1125 922 sunt
1180 869 1264 922 illa
1312 869 1622 923 fulminibus
1671 879 1842 940 etgc-

235 955 414 1010 henna
445 976 458 1011 .'
490 958 582 1013 sed
618 959 776 1022 Deus,
831 960 1037 1029 patiens
1081 971 1135 1015 et
1188 962 1366 1016 multae
1420 961 1827 1024 misericordiae,

231 1047 372 1102 iram
404 1065 552 1103 suam
591 1050 802 1116 retinet,
837 1059 895 1104 ιιι
921 1050 986 1104 ad
1020 1052 1388 1127 pmnitentiam
1418 1062 1470 1106 ct
1502 1052 1839 1107 emendatio-

230 1155 360 1193 nem
391 1149 440 1194 le
460 1139 706 1195 adducat.
734 1140 868 1208 Quid
898 1140 1052 1208 facis,
1077 1142 1272 1197 homo?
1296 1146 1518 1198 ferulam
1552 1143 1835 1199 mulierum

234 1231 452 1283 curiose
483 1232 726 1300 respicis,
760 1241 808 1286 et
848 1248 952 1285 non
987 1233 1254 1290 horrescis
1287 1244 1427 1288 tanta
1458 1236 1716 1305 templum
1745 1236 1836 1305 Dei

229 1319 479 1374 afﬁciens
523 1324 886 1377 contumelia?
916 1339 982 1378 an
1027 1326 1379 1394 prostibulum
1411 1341 1530 1382 esse
1561 1336 1714 1396 putas
1743 1342 1834 1383 ec-

228 1413 474 1477 clesiam,
509 1424 560 1469 ct
593 1417 705 1468 forti
735 1416 847 1484 ipso
881 1415 1293 1486 ignobiliorcm?
1325 1419 1377 1471 lu
1407 1418 1830 1487 forocrubescis,

227 1517 299 1555 ne
351 1503 576 1557 videaris
629 1507 906 1560 mulierem
948 1509 1160 1564 curiose
1208 1522 1454 1578 spectare
1485 1529 1497 1564 :
1533 1512 1583 1566 in
1632 1513 1833 1582 templo

225 1603 410 1648 autent
467 1595 579 1658 Dei,
631 1597 755 1650 dum
813 1598 948 1652 Deus
993 1600 1104 1668 ipse
1149 1610 1320 1655 tecum
1352 1601 1601 1671 loquitur,
1633 1603 1833 1673 tibique

223 1685 367 1738 circa
401 1702 514 1741 rem
562 1689 699 1742 hanc
740 1691 1117 1755 comminatur,
1159 1691 1436 1747 fornicaris
1464 1702 1517 1747 et
1545 1693 1832 1749 tnmcharis

225 1777 416 1833 eodem
447 1789 708 1848 tempore,
737 1799 840 1850 quo
864 1783 1016 1838 audis
1045 1784 1112 1838 ab
1141 1785 1220 1838 his
1244 1801 1363 1839 esse
1391 1787 1773 1841 abstinendum
1812 1803 1825 1840 :

223 1884 400 1940 neque
430 1870 717 1940 horrescis,
745 1891 914 1945 neque
942 1876 1157 1945 stupes?
1187 1877 1309 1932 "tlIC
1343 1893 1435 1931 vos
1465 1879 1658 1933 docent
1681 1879 1832 1936 thea-

223 1965 618 2031 tralascivite,
671 1969 835 2036 pestis
876 1970 962 2024 illa
1013 1979 1199 2026 euratu
1258 1971 1511 2037 difficilis,
1567 1984 1828 2030 venenata

222 2057 534 2124 pharmaca,
568 2072 759 2126 graves
803 2061 876 2113 illi
930 2061 1149 2116 irretitis
1181 2063 1378 2133 laquei,
1404 2064 1719 2133 voluptuosa
1750 2065 1827 2120 la-

220 2147 511 2204 sciviorum
546 2153 831 2219 pernicies.
857 2152 1060 2209 Idcirco
1090 2157 1339 2211 incusans
1369 2158 1629 2226 propheta
1675 2158 1826 2214 diee-
1868 2195 1874 2200 -

222 2239 314 2293 bat
348 2257 361 2294 :
399 2239 575 2312 Neque
603 2244 736 2297 oculi
766 2246 858 2308 tui,
890 2263 980 2300 nec
1024 2264 1112 2300 cor
1151 2259 1290 2302 mum
1331 2251 1518 2304 bonum
1565 2261 1636 2305 est
1669 2251 1823 2318 (Jer.

218 2332 310 2385 22.
349 2334 472 2404 i7).
500 2336 686 2392 Melius
710 2348 853 2392 esset
881 2339 1180 2409 huiusmodi
1213 2343 1457 2398 homines
1479 2359 1598 2399 esse
1617 2359 1823 2412 cmcos;

217 2425 415 2480 melius
444 2437 492 2483 et
525 2444 698 2499 ωδε-οε
720 2446 862 2494 esse,
889 2447 1046 2502 quam
1078 2435 1142 2489 ad
1166 2434 1300 2490 hanc
1328 2452 1442 2491 rem
1462 2438 1631 2510 oculis
1652 2438 1819 2492 abuti.

217 2513 506 2583 Oporteret
539 2521 721 2591 utique
742 2523 890 2578 intus
921 2539 1040 2580 esse
1071 2541 1298 2591 murum,
1330 2531 1418 2598 qui
1452 2544 1546 2583 vos
1575 2545 1604 2583 a
1636 2531 1824 2586 mulie—

216 2608 369 2664 ribus
399 2617 762 2682 sequestrat'ct
798 2634 810 2669 :
837 2617 960 2686 quia
987 2633 1117 2674 vero
1145 2617 1196 2674 id
1230 2636 1332 2675 non
1365 2623 1544 2687 vultis,
1578 2637 1826 2680 necessa-

215 2701 357 2753 rium
389 2718 510 2759 esse
541 2717 792 2776 putarunt
835 2718 1012 2778 patres
1061 2713 1251 2774 nostri,
1294 2723 1349 2766 ut
1396 2713 1588 2768 saltem
1635 2715 1824 2786 ligneis

215 2786 413 2842 tabulis
445 2804 538 2844 vos
564 2805 942 2860 separarcmus
975 2795 1048 2866 (α)
1086 2814 1098 2849 :
1137 2812 1256 2851 nam
1310 2813 1336 2850 a
1392 2799 1694 2854 senioribus
1723 2817 1822 2872 ego

212 2876 416 2942 audivi,
444 2879 594 2934 initio
617 2881 716 2936 hos
747 2886 977 2954 parietes
1001 2903 1103 2939 non
1137 2886 1320 2943 fuisse.
1351 2889 1415 2943 in
1442 2891 1644 2947 Christo
1687 2896 1819 2946 enim

212 2968 341 3021 ἐστι
364 2985 464 3023 non
492 2982 563 3026 est
593 2990 698 3029 mas
724 2993 878 3046 neque
905 2979 1093 3047 {catino
1121 2979 1276 3051 (Gul.
1298 2983 1347 3036 5.
1376 2982 1504 3052 28).
1539 2987 1821 3058 Apostolu-

213 3076 335 3115 rum
364 3079 575 3135 quoque
600 3077 841 3137 tempore
868 3086 968 3124 una
998 3073 1092 3124 viri
1126 3083 1178 3126 et
1208 3075 1459 3132 mulieres
1490 3088 1661 3132 erant.
1687 3079 1816 3133 Nam

211 3159 342 3206 tunc
373 3154 469 3208 viri
499 3171 626 3214 vere
653 3159 749 3212 viri
776 3168 949 3226 erant,
981 3172 1033 3216 et
1061 3164 1333 3231 mulieres,
1364 3168 1614 3224 mulieres
1640 3188 1651 3199 ·
1678 3186 1818 3225 nunc

210 3260 341 3300 vero
366 3261 574 3312 contra,
614 3252 865 3309 mulieres
911 3257 1250 3313 meretricum
1281 3259 1379 3313 sibi
1407 3276 1582 3315 mores
1611 3277 1818 3318 assum-

207 3350 458 3405 pserunt.
487 3342 585 3398 viri
609 3353 785 3400 autem
807 3346 874 3400 ab
896 3349 1046 3417 equis
1067 3348 1365 3407 furentibus
1387 3351 1516 3406 nihil
1539 3353 1811 3414 differunt.

204 3427 327 3484 Non
361 3433 606 3502 audistis,
655 3448 1007 3510 congregatos
1061 3443 1110 3495 in
1159 3445 1436 3498 ctenacnlo
1476 3444 1642 3502 fuisse
1671 3449 1814 3504 viros

203 3537 268 3577 ac
311 3525 584 3591 mulieres,
637 3529 888 3600 illumque
933 3542 1130 3587 cretum
1184 3535 1330 3589 cazlis
1380 3536 1596 3607 dignum
1645 3541 1813 3597 fuisse

201 3613 355 3680 (Act.
390 3617 439 3669 L
470 3618 553 3671 15.
579 3619 721 3688 l4)?
750 3621 814 3674 Et
840 3621 961 3690 jure
991 3625 1244 3694 quidem:
1280 3630 1442 3680 multa
1468 3631 1608 3683 enim
1634 3631 1809 3700 philo-

200 3706 395 3774 SOpbia
426 3719 550 3764 tunc
573 3713 823 3768 mulieres
849 3715 1120 3770 instructae
1147 3728 1320 3783 erant,
1344 3730 1396 3775 et
1425 3722 1519 3774 viri
1547 3725 1806 3778 modestia

198 3807 367 3866 atque
394 3801 658 3856 castitate.
708 3804 903 3860 Audite
954 3807 1096 3860 enim
1157 3824 1403 3878 purpurae
1456 3813 1803 3869 vcnditriccm

198 3888 474 3946 dicentem
508 3910 520 3944 :
554 3892 614 3949 Si
651 3896 850 3963 ﬁdelem
879 3915 957 3952 me
1006 3898 1220 3953 Domino
1262 3903 1571 3974 judicastis,
1624 3909 1806 3962 intrate

195 3979 248 4032 iu
279 3981 490 4036 domum
521 4002 719 4052 nteant,
762 3999 812 4060 le!
861 4002 1056 4045 manete
1107 3995 1245 4062 apud
1295 4013 1372 4049 me
1402 3995 1548 4066 (Act.
1579 4000 1666 4054 46.
1711 4002 1796 4056 15.

195 4084 241 4126 et
276 4075 365 4130 13.
404 4077 524 4150 i8).
565 4079 764 4139 Audite
785 4083 1067 4149 mulieres,
1115 4102 1234 4153 qtue
1288 4089 1426 4142 virili
1483 4092 1662 4146 animo
1721 4096 1800 4150 in-

167 4174 426 4222 .struetze
452 4170 752 4227 circuibant
802 4189 922 4228 cum
968 4178 1258 4245 apostolis,
1314 4179 1604 4236 l‘risci'tam
1627 4224 1641 4247 ,
1671 4185 1796 4240 l’er-

193 4254 374 4311 sidem
402 4268 456 4312 et
484 4260 614 4314 alias
657 4261 850 4332 (Rom.
884 4264 968 4318 16.
1015 4265 1124 4335 l2)
1163 4285 1176 4320 :
1206 4282 1233 4318 a
1263 4269 1453 4337 quibus
1481 4282 1685 4329 tantum
1711 4276 1794 4330 di-

189 4359 338 4404 stant
389 4351 664 4409 hodiernae
707 4356 959 4411 mulieres
981 4401 994 4424 ,
1027 4371 1284 4428 quantum
1315 4363 1412 4416 viri
1443 4379 1470 4417 a
1504 4366 1631 4421 viris
1665 4368 1789 4424 illis.

263 4443 319 4495 4.
348 4440 626 4498 Mulierum
656 4463 764 4500 sua:
787 4450 948 4502 (etatis
978 4452 1268 4514 vanitatem,
1300 4455 1550 4509 connubia
1594 4475 1686 4525 pro
1703 4477 1792 4528 pe-

187 4532 358 4592 cuniis
387 4535 729 4604 adipiscendis
755 4549 901 4608 pacta
923 4581 937 4605 ,
968 4550 1014 4592 et
1045 4539 1394 4596 Parasitorum
1423 4561 1586 4600 mores
1610 4550 1789 4602 redar-

185 4626 298 4695 guil
329 4625 744 4698 Clu-ysostomus.
769 4661 840 4672 —
860 4631 1176 4690 Tunc-enim
1205 4637 1449 4704 quamvis
1482 4642 1791 4710 peregrina-

187 4727 402 4779 rentur,
431 4719 481 4773 id
511 4718 627 4776 sine
655 4721 807 4776 fama:
834 4722 1156 4780 detrimento
1181 4735 1298 4780 erat
1323 4744 1335 4790 ;
1364 4744 1502 4783 nunc
1532 4741 1708 4786 autem
1736 4735 1786 4788 in

183 4809 307 4878 ipso
347 4811 583 4868 thalamo
617 4817 863 4870 enutritae
910 4818 992 4871 vix
1033 4818 1189 4874 talem
1229 4819 1487 4889 etiugiunt
1521 4828 1785 4894 suSpicio-

182 4916 336 4954 nem.
371 4900 498 4957 "me
540 4919 698 4972 porro
736 4906 803 4962 ab
833 4909 1110 4962 ornatibus
1152 4917 1206 4965 et
1245 4925 1273 4963 a
1316 4912 1522 4968 deliciis
1568 4917 1784 4986 prolici-

176 5003 430 5046 seuntur.
462 4993 613 5049 Tune
637 4997 849 5051 illarum
879 5013 1012 5066 Opus
1038 5010 1170 5066 erat,
1195 5003 1628 5070 prmdicationem
1661 5023 1783 5076 pro-

177 5083 419 5152 pagare;
453 5101 592 5141 nunc
618 5097 795 5142 autem
824 5090 871 5143 id
901 5102 1088 5144 curant
1112 5101 1169 5146 ut
1199 5093 1444 5149 formose
1474 5107 1526 5151 et
1547 5102 1780 5168 pulchra:

174 5175 481 5230 videantur.
518 5177 628 5232 lloe
669 5180 771 5234 illis
813 5181 1019 5251 gloria,
1067 5182 1166 5237 hoc
1209 5184 1311 5239 illis
1341 5188 1485 5242 salus
1507 5201 1620 5254 est;
1659 5210 1779 5247 nam

176 5267 244 5321 de
274 5271 488 5339 magnis
516 5273 894 5341 prreclarisque
923 5276 1088 5344 gestis
1129 5292 1195 5330 ne
1242 5293 1334 5346 per
1360 5282 1623 5335 somnium
1657 5288 1774 5353 qui.

172 5359 296 5412 dem
330 5370 538 5416 curant.
575 5363 706 5429 Qum
737 5366 927 5420 mulier
965 5383 1030 5421 co
1056 5369 1232 5423 studia
1263 5373 1490 5426 contulit
1513 5386 1568 5428 ιιι
1595 5378 1773 5433 virum

169 5449 376 5505 taceret
418 5455 738 5510 meliorem?
766 5459 853 5526 qui
899 5460 977 5512 vir
997 5475 1112 5513 eam
1143 5461 1324 5516 habuit
1360 5465 1772 5524 Sollicitudinem

169 5551 227 5594 ut
257 5558 484 5599 uxorem
525 5548 1074 5605 emendaret?1\iemo
1117 5565 1296 5608 certe:
1344 5557 1436 5610 sed
1471 5561 1619 5612 uxori
1670 5578 1770 5615 una

161 5775 288 5884 ba(a‘)
332 5775 560 5830 Mulieres
582 5783 805 5833 avirism
834 5784 1044 5836 ecclesia
1073 5790 1249 5841 tabulis
1273 5790 1454 5853 ligneis
1477 5809 1765 5860 sequestra-

225 5848 254 5881 ιι
286 5849 359 5884 nr.

225 5848 359 5886 ιῑιιιτ.

522 5939 799 6001 Puncta
853 5941 969 6002 Cn.
1032 5944 1238 6005 LVlll.

1113 387 1178 443 IN
1219 386 1622 444 MATTHASLEM
1667 384 1895 441 llOMiL.
1943 383 2178 439 LXXI”.
2219 383 2291 439 al.
2333 383 2569 439 LXXIV.

3449 394 3552 451 678

1956 513 2082 553 cura
2111 498 2176 551 de
2203 500 2382 554 aureis
2412 505 2711 567 ornatibus,
2733 503 2800 558 de
2832 507 3068 563 vestibus
3093 512 3129 572 ',
3151 511 3324 580 deque
3352 520 3564 573 caeteris

1951 591 2015 644 ad
2045 593 2285 660 corporis
2314 578 2562 648 ornatum
2596 598 2998 665 Spectantibus,
3022 614 3183 673 atque
3214 617 3270 661 ut
3299 622 3432 677 opes
3463 627 3560 664 au-

1948 691 2212 749 geantur;
2243 683 2358 736 viro
2389 693 2569 738 autem
2615 695 2670 740 et
2706 685 2822 743 hmc
2869 700 3138 758 postrema
3179 705 3234 750 et
3276 698 3396 753 alite
3443 703 3560 770 pln-

1949 773 2098 824 rimm
2127 789 2269 827 cura:
2301 784 2460 841 sunt,
2486 792 2782 848 omnesque
2821 784 3129 838 sxccutares.
3172 785 3301 854 Quis
3332 806 3558 847 uxorem

1947 864 2239 929 duc-turus,
2270 883 2449 922 mores
2476 879 2530 922 ct
2562 870 2934 926 educationem
2979 877 3170 945 puelhu
3211 882 3557 950 exploravit"

1947 956 2150 1020 Nemo;
2182 958 2287 1013 sed’
2306 959 2374 1014 de
2401 963 2642 1030 pecuniis
2674 972 2877 1018 tantum
2905 969 3184 1036 quaeritur,
3216 970 3283 1025 de
3313 975 3552 1043 pt'atdiis,

1945 1048 2118 1117 deque
2148 1050 2408 1105 bonorum
2435 1054 2713 1115 varietate.
2746 1071 2808 1111 ac
2836 1058 2879 1112 si
2911 1058 3036 1128 quid
3067 1069 3348 1131 emptizrus
3377 1077 3552 1134 esset,

1945 1149 2037 1193 aut
2062 1141 2128 1195 de
2161 1147 2566 1210 permutatione~
2593 1148 2840 1216 quapiam
2875 1160 3141 1220 ageretur.
3191 1154 3421 1226 ideoque
3454 1160 3554 1217 hoc

1946 1234 2163 1288 nomine
2189 1237 2514 1290 connuhimn
2549 1230 2759 1292 vetant.
2779 1239 2972 1296 Multos
2989 1243 3131 1298 enim
3159 1246 3336 1300 audivi
3367 1238 3554 1304 dicen-

1947 1334 2027 1379 tes
2051 1367 2064 1388 ,
2101 1325 2428 1382 Pcrtnntavit
2472 1328 2556 1383 hic
2583 1346 2703 1384 cum
2747 1331 2858 1407 illa,
2890 1333 2940 1386 id
2969 1345 3070 1400 est,
3095 1337 3246 1391 duxit
3275 1339 3442 1393 illam.
3477 1341 3552 1398 lla

1942 1417 2077 1471 dona
2112 1419 2200 1472 Dt-i
2232 1421 2569 1490 vituperant,
2599 1431 2761 1492 atque
2787 1441 2850 1479 ac
2877 1426 2923 1480 si
2956 1410 3250 1485 tenderent
3279 1446 3553 1489 cmcrcut-

1941 1525 2044 1579 que
2070 1553 2083 1574 ,
2115 1512 2190 1563 sic
2219 1511 2418 1566 ducunt
2447 1524 2497 1568 et
2525 1515 2816 1570 ducuntur.
2861 1517 3140 1590 Rescripta
3190 1526 3314 1578 vero
3361 1527 3551 1596 majori

1940 1601 2190 1654 cautione
2217 1617 2351 1669 opus
2379 1601 2575 1659 habent
2599 1607 2638 1671 ⁸,
2671 1622 2831 1676 quam
2861 1611 2902 1663 si
2933 1609 3001 1665 de
3030 1613 3257 1669 venditis
3275 1627 3328 1672 et
3355 1620 3552 1690 emptis

1938 1706 2203 1760 ageretur.
2240 1697 2436 1752 Discite
2464 1715 2569 1767 quo
2597 1711 2755 1769 pacto
2777 1710 2992 1759 veteres
3023 1722 3216 1782 uxores
3245 1711 3506 1768 ducerent
3532 1757 3546 1778 ,

1940 1782 2167 1854 illosque
2204 1787 2506 1850 imitamini.
2552 1789 2832 1858 Quomodo
2869 1810 3000 1865 ergo
3048 1815 3242 1856 uxores
3279 1803 3548 1862 ducebant

1938 1873 2051 1929 illi?
2080 1876 2259 1931 B:ttlt:S
2300 1894 2482 1936 mores
2527 1892 2582 1936 et
2624 1884 2859 1939 indolem
2891 1890 3206 1958 qua-rcltant
3229 1936 3243 1957 ,
3278 1897 3548 1969 animique

1938 1967 2209 2023 virtutem.
2244 1971 2474 2043 Ideoque
2518 1976 2738 2046 scriptis
2777 1997 2912 2045 opus
2951 1999 3056 2036 non
3105 1985 3406 2056 habebant,
3438 1967 3545 2047 non

1935 2057 2120 2114 charta
2146 2103 2160 2125 ,
2207 2079 2310 2117 non
2358 2074 2702 2124 atramento:
2738 2085 2950 2140 sponsa:
2980 2093 3157 2132 mores
3193 2082 3324 2134 Satis
3350 2095 3497 2138 erant
3528 2127 3542 2150 ,

1934 2152 2284 2223 omniumque
2317 2155 2492 2211 locum
2543 2161 2818 2216 tenebant.
2856 2164 2960 2221 Vos
3001 2183 3130 2241 ergo
3170 2174 3435 2244 obsecro,
3478 2196 3545 2235 ne

1936 2245 2190 2311 pecunias
2209 2287 2222 2310 ,
2255 2262 2322 2302 nc
2346 2242 2480 2318 opes
2501 2255 2755 2320 qumratis
2777 2297 2791 2320 ,
2824 2257 2918 2311 sed
2952 2274 3151 2331 mores,
3180 2266 3499 2325 modestiam
3524 2314 3540 2340 ,

1936 2334 2209 2403 pietatem,
2241 2339 2612 2413 philosotibam
2646 2348 2874 2414 puellam
2906 2368 2918 2412 ;
2948 2361 3002 2406 et
3036 2355 3149 2410 haec
3183 2362 3350 2430 magis
3379 2334 3539 2433 quam

1933 2425 2079 2481 mille
2114 2429 2349 2487 thesauri
2376 2434 2531 2490 vobis
2554 2437 2868 2507 proderunt.
2901 2442 2955 2498 Si
2985 2462 3103 2513 qum
3127 2448 3216 2504 Dei
3244 2425 3370 2509 sunt
3396 2425 3542 2527 qum-

1931 2533 2055 2586 ras,
2088 2523 2200 2578 lucc
2230 2541 2445 2598 quoque
2483 2531 2573 2584 tibi
2608 2532 2910 2603 addentur;
2945 2539 2987 2591 si
3021 2556 3145 2595 vero
3183 2544 3288 2601 illis
3340 2523 3540 2608 relictis

1929 2612 1997 2667 ad
2029 2613 2143 2670 lucc
2172 2629 2375 2673 tantum
2398 2635 2605 2688 curras,
2633 2641 2807 2696 neque
2829 2626 2944 2684 haec
2964 2645 3275 2703 sequentur.
3305 2642 3408 2697 Sed
3429 2644 3537 2716 ille,

1932 2706 2162 2777 inquies,
2196 2711 2264 2766 ab
2292 2730 2458 2771 uxore
2478 2717 2678 2772 ditatus
2695 2729 2800 2775 est.
2820 2722 2937 2778 Non
2963 2734 3013 2782 te
3041 2728 3202 2797 pudet
3230 2735 3343 2790 hare
3364 2706 3538 2795 excto:

1932 2802 2012 2868 pla
2043 2802 2290 2860 referre?
2319 2808 2512 2865 Multos
2542 2812 2723 2868 audivi
2754 2815 3018 2884 dicentes,
3050 2821 3270 2881 Mallem
3297 2841 3536 2891 extrema

1929 2906 2244 2963 pauperzate
2266 2897 2536 2969 laborare,
2558 2921 2717 2974 quam
2746 2909 2814 2963 ab
2837 2926 3004 2968 uxore
3029 2914 3210 2972 ditari.
3231 2920 3368 2989 Quid
3390 2926 3535 2983 enim

1929 2983 2201 3042 insuavius
2232 2991 2337 3045 illis
2372 2994 2612 3051 divitiis?
2651 3000 2780 3069 quid
2807 3007 3046 3061 amarius
3089 3008 3190 3067 bac
3219 2983 3536 3084 opulentia?

1927 3078 2050 3146 quid
2085 3083 2290 3151 turpius
2311 3101 2468 3154 quam
2499 3088 2761 3160 insignem
2794 3093 2896 3150 hoc
2923 3100 3086 3154 modo
3115 3078 3268 3167 esse;
3292 3108 3360 3164 ita
3393 3122 3446 3166 ut
3466 3115 3535 3171 ab

1924 3171 2180 3226 omnibus
2211 3173 2451 3243 dicatur,
2485 3179 2579 3234 ille
2611 3183 2677 3235 ab
2710 3199 2878 3242 uxore
2922 3188 3162 3260 loeuples
3204 3195 3376 3255 factus
3413 3206 3536 3260 est!

1924 3260 2168 3320 lntcrnas
2211 3268 2354 3322 enim
2397 3279 2453 3325 et
2492 3272 2820 3333 domesticas
2860 3282 3136 3341 molestias
3177 3299 3327 3347 taceo
3351 3334 3367 3360 ,
3401 3311 3533 3367 quas

1923 3357 2047 3414 inde
2084 3361 2212 3415 oriri
2261 3377 2486 3422 necesse
2533 3376 2656 3436 est;
2707 3372 2949 3432 mulieris
2997 3357 3530 3454 arrogantiam,'viri

1921 3452 2230 3509 servitutem
2260 3498 2271 3518 ,
2305 3473 2529 3528 pugnas,
2563 3477 2842 3520 servorum
2868 3471 3142 3540 convicia,
3178 3476 3472 3540 dicentium
3505 3504 3520 3540 :

1921 3543 2147 3615 Pauper,
2168 3564 2458 3619 pannosus,
2477 3553 2724 3623 ignobilis
2741 3574 2803 3615 ex
2823 3561 3146 3631 ignobilibus
3164 3585 3177 3634 ;
3193 3572 3319 3640 quid
3344 3574 3528 3633 habuit

1916 3637 2129 3705 quando
2145 3641 2501 3698 venit?annon
2518 3650 2694 3702 omnia
2711 3662 2832 3717 sunt
2845 3652 3104 3714 dominae?
3116 3637 3225 3716 Sed
3237 3662 3350 3720 lucc
3367 3663 3526 3726 verba

1916 3729 2045 3782 nihil
2077 3745 2234 3787 curas
2264 3753 2275 3786 ;
2312 3750 2487 3806 neque
2514 3743 2657 3794 enim
2687 3742 2826 3799 liber
2850 3761 2930 3802 es.
2959 3748 3096 3806 Nam
3119 3763 3175 3809 et
3197 3761 3413 3826 parasiti
3441 3763 3524 3819 his

1912 3822 2180 3878 deteriora
2209 3828 2453 3896 audiunt,
2492 3848 2664 3903 neque
2693 3835 2814 3891 ideo
2841 3839 3048 3908 dolent,
3080 3848 3175 3902 sed
3197 3822 3370 3907 etiam
3399 3857 3518 3925 gloa

1911 3916 2118 3969 riantur
2145 3917 2215 3973 de
2243 3917 2548 3989 hujusmodi
2577 3925 2862 3984 dedecore.
2897 3934 2972 3986 Ac
3001 3951 3122 3991 cum
3152 3939 3204 3994 id
3232 3942 3363 4012 ipsis
3389 3916 3519 4004 dici.

1910 4023 2029 4062 mus
2055 4051 2069 4074 ,
2105 4010 2186 4064 Sit
2212 4013 2340 4066 mihi
2364 4057 2376 4078 ,
2411 4015 2677 4086 inquiunt,
2710 4022 2835 4092 quid
2858 4024 3013 4083 dulce
3043 4040 3093 4085 et
3116 4010 3433 4106 jucundum,
3460 4056 3516 4098 et

1861 4175 1867 4181 '
1907 4101 2134 4158 suil‘ocet
2161 4121 2268 4160 me.
2301 4106 2345 4161 Ο
2373 4107 2687 4167 diabolum!
2730 4131 2849 4185 quae
2893 4124 3176 4189 proverbia
3220 4129 3310 4186 ille
3352 4101 3515 4192 inivi-

1908 4203 2013 4248 tam
2052 4196 2328 4254 hominum
2363 4202 2574 4270 intulit,
2604 4209 2796 4276 quibus
2838 4223 2946 4268 tota
2994 4219 3182 4275 talium
3229 4223 3507 4288 hominum

1905 4290 2009 4342 vita
2041 4294 2206 4359 possit
2233 4297 2400 4351 everti
2425 4299 2438 4352 t
2467 4298 2743 4370 Perpende
2777 4320 2905 4376 ergo
2937 4309 3067 4366 illud
3097 4315 3417 4379 diabolicum
3445 4342 3508 4384 ac

1903 4384 2186 4439 exitiosum
2214 4387 2413 4444 dictum
2440 4431 2455 4457 ,
2487 4405 2685 4462 quanta
2716 4396 2785 4450 sit
2812 4401 3049 4466 pernicie
3080 4407 3296 4475 plemun
3320 4457 3333 4470 .
3364 4416 3508 4474 Nihil

1903 4477 2047 4532 enim
2070 4480 2213 4533 aliud
2241 4481 2390 4546 dicit,
2424 4501 2582 4554 quam
2610 4486 2723 4542 luce
2751 4492 2911 4546 verba
2939 4512 2950 4547 :
2979 4495 3130 4551 Nulla
3164 4503 3254 4558 tibi
3287 4507 3465 4564 decori
3491 4557 3507 4581 ,

1901 4571 2041 4626 nulla
2073 4573 2162 4628 tibi
2187 4575 2409 4644 justitite
2438 4579 2508 4633 sit
2555 4582 2726 4636 ratio:
2763 4583 2881 4640 haec.
2929 4591 3104 4644 omnia
3136 4595 3456 4664 {liljiCii-Hltll‘

1900 4683 2057 4720 unam
2093 4679 2296 4723 tantum
2326 4688 2509 4741 quaire
2537 4676 2887 4745 voluptatem.
2923 4682 3142 4741 Etiamsi
3176 4698 3228 4744 te
3265 4709 3349 4748 res
3381 4697 3499 4754 lucc

1895 4757 2168 4814 sull‘ocarit
2192 4804 2206 4827 ,
2241 4763 2330 4815 tibi
2379 4767 2630 4833 0;tltl|)ilis
2660 4769 2767 4835 sit;
2796 4772 3004 4829 etiamsi
3033 4792 3221 4836 omnes
3262 4787 3402 4842 obvii
3449 4801 3500 4847 te

1895 4864 2212 4921 conspuant,
2239 4856 2444 4910 etiamsi
2479 4859 2643 4913 lutum
2667 4861 2796 4916 inos
2821 4864 3083 4936 ingerant,
3109 4872 3207 4926 etsi
3234 4885 3291 4930 ut
3309 4894 3496 4936 canem

1896 4944 2097 5010 pellunt
2121 4988 2134 5007 ,
2167 4949 2345 5002 omnia
2372 4949 2532 5007 feras.
2569 4952 2772 5024 Ecquid
2803 4957 2947 5013 aliud
2974 4961 3207 5020 dixerint
3239 4973 3418 5038 porci,
3454 4979 3499 5031 si

1893 5036 2032 5105 loqui
2057 5039 2308 5102 possent?
2329 5041 2454 5109 quid
2487 5043 2677 5111 impuri
2702 5051 2896 5103 canes?
2922 5050 3106 5123 Neque
3132 5036 3357 5117 fortasse
3378 5036 3500 5124 talia

1889 5128 2258 5197 lorpterentnr,
2287 5135 2458 5203 qualia
2488 5135 2735 5193 diabolus
2755 5141 2957 5199 rabidis
2990 5156 3494 5215 "OlllllllbUSdlCt‘rC

1888 5229 2074 5280 suasit.
2107 5228 2395 5297 Propterea
2438 5234 2696 5302 obsecro,
2732 5247 2790 5291 nt
2820 5240 3002 5296 talium
3053 5246 3338 5304 verborum
3388 5255 3493 5308 im-

1891 5319 2193 5385 pudentiam
2223 5325 2626 5380 considerantes
2650 5371 2664 5391 ,
2706 5326 2823 5385 hate
2856 5338 3135 5399 proverbia
3172 5339 3405 5411 fugiatis,
3439 5359 3492 5401 et

1886 5410 1967 5464 his
1991 5415 2259 5468 contraria
2304 5433 2363 5470 ex
2405 5419 2697 5491 Scripturjs
2722 5423 2988 5496 deligatis.
3024 5430 3152 5499 Qua:
3199 5445 3327 5491 sunt
3361 5440 3444 5493 illa
3474 5443 3494 5493 ?

1885 5499 1968 5555 Nc
1991 5503 2219 5559 ambules
2248 5518 2360 5577 post
2389 5513 2820 5581 concupiscentia:
2847 5521 3037 5575 animm
3062 5533 3162 5576 tua:
3181 5566 3196 5591 ,
3226 5539 3272 5579 et
3294 5534 3492 5598 appeti-

1888 5619 1962 5725 ,η’
1990 5615 2085 5665 Alii
2111 5617 2308 5678 habent,
2329 5621 2393 5671 de
2415 5621 2579 5674 aureis
2603 5627 2876 5692 ornatibus,
2904 5631 2965 5682 de
2997 5635 3227 5698 gemmis,
3245 5647 3308 5691 de
3345 5636 3497 5692 cesti-

1888 5691 1910 5724 ι]
1946 5695 1984 5725 δ.

1882 5691 1984 5727 ωιδ.

1945 5743 1961 5770 ³
1987 5748 2129 5813 tosta
2157 5750 2358 5815 .textum
2383 5747 2814 5824 Savil._legcndum
2841 5765 2976 5806 esset
3002 5772 3110 5808 cum
3134 5767 3340 5824 Georgio
3367 5763 3484 5811 Τνη-

1881 5814 2107 5886 [nuntio
2155 5814 2447 5878 interprete,
2473 5814 2802 5886 stipulationes
2840 5830 3027 5882 quoque
3067 5814 3344 5886 nuptiarum
3384 5839 3486 5877 nut-

1868 5866 1982 5930 ]·)ι·ε’
2017 5868 2168 5920 usit/ti
2185 5884 2195 5913 .'
2215 5866 2517 5932 coutplmuttt.

3116 5971 3176 6029 ιιῖ
