4174 6332
666 408 788 466 ’679

677 537 765 578 tus
793 535 901 578 tuos
922 537 1094 576 coerce
1109 519 1291 589 (Eccli.
1311 518 1397 573 l8.
1416 517 1530 585 30).
1547 516 1611 570 Et
1632 515 1697 568 de
1716 514 1992 568 meretrice
2012 526 2241 575 rursum,

662 626 861 670 contra
878 630 1033 683 quam
1057 615 1109 667 in
1131 609 1408 683 proverbit.
1428 608 1596 662 fertur
1621 626 1632 660 :
1666 606 1745 660 Ne
1762 604 1991 659 attendas
2011 601 2249 671 improba:

683 705 886 759 mulieri
903 702 1034 776 ,'ntel
1052 703 1181 758 enim
1202 699 1400 755 stillate
1414 699 1557 755 labiis
1581 698 1801 751 mulieris
1824 690 2246 761 meretricis,qute

680 796 746 847 ad
772 808 963 863 tempus
989 804 1164 865 guttur
1182 803 1327 847 tuum
1350 792 1630 861 impingunt
1656 804 1673 842 :
1703 798 1868 857 postca
1899 802 2009 840 vero
2028 784 2246 837 amarius

660 888 796 956 :frlle
835 888 1051 941 invenies
1080 897 1127 940 ct
1166 887 1360 939 acutius
1384 885 1552 956 gladio
1572 881 1778 949 ancipiti
1821 879 1997 951 (Prov.
2023 880 2075 932 5.
2104 877 2138 930 9.
2166 878 2241 946 4).

680 978 804 1033 Ιιπιο
824 977 999 1049 itaque
1020 978 1310 1041 audiamus,
1342 990 1445 1029 non
1468 974 1575 1028 illa.
1610 972 1739 1026 Nam
1769 970 1891 1024 imle
1922 967 2231 1031 illiberalcs,

580 1108 587 1129 λ
676 1069 801 1125 inde
828 1071 1045 1125 serviles
1087 1068 1430 1137 cogitationes
1448 1066 1722 1127 oriuntur;
1770 1061 1892 1117 inde
1924 1061 2163 1115 homines
2189 1058 2242 1111 in

658 1162 826 1217 bruta
876 1161 1121 1216 animalia
1160 1164 1553 1214 commutantur
1589 1197 1602 1221 ,
1661 1155 1785 1225 quia
1835 1154 2026 1222 uhique
2054 1150 2240 1221 volup-

678 1264 836 1309 tatem
865 1254 1013 1324 sequi
1041 1250 1453 1307 secundum-hoc
1477 1247 1812 1319 proverbium
1850 1244 2037 1298 volunt
2060 1283 2074 1308 ,
2101 1242 2241 1312 quod

676 1359 769 1413 per
796 1360 854 1399 se
878 1345 946 1397 ita
995 1341 1268 1411 ridiculum
1296 1350 1401 1408 est,
1432 1351 1486 1393 ut
1513 1338 1652 1393 adid
1695 1335 2019 1407 probandum
2066 1334 2241 1389 verbis

1397 401 1455 458 S.
1493 400 1766 457 JOANNIS
1802 397 2265 465 Clll'tYSOS'l'Oilj
2305 398 2621 454 AﬂClllEP.
2661 396 3192 461 CONSTANTINOP.

3830 423 3934 479 630

2364 525 2464 564 non
2521 511 2589 606 sit
2639 527 2791 581 opus.
2837 512 2965 567 Nam
3024 524 3299 584 postsptutu
3342 521 3591 581 sul'l'ot‘ati
3620 544 3733 585 sunt
3761 571 3781 599 ,
3812 554 3935 606 qum

2361 613 2426 653 es
2472 600 2739 669 voluptate
2772 605 3013 658 utilitas?
3056 605 3241 661 Finem
3268 624 3393 682 ergo
3424 614 3577 672 tacite
3621 624 3747 677 tanti
3792 600 3933 682 risus

2354 690 2657 757 parandi,ac
2666 693 2960 762 gehennam
2971 697 3247 769 ignemque
3262 701 3734 778 inc-xstinguibiletn
3748 731 3935 771 accen-

2351 779 2508 875 dendi
2534 798 2547 845 ;
2581 796 2641 875 ac
2669 782 2749 837 vel
2778 798 2900 839 sero
2920 786 3129 840 tandem
3160 790 3225 843 ad
3251 787 3418 847 futura
3449 805 3505 850 ttt
3524 813 3727 871 Oportet
3759 803 3931 875 ηερε.

2350 872 2573 934 ciamus,
2604 872 2812 928 detersa
2839 876 3040 931 scilicet
3062 880 3334 935 oculorum
3363 884 3713 956 lippitudine'
3741 911 3758 951 ε
3794 872 3930 955 ιιι-(τι

2353 960 2487 1016 ltauc
2535 964 2693 1017 vitam
2738 978 2925 1022 ornate
2952 1008 2966 1031 ,
2998 985 3117 1023 eum
3150 972 3309 1026 multa
3369 977 3625 1035 modestia
3651 993 3701 1038 et
3730 990 3933 1056 pietate

2353 1061 2696 1154 trs-uisentium
2744 1065 2797 1111 et
2850 1057 3022 1114 futura
3052 1075 3439 1133 consequamur
3467 1069 3598 1125 bona
3618 1116 3633 1140 ,
3677 1080 3843 1146 gratia
3875 1095 3931 1136 οι

2352 1144 2710 1229 Ittisericortlia
2742 1148 2945 1204 Domini
2978 1154 3140 1211 nostri
3167 1153 3291 1211 Jcsu
3316 1158 3535 1227 Chrisd,
3570 1168 3648 1219 cui
3678 1144 3845 1239 pluria
3875 1176 3928 1229 izt

2348 1235 2538 1288 swcula
2565 1238 2898 1293 steculorutn.
2933 1243 3122 1299 Amen.

2412 1349 2428 1379 ί
2450 1355 2573 1409 Hac,
2595 1351 2785 1435 detersa
2797 1353 2881 1403 illa
2894 1355 3139 1407 oculorum
3156 1357 3460 1439 lippitudine,
3485 1367 3663 1423 desunt
3690 1390 3733 1424 tt]
3757 1383 3842 1427 ttat
3856 1379 3930 1428 el.

1522 1465 1957 1486 ...μη---
1970 1464 3497 1500 _______.._________________________

3513 1488 3927 1513 Ἦ

1747 1504 2084 1603 ΗολιιῐλΑ
2133 1535 2414 1603 LXXIV.
2464 1546 2549 1605 al.
2585 1547 2851 1627 LXXV.

672 1706 796 1758 (in.
846 1703 934 1758 εδ.
970 1718 1021 1755 v.
1076 1699 1171 1754 ‘29.
1215 1698 1299 1752 l'a:
1329 1698 1458 1751 vobis
1485 1668 1707 1757 Istriam
1756 1702 1803 1746 et
1845 1689 2094 1744 Plan-istd
2139 1690 2234 1758 Ity-

748 1797 988 1866 rocrittc,
1042 1794 1130 1863 qui
1184 1790 1446 1857 a‘tliﬁratis
1490 1786 1720 1854 sepulcra
1768 1784 2157 1868 prOpItc'tarunt,
2191 1789 2237 1834 et

746 1886 935 1938 ornatis
965 1890 1281 1937 monumenta
1320 1895 1513 1941 serunt,
1545 1874 1632 1931 30.
1666 1882 1713 1927 el
1740 1872 1941 1926 dicitis:
1968 1870 2028 1926 Si
2053 1871 2232 1940 fuisse-

746 1995 854 2031 mus
914 1978 965 2030 iu
1020 1975 1191 2028 diebus
1238 1983 1436 2044 patrum
1493 1978 1812 2028 nostrorum,
1844 1979 1942 2017 nou
1972 1964 2237 2033 fuissemus

745 2068 867 2121 socii
904 2081 1071 2119 eorum
1103 2064 1153 2116 in
1171 2060 1416 2133 sanguine
1434 2058 1811 2127 prop/telarum.

745 2164 789 2212 l.
826 2158 942 2211 Aou
971 2155 1217 2225 improbos
1249 2151 1426 2205 habere
1455 2158 1618 2220 patres
1646 2156 1785 2201 nocet
1805 2186 1818 2211 ,
1850 2144 1938 2198 sed
1966 2144 2087 2214 ipsis
2119 2158 2235 2211 per-

663 2266 805 2304 uersa
831 2249 1082 2302 rtlutttate
1104 2243 1399 2299 consentire.
1426 2249 1513 2280 --'
1531 2238 1622 2293 γω
1644 2237 1792 2301 dicit,
1828 2250 1930 2290 non
1960 2234 2080 2304 quia
2104 2232 2233 2286 tedi-

668 2349 856 2407 tie‘utt,
881 2358 980 2397 nec
1016 2342 1137 2411 quia
1181 2348 1354 2409 patres
1389 2350 1513 2391 suos
1550 2341 1833 2396 accusant,
1874 2329 1966 2384 sed
2012 2329 2131 2399 quia
2160 2327 2238 2381 sic

666 2436 917 2492 facientes
936 2478 950 2500 ,
982 2432 1193 2503 quando
1223 2431 1378 2487 dictis
1405 2430 1515 2485 suis
1540 2442 1599 2482 se
1627 2434 1803 2495 patres
1832 2437 1956 2477 suos
1986 2434 2237 2475 accusare

665 2530 943 2587 simulant.
1000 2527 1176 2597 pejora
1227 2520 1551 2593 perpetrant.
1602 2516 1754 2586 Quod
1801 2515 1942 2569 enim
1994 2512 2236 2566 simulate

669 2631 869 2676 tantum
900 2630 1076 2688 patres
1106 2614 1499 2684 improbarent,
1537 2610 1706 2664 Lucas
1732 2607 1921 2669 docet,
1952 2604 2079 2672 Quia
2108 2618 2235 2654 con-

658 2713 893 2775 sentitis,
924 2712 1044 2780 quia
1074 2706 1367 2763 mdilieatis.
1406 2703 1495 2759 γω
1520 2703 1677 2766 vobis,
1705 2700 1891 2769 inquit,
1923 2698 2039 2768 quia
2067 2696 2231 2761 aediﬁ-

634 2866 637 2875 ν
664 2806 792 2859 ratis
818 2790 1139 2857 monumenta
1167 2798 1522 2869 prophetarum
1547 2811 1564 2857 ;
1589 2804 1761 2863 patres
1787 2800 1951 2845 autem
1975 2786 2119 2840 vestri
2147 2800 2233 2838 oc-

663 2896 890 2950 ciderunt
928 2910 1027 2947 eos.
1060 2891 1199 2963 Ergo
1224 2888 1474 2945 testamini
1500 2896 1545 2939 et
1574 2883 1861 2938 consentitis
1886 2880 2117 2951 operibus
2146 2893 2235 2942 pa-

665 3003 798 3040 trum
824 2982 1125 3047 cati-orum,
1156 2981 1276 3050 quia
1300 2979 1382 3034 illi
1409 2977 1696 3032 occiderunt
1717 2990 1798 3027 eos
1820 2990 1839 3036 ;
1863 2988 1947 3025 vos
1977 2980 2139 3022 autem
2165 2984 2234 3020 tu-

652 3078 882 3147 diﬁmtis
906 3076 1133 3147 sepulcra
1158 3088 1330 3127 eorum
1360 3070 1527 3142 (Luc.
1559 3068 1647 3121 ll.
1678 3067 1763 3121 47.
1793 3062 1915 3133 48).
1944 3060 2038 3116 llic
2059 3068 2231 3113 autem

658 3178 897 3225 mentem
928 3181 1108 3221 eorum
1149 3164 1399 3228 damnat,
1431 3176 1534 3231 qua
1562 3155 1931 3215 tediticabant;
1964 3153 2084 3221 quia
2128 3165 2231 3202 non

665 3263 717 3317 in
745 3261 1038 3314 occisorum
1066 3256 1324 3311 honorem
1348 3293 1363 3319 ,
1394 3250 1488 3307 sed
1519 3248 1671 3319 quasi
1697 3244 1869 3301 credes
1899 3258 2015 3297 eum
2045 3253 2232 3310 pompa

663 3352 974 3412 cile-rentes,
1004 3358 1057 3401 et
1087 3348 1331 3401 timentes
1352 3384 1365 3407 ,
1401 3358 1467 3397 ne
1498 3351 1793 3410 temporum
1829 3334 2016 3403 injuria
2049 3330 2235 3385 dirutis

656 3442 923 3512 sepulcris
944 3483 957 3506 ,
986 3440 1114 3495 tanti
1145 3453 1305 3492 ausus
1331 3430 1586 3489 memoria
1627 3441 1681 3486 et
1701 3432 2111 3494 monumentum
2150 3421 2231 3475 itt-

664 3537 849 3591 terirct
873 3552 886 3589 :
916 3536 993 3587 sic
1014 3530 1251 3602 sepulcra
1278 3524 1678 3586 construebant,
1708 3518 1981 3590 splendida
2010 3512 2230 3569 mdilicia

656 3628 813 3697 quasi
859 3636 1114 3695 tropmum
1146 3624 1411 3692 erigentes
1430 3660 1444 3681 ,
1475 3632 1538 3673 ac
1578 3616 1646 3671 de
1672 3615 1882 3669 illorum
1914 3607 2233 3663 facinoribus

666 3719 975 3790 gloriantes.
1006 3717 1135 3773 Nam
1166 3731 1283 3785 quzn
1312 3726 1449 3767 nunc
1474 3707 1700 3773 audetis,
1733 3703 1921 3774 inquit.
1952 3698 2237 3755 ostendunt

654 3829 760 3868 -νυε
786 3812 899 3866 lucc
924 3812 1012 3865 illo
1038 3810 1216 3863 auituo
1244 3807 1434 3878 facere.
1463 3803 1608 3858 Licet
1636 3800 1777 3855 enim
1804 3795 2063 3851 contraria
2092 3792 2235 3847 dica-

665 3905 749 3967 tis,
779 3903 926 3971 quasi
958 3900 1276 3956 damnantes
1307 3897 1445 3955 illos,
1472 3892 1604 3961 Quia
1634 3906 1736 3945 non
1770 3888 2049 3942 fuissmnus
2075 3884 2126 3936 in
2154 3882 2235 3935 ltis

665 3998 793 4051 socii
827 3995 1035 4049 illorum
1058 4035 1070 4057 ,
1103 3992 1146 4045 si
1177 3991 1227 4044 in
1273 3988 1377 4043 illis
1405 3986 1592 4059 diebus
1619 3983 1939 4037 vixissemus
1967 3995 1981 4031 :
2011 3975 2105 4030 sed
2134 3989 2233 4043 qua

665 4098 844 4145 tuente
866 4086 914 4141 id
946 4085 1133 4139 dicatis
1162 4065 1365 4139 certum
1390 4087 1492 4134 est.
1520 4077 1855 4145 Quapropter
1880 4071 2023 4124 illam
2054 4065 2234 4121 decla-

668 4196 810 4241 rans.
830 4178 1158 4247 atnigmaticc
1175 4174 1252 4230 sic
1272 4173 1519 4241 loquutus
1542 4177 1642 4222 est.
1666 4166 1794 4219 Cum
1817 4162 2037 4216 dixisset
2056 4156 2195 4212 enim
2220 4173 2233 4209 :

660 4273 849 4326 Dicitis
867 4312 882 4337 ,
911 4270 953 4324 si
979 4269 1247 4340 fuissemus
1274 4265 1326 4317 in
1354 4258 1527 4316 diebus
1555 4268 1752 4325 patrum
1782 4263 2071 4307 nostrorum
2090 4292 2104 4311 ,
2137 4266 2235 4301 non

665 4365 929 4434 fuissemus
965 4358 1088 4414 socii
1123 4372 1295 4411 eorum
1322 4356 1374 4406 iu
1403 4351 1644 4421 sanguine
1672 4347 2063 4425 proli/tetartmt;
2114 4342 2237 4394 Still-

602 4502 609 4509 .
662 4432 835 4527 iunxit
859 4472 872 4510 :
900 4454 987 4508 5|.
1024 4450 1200 4521 Itaque
1241 4444 1519 4501 testimonio
1545 4442 1661 4495 estis
1689 4437 2071 4503 uobismetipsts,
2100 4432 2235 4504 quod

668 4522 757 4615 filii
787 4546 895 4600 sitis
918 4557 1092 4598 eorum
1121 4538 1208 4609 qui
1252 4536 1520 4607 prop/tetas
1546 4532 1854 4585 occiderunt.
1885 4524 2098 4595 Ecquod
2127 4522 2233 4577 cri-

660 4610 786 4689 iuen
815 4643 897 4689 est
922 4633 1083 4686 lilium
1108 4643 1228 4684 esse
1254 4623 1561 4685 homicidae,
1593 4621 1637 4674 si
1668 4633 1772 4673 non
1804 4629 2026 4672 consors
2049 4614 2118 4667 sit
2142 4628 2234 4682 pa-
2280 4610 2283 4613 λ

668 4740 833 4782 teruze
863 4720 1179 4779 voluntatis?
1203 4718 1433 4774 Nullum.
1457 4714 1608 4771 Unde
1631 4708 1969 4764 manifestum
1990 4715 2090 4770 est,
2117 4704 2237 4759 ideo

668 4819 717 4874 id
744 4818 873 4887 ipsis
901 4813 1204 4883 protulisse,
1232 4823 1286 4865 ιιι
1312 4823 1494 4863 eorum
1522 4820 1640 4883 cum
1673 4801 1906 4873 patribus
1932 4801 2041 4854 suis
2069 4799 2117 4850 in
2144 4812 2238 4851 nc-

663 4911 829 4982 quitia
850 4904 1189 4963 concordiam
1217 4899 1558 4971 significaret.
1587 4896 1652 4949 Et
1672 4896 1773 4949 hoc
1796 4893 1991 4947 indicat
2021 4890 2069 4943 id
2096 4888 2233 4958 quod

662 4981 946 5073 sequitur;
998 4994 1269 5065 sultjunsit
1307 4991 1445 5047 enim
1477 5008 1488 5043 :
1542 4987 1629 5042 '52.
1665 4986 1952 5055 Serpentes,
1985 4981 2237 5052 genimitm

664 5098 974 5166 viperarum.
1017 5088 1164 5143 Sicut
1210 5084 1351 5140 enim
1395 5082 1590 5150 vipera:
1618 5078 1918 5148 parentibus
1944 5075 2234 5131 secundum

665 5184 852 5241 veneni
880 5180 1165 5251 perniciem
1189 5177 1391 5233 similes
1412 5184 1559 5235 sunt.
1592 5174 1669 5227 sic
1687 5179 1740 5226 ot
1761 5185 1855 5225 vos
1882 5168 2117 5237 patrihus
2145 5181 2233 5221 se-

660 5276 894 5338 cundum
923 5272 1319 5344 sanguinarium
1340 5269 1594 5323 animum.
1629 5263 1827 5320 Deinde
1851 5264 1971 5333 quia
2005 5268 2235 5315 mentem

664 5381 859 5424 eorum
882 5362 1068 5420 multis
1089 5357 1356 5415 occultam
1385 5364 1661 5413 scrutatus
1683 5362 1786 5418 est,
1816 5367 1847 5407 a
1870 5351 2071 5407 futuris
2093 5350 2246 5421 ipso—

671 5477 792 5516 rum
815 5454 1166 5519 facinoribus,
1182 5465 1303 5522 quas
1327 5448 1598 5505 universis
1619 5445 1902 5517 patebunt,
1919 5444 2061 5498 dicta
2092 5458 2245 5499 cotu-

673 5546 1027 5625 probat.Quia
1042 5544 1311 5614 enimjam
1328 5541 1484 5625 dixit,
1509 5538 1695 5609 Itaque
1710 5536 2070 5601 testificamini
2088 5536 2248 5591 uobis-

676 5620 775 5697 iurt
786 5640 1063 5711 ipsis,quia
1079 5638 1114 5705 ﬁ
1121 5638 1180 5692 lii
1196 5638 1320 5691 estis
1334 5620 1515 5690 eorum
1527 5634 1614 5702 qui
1626 5632 1908 5701 prop/tetas
1922 5628 2247 5691 occiderunt,

676 5736 781 5790 hoc
796 5732 1112 5804 signiﬁcans
1127 5743 1185 5784 se
1196 5729 1265 5783 de
1282 5729 1606 5798 cegnatione
1620 5724 1919 5780 secundum
1942 5721 2235 5791 nequitiam

680 5826 845 5897 loqui,
861 5823 1219 5893 simulateque
1237 5820 1442 5878 dixisse
1456 5835 1571 5887 eos,
1592 5816 1710 5873 Non
1728 5817 2008 5888 fuissemus
2030 5813 2246 5867 illorum

2338 1689 2496 1755 socii;
2527 1691 2933 1761 sultjunxitﬁi.
2961 1690 3024 1746 Et
3044 1708 3130 1748 vos
3154 1694 3363 1763 implete
3387 1711 3682 1750 metmtram
3709 1711 3926 1765 patrum

2339 1792 2624 1838 vestrorum
2641 1800 2662 1838 :
2681 1800 2786 1839 non
2805 1785 3098 1853 imperans,
3113 1787 3207 1840 sed
3227 1786 3372 1857 quod
3390 1786 3634 1844 futurum
3654 1802 3765 1845 erat
3783 1805 3931 1861 pra:-

2348 1874 2615 1938 uuutians.
2645 1877 2845 1933 czrdcm
2880 1882 3124 1939 videlicet
3150 1902 3323 1942 suam.
3356 1888 3587 1963 Ideoque
3614 1894 3719 1951 hoc
3747 1896 3934 1964 prola—

2342 1975 2399 2019 to
2443 1979 2789 2037 argumento,
2838 1988 2959 2027 cum
3000 1976 3322 2035 ostendisset
3368 1982 3613 2053 ﬂgnteuta
3658 1985 3740 2039 illa
3777 2002 3927 2051 essm

2346 2072 2462 2126 qua:
2488 2059 2553 2113 ad
2581 2062 2659 2114 sui
2688 2059 3050 2119 defensionem
3073 2066 3338 2136 dicebant,
3367 2069 3485 2125 Non
3513 2074 3777 2145 fuissemus
3800 2077 3935 2130 illo-

2342 2165 2455 2201 runt
2482 2151 2635 2216 socii,
2669 2150 2689 2224 (
2724 2167 2842 2207 nam
2874 2155 2959 2223 qui
2992 2156 3216 2213 Domino
3244 2176 3350 2215 non
3380 2175 3757 2232 pepercerunt,
3789 2181 3933 2237 quo-

2344 2242 2503 2299 modo
2522 2246 2694 2301 servis
2720 2250 3075 2316 pepercissent
3104 2252 3145 2321 ἲ)
3184 2254 3390 2311 acriore
3416 2266 3593 2325 postea
3620 2258 3781 2313 utitur
3801 2276 3933 2313 ora-

2347 2335 2520 2399 tione,
2563 2351 2839 2406 serpeutcs
2869 2356 3063 2395 vocans
3089 2352 3142 2397 et
3183 2344 3449 2414 genimiua
3496 2347 3794 2415 viperarum
3820 2389 3834 2412 ,
3867 2362 3932 2403 et

2344 2428 2556 2483 dicens:
2584 2429 2846 2495 Quomodo
2869 2435 3069 2504 fugietis
3090 2452 3122 2489 α
3135 2435 3338 2507 judicio
3362 2438 3619 2509 geltcnntB,
3648 2455 3768 2494 cum
3794 2442 3927 2494 talia

2343 2522 2603 2588 audeatis,
2635 2535 2686 2579 et
2715 2534 2835 2594 post
2866 2528 3085 2596 negetis,
3115 2539 3452 2599 mentemque
3478 2538 3708 2585 vestram
3736 2533 3929 2586 oecul-

2346 2615 2504 2667 telis?
2530 2615 2719 2669 Postea
2762 2616 2973 2672 aliunde
3016 2632 3107 2672 eos
3146 2634 3333 2689 magna
3352 2621 3405 2673 vi
3442 2634 3769 2691 coargueus,
3800 2623 3877 2674 ait
3913 2642 3929 2675 :

2343 2706 2431 2760 3i.
2470 2706 2665 2761 Mittunt
2691 2711 2759 2762 ad
2786 2725 2871 2763 vos
2921 2711 3190 2779 prophetas
3207 2753 3223 2778 ,
3248 2720 3294 2766 et
3332 2713 3598 2781 sapientes,
3626 2725 3672 2767 et
3692 2715 3888 2768 scribas
3909 2759 3926 2773 .

2343 2808 2386 2849 et
2418 2812 2479 2851 es:
2515 2799 2637 2867 ipsis
2658 2800 2986 2869 interﬁcietis,
3015 2811 3061 2855 et
3085 2801 3407 2873 cruciﬁgctis,
3441 2814 3486 2858 et
3515 2803 3840 2874 ﬁagellnbitis
3869 2806 3926 2858 iu

2342 2891 2612 2960 synagogis
2633 2892 2826 2945 uestris.
2850 2889 2923 2946 Ne
2940 2892 3178 2947 dicerent
3196 2893 3359 2951 enim.
3389 2893 3608 2947 Etiamsi
3636 2895 3926 2948 Dominum

2343 2980 2760 3035 crncilixeritnus
2782 3021 2798 3044 .
2830 2990 2882 3036 at
2910 2996 2939 3035 a
2983 2982 3156 3038 servis
3192 2984 3634 3040 abstinuissetnus
3654 3025 3669 3048 .
3696 2986 3739 3039 si
3792 2998 3928 3041 tunc

2342 3070 2664 3125 fuissemus:
2698 3072 2836 3128 Ecce
2859 3113 2874 3139 ,
2906 3072 3108 3142 inquit,
3141 3088 3324 3130 servos
3354 3074 3507 3129 mitto
3537 3075 3703 3138 voltis,
3737 3075 3929 3145 ipsus-

2344 3179 2448 3233 que
2475 3163 2785 3237 prophetas,
2814 3181 2985 3237 ueque
3011 3168 3137 3236 ipsis
3157 3170 3402 3239 parcetis.
3434 3168 3557 3224 ﬂare
3586 3171 3933 3239 porrodixit,

2343 3255 2629 3313 ostendens
2653 3258 2783 3312 nihil
2809 3273 2926 3314 esse
2951 3260 3140 3314 mirum
3164 3302 3178 3327 ,
3211 3261 3255 3314 si
3290 3262 3561 3317 occidatur
3588 3277 3616 3314 a
3647 3261 3768 3316 [iliis
3801 3263 3933 3315 illo-

2343 3363 2458 3401 rum
2476 3389 2490 3413 ,
2517 3347 2604 3417 qui
2631 3358 2684 3403 et
2709 3350 3031 3419 sanguinei-ii
3069 3361 3221 3405 erant
3252 3359 3303 3406 et
3330 3350 3648 3407 fraudulenti
3673 3392 3687 3415 ,
3714 3352 3934 3408 dolosi-

2343 3456 2475 3509 que.
2510 3441 2594 3510 qui
2621 3449 2798 3509 patres
2822 3442 3024 3498 SCt‘it'l'e
3054 3444 3346 3499 vincerent.
3378 3442 3455 3498 Ad
3485 3444 3599 3499 Iure
3623 3455 3804 3500 autem
3834 3460 3937 3501 os-

2347 3531 2515 3586 tendit
2542 3545 2634 3586 eos
2662 3531 2945 3586 admodum
2972 3547 3124 3587 vana:
3151 3533 3333 3603 gloria:
3363 3534 3585 3603 cupidos
3612 3549 3751 3589 esse.
3785 3534 3937 3591 Cum

2344 3621 2483 3675 enim
2510 3621 2710 3688 dicunt,
2738 3622 2798 3677 Si
2820 3622 3087 3691 fuissemus
3112 3623 3163 3677 iu
3184 3622 3357 3677 diebus
3384 3634 3583 3694 patrum
3609 3630 3932 3689 nostrorum,

2343 3730 2442 3768 non
2471 3714 2738 3784 fuissemus
2781 3714 3049 3785 participes
3076 3731 3247 3768 eorum
3269 3757 3282 3778 ,
3316 3713 3366 3768 id
3411 3718 3594 3769 dicunt
3626 3726 3679 3769 ut
3727 3731 3947 3769 vanam

2342 3806 2561 3876 gloriam
2609 3815 2855 3876 captent;
2909 3806 3189 3875 verbisque
3241 3806 3714 3876 philosnplnntnr,
3756 3823 3943 3878 (ιρι-νο

2289 3933 2291 3935 ι
2344 3907 2521 3951 autem
2548 3896 3058 3952 contrarial'aciuut.
3103 3897 3404 3965 Serpentes,
3436 3900 3689 3966 genimt'na
3717 3899 3940 3968 aipa'a-

2343 4004 2453 4041 rum
2477 4003 2496 4051 ,°
2523 3985 2625 4040 hoc
2649 3996 2726 4040 ρει
2749 4026 2766 4051 ,
2795 3985 2909 4039 Mali
2942 3986 3197 4040 malorum
3241 3987 3332 4041 lilii
3356 4028 3371 4052 ,
3403 3996 3457 4042 et
3484 3988 3793 4057 parentibus
3821 3989 3942 4042 ini-

2343 4078 2577 4145 quiorcs.
2606 4076 2849 4131 Ostendit
2876 4078 3071 4147 quippe
3101 4077 3243 4147 ipsos
3269 4078 3469 4147 majora
3495 4079 3698 4133 scelera
3728 4094 3943 4148 perpe-

2348 4177 2549 4231 trasse,
2600 4177 2708 4221 tum
2753 4167 2893 4238 quod
2935 4176 3059 4237 post
3091 4168 3210 4222 illos
3240 4167 3293 4221 id
3335 4169 3447 4222 ausi
3484 4177 3634 4234 sunt,
3668 4180 3724 4223 et
3768 4170 3950 4240 longe

2344 4260 2583 4329 graviora
2614 4275 2769 4329 quam
2798 4260 2909 4326 illi,
2938 4260 3036 4313 etsi
3060 4260 3364 4329 jactitarent
3392 4276 3451 4315 se
3480 4276 3768 4330 numquam
3795 4265 3946 4319 talia

2347 4362 2740 4421 perpetraturos
2785 4352 2964 4407 fuisse.
3000 4352 3100 4424 Ipsi
3130 4368 3360 4425 namque
3389 4354 3548 4408 linem
3596 4355 3895 4424 imponunt
3926 4399 3946 4424 ,

2345 4445 2711 4513 malorumque
2737 4443 3067 4499 coronidem.
3095 4445 3198 4499 Alii
3225 4445 3366 4499 enim
3388 4458 3483 4499 eos
3500 4444 3591 4514 qui
3619 4444 3684 4499 ad
3711 4445 3953 4503 vineam

2344 4546 2600 4589 venerant
2624 4534 2964 4599 occiderunt;
2992 4535 3043 4589 lti
3070 4550 3196 4590 vero
3218 4535 3389 4604 ipsum
3415 4533 3601 4599 lilium,
3632 4543 3685 4588 et
3712 4549 3812 4590 eos
3836 4540 3952 4608 qui

2344 4626 2409 4681 ad
2456 4627 2667 4697 nuptias
2697 4627 3013 4681 invitabant.
3046 4626 3171 4681 llzec
3200 4640 3357 4696 porro
3383 4626 3540 4692 dicit,
3568 4636 3626 4679 ut
3652 4639 3745 4681 eos
3770 4640 3804 4680 ε
3841 4643 3957 4682 eo-

2344 4720 2594 4786 gnatione
2639 4719 2908 4774 Abraham
2938 4728 3265 4783 removeret,
3313 4715 3759 4788 ostenderetque,
3793 4720 3960 4777 nihil

2346 4814 2473 4879 ipsis
2522 4804 2819 4867 indelucrl
2867 4823 3245 4883 proventurum
3289 4826 3437 4879 esse,
3468 4813 3778 4883 nisi-opera
3814 4816 3963 4883 ejus

2345 4907 2696 4961 imitarentur.
2724 4905 3061 4975 Quapropter
3089 4905 3392 4976 subjungit,
3428 4905 3693 4972 Quomodo
3723 4905 3965 4975 fugietis

2343 5014 2375 5049 a
2415 4998 2611 5069 judicio
2664 4998 2941 5069 gettemtte,
2989 5013 3109 5051 cum
3159 4996 3277 5053 illos
3327 4996 3607 5053 imitemini
3647 4997 3734 5068 qui
3780 5002 3967 5066 paria

2344 5088 2754 5158 perpetrarunt?
2801 5088 2896 5143 llic
2924 5105 3051 5143 vero
3082 5087 3184 5143 illis
3222 5087 3444 5143 Joannis
3490 5088 3967 5147 criminationem

2345 5178 2397 5232 in
2432 5183 2742 5251 memoriam
2784 5182 3089 5235 revocavit:
3125 5195 3243 5235 nam
3271 5188 3326 5235 et
3354 5180 3476 5236 illos
3504 5181 3583 5235 sic
3612 5180 3968 5251 appellavit,

2344 5272 2670 5342 etjudieiutn
2698 5272 2930 5327 futurum
2954 5274 3415 5328 commemoravit.
3444 5272 3649 5328 Deinde
3668 5272 3799 5342 quia
3833 5290 3967 5332 nun

2344 5363 2463 5418 illos
2505 5364 2773 5419 terrebant
2809 5362 3067 5434 judicium
3114 5373 3274 5434 atque
3320 5363 3601 5433 gehenna,
3638 5371 3744 5416 tmn
3786 5368 3967 5435 quod

2345 5470 2452 5509 non
2480 5456 2795 5523 crederent,
2827 5468 2940 5510 tum
2966 5456 3107 5525 quod
3138 5455 3187 5509 in
3221 5455 3450 5510 futurum
3480 5469 3567 5509 res
3597 5455 3970 5525 mitteretur,

2344 5560 2372 5598 a
2405 5548 2754 5615 prtcsentibus
2804 5546 2923 5601 illos
2962 5548 3204 5615 reprimit
3228 5556 3282 5600 et
3317 5545 3445 5601 dicit
3474 5563 3487 5599 :
3532 5542 3661 5598 Ideo
3688 5557 3827 5601 ecce
3863 5565 3976 5619 ego

2344 5636 2487 5689 mitto
2515 5638 2583 5689 ad
2612 5654 2696 5691 ros
2721 5640 2994 5709 prOpItetas
3014 5679 3031 5704 ,
3065 5648 3109 5691 et
3139 5638 3391 5704 sapientes
3410 5677 3424 5699 ,
3456 5646 3504 5690 et
3533 5635 3719 5690 scribas
3739 5675 3757 5696 .
3803 5650 3867 5691 et
3906 5657 3985 5696 ea:

2344 5729 2446 5783 illis
2472 5729 2706 5785 occidetis
2727 5772 2741 5796 ,
2772 5741 2817 5785 et
2843 5731 3162 5801 crucifigelis,
3190 5740 3234 5785 rt
3259 5729 3620 5803 ﬂagellabitis;
3649 5727 3741 5782 55.
3785 5744 3855 5787 ut
3882 5752 3987 5793 ee-

2348 5820 2454 5875 ttiat
2479 5836 2631 5884 super
2658 5836 2741 5874 vos
2766 5821 2928 5875 omnis
2958 5822 3163 5892 sanguis
3186 5823 3355 5892 justus
3376 5862 3392 5889 ,
3418 5822 3503 5890 qui
3526 5818 3716 5887 effusus
3748 5834 3844 5878 est
3880 5845 3978 5882 ιη.
