4174 6332
315 315 416 374 σειν
455 273 460 280 ’
802 293 804 298 ’
1228 307 1292 365 IN
1330 307 1736 366 MATfllA-ZUM
1779 305 2007 363 noun.
2052 309 2288 366 Lxxw.
2331 314 2400 367 al.
2447 314 2657 373 Lxxv.

281 399 289 418 μ
327 448 412 497 per
438 440 645 494 terram,
679 444 710 480 a
735 425 980 497 sanguine
1011 422 1131 478 .lbel
1151 425 1305 495 justi,
1337 425 1576 494 usquead
1609 423 1908 493 sanguinem

320 520 585 575 Zacharia'
613 518 709 586 ﬁlii
738 515 1024 580 Bnracltiat,
1052 531 1197 585 gnem
1224 515 1480 568 cecidistis
1506 516 1636 567 inter
1667 510 1908 583 templum

321 623 364 664 rt
390 611 570 665 altare.
601 608 693 663 56.
723 609 880 661 Amen
911 606 1025 659 dico
1055 605 1192 659 vobis
1218 647 1233 674 ,
1263 607 1458 660 uenient
1490 606 1597 658 Ιιαοε
1627 606 1794 658 omnia
1824 620 1880 657 sn
1898 634 1910 644 ο

323 722 405 772 per
429 701 798 773 generationmn
829 699 982 752 lianc.

388 793 442 847 9..
495 791 625 846 \‘iale
650 808 712 846 ex
744 801 873 860 quot
919 789 1246 860 argumentis
1291 804 1404 844 rem
1445 787 1548 841 illis
1574 797 1774 841 certam
1803 795 1908 838 sta-

321 888 533 942 tuebat?
580 885 740 951 Dixit,
773 885 957 939 Patres
1000 893 1212 937 vestros
1255 882 1521 935 damnatis
1551 895 1673 935 cum
1705 880 1902 950 dicitis,

319 979 432 1032 Non
467 977 1016 1031 cotutnun'casscmus
1041 989 1163 1029 Cllltl
1197 973 1341 1034 illis:
1400 987 1497 1026 nec
1547 987 1732 1039 parum
1780 969 1904 1024 illud

313 1061 426 1123 erat
454 1077 512 1122 ut
539 1067 659 1121 illos
697 1065 897 1134 pudore
922 1064 1177 1118 allici-ret.
1217 1064 1376 1124 Dixit,
1411 1063 1542 1116 Dum
1595 1063 1714 1115 illas
1755 1061 1904 1113 dant-

314 1159 471 1223 natis,
506 1161 686 1229 pejora
720 1157 930 1222 tacitis;
977 1156 1026 1211 id
1053 1155 1194 1226 quod
1225 1154 1472 1209 ruborem
1521 1153 1648 1224 ipsis
1687 1152 1905 1222 injtcere

310 1253 558 1309 debebat.
595 1250 752 1314 Dixit,
786 1247 902 1304 Non
942 1248 1162 1316 impune
1193 1245 1309 1313 hinc
1335 1254 1514 1308 erunt,
1547 1253 1599 1298 et
1638 1243 1720 1297 his
1751 1244 1906 1297 timo-

314 1362 425 1401 rem
479 1343 586 1398 illis
640 1341 908 1411 ingentem
962 1338 1149 1394 incutit
1184 1356 1197 1392 :
1229 1337 1528 1407 gehennam
1578 1336 1719 1389 enim
1774 1334 1904 1402 ipsis

311 1433 770 1490 coluntcmomvit.
795 1430 997 1486 Deinde
1017 1428 1139 1500 quia
1162 1430 1408 1498 gebenna
1439 1429 1608 1480 l'utura
1633 1439 1737 1480 non
1771 1442 1902 1495 pne-

309 1543 434 1583 seus
459 1536 597 1592 erat,
627 1525 762 1580 mala
792 1524 920 1594 ipsis
963 1522 1244 1590 priuseutia
1277 1519 1615 1590 significavit,
1646 1538 1764 1572 t'ttttt
1795 1521 1900 1576 ait:

317 1619 526 1674 l'cnient
551 1619 660 1672 nire
688 1616 859 1670 omnia
888 1597 1042 1684 super
1068 1614 1446 1686 generationem
1483 1613 1653 1666 istaut.
1689 1611 1904 1666 Addidit

309 1720 486 1766 autem
517 1695 768 1778 supplicii
806 1705 1198 1762 vehementiam
1249 1705 1541 1773 ingentem,
1575 1702 1757 1757 dicens
1785 1703 1902 1758 illus

307 1801 547 1854 omnium
577 1797 888 1869 gravissima
919 1810 1044 1852 esse
1068 1809 1361 1865 passuros;
1411 1809 1474 1848 ex
1523 1792 1674 1847 nullo
1718 1802 1898 1847 tamen

304 1891 493 1946 ltorum
521 1891 882 1961 resipucrunt.
905 1887 959 1945 Si
983 1887 1103 1960 quis
1135 1902 1262 1943 vero
1291 1888 1506 1953 dixerit,
1526 1886 1638 1943 Cur
1661 1889 1898 1941 omnium

301 1982 616 2052 gratissima
666 1981 807 2052 passi
853 1980 1021 2036 sunt?
1063 1979 1432 2050 responderim
1478 1993 1598 2049 ego,
1625 1979 1899 2049 quiama-

303 2075 454 2129 ttium
480 2073 795 2143 gravissima
818 2073 1018 2127 scelera
1050 2080 1446 2141 pel-petrarum,
1465 2087 1528 2126 ex
1553 2071 1696 2125 nullo
1724 2081 1897 2125 latnt!"

301 2167 495 2221 horum
541 2167 792 2231 meliores
826 2164 999 2220 eii‘ecti
1031 2175 1173 2220 sunt.
1217 2167 1410 2219 Annon
1442 2164 1634 2219 audisti
1668 2165 1896 2243 Lamcch

296 2258 592 2320 dicentem,
629 2257 709 2311 Ea:
735 2255 863 2312 Cain
914 2255 1222 2310 vindicatum
1251 2268 1323 2310 est
1356 2257 1557 2327 septies,
1589 2273 1652 2312 ex
1681 2255 1898 2310 Lamrclt

297 2368 412 2407 vero
439 2352 725 2423 septuagies
755 2351 937 2420 septies
963 2348 1111 2423 (Gen.
1141 2350 1194 2406 4.
1223 2349 1352 2418 2ηέ
1386 2349 1439 2404 ld
1467 2359 1568 2413 est,
1599 2351 1747 2419 plura
1771 2357 1896 2420 snp-

298 2445 458 2516 plieia
492 2460 705 2501 mereor
730 2460 830 2515 ego
857 2459 1013 2515 quam
1045 2443 1196 2500 Cain.
1236 2443 1453 2512 Quare?
1500 2444 1630 2499 Nam
1678 2445 1894 2501 fratrem

298 2555 405 2594 non
454 2538 689 2594 occidit:
720 2537 814 2593 sed
861 2539 982 2606 quia
1035 2552 1140 2592 non
1186 2537 1434 2607 exemplo
1473 2539 1763 2607 castigatus
1791 2547 1892 2595 est.

298 2630 538 2701 ldipsum
567 2629 691 2684 alibi
723 2629 851 2683 dicit
884 2629 1061 2684 Deus:
1093 2628 1331 2684 Reddens
1378 2639 1583 2699 peccata
1624 2639 1893 2700 parentum

296 2723 350 2774 in
383 2720 522 2789 ﬁlios
561 2719 614 2774 in
650 2721 848 2773 tertiam
880 2730 924 2774 et
953 2731 1187 2790 quartam
1215 2721 1589 2791 generationem
1617 2721 1680 2773 iis
1705 2720 1788 2791 qui
1817 2737 1895 2774 me

295 2814 416 2866 odio
458 2811 642 2866 [tabent
671 2810 867 2878 (Exod.
897 2811 986 2866 20.
1015 2813 1114 2880 5);
1162 2827 1269 2866 non
1297 2811 1438 2882 quod
1486 2812 1644 2868 alicui
1691 2814 1894 2882 peccati

294 2905 415 2974 quis
445 2904 764 2974 Supplicium
793 2905 922 2970 luat,
953 2904 1046 2960 sed
1075 2903 1216 2974 quod
1246 2905 1277 2958 ii
1306 2905 1413 2973 qui,
1446 2916 1562 2975 post
1590 2907 1724 2960 alios
1759 2907 1892 2958 tnul-
1924 2944 1926 2946 -

297 3006 380 3050 tos
411 2995 466 3049 in
496 3003 712 3064 pet-cata
753 2994 931 3065 lapsas
956 3005 1017 3049 et-
1034 2996 1337 3066 castigatos.
1369 3011 1476 3050 non
1527 2997 1776 3052 meliores
1817 2998 1891 3049 rf-

296 3087 444 3150 l‘ccti,
499 3086 688 3142 eadem
733 3102 852 3156 qua:
896 3087 970 3141 illi
1005 3097 1332 3157 perpetrant,
1367 3089 1552 3143 eadem
1606 3088 1718 3158 ipsa
1761 3106 1888 3160 sup-

300 3179 454 3248 plicia
477 3178 601 3248 jure
627 3179 793 3233 luant.
819 3179 950 3235 Vide
967 3179 1432 3250 autcm'quomndo
1459 3181 1675 3235 Abclcm
1697 3195 1890 3250 Oppor-

294 3281 424 3324 tunc
453 3271 506 3323 in
540 3270 772 3324 medium
819 3269 1148 3338 produxerit,
1181 3271 1472 3325 ostendens
1517 3271 1653 3326 hanc
1682 3287 1890 3340 quoque

294 3376 481 3416 necem
513 3377 577 3416 es
611 3360 804 3414 invidia
837 3350 1070 3430 prodire.
1103 3359 1240 3428 Quid
1269 3377 1396 3432 ergo
1423 3361 1604 3418 direre
1637 3363 1888 3432 possitis?

292 3469 472 3506 annon
496 3453 644 3506 scitis
664 3452 790 3521 quid
820 3467 1006 3522 passus
1032 3451 1283 3508 sitCain?
1311 3471 1376 3508 an
1404 3465 1522 3526 post
1541 3456 1886 3510 commissum

291 3543 474 3597 scelus
503 3542 704 3612 quievit
734 3542 911 3597 Deus?
951 3558 1128 3599 annon
1183 3554 1460 3606 extremas
1495 3555 1723 3624 expetiit
1770 3563 1884 3615 pte-

293 3635 430 3686 nas?
461 3637 658 3687 Annon
687 3633 909 3689 audistis
936 3635 1060 3705 quid
1089 3637 1231 3706 passi
1257 3637 1360 3690 sint
1388 3648 1565 3706 patres
1587 3639 1771 3705 vestri,
1798 3639 1885 3709 qui

291 3723 588 3793 prophetas
615 3725 965 3780 acciderunt?
1010 3741 1187 3782 annon
1216 3714 1359 3784 mille
1404 3730 1680 3800 suppliciis
1707 3731 1883 3785 traditi

289 3809 459 3863 sunt?
487 3808 597 3864 Cur
618 3825 745 3879 ergo
775 3826 881 3864 non
914 3811 1160 3868 meliores
1179 3812 1353 3868 eﬂ‘ecti
1382 3815 1548 3868 estis?
1572 3811 1681 3869 Cur
1705 3827 1884 3869 autem

290 3913 508 3972 patmm
542 3912 842 3959 vestrorum
871 3905 1152 3975 supplicia,
1184 3918 1239 3960 et
1266 3907 1390 3978 quid
1421 3909 1560 3979 passi
1590 3909 1694 3962 sint
1723 3925 1882 3964 euaro

291 3998 455 4052 rem?
484 4005 537 4048 tu
584 3995 696 4064 ipse
723 3997 810 4064 qui
845 4006 1022 4067 patres
1051 4007 1167 4052 tuos
1199 3999 1545 4063 condemnas,
1577 4016 1673 4055 cur
1705 4003 1882 4071 pejora

293 4083 471 4139 facis?
524 4083 746 4141 Etenim
789 4100 882 4141 vos
936 4087 1033 4155 ipsi
1086 4087 1224 4142 hanc
1279 4091 1598 4143 Sententiam
1649 4092 1881 4147 tulistis:

291 4174 466 4230 Malos
497 4177 628 4230 male
660 4177 832 4245 perdet
861 4176 1071 4256 (Matth.
1100 4179 1187 4234 2i.
1217 4179 1331 4252 41).
1373 4181 1540 4247 Quam
1570 4196 1697 4253 ergo
1729 4183 1882 4239 dein-

288 4285 422 4337 ceps
465 4268 674 4323 veniam
729 4269 1012 4340 habebitis,
1047 4273 1136 4343 qui
1187 4286 1306 4343 post
1353 4277 1511 4330 talem
1563 4281 1883 4333 sententiam

291 4361 418 4415 talia
442 4361 686 4416 audetis?
717 4361 820 4418 Sed
839 4365 956 4434 quis
982 4373 1065 4421 est
1094 4365 1178 4422 hic
1201 4366 1523 4424 Zacharias?
1553 4372 1651 4425 Alii
1678 4384 1880 4440 patrem

287 4450 513 4506 Joannis
535 4467 654 4506 esse
671 4453 881 4520 dicant;
912 4457 998 4510 alii
1029 4458 1375 4528 prophetam;
1404 4464 1490 4517 alii
1519 4464 1678 4517 aliutn
1699 4482 1882 4533 quent-

286 4543 417 4598 tlam
450 4544 776 4600 binnntincm
804 4551 1158 4615 sacerdotem,
1181 4570 1335 4622 quem
1362 4554 1528 4609 Judae
1561 4570 1711 4613 vs-cat
1735 4562 1881 4613 Scri-

289 4634 568 4707 ptura(a).
602 4635 680 4691 Tu
715 4653 840 4692 vero
885 4639 1014 4696 illud
1055 4643 1440 4708 animadverte,
1470 4647 1644 4703 secius
1685 4650 1879 4720 duplex

285 4723 475 4779 fuisse.
529 4725 644 4781 Non
693 4729 834 4783 enim
882 4743 1094 4787 sanctos
1142 4734 1461 4792 occidebant
1519 4747 1744 4807 tantum,
1788 4743 1881 4797 scd

283 4819 450 4870 etiam
484 4817 535 4871 in
563 4818 696 4874 locis
735 4821 954 4877 sanctis.
990 4823 1112 4880 lltec
1140 4838 1315 4880 autent
1345 4829 1532 4884 dicens
1559 4845 1662 4886 non
1707 4835 1880 4886 Solum

284 4907 411 4962 illos
463 4911 730 4978 terrebat,
783 4914 876 4968 sed
929 4916 1090 4970 etiam
1137 4920 1432 4990 discipulos
1483 4927 1879 4994 consolabatur,

281 5004 585 5059 ostendens
609 5006 783 5076 justas
810 5008 938 5063 olim
969 5010 1154 5066 eadem
1181 5028 1303 5068 esse
1331 5031 1534 5084 passos.
1569 5017 1674 5071 llos
1703 5029 1880 5072 autem

283 5098 527 5153 terrebat
557 5089 982 5168 prauruntiando,
1013 5113 1066 5157 ut
1109 5105 1185 5158 illi
1217 5122 1401 5174 poenas
1429 5109 1708 5174 dederant,
1742 5113 1807 5164 ita
1831 5122 1884 5165 et

280 5192 436 5259 ipsos
461 5200 704 5246 extrema
735 5209 852 5246 esse
882 5209 1149 5263 passuros.
1200 5197 1324 5252 Ideo
1356 5199 1471 5255 illus
1499 5211 1550 5255 et
1597 5205 1882 5270 prophetas

280 5293 338 5337 et
367 5283 641 5352 sapientes
667 5296 721 5339 et
747 5287 952 5340 scribas
993 5298 1166 5355 vocat,
1197 5292 1378 5361 sicque
1410 5309 1621 5348 omnem
1654 5296 1754 5347 illis
1785 5311 1880 5348 ex-

279 5377 621 5430 cusationem
664 5375 854 5431 aufert.
900 5378 1015 5433 Non
1066 5383 1306 5450 potestis,
1342 5385 1534 5454 inquit,
1562 5387 1762 5452 dicere,
1798 5405 1882 5442 mc

347 5553 422 5615 (rt)
441 5561 541 5621 .\_'c_n
568 5555 715 5607 .todae
739 5560 846 5609 sive
865 5562 1075 5611 .Ioradam
1103 5575 1324 5613 \'OC:‘.ltllll
1346 5567 1496 5617 fuisse
1522 5572 1794 5620 Zachariam
1829 5572 1882 5621 il-

275 5613 382 5683 ltili
421 5618 541 5683 dicit
578 5621 848 5683 scriptura,
875 5625 903 5670 ξ.)
945 5624 1094 5674 rural.
1120 5625 1204 5681 Eli,
1243 5627 1302 5676 ΞΟ
1330 5642 1338 5674 :
1822 5613 1882 5682 ι’ξιι

277 5679 434 5726 lilium
456 5681 638 5788 .tloiatl:e
662 5679 829 5742 misse,
846 5694 1006 5735 ιλιιιιιτι
1031 5701 1173 5750 quam
1193 5679 1350 5738 tun-rat
1372 5679 1879 5754 Chrysoslemugiunt:

278 5753 448 5788 cierat.-
494 5755 629 5788 .nrsu.

278 5753 448 5793 L‘tL‘l'lit.‘
475 5753 629 5797 Lutati.

3516 306 3581 354 τις
3593 304 3620 356 3

2016 435 2082 479 es
2129 425 2381 494 gentibus
2433 428 2665 492 misisse,
2712 425 2939 496 idemjnr.
2991 441 3087 480 vos
3139 426 3376 495 alien-us
3429 426 3620 481 fuisse:

2018 518 2111 572 scd
2159 534 2225 573 eo
2255 519 2468 574 adducti
2510 521 2642 576 estis
2679 519 2821 591 quod
2866 520 3148 575 homicida:
3179 521 3296 574 sitis
3321 531 3374 574 ct
3412 524 3597 588 saugni

2019 625 2140 664 nem
2173 611 2391 666 sitiatis.
2427 611 2550 666 ideo
2600 611 2863 682 pra-dixit,
2900 628 2958 666 se
3006 612 3296 667 missurum
3327 626 3450 668 esse
3496 629 3621 680 ptu-

2017 699 2205 770 pbetas
2233 711 2287 755 et
2315 703 2536 756 scribas.
2577 701 2686 757 llac
2743 703 2810 758 de
2863 719 2922 758 re
2973 702 3298 758 accusabant
3347 705 3467 759 illos
3499 722 3624 772 pro

2019 793 2192 861 phete
2235 809 2444 859 omnes,
2475 796 2737 861 dicentes,
2770 797 3089 868 Sanguinem
3125 799 3364 870 sanguini
3413 801 3621 854 miserat

2016 884 2170 956 (Osee
2225 889 2277 943 4.
2307 888 2389 960 9.),
2419 899 2472 944 et
2507 891 2651 960 ipsos
2699 891 2843 946 viros
2894 893 3214 962 sanguinunt
3262 907 3386 949 esse
3428 895 3619 949 tcstiti-

2016 987 2220 1032 cantes.
2273 979 2397 1035 Ideo
2427 983 2742 1052 sanguinein
2814 983 2921 1041 sibi
2989 985 3159 1055 jussit
3215 984 3402 1042 oﬂ‘erri
3456 985 3616 1049 Deu~,

2013 1068 2305 1145 osrendeus
2336 1072 2379 1125 si
2405 1074 2455 1125 in
2487 1072 2658 1126 brutis
2679 1073 2750 1126 ita
2784 1074 3052 1143 pretiosus
3082 1074 3300 1143 sanguis
3325 1083 3428 1141 est,
3452 1076 3621 1130 multa

2014 1161 2184 1229 magis
2215 1161 2264 1212 in
2300 1161 2515 1216 homine
2543 1178 2684 1219 esse.
2720 1165 2844 1218 Ideo
2879 1174 2933 1218 ct
2961 1163 3090 1219 Non:
3118 1164 3255 1220 dixit
3287 1186 3300 1221 :
3340 1163 3618 1244 Vindicabo

2015 1265 2215 1304 omnem
2261 1255 2559 1323 sanguinem
2586 1254 2805 1322 c/fusum
2849 1255 3000 1324 (Gen.
3036 1256 3088 1310 9.
3119 1256 3194 1328 6).
3230 1257 3620 1330 lnnunteraque

2011 1329 2116 1396 alia
2169 1343 2394 1397 inveniri
2437 1354 2681 1412 possunt,
2717 1346 2802 1400 ubi
2854 1347 2993 1400 intus
3032 1356 3176 1402 votat
3223 1364 3292 1403 ne
3327 1350 3614 1424 occidant:

2011 1435 2259 1502 quocirca
2291 1451 2359 1489 ne
2385 1436 2697 1491 sttil‘ocatnm
2738 1438 2937 1508 aliquid
2970 1438 3316 1494 C(lllledel't'lll
3349 1441 3542 1495 vetuit.
3575 1448 3617 1494 υ

2012 1525 2104 1580 Dei
2156 1527 2602 1594 miscricordiam,
2637 1531 2730 1602 qui
2758 1531 3002 1600 quamvis
3042 1531 3208 1588 sciret
3253 1533 3303 1589 id
3347 1534 3451 1586 illis
3483 1533 3614 1587 nihil

2011 1616 2348 1686 profuturum
2396 1635 2544 1684 esse,
2578 1636 2672 1675 sua
2725 1631 2983 1691 prtrstare
3040 1639 3144 1676 non
3189 1623 3386 1679 desiit!
3441 1624 3612 1690 Mitto,

2011 1709 2200 1779 inquit,
2237 1710 2359 1765 licet
2404 1710 2569 1764 sciam
2603 1712 2838 1764 occisum
2884 1713 2944 1766 iri
2995 1713 3132 1768 illos.
3166 1713 3348 1784 Itaque
3379 1715 3504 1768 hinc
3531 1721 3644 1768 ιμ’

2009 1817 2157 1856 mere
2202 1801 2344 1872 loqui
2392 1802 2934 1874 dcprchcudcbantur
2976 1820 3098 1859 cum
3146 1805 3387 1860 dicerent
3432 1826 3446 1861 :
3499 1805 3624 1860 Non.

2007 1893 2140 1948 socii
2163 1894 2446 1948 fuissemus
2472 1904 2699 1964 patrum.
2725 1894 2859 1950 Nam
2889 1908 2943 1950 et
2973 1897 3025 1949 hi
3057 1898 3347 1966 prophetas
3373 1898 3426 1952 in
3454 1913 3615 1970 syna-

2005 1989 2156 2058 gogis
2187 1988 2528 2055 occidebant,
2561 2005 2660 2044 nec
2707 1990 2882 2045 locum
2928 1991 3144 2046 reveriti
3182 2002 3327 2057 sunt,
3356 2009 3454 2047 nec
3495 2009 3614 2061 pcr-

2005 2097 2262 2137 sonaruut
2309 2082 2622 2154 dignltatem
2674 2102 2687 2137 :
2746 2085 3114 2154 nequeenim
3170 2086 3318 2140 viros
3369 2101 3401 2140 e
3455 2087 3613 2156 Vulgo

2005 2175 2342 2240 occidebant,
2376 2175 2470 2230 sed
2527 2175 2817 2244 prepbctas
2859 2184 2912 2230 ct
2957 2175 3250 2245 sapientes,
3302 2193 3367 2232 ne
3420 2192 3478 2231 se
3523 2194 3612 2232 re-

2008 2267 2422 2335 prehenderent.
2468 2268 2574 2322 llos
2616 2269 2865 2339 intelligit
2907 2286 3029 2322 csse
3074 2272 3349 2339 apostolos
3391 2288 3611 2325 ctu-um-

2003 2373 2107 2428 que
2158 2373 2502 2413 sueressoms
2538 2377 2551 2412 :
2605 2377 2728 2414 nam
2765 2361 2916 2414 multi
2950 2362 3358 2430 prophetahant.
3410 2362 3611 2417 Deinde

2005 2457 2060 2502 ιιι
2091 2459 2352 2505 terrorem
2383 2461 2624 2521 augeret,
2659 2453 2732 2506 ait
2767 2471 2778 2505 :
2833 2454 2991 2507 Amm
3025 2470 3170 2508 atnen
3199 2456 3313 2509 dico
3344 2457 3500 2521 vobis,
3530 2473 3610 2526 ne:

2002 2541 2141 2595 nient
2189 2542 2296 2595 lucc
2325 2543 2496 2595 omnia
2520 2560 2672 2612 suprr
2697 2545 3073 2614 generationem
3104 2545 3279 2610 hanc;
3333 2549 3382 2601 id
3416 2558 3519 2610 est,
3552 2548 3606 2601 lu

2001 2635 2175 2702 capita
2207 2644 2384 2690 vestra
2436 2634 2552 2690 lucc
2579 2637 2756 2691 ontnia
2811 2653 3036 2703 vertam,
3070 2646 3125 2692 et
3155 2653 3402 2709 magnam
3450 2657 3606 2693 est-r-

1962 2801 1966 2807 I
2000 2727 2134 2782 cebo
2157 2728 2467 2784 vindictam.
2499 2728 2632 2785 Nam
2659 2731 2748 2800 qui
2783 2731 2979 2787 multos
3009 2741 3296 2800 peccantes
3326 2731 3476 2795 vidit,
3508 2749 3604 2788 nec

1999 2835 2297 2874 conversus
2323 2830 2429 2886 cst,
2459 2820 2553 2876 sed
2583 2822 2771 2878 eadem
2819 2823 2929 2892 ipsa
2963 2834 3180 2893 peccata
3216 2825 3472 2890 admittit,
3505 2843 3603 2881 nec

1999 2909 2188 2964 eadem
2237 2911 2348 2981 ipsa
2410 2912 2592 2978 modo,
2622 2913 2718 2968 Sed
2764 2915 2925 2968 etiam
2977 2916 3135 2985 longe
3174 2916 3444 2986 graviora.
3478 2907 3608 2987 gra?

1999 3001 2177 3057 viores
2197 3018 2354 3071 quam
2401 3004 2476 3060 illi
2523 3019 2708 3075 paruas
2743 3007 2925 3061 subire
2954 3016 3209 3061 tueretur.
3235 3008 3602 3076 Quemadmo-

1997 3095 2123 3150 dum
2155 3095 2322 3159 enim,
2353 3097 2406 3149 si.
2444 3097 2719 3160 valuiswt,
2754 3112 2943 3166 magna
2989 3113 3053 3151 ex
3084 3097 3312 3153 aliorum
3356 3103 3605 3170 exetnpto

1998 3187 2236 3241 1.:cralus
2267 3186 2453 3240 fuisset
2484 3188 2674 3240 melior
2705 3186 2926 3242 ell'cctus
2952 3205 2963 3238 :
3000 3189 3097 3254 sic,
3127 3190 3250 3259 quia
3284 3192 3604 3260 resipiscere

1999 3277 2188 3342 noluit,
2218 3276 2408 3346 majori
2439 3287 2524 3331 est
2549 3277 2814 3347 supplicio
2837 3279 3124 3343 obnoxius,
3157 3289 3343 3350 utpote
3371 3284 3460 3353 qui
3491 3300 3604 3339 tua-

1991 3368 2110 3439 jora
2143 3372 2342 3423 monita
2369 3385 2464 3440 per
2491 3385 2587 3426 eos
2609 3372 2698 3440 qui
2726 3371 2834 3441 jam
2860 3382 3214 3442 peccaverant
3237 3384 3290 3428 et
3311 3375 3454 3445 plexi
3489 3377 3598 3436 lue.

1999 3472 2118 3516 rant
2149 3471 2448 3532 receperat,
2480 3463 2575 3518 scd
2619 3464 2736 3520 sine
2769 3466 2961 3520 fructu.

2069 3557 2124 3609 5.
2167 3555 2372 3610 Deinde
2421 3545 2486 3611 ad
2520 3557 2791 3612 civitatem
2845 3573 3150 3616 setmonem
3197 3546 3603 3634 convet'tit,isin,z

1994 3646 2268 3702 auditores
2317 3649 2595 3702 instituere
2644 3650 2850 3717 volens,
2882 3652 3064 3722 aitque
3096 3671 3109 3707 :
3147 3653 3237 3711 57.
3287 3655 3596 3724 Jerusalem,

1994 3735 2303 3793 Jerusalem.
2328 3739 2464 3805 Quid
2498 3741 2598 3796 sibi
2633 3742 2750 3795 vult
2774 3741 2888 3796 hmo
2919 3743 3249 3814 duplicatio?
3293 3748 3596 3805 Miserantis

1991 3841 2075 3884 est
2103 3830 2353 3900 loquendi
2387 3832 2596 3900 ntodns,
2623 3843 2676 3888 et
2700 3833 2988 3890 admodum
3012 3841 3261 3893 amantis.
3282 3841 3431 3896 Sicut
3451 3845 3595 3900 enim

1994 3923 2134 3994 apud
2171 3925 2441 3994 dilectam,
2472 3942 2688 3996 semper
2726 3939 2978 3993 amatam,
3012 3947 3130 4002 qute
3159 3947 3428 3990 amantem
3459 3953 3596 3992 con-

1996 4012 2307 4086 tempserat,
2361 4017 2586 4087 ideoque
2637 4020 2902 4089 supplicio
2947 4022 3306 4092 plectendam,
3361 4027 3430 4080 ita
3473 4016 3596 4086 sese

1993 4109 2235 4163 defendit
2262 4109 2500 4176 demum,
2531 4126 2652 4165 cum
2701 4129 2821 4167 mox
2852 4116 3172 4185 supplicium
3213 4129 3294 4175 est
3325 4120 3590 4177 illaturus.

1994 4200 2145 4266 Quod
2180 4201 2339 4254 etiam
2371 4201 2423 4256 in
2450 4203 2723 4271 prophetis
2751 4204 2873 4260 facit
2903 4204 2986 4261 his
3012 4208 3190 4264 verbis
3226 4228 3239 4264 :
3292 4211 3428 4277 Dia'i,
3461 4213 3595 4268 Con-

1995 4304 2181 4347 certere
2232 4295 2298 4346 ad
2342 4296 2472 4361 nte‘,
2517 4306 2561 4349 et
2605 4313 2706 4350 non
2752 4307 2824 4351 est
2868 4317 3107 4355 rmteersa
3155 4301 3363 4373 (Jerem.
3409 4306 3460 4361 5.
3509 4308 3589 4379 7).

1998 4385 2196 4439 Deinde
2247 4401 2443 4440 vocans
2495 4389 2662 4451 illam,
2697 4390 2979 4444 homicidia
3013 4391 3130 4461 ejus
3176 4396 3385 4464 subjici!
3417 4416 3429 4451 :
3465 4399 3592 4466 Qua:
3666 4422 3669 4424 ·

1994 4478 2182 4531 occidis
2219 4478 2512 4546 prop/tctus,
2545 4490 2587 4531 et
2628 4480 2828 4548 lapidas
2859 4498 2941 4534 eos
2981 4485 3063 4552 qui
3087 4485 3160 4543 ad
3199 4495 3247 4540 te
3274 4489 3414 4542 missi
3450 4504 3590 4558 sum,

1993 4567 2184 4632 incuties
2229 4569 2363 4621 colui
2407 4585 2714 4640 congregare
2758 4573 2891 4639 [ilius
2945 4584 3076 4636 tuos,
3104 4586 3151 4630 et
3197 4579 3479 4634 noluistis?
3525 4584 3594 4640 ita

1993 4659 2132 4713 circa
2164 4675 2226 4714 ea
2254 4675 2374 4730 qua:
2404 4671 2588 4714 contra
2623 4677 2682 4717 se
2713 4663 2957 4720 iecerunt
2985 4683 3107 4724 sese
3135 4669 3410 4728 defendit:
3457 4677 3592 4746 Quia

1993 4768 2166 4821 neque
2198 4763 2416 4822 promer
2442 4753 2555 4808 hac
2596 4772 2624 4808 a
2661 4767 2709 4811 te
2753 4774 2972 4813 aversus
2998 4776 3144 4828 sum,
3189 4782 3360 4838 neque
3401 4787 3487 4826 me
3527 4775 3596 4828 ab

1997 4847 2084 4899 illa
2115 4861 2305 4917 magna
2335 4863 2462 4918 erga
2497 4858 2547 4903 te
2590 4849 2962 4907 benevolentia
3011 4859 3269 4926 repuli-ti,
3315 4864 3408 4918 sed
3444 4875 3495 4920 te
3525 4868 3592 4922 ita

1991 4939 2235 4991 affectam
2261 4938 2428 4998 volui.
2452 4956 2554 4993 non
2579 4943 2742 4997 semel
2761 4954 2815 4998 et
2839 4944 2940 5008 bis,
2963 4947 3053 5002 sed
3083 4949 3279 5018 pluries
3301 4962 3594 5012 attrahere.

1996 5028 2202 5096 Quoties
2255 5031 2420 5096 enim,
2475 5032 2667 5101 inquit,
2721 5036 2857 5090 volui
2911 5054 3220 5112 congregare
3273 5047 3407 5115 ﬁlios
3456 5025 3592 5115 tuos,

1991 5120 2416 5189 quemadmodum
2443 5122 2638 5192 gallina
2665 5140 2936 5200 congregat
2986 5132 3153 5200 pullos
3177 5153 3296 5190 suos
3341 5140 3432 5192 sub
3462 5143 3595 5206 alas,

1991 5222 2035 5264 et
2069 5211 2340 5268 noluistis?
2373 5215 2483 5271 lloc
2506 5217 2656 5283 dicit,
2676 5224 2970 5278 ostendens
3001 5227 3120 5282 illos
3151 5245 3295 5300 saepe
3326 5239 3598 5301 peccando

1991 5320 2111 5359 sese
2142 5305 2493 5376 dispersisse;
2527 5320 2580 5366 et
2610 5329 2676 5366 ex
2708 5313 2940 5385 imagine
2973 5317 3063 5372 illa
3086 5334 3328 5390 amorem
3360 5324 3598 5383 declarat
3685 5309 3688 5312 Ι

1991 5413 2146 5452 suum
2179 5417 2190 5451 :
2223 5400 2389 5455 fer—Vel
2414 5403 2558 5456 enim
2583 5419 2735 5460 amor
2756 5409 3006 5466 animalis
3037 5413 3179 5468 illius
3202 5417 3344 5472 circa
3369 5423 3594 5490 prolem.

1992 5492 2146 5561 Srcpc
2175 5505 2354 5548 autem
2380 5494 2493 5549 hate
2522 5498 2725 5550 alarum
2754 5499 2933 5572 imago
2963 5505 3012 5557 in
3046 5507 3323 5574 prOphetis
3353 5513 3596 5580 habetur,

1993 5599 2201 5639 necnon
2236 5588 2283 5638 in
2320 5588 2528 5641 cantico
2567 5589 2788 5659 Moysis,
2819 5602 2872 5647 ct
2906 5596 2956 5648 in
2990 5597 3239 5668 Psalmis,
3271 5610 3388 5672 quizc
3418 5617 3597 5674 prote-

2016 5700 2272 5810 m’mt-lln’gel.
2308 5702 2489 5760 habet,
2518 5714 2791 5758 conrcrtcrc
2817 5709 2881 5762 ad
2904 5724 2979 5761 me
3022 5721 3124 5776 post
3149 5715 3259 5769 illas
3292 5733 3454 5770 anates
3487 5736 3589 5784 μιν.

2142 5778 2166 5809 -'J
2206 5778 2271 5810 (Ἣ.

1989 5776 2253 5813 suum-aurs
2263 5804 2271 5814 .
