4174 6332
606 274 712 328 685

604 393 856 446 ctionem,
888 389 941 438 et
971 378 1356 449 providentiam
1404 389 1649 445 magnam
1683 372 1900 429 indicat.
1928 372 2033 430 Sed
2076 387 2173 428 no-

609 477 802 540 luistis,
833 473 1024 544 inquit.
1058 470 1146 528 38.
1189 467 1315 523 Ecce
1339 467 1649 537 relinquetur
1688 465 1867 520 domus
1894 475 2061 520 vestra
2084 464 2177 519 de-

603 578 754 630 serto,
790 563 1084 636 patrocinio
1120 561 1324 617 scilicet
1348 574 1469 615 meo
1494 572 1679 614 vacua.
1725 558 1840 626 Ipse
1880 557 2038 625 igitur
2063 563 2180 610 eral.

602 658 689 729 qui
739 656 886 727 prius
926 654 996 710 illi
1048 652 1499 725 patrocinabatur.
1554 652 1825 719 ipsamque
1876 647 2089 702 tenebat
2115 660 2177 701 ac

601 748 849 805 servabat
879 765 894 801 :
937 748 1049 817 ipse
1093 746 1269 815 itaque
1299 752 1400 809 est,
1432 742 1520 812 qui
1554 743 1670 795 il'os
1696 754 1905 810 semper
1931 740 2171 809 castigat.

599 838 668 895 Et
694 838 1007 911 supplicium
1041 839 1170 907 ipsis
1200 835 1380 900 infert,
1402 833 1542 904 quod
1573 832 1645 885 illi
1669 830 1953 885 admodum
1984 828 2171 887 formi-

597 930 794 985 dabant
823 947 838 985 :
870 930 972 985 hoc
997 929 1138 984 enim
1183 927 1419 982 omnium
1467 938 1645 979 rerum
1695 936 1909 976 suarum
1937 921 2164 976 eversio~

598 1038 721 1079 nem
749 1021 1079 1093 designabat.
1110 1018 1200 1075 39.
1227 1016 1354 1072 Dico
1376 1017 1506 1072 enim
1532 1014 1688 1080 vobis,
1718 1030 1817 1067 non
1843 1030 1922 1067 me
1948 1010 2175 1067 uidebitis

595 1112 781 1167 etmodo
808 1112 965 1167 donec
1012 1110 1212 1173 dicatis,
1242 1108 1541 1163 Benedictus
1582 1106 1669 1177 qni
1710 1105 1841 1159 venit
1880 1103 1933 1157 in
1974 1104 2176 1157 nomine

597 1204 823 1258 Domini.
856 1204 967 1258 lloc
1013 1204 1136 1256 item
1165 1200 1364 1256 dictum
1395 1198 1647 1253 ferventis
1676 1204 1765 1252 est'
1782 1194 2054 1261 amatoris,
2084 1208 2172 1265 qut

594 1295 717 1352 illos
776 1303 831 1351 ct
883 1294 1075 1348 futuris
1124 1290 1403 1351 eventibus
1466 1286 1777 1358 pertrahere
1832 1285 2174 1341 vehementer

592 1396 741 1458 Optat
779 1407 791 1443 :
834 1399 1008 1456 neque
1054 1399 1082 1438 a
1128 1382 1441 1454 prieteritis‘
1489 1380 1659 1434 solum
1708 1379 1999 1435 hortatur:
2046 1393 2169 1433 nam

590 1478 731 1535 diem
778 1476 1011 1532 futurmn
1042 1473 1261 1531 secundi
1292 1473 1408 1543 ejus
1431 1470 1693 1526 adventus
1721 1477 2001 1524 memorat.
2033 1467 2171 1536 Quid

592 1569 788 1640 igitur?
817 1583 884 1622 an
924 1582 987 1623 cx
1034 1567 1126 1621 illo
1154 1568 1393 1635 tempore
1420 1578 1526 1617 non
1554 1563 1689 1618 ultra
1723 1561 1971 1617 viderunt
2009 1560 2172 1617 eum?

591 1661 697 1717 Sed
720 1660 869 1728 illud,
898 1659 1118 1725 Amodo,
1147 1672 1253 1712 non
1277 1655 1420 1711 illam
1452 1655 1635 1709 horam
1662 1653 1944 1724 significat,
1972 1651 2065 1710 sed
2093 1662 2167 1707 toc

590 1761 702 1808 tum
734 1763 942 1821 tempus
983 1748 1112 1805 illud
1142 1746 1283 1819 quod
1312 1744 1579 1817 usquead
1605 1760 1818 1801 crucem
1870 1744 2166 1802 intercedit.

587 1846 718 1916 Quia
746 1846 889 1902 enim
910 1843 1059 1898 illum
1087 1855 1301 1911 semper
1330 1838 1428 1894 hac
1455 1837 1525 1893 de
1564 1854 1622 1893 re
1659 1833 1999 1905 accusabant,
2026 1837 2166 1909 quod

586 1940 698 1994 Deo
717 1934 1054 1991 adversarius
1074 1941 1217 1989 esset
1241 1940 1295 1987 et
1319 1930 1584 1996 inimicus,
1606 1928 1731 1984 hinc
1758 1928 1903 1999 ipsos
1929 1929 1994 1983 ad
2020 1943 2168 1985 amo-

584 2045 700 2085 rem
729 2026 808 2083 sui
846 2026 1109 2088 hortatur,
1136 2022 1276 2094 quod
1320 2036 1381 2077 se
1426 2019 1566 2076 Patri
1607 2019 1923 2075 concordem
1952 2033 2168 2089 semper

585 2122 935 2183 demonstret,
961 2128 1015 2173 et
1040 2116 1274 2187 seipsum
1302 2113 1537 2169 declarat
1577 2113 1629 2166 in
1674 2111 1946 2183 prophetis
1969 2110 2161 2166 fuisse:

589 2221 869 2281 propterea
893 2206 1078 2264 iisdem
1107 2206 1238 2276 ipsis
1255 2205 1417 2260 utitur
1443 2202 1639 2268 verbis,
1667 2202 1857 2273 quibus
1887 2200 2157 2271 propheta.

586 2304 689 2359 Per
716 2302 829 2356 ha-c
862 2302 1022 2356 etiam
1056 2296 1500 2354 resurrectionem
1543 2294 1916 2361 subindicavit,
1958 2308 2165 2349 necnon

582 2393 876 2451 secundum
894 2390 1178 2447 adventum
1203 2404 1381 2457 suum,
1399 2388 1669 2458 etiamque
1690 2386 1754 2444 iis
1768 2388 1857 2458 qui
1879 2385 2163 2442 admodum

585 2486 841 2542 increduli
872 2492 1074 2550 essent,
1103 2479 1246 2551 quod
1288 2480 1459 2551 ipsum
1514 2491 1637 2535 tunc
1668 2489 1849 2534 essent
1871 2478 2161 2534 adoraturi.

585 2583 653 2638 Et
678 2579 947 2653 quomodo
995 2576 1121 2633 illud
1151 2574 1503 2647 significavit?
1526 2574 1660 2630 Cum
1711 2572 1873 2627 multa
1907 2573 2052 2641 prius
2077 2569 2159 2625 fu-

584 2683 701 2727 tura
737 2671 959 2727 dixisset
992 2686 1005 2722 :
1050 2668 1191 2739 quod
1220 2668 1480 2723 missurus
1516 2674 1659 2721 esset
1686 2665 1990 2733 prophetas,
2017 2660 2160 2732 quod

580 2764 703 2821 illos
729 2762 1059 2817 interfectnri
1084 2768 1283 2823 essent.
1306 2758 1572 2829 etiamque
1594 2757 1647 2811 in
1676 2756 1992 2828 synagogis;
2018 2756 2159 2827 quod

580 2854 654 2911 illi
682 2863 925 2909 extrema
948 2859 1127 2908 essent
1148 2850 1374 2922 passuri,
1392 2848 1532 2920 quod
1550 2848 1741 2903 domus
1758 2848 1969 2903 deserta
1992 2846 2158 2915 foret;

579 2943 722 3016 quod
772 2943 925 3000 malis
975 2941 1303 3014 gravissimis
1352 2948 1533 2997 essent
1581 2939 1935 3009 subjiciendi,
1986 2939 2159 3010 qualia

579 3050 868 3106 numquam
899 3034 1124 3089 fuerant.
1159 3032 1283 3087 ﬂare
1314 3032 1508 3102 quippe
1532 3031 1708 3084 omnia
1747 3031 1833 3085 vel
1862 3040 2039 3087 mente
2066 3045 2158 3086 ea-

580 3128 687 3199 ptis
712 3136 767 3183 et
791 3125 1145 3182 contemiosis
1172 3122 1457 3178 adventum
1480 3122 1597 3193 ejus
1618 3121 1985 3177 demonstrare
2014 3134 2161 3193 pote-

578 3225 720 3274 rant.
753 3216 1144 3286 lnterrogemns
1170 3227 1399 3283 namque
1440 3227 1536 3268 eos
1568 3233 1581 3267 :
1622 3212 1831 3267 Misitne
1877 3212 2161 3283 prophetas

581 3320 637 3366 et
661 3309 966 3381 sapientes?
991 3320 1169 3362 annon
1195 3304 1503 3361 occiderunt
1522 3318 1616 3359 eos
1645 3305 1697 3360 in
1729 3304 2053 3376 synagogis?
2079 3312 2161 3359 re-

580 3402 772 3457 lictane
792 3409 875 3456 est
896 3398 1085 3454 domus
1104 3396 1352 3452 deserta?
1371 3404 1700 3452 veneruutue
1720 3394 1976 3465 supplicia
2000 3386 2161 3466 super

579 3493 977 3566 generationem
1004 3489 1186 3569 illam?
1212 3489 1267 3545 ld
1295 3487 1632 3543 manifestqu
1674 3498 1819 3543 certe
1844 3497 1946 3551 est,
1978 3504 2158 3546 nemo-

579 3600 685 3657 que
708 3581 1054 3640 coutradicet.
1082 3582 1229 3637 Sicut
1248 3595 1377 3651 ergo
1398 3579 1511 3634 bzec
1535 3580 1715 3634 omnia
1744 3590 2059 3648 evenerunt,
2082 3583 2159 3635 sic

580 3685 635 3732 et
680 3675 765 3729 illa
809 3675 1078 3739 evenient,
1108 3680 1164 3726 et
1211 3680 1333 3725 tunc
1374 3668 1565 3725 cedent
1594 3683 1759 3739 seque
1802 3668 2154 3735 submittunt;

581 3767 673 3824 sed
702 3767 830 3822 nihil
856 3765 922 3821 ad
963 3766 1044 3821 sui
1070 3762 1467 3819 excusationem
1508 3771 1761 3833 poterunt
1805 3761 2073 3832 proferre;
2102 3772 2157 3818 ut

582 3873 754 3928 neque
777 3858 846 3911 illi
868 3856 956 3928 qui
984 3868 1185 3911 eversa:
1205 3855 1429 3909 civitatis
1450 3868 1607 3910 causa
1642 3864 1763 3909 tunc
1790 3854 2154 3923 ptenitentiam

579 3963 820 4023 egerunt.
853 3950 1205 4019 Quapropter,
1238 3947 1408 4002 donec
1435 3955 1643 4015 tempus
1677 3956 1777 4011 est,
1806 3948 1959 4002 bonis
1982 3949 2155 4017 operi-

583 4044 681 4097 bus
726 4057 825 4096 nos
867 4040 1145 4094 dedamns.
1187 4036 1639 4105 Quemadmodum
1690 4038 1833 4091 enim
1896 4039 1970 4092 illi
2034 4046 2159 4093 tunc

584 4136 712 4191 nihil
737 4149 800 4189 ex
827 4132 1130 4202 cognitione
1159 4124 1371 4185 fructus
1397 4129 1718 4199 percipient,
1747 4131 1824 4184 sic
1863 4130 2005 4184 nulla
2033 4138 2159 4186 tunc
2189 4122 2194 4126 ’

583 4229 740 4286 nobis
761 4243 825 4283 ex
857 4224 1166 4296 pmnitentia
1204 4223 1271 4279 de
1302 4224 1533 4293 peccatis
1576 4225 1771 4278 utilitas
1797 4224 2013 4280 accedet
2040 4242 2051 4279 :
2101 4234 2159 4279 ut

581 4336 756 4392 neque
780 4318 1145 4391 gubernatori,
1166 4332 1284 4373 cum
1310 4317 1458 4371 navis
1486 4333 1578 4386 per
1607 4317 1721 4387 ejus
1748 4318 2004 4373 desidiam
2034 4318 2160 4375 sub—

578 4429 753 4471 mersa
795 4421 900 4474 est,
944 4398 1055 4467 nee"
1091 4409 1320 4477 medico,
1366 4417 1488 4480 post
1531 4411 1712 4479 aegroti
1764 4422 1987 4467 mortem
2019 4431 2033 4468 :
2063 4413 2156 4468 sed

583 4522 768 4562 omnes
817 4514 942 4559 ante
989 4504 1148 4557 linem
1200 4502 1329 4556 nihil
1378 4518 1480 4556 non
1529 4502 1820 4559 machinari
1851 4515 1906 4560 et
1948 4510 2155 4577 operari

581 4606 811 4667 oportet,
842 4604 900 4649 ut
930 4609 995 4649 ne
1020 4595 1070 4646 in
1106 4593 1393 4663 periculum
1424 4594 1507 4647 vel
1538 4595 1917 4662 turpitudinem
1946 4596 2155 4652 decida-

580 4697 706 4743 tur:
736 4682 919 4759 postea
947 4686 1088 4739 enim
1134 4686 1221 4739 illa
1256 4686 1433 4739 omnia
1465 4695 1589 4740 sunt
1619 4686 1841 4741 inutilia.
1879 4688 1984 4743 Nos
2012 4700 2157 4748 certe

580 4780 796 4853 quando
842 4790 1180 4849 :egrotamus,
1223 4777 1457 4833 medicos
1503 4793 1856 4848 accersamus,
1906 4785 2155 4852 pecunias

576 4871 969 4943 impendamus,
992 4868 1363 4939 assiduamque
1392 4884 1609 4939 operam
1641 4870 1848 4939 demus,
1875 4883 1931 4927 ut
1961 4890 2024 4927 ex
2066 4890 2157 4929 nc-

582 4966 745 5035 quitia
772 4973 1073 5032 surgentes,
1106 4960 1229 5016 inde
1269 4962 1383 5015 sani
1431 4962 1780 5030 recedamus;
1823 4973 1877 5020 et
1906 4976 2155 5036 quantam

579 5058 719 5111 circa
776 5067 963 5110 servos
1018 5061 1230 5107 nostros
1276 5066 1455 5107 curam
1515 5054 1897 5125 impendimus,
1930 5072 2048 5112 cum
2104 5060 2155 5114 in

582 5148 823 5203 morbum
867 5134 1175 5211 inciderint,
1206 5151 1401 5197 tantam
1427 5145 1564 5199 circa
1592 5161 1692 5201 nos
1722 5146 1865 5217 ipsos
1902 5148 2154 5205 exhibea-

580 5256 722 5304 mus,
754 5253 875 5293 cum
914 5237 1091 5291 anima
1121 5244 1360 5306 aegrotat.
1397 5236 1557 5306 Atqui
1585 5237 1738 5293 nobis
1775 5239 1903 5309 ipsis
1942 5243 2156 5311 propin-

582 5338 791 5402 qoiores
833 5344 1039 5398 sumus,
1067 5346 1224 5401 quam
1274 5330 1463 5396 servis,
1513 5339 1567 5384 et
1611 5333 1920 5401 corporibus
1968 5337 2159 5391 anima:

583 5422 986 5497 prmstautiores
1014 5434 1136 5479 sunt
1167 5441 1180 5489 ;
1227 5431 1460 5478 attamen
1492 5424 1578 5479 vix
1620 5439 1797 5493 parem
1828 5441 2011 5482 curam
2054 5427 2159 5483 im-

585 5517 885 5585 pendimus.
934 5514 1043 5571 Nisi
1076 5516 1215 5571 enim
1263 5518 1316 5572 id
1368 5532 1508 5574 nunc
1557 5518 1831 5587 faciamus,
1882 5532 2159 5593 postquam

636 5692 644 5719 ι
689 5685 855 5747 Morel,
880 5688 1046 5741 habet.
1074 5700 1220 5749 neque
1244 5700 1273 5736 α
1297 5688 1620 5751 ρθ-ωδεηιίὸιιε.

1276 264 1331 320 S.
1374 260 1649 319 105Nle
1688 258 2151 318 CIIBYSOSTOMI
2196 258 2510 315 ARCHIEP.
2554 257 3085 316 CONSTANTlNOi‘.

3732 259 3737 267 ’
3768 260 3860 316 681

2286 372 2712 440 decesserimus,
2767 373 2907 427 nulla
2964 373 3120 428 nobis
3176 373 3493 438 relinquitur
3544 374 3870 434 defensionis

2288 462 2445 517 ratio.

2355 556 2408 611 ι.
2439 555 2674 611 Animum
2688 572 2868 612 curare
2888 557 3198 629 negligentes
3216 557 3610 629 redarguuntnr,
3639 560 3869 616 προόπτην

2282 664 2380 719 que
2402 649 2677 703 curationis
2702 650 2962 705 docentur.
2996 681 3066 691 -—
3094 651 3289 721 Ecquis
3320 652 3390 708 ita
3418 653 3603 718 miser,
3630 655 3860 726 inquies.

2284 746 2343 793 ut
2373 754 2477 795 non
2508 754 2686 810 parem
2714 741 3126 799 sollicitudinem
3145 742 3374 799 habeat?
3402 744 3511 799 Hoc
3530 756 3680 801 certe
3706 747 3871 801 ntim-

2284 830 2388 884 bile
2417 840 2519 897 est,
2551 832 2690 902 quod
2718 848 2816 887 nos
2843 833 2987 903 ipsos
3014 842 3295 905 plusquam
3324 850 3512 892 servos
3541 838 3875 909 negligamns

2281 918 2759 995 despiciantusqne.
2791 923 2927 979 Nam
2970 926 3141 982 servis
3185 924 3607 983 febricitantibus
3632 929 3875 985 medicos

2279 1009 2624 1080 advocamus,
2655 1012 3009 1070 habitaculum
3042 1015 3171 1088 ipsis
3195 1015 3537 1086 deputamus,
3561 1019 3874 1089 ipsos-artis

2280 1101 2483 1171 legibus
2506 1105 2729 1176 obsequi
2758 1106 3035 1177 cogimus;
3064 1108 3110 1163 si
3143 1108 3415 1179 negligant
3445 1110 3580 1179 ipsi,
3613 1126 3713 1166 nos
3739 1126 3871 1183 gra-

2279 1197 2414 1251 vilcr
2461 1197 2681 1254 ferimus
2705 1241 2718 1264 ,
2766 1200 3016 1256 custodes
3067 1202 3301 1270 ipsorum
3337 1204 3747 1267 constituimus,
3778 1206 3870 1275 qui

2280 1288 2592 1359 prohibeant
2620 1307 2686 1346 ne
2714 1294 2979 1362 appetitus
3010 1294 3080 1347 illi
3104 1308 3231 1350 suos
3247 1303 3538 1365 sequantur
3562 1314 3576 1350 :
3602 1297 3691 1366 qui
3719 1297 3764 1353 si
3783 1298 3867 1351 di-

2278 1380 2454 1434 xerint
2483 1382 2661 1451 magni
2709 1383 2865 1451 pretii
2894 1382 3155 1439 medicina
3191 1398 3311 1441 esse
3336 1400 3492 1456 opus,
3521 1385 3749 1441 libenter
3773 1402 3868 1441 an-

2278 1470 2526 1525 nuimus:
2559 1480 2613 1526 et
2639 1471 2891 1544 quidquid
2934 1475 3221 1530 statuerint
3242 1514 3257 1540 ,
3286 1490 3386 1532 nos
3407 1476 3864 1547 obtemperamus,

2275 1570 2432 1632 atque
2474 1562 2777 1633 hujusmodi
2818 1573 3135 1621 statutorum
3180 1567 3482 1622 mercedem
3530 1570 3660 1639 ipsis
3695 1571 3863 1625 solvi-

2274 1668 2412 1709 mus.
2444 1652 2576 1709 Cum
2619 1664 2797 1711 autem
2842 1671 2940 1713 nos
2970 1657 3159 1713 morbo
3188 1657 3527 1724 laboramus;
3555 1661 3663 1716 imo
3703 1677 3861 1716 num.

2272 1757 2429 1814 quam
2453 1760 2561 1801 non
2582 1745 2916 1813 laboramus;
2949 1763 3055 1802 non
3083 1748 3346 1804 medicum
3372 1752 3720 1818 accersimus,
3755 1769 3862 1809 non

2272 1839 2525 1905 pecunias
2550 1838 2903 1911 impendimus
2927 1882 2944 1909 ,
2971 1840 3065 1898 sed
3082 1841 3317 1898 animam
3343 1844 3494 1914 quasi
3518 1845 3788 1900 inimicum
3808 1856 3864 1903 ct

2275 1930 2481 1985 hostem
2506 1932 2843 2002 negligimus.
2867 1932 2992 1988 Hmc
3023 1949 3181 2004 porro
3201 1932 3341 2002 dico,
3371 1950 3477 1991 non
3505 1936 3647 2007 quod
3677 1952 3860 1995 curam

2270 2018 2413 2073 illam
2458 2020 2601 2077 circa
2645 2036 2833 2079 servos
2874 2023 3168 2079 adhibitam
3212 2024 3510 2096 improbem
3535 2069 3551 2094 ,
3586 2028 3680 2084 sed
3718 2031 3860 2101 quod

2268 2114 2477 2181 cupiam
2502 2123 2561 2169 ut
2586 2130 2768 2185 parem
2796 2116 2983 2172 saltem
3014 2118 3153 2173 circa
3184 2120 3414 2173 animam
3448 2129 3686 2175 nostram
3714 2122 3862 2177 solli-
3886 2188 3892 2195 Ι

2268 2204 2554 2261 citudinem
2587 2207 2955 2263 adhibeamus.
2992 2208 3058 2264 Et
3078 2224 3184 2281 quo
3208 2221 3385 2279 pacto.
3417 2200 3660 2282 itiqtties.
3691 2214 3745 2269 id
3775 2215 3859 2270 fa—

2269 2296 2511 2352 ciemus?
2540 2296 2758 2369 IEgram
2806 2300 2949 2355 illam
2991 2301 3155 2356 Paulo
3184 2303 3441 2363 ostende:
3474 2318 3693 2361 accerse
3719 2306 3860 2362 Mat-

2270 2385 2501 2453 thtcum;
2536 2388 2795 2447 Joannem
2841 2391 3077 2448 assidere
3102 2408 3276 2450 cures.
3330 2394 3411 2449 Ab
3448 2396 3553 2450 illis
3578 2396 3700 2451 andi
3728 2398 3855 2468 quid

2271 2477 2360 2533 tali
2385 2479 2572 2535 morbo
2592 2479 2855 2537 laboranti
2881 2482 2949 2537 sit
2970 2482 3289 2539 faciendum.
3318 2484 3501 2540 Dicent
3521 2487 3701 2557 utique
3720 2528 3734 2552 ,
3757 2504 3860 2545 nec

2264 2569 2515 2627 uelabant
2544 2590 2558 2627 :
2587 2579 2697 2628 uon’
2741 2574 2882 2629 enim
2932 2575 3125 2629 mortui
3157 2584 3315 2642 sunt,
3363 2576 3456 2631 sed
3483 2576 3669 2633 vivunt
3696 2588 3749 2633 et
3774 2580 3857 2634 lo-

2264 2669 2522 2733 quuntur.
2550 2663 2656 2719 Sed
2702 2679 2809 2720 non
2850 2664 3073 2720 attendit
3118 2666 3295 2720 anima
3333 2683 3393 2722 se
3423 2666 3557 2723 febri
3587 2667 3859 2726 detineri?

2265 2752 2350 2809 Ad
2378 2753 2431 2809 id
2462 2753 2607 2809 illam
2638 2763 2692 2809 tu
2715 2769 2868 2825 euge,
2897 2764 2951 2812 et
2979 2756 3345 2812 rationabilem
3382 2757 3500 2828 eius
3526 2769 3729 2830 partem
3754 2777 3856 2815 ex-

2264 2846 2389 2904 cita.
2421 2844 2585 2903 Indue
2632 2846 2953 2917 prophetas;
2982 2847 3065 2903 his
3114 2848 3336 2904 medicis
3376 2864 3481 2904 non
3526 2854 3863 2908 numeranda

2264 2938 2489 3007 pecunia
2531 2946 2615 2994 est
2641 2954 2654 2992 :
2688 2953 2860 3010 neque
2889 2940 3030 2995 enim
3078 2939 3412 3007 mercedem,
3441 2957 3612 3012 neque
3642 2942 3854 3013 impen-

2263 3042 2377 3083 sam
2403 3028 2626 3099 exigunt
2652 3029 2734 3085 vel
2759 3044 2859 3101 pro
2896 3044 3057 3099 opera
3087 3030 3167 3085 vel
3199 3045 3295 3101 pro
3335 3031 3585 3088 remediis
3615 3034 3749 3089 suis.
3800 3034 3857 3088 ln

2266 3120 2639 3177 necessitatem
2672 3128 2848 3176 tamen
2881 3122 3135 3192 impensa:
3164 3131 3215 3178 te
3243 3122 3566 3192 conjiciunt,
3591 3124 3684 3180 sed
3713 3125 3862 3181 elee-

2264 3225 2504 3283 mosynte
2529 3212 2850 3282 erogandae;
2884 3212 2935 3266 in
2957 3213 3167 3268 caeteris
3195 3223 3374 3269 autem
3404 3213 3471 3269 dc
3496 3229 3595 3269 suo
3621 3216 3859 3287 largiun-

2265 3309 2352 3356 tur
2384 3317 2545 3358 :eum
2572 3302 2715 3359 enim
2764 3314 2815 3358 te
2860 3315 3219 3375 temperanter
3255 3321 3416 3377 agere
3459 3307 3684 3376 iubent,
3713 3320 3764 3364 te
3790 3311 3859 3364 ah

2265 3395 2650 3467 intempestivis
2676 3407 2730 3452 et
2755 3398 2999 3454 absurdis
3028 3400 3281 3470 impensis
3322 3400 3580 3466 liberant;
3612 3417 3736 3456 cum
3765 3403 3857 3472 ju-

2264 3484 2394 3540 bcnt
2421 3485 2689 3543 abstinere
2717 3488 2785 3541 ab
2811 3488 3070 3545 ebrietate
3089 3532 3103 3556 ,
3136 3490 3523 3560 opulentiorem
3555 3502 3606 3546 te
3632 3492 3857 3549 faciunt.

2268 3579 2452 3636 Viden‘
2481 3582 2808 3638 medicorum
2831 3592 3035 3649 artem,
3061 3584 3149 3653 qui
3176 3600 3297 3639 cum
3321 3587 3548 3640 sanitate
3569 3587 3867 3656 pecuniam

2261 3672 2528 3730 aderunt?
2571 3673 2762 3730 Asside
2806 3674 2964 3745 igitur
3003 3675 3135 3742 illis,
3177 3676 3247 3731 ab
3273 3678 3457 3747 eisque
3500 3678 3651 3733 diaee
3681 3680 3859 3735 morbi

2262 3773 2531 3818 naturam.
2581 3764 2826 3833 Exempli
2869 3781 3062 3833 causa,
3110 3780 3259 3821 amas
3288 3768 3541 3837 pecunias
3580 3777 3638 3823 et
3676 3772 3861 3825 avari-

2264 3860 2424 3925 tiam,
2458 3868 2515 3914 ut
2540 3859 2905 3915 febricitantes
2924 3874 3116 3931 aquam
3146 3858 3426 3931 frigidam?
3451 3862 3586 3915 Audi
3616 3862 3744 3931 quid
3782 3863 3860 3917 illi

2262 3950 2468 4005 consilii
2500 3950 2745 4005 aderant.
2800 3950 2948 4005 Sicut
2988 3952 3132 4005 enim
3164 3952 3404 4007 medicus
3432 3953 3593 4008 edicit
3623 3954 3719 4008 tibi
3755 3971 3772 4009 :
3804 3953 3866 4010 Si

2264 4040 2602 4109 cupiditatem
2648 4042 2925 4110 sequaris,
2963 4042 3194 4111 peribis,
3242 4051 3297 4097 et
3342 4043 3471 4097 illud
3519 4052 3682 4114 atque
3725 4046 3865 4103 illud

2266 4132 2387 4187 mali
2426 4132 2515 4188 tibi
2542 4134 2753 4188 eveniet
2784 4150 2796 4187 :
2827 4133 2904 4189 sic
2952 4143 3007 4189 ct
3034 4134 3228 4190 Paulus
3257 4150 3269 4187 :
3300 4134 3401 4202 Qui
3444 4138 3598 4189 ditari
3641 4140 3861 4202 uolunt.

2266 4224 2457 4295 inquit,
2487 4223 2714 4278 incidunt
2746 4224 2795 4277 in
2822 4232 3147 4279 tentattanem
3176 4236 3222 4278 et
3249 4227 3453 4296 laqueos
3483 4229 3710 4292 diaboli,
3741 4233 3869 4286 etin

2264 4317 2689 4385 concupiscentia:
2718 4314 2899 4369 stultas
2943 4324 2989 4369 et
3025 4318 3239 4381 nelias,
3282 4334 3395 4387 (pm:
3437 4320 3487 4370 in
3541 4322 3867 4389 profundum

2262 4408 2491 4463 interitus
2519 4417 2566 4463 et
2593 4408 2887 4478 perditionis
2918 4408 3145 4463 homines
3171 4413 3489 4481 prtccipitant
3521 4413 3591 4482 (1.
3628 4411 3771 4467 Tim.
3808 4417 3868 4470 6.

2263 4498 2338 4569 9).
2372 4499 2479 4555 Sed
2508 4500 2791 4568 impatiens
2830 4501 2925 4554 es?
2954 4501 3089 4555 Audi
3143 4502 3287 4555 illum
3328 4502 3592 4556 dicentem
3631 4521 3643 4557 :
3675 4505 3869 4561 Adlmc

2263 4594 2546 4661 paululum,
2581 4602 2627 4646 et
2666 4593 2751 4663 qui
2786 4602 3019 4646 uenturus
3048 4594 3344 4657 est-veniet,
3386 4605 3429 4645 rt
3486 4612 3582 4648 non
3638 4599 3875 4654 tardabit

2264 4682 2460 4754 (Hebr.
2498 4683 2579 4738 10.
2609 4682 2729 4754 '57).
2754 4681 3001 4736 Dominus
3032 4699 3187 4753 prope
3213 4694 3285 4738 est
3313 4702 3328 4737 :
3364 4685 3492 4738 nihil
3515 4686 3729 4742 solliciti
3755 4691 3875 4743 sitis

2264 4773 2522 4842 (Philipp.
2559 4775 2611 4828 4.
2641 4775 2693 4828 5.
2727 4774 2804 4843 6).
2850 4774 2918 4829 Ει
2958 4790 3166 4829 rursum
3200 4794 3212 4829 :
3243 4774 3474 4831 l'rwterit
3505 4780 3675 4848 ﬁgam
3709 4782 3875 4851 lmjus

2265 4866 2435 4917 'nundi
2472 4864 2563 4935 (1.
2592 4864 2709 4918 Cor.
2748 4868 2797 4918 7.
2830 4866 2941 4937 51).
2974 4866 3088 4919 Non
3124 4868 3266 4921 enim
3319 4870 3559 4938 pl‘mtzipll
3609 4880 3829 4927 tantum
3852 4914 3865 4936 ,

2263 4957 2352 5011 sed
2383 4958 2539 5011 etiam
2568 4958 2874 5011 consolatur
2898 4968 2953 5011 ut
2981 4959 3236 5014 medicus.
3270 4967 3345 5015 Ac
3374 4962 3507 5015 δῖε-ιιι
3541 4964 3744 5020 medici
3770 4984 3866 5035 pre

2264 5046 2466 5117 frigidis
2509 5047 2611 5100 alia
2642 5048 2885 5116 qtttcdam
2918 5051 3218 5120 excogitant
3239 5092 3253 5117 ,
3286 5052 3374 5111 sic.
3391 5064 3442 5104 et
3478 5054 3575 5107 iste
3600 5061 3866 5127 concupi.

2265 5138 2519 5193 scentiam
2550 5139 2823 5194 transfert.
2858 5140 2948 5195 Vis
2971 5183 2984 5203 ,
3019 5141 3227 5209 inquit,
3260 5142 3564 5198 ditescere?
3607 5146 3670 5201 In
3707 5148 3875 5206 bonis

2266 5230 2516 5299 Operibus
2564 5230 2713 5285 dives
2742 5243 2877 5286 esto.
2910 5233 3001 5285 \‘is
3048 5234 3325 5289 thesauros
3379 5238 3720 5293 recondere?
3753 5242 3873 5298 Non

2268 5338 2537 5393 repugno;
2564 5324 2653 5377 sed
2688 5326 2737 5378 in
2762 5326 2895 5379 uelo
2928 5329 3178 5381 reconde.
3223 5330 3297 5381 Ac
3325 5330 3462 5382 sicut
3500 5333 3756 5389 medicus
3784 5334 3870 5391 di-

2266 5416 2367 5481 cit,
2408 5420 2554 5487 Aqua
2599 5417 2786 5486 frigida
2834 5430 2988 5473 nocet
3019 5421 3299 5487 dentibus,
3352 5424 3565 5487 nervis,
3598 5429 3825 5484 ossibus
3858 5453 3871 5486 :

2267 5518 2345 5559 sic
2371 5518 2424 5561 et
2452 5508 2572 5570 ille;
2622 5510 2836 5564 brevius
2879 5511 3129 5580 quidem,
3182 5530 3300 5566 nam
3354 5514 3598 5569 brevitati
3649 5522 3875 5590 Studet,

2270 5597 2361 5650 sed
2394 5598 2588 5653 clarius
2617 5609 2668 5654 et
2698 5602 2923 5657 validius
2954 5620 2963 5654 :
3001 5602 3168 5657 llrnlix
3192 5645 3203 5665 ,
3240 5607 3440 5672 inquit,
3478 5610 3719 5665 omnium
3754 5633 3873 5668 mn-

2276 5690 2433 5743 lorum
2452 5704 2523 5745 est
2547 5696 2758 5747 acrzritiu
2784 5694 2853 5765 (l.
2884 5697 3009 5748 Tim.
3039 5698 3085 5750 ti.
3115 5700 3222 5763 10).
3250 5702 3363 5765 Quo
3392 5703 3548 5755 icitur
3576 5710 3878 5762 utendum"
