4174 6332
213 335 310 394 685
1130 328 1197 387 ΙΝ
1236 324 1639 386 ΜΑΤΤΙΙιΕυΜ
1684 323 1776 380 110

1885 357 1916 378 ι.
1952 322 2162 379 LXXV.
2196 326 2268 381 al.
2309 324 2548 382 LXXVI.
3420 330 3526 388 l‘SG

212 456 318 513 lloc
343 474 557 529 quoque
586 456 718 514 dicit
742 474 757 511 :
777 454 1122 519 Szil’licientia,
1153 451 1389 506 avaritiae
1411 450 1549 511 loco;
1578 446 1802 516 Magnas

208 550 349 605 enim
371 560 592 621 questus
612 562 686 606 est
706 548 999 620 suﬁicimtia
1021 561 1137 599 cum
1154 546 1337 613 pietate
1359 543 1379 613 (
1407 543 1455 595 1.
1482 538 1617 594 Tim.
1637 539 1689 592 6.
1717 537 1795 606 6).

210 643 357 709 Quod
386 643 429 696 si
451 656 594 711 εῖδει-θ
624 641 781 705 teras,
816 650 867 693 et
897 638 1045 707 plura
1074 635 1383 702 desideres,
1414 631 1639 689 necdum
1676 645 1801 699 pnso

209 734 280 788 sis
317 733 589 804 superflua
612 747 839 804 quinque
877 729 1142 800 abjicerc;
1190 727 1269 781 sic
1308 731 1658 793 mgrotantem
1686 736 1804 776 ino-

209 838 319 893 net,
349 826 622 898 quomodo
665 826 730 880 iis
774 826 845 879 sit
883 823 1142 879 utendum
1173 838 1188 876 :
1221 817 1290 874 Ut
1459 816 1699 872 lwtuutur
1749 813 1802 879 in

210 917 637 987 possessionibus,
671 916 799 970 sicut
831 931 933 968 non
970 914 1202 967 [celantes
1227 911 1327 965 sint
1354 924 1375 964 :
1398 918 1445 963 et
1468 908 1554 978 qui
1579 905 1797 973 habent,

201 1021 456 1078 tamquam
504 1025 605 1062 non
648 1010 950 1070 retinentes;
976 1014 1027 1060 et
1049 1003 1143 1076 qui
1177 1010 1389 1057 utuntur
1430 1000 1526 1054 hoc
1572 996 1796 1067 mundo.

202 1111 457 1168 tamquam
508 1118 610 1154 non
650 1096 901 1168 utant'ur(
935 1098 985 1153 1.
1019 1094 1140 1152 Cor.
1172 1096 1225 1149 'l.
1256 1093 1345 1149 30.
1380 1092 1443 1146 51
1473 1090 1517 1163 ).
1551 1089 1798 1143 \‘idistin’

201 1209 317 1264 qua:
344 1192 663 1263 praecipiat?
693 1190 786 1247 Vis
815 1190 980 1245 alium
1022 1187 1272 1243 inducam
1323 1183 1628 1240 medicum?
1670 1181 1795 1236 Mihi

198 1294 340 1340 certe
368 1286 570 1355 placet.
600 1282 781 1353 Neque
805 1283 948 1337 enim
978 1290 1107 1336 sunt
1134 1278 1185 1332 hi
1213 1276 1434 1340 medici,
1471 1272 1689 1345 perinde
1716 1282 1795 1327 at-

198 1393 299 1448 que
327 1392 615 1447 corporum
644 1375 834 1431 medici
857 1417 873 1441 ,
897 1375 985 1446 qui
1018 1389 1163 1443 saipe
1193 1387 1307 1443 pra:
1338 1368 1535 1424 invidia
1565 1382 1791 1423 concer-

198 1479 389 1533 tantes,
413 1478 671 1537 aegrotum
700 1466 1067 1537 pessumdant.
1087 1470 1156 1518 At
1173 1477 1279 1517 non
1296 1462 1373 1516 sic
1390 1460 1493 1525 isti,
1514 1458 1603 1529 qui
1625 1473 1795 1528 trgi-o-

195 1578 309 1617 rum
339 1563 569 1617 salutem
613 1567 887 1631 spectant,
918 1574 1018 1614 nec
1060 1556 1354 1612 ambitione
1394 1552 1682 1608 ducuntur.
1716 1550 1792 1606 Ne

193 1655 368 1726 itaque
395 1655 612 1709 illorum
645 1652 1042 1707 multitudinem
1087 1649 1344 1705 formides
1374 1666 1387 1701 :
1418 1662 1555 1703 unus
1585 1647 1638 1700 in
1668 1661 1790 1701 om-

192 1747 344 1802 nibus
376 1747 612 1817 loquitur
639 1745 890 1815 magister
918 1742 1186 1799 Christus.

259 1840 312 1895 5.
355 1837 493 1894 Vide
523 1852 710 1911 rursus
737 1837 1028 1891 intrantem
1051 1835 1234 1899 alium,
1262 1842 1316 1889 et
1335 1833 1569 1903 graviter
1590 1830 1659 1887 de
1686 1828 1788 1885 hoc

192 1934 376 1986 morbo
418 1930 727 2001 loquentem
756 1972 771 1991 ,
803 1929 910 1983 imo
954 1931 1125 1998 ipsum
1159 1926 1301 1981 illius
1330 1940 1426 1980 ore
1452 1924 1780 1997 Magistrum.

191 2023 306 2078 Non
340 2026 553 2094 potestis
586 2026 717 2078 enim
744 2022 853 2078 Deo
889 2022 1072 2077 servire
1117 2031 1161 2076 et
1190 2036 1439 2074 montana:
1464 2020 1481 2089 (
1509 2018 1699 2075 Matth.
1730 2018 1783 2073 6.

185 2115 251 2172 2t
278 2116 317 2186 ).
348 2116 547 2181 Etiam,
577 2116 806 2186 inquies,
832 2114 926 2169 sed
952 2111 1223 2185 quomodo
1256 2112 1370 2165 lucc
1399 2111 1600 2166 erunt?
1632 2111 1782 2177 Quo-

187 2207 340 2262 modo
387 2207 879 2277 concupiscentiam
931 2204 1302 2274 deponemus?
1351 2202 1488 2258 Hinc
1540 2202 1783 2259 ediscere

186 2297 325 2353 licet.
358 2297 427 2352 Et
456 2296 726 2367 quomodo
754 2293 1057 2352 discemus?
1100 2294 1236 2348 Audi
1286 2294 1457 2363 ipsum
1501 2292 1605 2347 hoc.
1641 2310 1779 2361 quo-

183 2406 283 2460 que
311 2390 583 2446 dicentem
611 2407 624 2443 :
658 2387 833 2442 Nolite
856 2386 1198 2441 thesaurisare
1245 2384 1382 2438 vobis
1431 2385 1697 2438 thesauros
1726 2384 1779 2437 in

181 2494 330 2550 terra,
360 2485 451 2539 ubi
477 2500 648 2557 terugo
682 2494 727 2539 et
772 2485 905 2537 tinea
930 2481 1199 2535 demolitur
1220 2522 1233 2545 ,
1264 2488 1309 2532 et
1338 2478 1421 2532 ubi
1464 2481 1603 2549 fures
1645 2476 1775 2543 eﬂ'o-

181 2576 319 2630 diuut
350 2586 399 2630 et
421 2576 665 2643 furantur
692 2574 710 2646 (
735 2574 923 2627 Matth.
958 2574 1009 2626 6.
1042 2569 1171 2642 19
1211 2569 1410 2623 Viden“
1427 2567 1697 2638 quomodo
1724 2578 1777 2622 et

178 2684 205 2721 a
234 2668 349 2724 loco
366 2679 424 2725 et
452 2685 483 2723 a
506 2666 912 2737 corruptoribus
932 2664 1000 2719 ab
1023 2664 1122 2718 hac
1153 2672 1365 2718 terrena
1388 2662 1774 2732 concupiscen-

180 2763 245 2816 tia
272 2770 518 2825 avertat,
552 2770 606 2815 et
656 2760 798 2815 illam
844 2758 976 2815 eielo
1021 2756 1201 2827 alligat
1225 2798 1241 2823 ,
1271 2755 1359 2810 ubi
1403 2764 1512 2809 tuta
1550 2754 1774 2808 omnia?

175 2851 228 2907 Si
253 2853 394 2907 enim
420 2895 439 2919 ,
471 2852 676 2922 inquit,
712 2852 806 2905 illo
832 2850 1044 2904 divitias
1077 2847 1411 2904 transferatis
1432 2886 1446 2912 ,
1478 2846 1564 2900 tibi
1599 2860 1773 2916 neque

174 2957 365 3015 teriugo,
400 2960 578 3015 neque
603 2945 739 2998 tinea
771 2943 1056 3001 consumit.
1097 2942 1185 2995 ubi
1218 2942 1360 2995 iures
1387 2955 1487 2995 nec
1512 2939 1771 2995 ell'odiunt

175 3051 269 3092 nec
297 3036 578 3103 furantur,
602 3046 657 3092 et
684 3037 826 3091 hunc
851 3035 1127 3105 dc'pelletis
1156 3034 1431 3097 morbum.
1460 3043 1512 3088 ct
1537 3034 1768 3088 animam

174 3128 223 3183 in
251 3128 529 3199 opulentia
577 3143 764 3197 magna
796 3126 1153 3181 constituetis.
1208 3126 1289 3179 Ad
1319 3124 1434 3179 hrec
1457 3126 1765 3195 exemplum

172 3221 320 3277 affert
366 3234 479 3291 quo
533 3233 583 3276 te
633 3235 826 3290 sapere
877 3220 1082 3296 doceat.
1126 3217 1193 3273 Et
1242 3220 1375 3271 sicut
1417 3217 1655 3271 medicus
1713 3224 1770 3271 ut

171 3330 365 3386 a'grum
399 3324 603 3369 terreat
628 3313 759 3367 dicit
781 3356 795 3374 ,
824 3313 917 3367 Ille
947 3312 1088 3383 quod
1122 3327 1255 3379 aqua
1289 3310 1473 3381 frigida
1502 3320 1762 3377 uti-retur,

172 3406 406 3461 interiit:
438 3406 518 3460 sic
546 3416 601 3461 et
630 3406 717 3459 ille
749 3404 968 3459 divitem
1009 3386 1211 3457 inducit
1238 3418 1459 3472 :l‘grum,
1490 3403 1578 3472 qui
1608 3412 1659 3457 et
1685 3403 1765 3457 γί-

173 3507 273 3552 tam
300 3508 351 3553 et
377 3497 743 3553 valetudinem
787 3504 1007 3565 cuperet
1030 3538 1044 3563 ,
1072 3510 1170 3549 nec
1202 3495 1439 3564 potuerit
1464 3494 1719 3563 consequi
1747 3534 1760 3557 ,

171 3590 302 3660 quod
329 3589 573 3645 avaritia!
598 3588 835 3644 studeret
860 3631 874 3652 ,
905 3587 999 3643 sed
1033 3588 1120 3656 qui
1152 3602 1350 3641 vacuus
1393 3586 1604 3641 abierit.
1639 3586 1765 3640 Post

172 3681 306 3734 hunc
334 3681 465 3735 item
490 3680 653 3733 alium
683 3678 775 3732 tibi
808 3678 961 3732 aﬂ'ert
991 3677 1123 3731 alius
1145 3677 1472 3747 evangelista
1498 3675 1647 3746 (Luc.
1676 3676 1761 3731 16.

169 3770 297 3841 21),
352 3771 892 3838 llainmisadustum,
922 3772 1012 3841 qui
1047 3786 1114 3826 ne
1143 3771 1339 3825 stillam
1364 3770 1577 3841 quidem
1608 3786 1762 3840 aqua:

169 3860 407 3919 haberet.
450 3863 655 3921 Deinde
691 3862 981 3918 ostendens
1026 3861 1199 3917 facilia
1230 3876 1349 3916 ossi:
1383 3870 1645 3931 praecepta
1677 3861 1762 3916 di-

168 3955 236 4011 cit
257 3995 273 4021 ,
307 3955 568 4023 Respicite
593 3956 821 4010 volatilia
850 3957 959 4010 caeli
990 3955 1219 4028 (Matth.
1250 3956 1301 4011 6.
1335 3954 1466 4027 “2.6).
1503 3944 1639 4011 Cum,
1664 3972 1762 4009 au-

168 4054 271 4103 tem
302 4047 585 4104 hominum
628 4048 922 4103 inﬁrmitati
969 4064 1028 4103 se
1073 4057 1423 4115 atteniperet,
1473 4065 1540 4103 ne
1570 4047 1762 4104 divites

168 4139 379 4208 quidem
408 4141 703 4208 desticrare
729 4141 876 4197 sinit.
914 4140 1042 4208 Qui:
1065 4142 1205 4196 enim
1232 4183 1246 4206 ,
1273 4142 1442 4212 inquit
1463 4184 1477 4207 ,
1509 4141 1648 4212 apud
1671 4148 1762 4197 Ito-

169 4274 484 4297 ~—-———

491 4280 676 4291 ————.

1916 444 2072 498 mines
2122 443 2455 513 impossibilia
2497 452 2650 512 sunt,
2696 442 2961 515 possibilia
3005 454 3125 499 sunt
3160 443 3303 514 apud
3352 442 3521 498 Deum

1915 539 2081 612 (Luc.
2113 542 2200 597 18.
2232 541 2300 595 27
2324 542 2368 613 ).
2402 542 2514 596 Etsi
2543 555 2775 612 namque
2801 539 2952 594 dives
2982 539 3058 593 sis
3081 580 3095 605 ,
3127 547 3302 603 potest
3329 547 3381 592 te
3406 554 3521 590 me.

1913 635 2065 689 dicus
2093 651 2303 690 curare.
2349 635 2533 704 Neque
2557 636 2699 689 enim
2730 634 2947 689 divitias
2977 632 3229 700 sustulit,
3253 632 3347 687 sed
3377 641 3521 687 vetat

1911 740 2032 781 esse
2063 735 2113 782 te
2144 728 2490 795 pecuniarum
2544 742 2758 781 servum
2781 767 2796 789 ,
2843 734 2899 780 et
2928 725 3167 778 avaritia:
3214 724 3512 780 addictum.

1910 818 2194 887 Quomodo
2245 829 2419 887 potest
2453 834 2582 888 ergo
2614 818 2769 873 dives
2797 817 2980 870 salvus
3004 818 3162 871 esse?
3186 817 3240 872 Si
3273 817 3362 871 illa
3395 833 3517 887 quin

1911 910 2150 981 possidet
2178 910 2281 965 sint
2309 910 2492 980 egenis
2520 908 2850 970 communia,
2884 906 3056 977 qualis
3084 906 3186 962 Job
3210 919 3358 972 erat,
3392 919 3447 964 et
3472 907 3515 962 si

1909 1002 2398 1071 concupiscentiam
2430 1001 2661 1071 plurium
2690 1014 2908 1067 semper
2950 998 3314 1054 habendorum
3346 1015 3509 1071 opum

1908 1092 2181 1159 eliminet,
2213 1103 2268 1148 et
2300 1110 2591 1163 numquam
2641 1093 3007 1149 necessarium
3058 1108 3213 1147 usum
3262 1093 3505 1149 excedat.

1908 1185 2029 1239 Post
2061 1186 2201 1240 hunc
2228 1188 2319 1241 tibi
2351 1187 2691 1257 publicanum
2721 1196 2987 1241 monstrat
3008 1228 3024 1252 ρ
3048 1186 3137 1256 qui
3169 1186 3237 1240 ab
3266 1188 3526 1251 avaritiay

1906 1274 2054 1330 labre
2079 1278 2185 1331 cito
2218 1278 2475 1332 liberatus
2503 1286 2589 1331 est
2620 1275 2767 1337 (Luc.
2801 1277 2855 1333 5.
2886 1276 2977 1331 27.
3007 1278 3169 1348 sqq.).
3197 1277 3329 1344 Quis
3358 1282 3500 1333 enim

1905 1369 2187 1436 publicano
2230 1369 2359 1423 lucri
2407 1368 2691 1437 cupidior?
2734 1372 2988 1424 Attamen
3035 1384 3167 1440 opes
3214 1369 3502 1438 deposuit,

1901 1462 2022 1530 quia
2053 1461 2241 1516 medici
2275 1461 2481 1532 legibus
2509 1464 2701 1532 paruit.
2734 1461 2867 1516 Nam
2902 1462 3037 1516 talt-s
3065 1463 3222 1539 habet
3260 1461 3499 1531 discipu-

1902 1554 1981 1608 los
2004 1597 2018 1620 ,
2052 1555 2141 1625 qui
2176 1555 2363 1610 iisdem
2391 1597 2404 1621 ,
2437 1555 2633 1625 quibus
2674 1571 2807 1621 nos,
2855 1557 3057 1611 morbis
3097 1556 3497 1620 laboraverint,

1899 1655 1949 1702 ct
1995 1649 2103 1702 cito
2152 1638 2435 1706 sanit’atrm
2482 1654 2881 1721 recuperarunt.
2933 1650 3292 1720 Singuloxquc
3349 1650 3500 1704 nobis

1897 1743 2165 1809 ostendit,
2228 1761 2295 1800 ne
2338 1743 2707 1815 deSpcremus.
2741 1744 2875 1799 Vide
2915 1760 3047 1815 ergo
3088 1743 3229 1798 hunc
3259 1744 3497 1813 publica-

1896 1848 2044 1889 num.
2081 1834 2212 1889 \'ide
2260 1851 2447 1891 rursus
2495 1837 2657 1891 alium
2708 1835 3005 1906 principem
3051 1836 3496 1903 publicanorum,

1893 1928 1983 1997 qui
2008 1929 2306 1999 quadruplo
2337 1931 2484 1999 plura
2511 1947 2669 1999 quam
2702 1940 2952 2001 rapuerat
2996 1946 3055 1984 se
3087 1929 3335 1985 daturum
3380 1928 3497 1997 pol-

1895 2020 2153 2075 licebatur
2173 2063 2186 2085 ,
2216 2032 2267 2075 et
2297 2022 2579 2077 dimidium
2611 2024 2873 2078 honorum
2903 2038 3163 2088 suorum,
3201 2032 3257 2077 ut
3283 2021 3499 2091 enipe-

1892 2119 1974 2166 ret
2000 2109 2181 2167 Jesum
2217 2112 2369 2183 (Luc.
2407 2114 2493 2169 19.
2518 2113 2595 2183 8).
2621 2114 2726 2169 Sed
2765 2123 2818 2167 tu
2852 2113 3143 2168 admodum
3194 2113 3365 2167 ferres~
3400 2129 3494 2181 pe-

1889 2202 2167 2255 Cmiiarum
2201 2204 2419 2259 amore?
2468 2204 2597 2272 Quze
2640 2205 2883 2287 omnium
2935 2214 3062 2258 sunt
3088 2203 3243 2273 quasi
3275 2214 3362 2257 tua
3392 2202 3493 2257 ba-

1890 2294 2035 2348 bcto.
2067 2294 2201 2349 Nam
2253 2293 2439 2366 plura',
2490 2312 2649 2367 quam
2697 2298 2932 2366 quarris,
2981 2296 3053 2350 do
3095 2296 3225 2359 tibi,
3274 2295 3489 2365 inquit,

1887 2387 2012 2441 dum
2065 2388 2288 2442 divitum
2342 2390 2619 2454 omnium,
2667 2391 2755 2460 qui
2809 2406 2905 2459 per
2941 2390 3127 2445 orbem
3178 2398 3341 2451 sunt,
3396 2388 3490 2443 tibi

1884 2479 2073 2537 domos
2102 2480 2303 2549 aperio.
2330 2481 2460 2535 Nam
2490 2481 2590 2548 Qui
2618 2483 2875 2552 reliquerit
2903 2492 3118 2553 patrem,
3139 2492 3226 2535 aut
3251 2491 3487 2545 matrem,

1883 2580 1970 2624 aut
1991 2587 2141 2641 agros
2161 2614 2174 2635 ,
2201 2582 2288 2625 aut
2317 2573 2524 2626 domum
2548 2616 2560 2637 ,
2590 2575 2883 2643 centuplum
2912 2574 3127 2644 accipiet
3154 2573 3371 2642 (Matth.
3400 2574 3487 2629 l9.

1881 2662 1951 2718 29
1975 2666 2013 2732 ).
2047 2664 2118 2718 Ita
2157 2682 2262 2719 non
2293 2665 2531 2736 pluribus
2562 2675 2765 2721 tantum
2800 2667 3021 2731 frueris,
3057 2667 3153 2722 Sed
3185 2678 3239 2721 et
3269 2682 3486 2735 gravem

1880 2755 2019 2811 hanc
2049 2757 2192 2811 sitim
2224 2758 2446 2813 omnino
2476 2759 2778 2830 restingues
2800 2801 2813 2825 ,
2847 2768 2896 2817 et
2927 2760 3109 2814 omnia
3153 2757 3313 2814 facile
3344 2759 3485 2812 leves

1878 2863 1998 2902 cum
2027 2864 2135 2903 non
2168 2849 2332 2904 modo
2361 2850 2517 2921 plura
2550 2866 2657 2905 non
2684 2849 2967 2906 desideres
2988 2892 3002 2915 ,
3034 2849 3129 2906 sed
3180 2866 3246 2904 ne
3264 2849 3483 2921 quidem

1878 2940 2182 2995 necessaria
2215 2955 2378 3009 saepe.
2405 2940 2495 2995 Sic
2524 2941 2717 2995 Paulus
2738 2942 2961 3008 esuriit,
2992 2951 3049 2997 et
3081 2943 3249 3012 magis
3278 2942 3481 3011 gloria.

1878 3030 2051 3093 batur,
2084 3047 2242 3101 quam
2277 3050 2396 3085 cum
2425 3034 2733 3087 CUIIICtlL‘I’Cl
2763 3035 2781 3101 (
2807 3032 3037 3101 Philipp.
3062 3034 3111 3086 4.
3147 3034 3238 3101 11)
3269 3051 3281 3083 :
3312 3033 3482 3100 siqui-

1874 3123 1995 3177 dem
2027 3134 2081 3177 et
2108 3125 2306 3178 athleta
2335 3125 2424 3193 qui
2457 3134 2735 3178 conccrtat
2762 3134 2813 3179 et
2840 3135 3130 3178 coronatur
3149 3166 3163 3188 ,
3193 3141 3298 3178 non
3328 3140 3479 3195 qua:-

1875 3216 1942 3269 rit
1976 3216 2141 3270 otium
2176 3225 2230 3270 et
2270 3217 2538 3287 quietem;
2587 3218 2669 3271 vel
2719 3228 3026 3284 mercator,
3075 3219 3162 3287 qui
3213 3218 3477 3272 marinum

1871 3308 2282 3363 mercimonium
2306 3317 2388 3363 est
2411 3323 2718 3379 aggressus,
2754 3324 2860 3362 non
2889 3309 3081 3379 qu:erit
3120 3310 3287 3362 otium
3327 3309 3481 3364 dein-

1871 3415 2017 3470 ceps.
2051 3400 2117 3454 Et
2150 3401 2443 3495 nos/,igitur
2465 3443 2479 3468 ,
2514 3401 2556 3454 si
2589 3400 2900 3470 spirituales
2940 3398 3147 3455 fructus
3179 3412 3235 3453 ut
3266 3410 3482 3469 oportet

1870 3501 2144 3563 gustemus
2168 3533 2183 3559 ,
2220 3491 2346 3547 tunc
2376 3494 2664 3563 praesentia
2695 3493 2877 3546 omnia
2919 3508 3017 3561 pro
3059 3491 3228 3547 nihilo
3252 3491 3478 3547 habebi-

1871 3600 2010 3646 mus,
2040 3583 2336 3638 l'uturorum
2361 3583 2654 3653 cupiditate
2682 3572 2778 3639 ceu
2808 3582 3039 3654 quadam
3069 3585 3269 3654 Optima
3297 3585 3476 3640 ebrie-

1873 3684 1981 3734 tate
2003 3678 2162 3747 capti.
2194 3677 2485 3733 Gustenius
2509 3677 2691 3747 igitur,
2719 3687 2777 3731 ut
2806 3694 2834 3730 a
2869 3682 3097 3730 tumultu
3129 3680 3474 3745 praesentium

1871 3773 2201 3834 liberemur.
2252 3783 2307 3828 et
2354 3771 2529 3843 futura
2572 3786 2971 3842 consequamur
3015 3772 3177 3839 bena,
3206 3773 3371 3841 gratia
3418 3784 3478 3828 et

1870 3864 2201 3935 benignitate
2232 3863 2444 3917 Domini
2490 3862 2665 3917 nostri
2692 3862 2818 3918 Jesu
2847 3862 3083 3928 Christi,
3109 3864 3194 3917 cui
3226 3864 3393 3933 gloria
3421 3874 3477 3918 et

1870 3958 2155 4027 imperium
2174 3999 2187 4025 ,
2218 3972 2361 4013 nunc
2388 3966 2442 4012 et
2468 3971 2703 4027 semper,
2730 3965 2784 4012 et
2813 3957 2864 4011 in
2894 3957 3088 4012 saicula
3123 3957 3467 4011 smculorum.

1868 4052 2061 4108 Amen.

1288 4348 1633 4410 HOMILIA
1682 4348 1940 4409 LXXV.
1989 4350 2075 4412 al.
2122 4351 2413 4413 LXXVI.

166 4488 291 4545 CAP.
319 4490 414 4546 2i.
444 4507 497 4545 ν.
530 4492 585 4547 1.
634 4490 698 4545 Et
756 4509 980 4564 egressus
1026 4490 1180 4546 Jesus
1225 4492 1288 4545 de
1331 4493 1547 4563 templo,
1578 4492 1757 4545 (nubu-

235 4585 392 4639 labat.
420 4584 491 4641 Et
514 4598 830 4641 accesserunt
872 4588 939 4640 ad
980 4604 1092 4640 cum
1111 4586 1351 4655 discipuli
1368 4589 1495 4656 ejus,
1519 4598 1571 4640 ut
1596 4598 1761 4643 osten-

232 4678 410 4733 derent
429 4679 478 4732 ei
498 4678 859 4747 adiﬁcativnes
904 4680 1097 4749 templi.
1128 4680 1183 4735 2.
1215 4679 1317 4734 Ille
1360 4691 1526 4735 autem
1554 4698 1761 4751 respou-

236 4770 361 4825 dens
382 4771 513 4826 dixit
539 4772 610 4825 eis
633 4787 652 4825 .·
678 4771 863 4825 Nonne
888 4772 1065 4825 videtis
1093 4774 1200 4825 hazc
1225 4773 1433 4827 omnia?
1460 4771 1617 4827 Amen
1646 4774 1759 4826 diro

232 4862 372 4918 vobis
392 4905 407 4929 ,
459 4850 573 4916 noni
597 4864 907 4934 relinquetur
932 4864 1016 4917 hic
1046 4865 1177 4935 lapis
1208 4882 1361 4935 super
1403 4866 1643 4937 lapidem,
1675 4869 1760 4937 qui

231 4973 333 5011 non
361 4957 674 5011 destruatur.

233 5049 289 5103 1.
330 5048 600 5116 Quoniam
630 5050 877 5119 superius
901 5049 1037 5105 dixit
1070 5068 1082 5103 :
1112 5051 1444 5123 Relinquetur
1479 5053 1657 5105 domus
1681 5068 1762 5105 ve-

165 5150 265 5195 stra
296 5141 521 5206 deserta,
569 5152 621 5197 et
666 5142 945 5197 innumera
990 5143 1120 5213 ipsis
1160 5145 1297 5199 mala
1348 5147 1756 5214 praenuntiavit;

166 5233 284 5287 hinc
316 5232 569 5303 discipuli
603 5233 687 5288 his
717 5235 931 5301 auditis,
960 5251 1057 5291 ceu
1085 5237 1414 5291 admirantes
1440 5239 1620 5307 templi
1655 5240 1759 5308 pul-

167 5326 525 5382 chritudinem
560 5329 931 5383 monstrabant
960 5329 1031 5394 ei,
1060 5342 1112 5383 et
1143 5331 1473 5401 ainbigentes
1496 5349 1621 5387 nunt
1655 5340 1759 5387 tam

166 5421 375 5490 egregia
409 5422 631 5476 :edilicia
654 5421 977 5477 destruenda
1002 5422 1195 5489 forent,
1229 5435 1334 5478 tam
1371 5426 1554 5495 ingens
1587 5434 1759 5480 mate-

170 5514 263 5576 ria,
300 5524 407 5567 tani
444 5512 709 5567 inelfabile
747 5515 1031 5569 artiﬁcium
1064 5532 1076 5568 :
1113 5532 1216 5570 non
1250 5518 1387 5570 ultra
1429 5516 1495 5571 de
1518 5518 1765 5573 vastitate

170 5604 426 5672 loquitur,
480 5606 574 5659 sed
620 5605 887 5659 excidium
938 5617 991 5661 et
1045 5607 1463 5663 destruetionem
1504 5609 1761 5680 prmdicit.

174 5694 356 5751 Nonne
376 5698 551 5753 videtis
571 5705 678 5752 lucc
704 5710 894 5767 onmta,
920 5702 1108 5771 inquit,
1139 5714 1190 5757 et
1214 5704 1480 5758 miramini
1508 5712 1664 5774 atque
1683 5706 1771 5760 ob-

171 5791 502 5857 stupeSritis?
532 5790 651 5845 Non
668 5794 884 5847 mam-bit
906 5796 1035 5865 lapis
1057 5812 1208 5866 super
1224 5797 1464 5866 lapidem.
1484 5798 1761 5867 Quomodo

1869 4496 2029 4567 igitur
2054 4499 2269 4561 mansit,
2316 4498 2544 4569 inquies,
2586 4506 2641 4553 et
2666 4500 2793 4571 quid
2824 4499 2923 4554 hoc
2964 4498 3064 4553 sibi
3116 4498 3476 4566 vuln-Neque

1869 4596 2012 4645 enim
2045 4591 2113 4644 ita
2142 4591 2338 4646 cecidit
2383 4593 2469 4647 illa
2511 4594 2800 4647 sententia.
2848 4592 2942 4647 Vel
2987 4590 3352 4646 muniiuodam
3382 4591 3476 4644 de-

1870 4683 2189 4739 solationem
2218 4685 2493 4751 declarat;
2525 4686 2605 4739 vel
2628 4685 2695 4740 de
2725 4686 2817 4740 illo
2855 4695 3055 4739 tantum
3089 4684 3209 4738 loco
3234 4684 3384 4749 dicit,
3422 4684 3471 4737 in

1868 4794 1973 4849 quo
1998 4779 2108 4847 ipse
2135 4778 2328 4833 stabat.
2361 4779 2669 4834 Suntenim
2702 4779 2946 4849 quardam
2993 4778 3173 4845 templi
3196 4786 3385 4845 partes
3408 4776 3475 4830 ad

1870 4871 2007 4925 hanc
2037 4887 2205 4941 usque
2221 4871 2363 4925 diem
2396 4873 2606 4939 penitus
2622 4870 2813 4925 deleta-
2833 4870 3078 4939 usquead
3105 4868 3473 4925 fundamenta.

1872 4964 1948 5017 Ad
1974 4964 2089 5019 hinc
2114 4980 2241 5019 vero
2269 4980 2333 5017 ex
2357 4965 2521 5035 gestis
2550 4963 2808 5018 hactenus
2842 4965 2919 5017 vel
2953 4964 3321 5017 contentiosos
3352 4978 3475 5017 crc-

1871 5056 1999 5110 dere
2046 5066 2279 5126 oportet,
2329 5056 2473 5127 ipsas
2506 5057 2758 5126 reliquias
2798 5073 2919 5112 esse
2970 5060 3254 5127 perituras.
3285 5056 3336 5111 ’5.
3375 5056 3474 5109 Sc-

1870 5148 2017 5202 deute
2045 5160 2213 5203 autem
2241 5151 2351 5217 ipso
2401 5149 2452 5202 in
2500 5148 2679 5202 Monte
2720 5150 3005 5213 olivarum,
3053 5158 3371 5203 accesserunt
3407 5147 3474 5199 ad

1871 5258 1983 5294 enm
2012 5242 2251 5310 discipuli
2273 5251 2465 5295 secreto
2494 5240 2717 5296 dicentes
2741 5258 2759 5294 :
2793 5240 2885 5294 Dic
2919 5241 3060 5294 nobis
3081 5284 3094 5306 ,
3131 5243 3336 5310 quando
3366 5241 3474 5292 hau:

1872 5332 2056 5384 erunt?
2078 5343 2119 5384 et
2152 5335 2287 5402 quod
2317 5335 2520 5404 signum.
2543 5332 2789 5386 adventus
2819 5334 2891 5385 tui
2939 5343 2984 5387 et
3026 5332 3472 5386 consuiuiiuitiwiis

1875 5425 2090 5478 surculi?
2120 5424 2241 5479 Ideo
2263 5436 2887 5491 seorsumaccesserunt,
2919 5426 3057 5495 quod
3079 5426 3143 5479 de
3171 5425 3474 5492 linjusniodi

1876 5518 2037 5571 rebus
2088 5519 2467 5589 interrogaturi
2523 5530 2721 5574 essent.
2781 5520 3086 5573 Admodum
3139 5523 3278 5574 enim
3331 5519 3472 5572 diem

1878 5612 2018 5664 illam
2045 5613 2305 5666 adventus
2333 5612 2449 5683 ejus
2470 5612 2712 5667 ediscere
2738 5613 3063 5680 cupiebant,
3094 5608 3235 5679 quod
3266 5624 3474 5664 sumine

1876 5703 2246 5759 desiderarent
2268 5706 2490 5774 gloriam
2528 5705 2672 5759 illam
2706 5704 2887 5759 videre
2910 5747 2923 5768 ,
2954 5722 3068 5773 qua!
3100 5712 3176 5755 tot
3208 5704 3473 5756 bonomm

1877 5812 2035 5851 causa
2062 5797 2232 5851 futura
2264 5808 2423 5852 esset.
2451 5797 2574 5853 llaec
2602 5809 2778 5852 autem
2810 5798 2913 5853 duo
2934 5799 3285 5867 interrogant,
3321 5810 3490 5867 quan-

4122 2402 4136 2433 'l
