4174 6332
656 307 754 365 687

654 423 847 478 (lunam
881 424 991 475 haec
1015 420 1185 472 futura
1212 425 1411 482 essent,
1436 411 1615 481 templi
1645 423 1833 478 nempe
1862 404 2143 463 desolatio,
2167 405 2221 452 et

653 515 792 585 quod
814 514 1017 582 signum
1056 509 1315 563 adventus
1359 508 1473 576 ejus
1500 504 1656 559 iuret.
1689 501 1859 556 Lucas
1879 494 2028 567 (Cap.
2052 494 2142 550 21.
2170 491 2223 561 7)

655 622 777 659 νιενο
818 619 971 659 uuam
1004 602 1164 657 fuisse
1195 598 1658 670 interrogationem
1680 592 1833 648 aitde
1858 586 2223 660 Jerosulymis.

653 696 789 766 quod
835 702 1079 762 putarent
1120 692 1219 760 ipsi
1260 700 1385 745 tunc
1428 690 1544 757 ejus
1583 686 1864 741 adventum
1910 680 2041 736 fore.
2086 679 2219 731 litar-

654 800 748 840 eus
789 784 957 858 (Cap.
990 784 1078 839 15.
1116 781 1190 851 4)
1230 790 1407 836 autem
1458 792 1563 831 non
1611 777 1739 832 dicit
1780 786 1967 829 omnes
2004 773 2227 822 interro-

651 891 806 945 gasse
846 875 913 929 de
958 873 1409 942 Jerosolymorum
1453 868 1748 927 eversione,
1782 863 1875 919 sed
1921 864 2128 915 Petrum
2171 868 2225 912 et

653 964 1032 1032 Joannem,qui
1060 961 1312 1032 majorem
1345 960 1597 1013 haberent
1619 956 1883 1009 ﬁduciam.
1906 954 2042 1023 Quid
2070 952 2225 1021 igitur

655 1054 814 1127 ipse?
840 1055 895 1110 ι.
935 1052 1105 1107 Videte
1139 1069 1201 1106 ne
1235 1052 1345 1122 quis
1392 1067 1476 1105 ros
1518 1049 1743 1102 seducet.
1787 1048 1840 1101 Ξ.
1894 1045 2037 1096 Multi
2093 1043 2223 1096 enim

656 1149 847 1200 venient
872 1144 925 1199 in
951 1145 1151 1198 nomine
1171 1158 1297 1206 meo,
1332 1140 1548 1194 dicentes
1583 1135 1733 1208 :Ego
1764 1152 1873 1189 sum
1895 1133 2148 1190 Christus.
2178 1143 2225 1185 et

657 1239 842 1290 multos
869 1234 1121 1290 seducent.
1155 1234 1213 1307 6.¹
1236 1232 1470 1286 Audituri
1514 1231 1642 1283 enim
1680 1227 1794 1281 estis
1821 1226 1996 1296 prtrlia
2035 1232 2079 1276 et
2111 1222 2225 1288 api-

658 1329 830 1381 niones
861 1325 1167 1397 pra’liorsnn.
1210 1322 1386 1377 Videte
1413 1338 1474 1375 ne
1520 1318 1783 1375 turbemini
1811 1333 1829 1370 :
1856 1325 2050 1384 Oportet
2093 1315 2226 1367 enim

661 1421 765 1473 lucc
810 1419 936 1486 ﬁeri,
970 1417 1057 1471 sed
1095 1415 1318 1470 nondum
1348 1424 1418 1467 est
1448 1413 1581 1481 ﬁnis.
1612 1410 1743 1476 Quia
1774 1408 1913 1463 enim
1944 1408 2011 1460 ita
2051 1404 2225 1458 aliecti

658 1518 827 1573 erant,
857 1520 912 1562 ut
934 1508 1245 1577 supplicium
1272 1506 1616 1575 Jerosolymaa
1644 1498 1973 1556 inferendum
1995 1496 2225 1551 alienum

659 1618 687 1655 a
718 1617 775 1655 se
800 1615 919 1656 esse
947 1609 1209 1669 putarent,
1235 1606 1290 1652 et
1313 1596 1463 1666 quasi
1490 1595 1589 1664 ipsi
1618 1602 1772 1647 extra
1797 1590 2051 1644 tumultus
2070 1587 2226 1641 futuri

658 1692 964 1757 essent,the
993 1691 1258 1762 prosperis
1289 1689 1460 1744 solum
1504 1684 1840 1754 cogitabant,
1884 1696 2003 1751 quae
2050 1677 2226 1732 omnia

657 1787 763 1840 cito
790 1795 1040 1840 eventura
1082 1797 1203 1837 esse
1244 1778 1643 1852 exspectabant.
1675 1774 1798 1831 ideo
1843 1773 1972 1842 ipsis
2018 1784 2227 1825 rursum

657 1878 832 1944 gravia
866 1876 1202 1945 przrnuntiat,
1236 1870 1492 1927 sollicitos
1522 1866 1749 1922 reddens
1772 1906 1788 1931 ,
1829 1872 1882 1919 et
1925 1861 2119 1931 duplici
2160 1859 2228 1913 de

657 1982 813 2021 causa
843 1966 1059 2036 vigilare
1080 1965 1293 2032 iubens,
1323 1970 1379 2015 ut
1412 1970 1633 2029 nequea
1661 1956 1863 2010 fallacia
1891 1953 2226 2009 seductorum

658 2058 1187 2118 circumvenirentur,
1214 2067 1383 2123 neque
1411 2066 1477 2106 ex
1503 2051 1551 2103 vi
1583 2047 1938 2119 ingruentium
1969 2044 2229 2098 malorum

660 2152 1030 2207 obruerentur.
1076 2148 1308 2216 Duplex,
1342 2145 1542 2213 inquit,
1571 2143 1769 2197 bellum
1815 2140 1910 2193 erit
1934 2181 1949 2204 ,
1982 2136 2227 2192 seducto-

662 2260 777 2297 rtun
822 2252 874 2296 et
912 2240 1274 2302 inimicorum;
1303 2235 1394 2292 sed
1448 2234 1593 2304 prius
1645 2232 1811 2288 multo
1852 2232 2063 2300 gravius
2105 2228 2226 2287 crit,

663 2340 842 2403 utpote
865 2331 1019 2403 quod
1062 2330 1272 2385 eveniat
1297 2330 1348 2382 in
1386 2326 1697 2382 confusione
1736 2335 1789 2379 et
1836 2320 2231 2392 perturbatione

661 2438 858 2489 rerum,
907 2422 1210 2475 hominibus
1260 2419 1557 2491 perterritis
1602 2426 1761 2486 atque
1809 2415 2048 2469 turbatis.
2100 2414 2228 2467 N-un

663 2526 784 2568 tunc
812 2512 971 2565 multa
996 2519 1277 2581 tempestas
1295 2508 1467 2563 futura
1496 2515 1630 2573 erat,
1644 2505 1899 2561 Romanis
1926 2503 2229 2574 imperanti-

663 2606 781 2670 bus,
809 2605 976 2674 captis
1005 2603 1240 2667 urbibus,
1284 2603 1562 2656 commotis
1588 2599 1910 2663 exercitibus
1943 2607 1997 2653 et
2046 2598 2227 2659 armis,

665 2695 949 2765 multisque
994 2694 1146 2750 facile
1187 2692 1525 2749 credentibus
1548 2692 1587 2744 ¹.
1637 2689 1777 2745 Bella
1808 2704 1933 2744 vero
1957 2687 2229 2757 .lerosoly-

663 2787 857 2840 mitana
890 2786 1035 2850 dicit,
1079 2801 1182 2839 non
1227 2793 1399 2837 autem
1445 2793 1691 2837 extranea
1727 2780 1830 2855 alia
1879 2780 2071 2849 ubique
2118 2788 2227 2833 ter-

662 2892 839 2931 rarum
868 2886 982 2929 orta
1022 2894 1034 2928 :
1077 2876 1201 2946 quid
1232 2877 1371 2930 enim
1404 2874 1482 2929 eis
1512 2889 1653 2928 cura:
1679 2872 1746 2927 de
1781 2860 1889 2926 illis
1909 2871 2061 2925 erat?
2089 2872 2232 2924 Alio-

660 2968 787 3036 quin
818 2966 946 3020 nihil
984 2966 1360 3021 noridicturus
1401 2974 1546 3027 erat,
1573 2964 1614 3017 si
1644 2964 1781 3017 mala
1817 2962 1961 3017 orbis
1986 2961 2227 3028 dixisset,

632 3132 639 3135 _
663 3076 779 3128 qua:
805 3074 1011 3126 semper
1038 3060 1251 3113 evenire
1269 3058 1458 3113 solent.
1491 3056 1625 3111 Nam
1650 3066 1704 3110 et
1730 3062 1882 3109 antea
1911 3053 2047 3108 bella
2076 3063 2230 3106 erant

665 3152 918 3206 tumultus
940 3160 987 3205 et
1014 3150 1188 3220 prmlia
1221 3168 1234 3203 :
1260 3164 1441 3204 verum
1459 3148 1676 3204 Iudaica
1704 3146 1842 3202 bella
1872 3160 1975 3201 non
2005 3145 2096 3200 diu
2113 3154 2233 3214 post

662 3246 879 3298 ventura
912 3242 1228 3312 przenuntiat
1260 3242 1406 3311 :jam
1447 3242 1586 3296 ettim
1617 3239 1683 3294 de
1713 3237 1858 3293 bello
1886 3252 2005 3292 cum
2034 3236 2229 3290 Roma-

665 3336 747 3387 nis
780 3334 989 3388 solbciti
1018 3342 1190 3387 erant.
1227 3334 1488 3399 Quoniam
1521 3331 1820 3401 igiturhme
1850 3328 1968 3383 illos
2017 3329 2233 3382 turbare

667 3434 943 3495 poterant,
976 3424 1088 3479 iure
1115 3424 1289 3478 omnia
1318 3424 1575 3493 praedicit.
1621 3421 1819 3476 Deinde
1849 3419 2149 3490 signiﬁcans
2176 3434 2232 3472 se

662 3536 872 3590 quoque
898 3520 1109 3574 Judmos
1146 3533 1517 3589 aggressurum
1544 3556 1559 3582 ,
1591 3522 1645 3570 et
1669 3526 1853 3570 contra
1882 3514 1997 3567 illos
2035 3528 2235 3582 pugna-

666 3625 837 3667 turum
870 3629 1006 3679 esse,
1034 3628 1135 3668 non
1168 3626 1368 3682 pugnas
1391 3611 1563 3665 solum
1586 3617 1881 3671 memorat,
1913 3608 2005 3662 sed
2029 3616 2081 3661 et
2102 3608 2235 3660 divi-

666 3706 805 3759 nitus
850 3704 1111 3758 immissas
1152 3704 1352 3773 plagas,
1402 3701 1615 3764 famem,
1668 3698 2021 3777 pestilentias,
2078 3708 2233 3752 terra:

666 3810 857 3859 motus,
890 3797 1173 3851 ostendens
1198 3810 1255 3850 se
1284 3778 1339 3849 et
1367 3793 1604 3849 inimicos
1631 3792 1878 3848 invadere
1900 3792 2105 3856 sivisse,
2142 3804 2234 3846 ne-

662 3877 765 3959 que
797 3891 905 3943 brec
939 3900 1133 3941 tetut't‘c
1167 3887 1298 3952 lieri,
1318 3886 1603 3941 sccondum
1633 3892 1942 3939 consuetum
1965 3880 2101 3951 apud
2133 3881 2232 3935 ho-

667 3982 837 4035 mines
866 3995 1087 4043 morem,
1122 3978 1214 4033 sed
1242 3993 1304 4031 ex
1332 3976 1509 4030 divina
1534 3975 1628 4028 ira.
1663 3973 1783 4027 Ideo
1814 3973 1927 4026 hzre
1968 3987 2077 4025 non
2106 3985 2231 4023 casu

670 4076 778 4129 tieri
802 4073 949 4137 dicit,
990 4082 1162 4141 neque
1185 4080 1439 4137 repente,
1487 4067 1578 4123 sed
1614 4074 1734 4135 post
1772 4065 1910 4119 edita
1957 4064 2127 4132 signa.
2163 4062 2237 4115 Ne

666 4169 903 4221 dicerent
927 4166 1065 4218 enim
1096 4162 1286 4227 Judiei,
1318 4174 1430 4227 eos,
1462 4160 1550 4231 qui
1577 4167 1700 4213 tunc
1725 4156 2033 4220 credebant,
2067 4156 2233 4207 malo-

667 4276 780 4314 rum
824 4274 939 4314 esse
990 4271 1225 4321 causam,
1274 4255 1392 4309 ideo
1440 4266 1652 4307 causam
1699 4249 1828 4303 illati
1872 4247 1993 4301 mali
2026 4246 2235 4315 aperit:

664 4357 819 4407 Amen
843 4355 1035 4424 quippe
1074 4354 1184 4404 dico
1215 4351 1366 4415 vobis,
1409 4357 1562 4403 antea
1614 4346 1840 4411 dixerat,
1882 4345 1999 4409 quia
2043 4344 2235 4396 venient

666 4449 770 4501 lure
791 4448 956 4499 omnia
980 4462 1127 4511 super
1147 4443 1512 4515 generationem
1538 4441 1685 4493 istam
1712 4438 1729 4509 (
1760 4436 1944 4489 Matth.
1975 4435 2060 4489 25.
2098 4434 2165 4487 '56
2194 4435 2233 4504 ),
2262 4501 2267 4506 ‘

667 4538 861 4591 cmdem
909 4538 972 4589 ab
1003 4537 1130 4605 ipsis
1182 4541 1533 4603 perpetratam
1581 4544 1901 4585 memorans.
1934 4526 2133 4582 Deinde
2173 4542 2236 4580 ne

668 4633 846 4687 audito
884 4642 959 4686 tot
988 4631 1244 4685 malorum
1294 4629 1507 4682 incursu
1536 4634 1779 4695 putarent
1807 4621 2234 4689 praedicationem

670 4723 1085 4779 labefactandam
1108 4736 1247 4794 esse,
1296 4718 1608 4788 subiunxit:
1650 4714 1819 4769 l’idete
1844 4732 1904 4768 ne
1926 4712 2188 4765 turbemiui
2221 4728 2236 4763 :

666 4826 858 4885 oportet
886 4815 1011 4867 enim
1040 4813 1144 4865 lucc
1172 4813 1280 4879 ﬁeri
1307 4827 1327 4863 :
1357 4809 1404 4863 id
1449 4794 1559 4871 est,
1612 4822 1727 4877 quae
1764 4821 1863 4875 ego
1910 4804 2149 4873 prmdiai,
2179 4816 2240 4854 ac

668 4908 1015 4961 tentatiunum
1046 4907 1285 4957 incursus
1318 4917 1402 4957 res
1447 4916 1475 4954 a
1520 4917 1603 4953 me
1636 4899 1913 4968 praedictas
1940 4911 2041 4951 non
2073 4896 2237 4947 inter-

667 5002 897 5073 tttrbztbit
925 5018 938 5053 :
971 4999 1063 5054 sed
1092 5000 1192 5052 erit
1232 4996 1444 5065 quidem
1488 4995 1739 5047 tumultus
1784 5002 1837 5046 ct
1893 4988 2233 5059 perturbatio,

665 5111 781 5163 qua:
810 5092 1017 5146 oracula
1050 5104 1162 5141 nica
1209 5102 1310 5140 non
1341 5088 1599 5155 quatiant.
1650 5082 1850 5137 Deinde
1898 5079 2016 5148 quia
2047 5078 2241 5131 Judxis

665 5187 873 5238 dixerat
903 5200 914 5235 :
953 5182 1068 5235 Non
1099 5200 1173 5233 mc
1198 5180 1423 5233 videbitis
1445 5178 1625 5230 ωηο(ίο
1665 5178 1820 5229 donec
1847 5174 2043 5237 dicatis,
2077 5170 2237 5223 Bene-

668 5279 828 5329 dictus
858 5278 938 5346 qui
987 5278 1113 5329 venit
1144 5276 1192 5326 in
1240 5274 1438 5326 nomine
1466 5269 1670 5323 Domini
1698 5272 1714 5337 (
1751 5267 1933 5319 Matth.
1967 5266 2055 5319 ‘23.
2086 5265 2153 5319 59
2184 5266 2197 5333 )
2223 5281 2235 5328 ;

672 5369 1026 5435 putabamque
1054 5366 1295 5434 discipuli
1326 5381 1444 5417 cum
1474 5361 1683 5417 CXCltllt)
1715 5362 1871 5415 etiam
1894 5374 2238 5412 consumma-

671 5470 685 5509 t
711 5476 864 5511 ouem
892 5458 1022 5517 lul‘c,
1058 5458 1191 5509 hanc
1224 5474 1404 5511 eorum
1435 5456 1741 5525 opinionem
1762 5453 2055 5522 corrigens,
2090 5450 2234 5502 dice-

670 5555 751 5602 bat
789 5569 799 5603 :
833 5551 937 5605 Sed
978 5549 1200 5602 nondum
1228 5561 1295 5603 est
1315 5550 1448 5619 ﬂuis.
1479 5548 1627 5614 Quod
1669 5556 1841 5599 autem
1893 5544 1939 5597 id
1968 5542 2107 5612 quod
2142 5558 2236 5608 ego

725 5710 742 5742 ¹
778 5716 887 5773 Alii,
914 5712 1162 5773 tl:tt[tfs”,’ttt‘
1186 5711 1291 5761 mea»
1349 5706 1625 5757 instmtibns
1662 5706 2069 5769 1V5t'lttl‘bttlf0tlI-ftn
2124 5710 2230 5747 {titt-

664 5786 745 5820 513i.

1350 296 1406 355 s.
1445 292 1718 352 JUANNIS
1754 280 2227 346 cnnrsosrom
2269 278 2583 339 Anetuer.
2624 284 3150 346 CUNSTANTINOP.

3802 294 3922 349 (λξῖ

2334 395 2441 451 dixi
2474 400 2891 467 susttiearentur,
2945 419 3012 459 ex
3051 420 3235 459 eorum
3281 406 3693 475 interrogatione
3736 407 3903 461 ὀίεαι.

2331 492 2468 559 Quid
2499 494 2638 546 enim
2688 495 3127 566 interrogabant?
3175 497 3392 562 Quando
3439 499 3546 553 Iure
3583 502 3770 553 erant!
3808 502 3909 553 hoc

2332 600 2433 649 εει,
2464 586 2805 655 Quandonam
2835 586 3162 660 ierosolyma
3188 590 3420 660 peribit?
3448 589 3515 643 Et
3544 592 3677 661 quod
3710 592 3911 661 signum

2331 680 2571 734 adventus
2590 681 2663 732 tui
2688 689 2733 733 et
2758 676 3202 736 consummationis
3236 682 3449 736 seculi?
3477 682 3593 752 Ipse
3621 698 3749 737 vero
3778 682 3911 734 nihl

2331 772 2506 825 Statim
2534 769 2598 825 ad
2624 769 2762 825 hanc
2807 772 3271 841 interrogationem
3300 773 3603 842 respondit;
3635 773 3728 827 sed
3763 756 3914 841 prius

2332 860 2418 914 illa
2445 861 2574 916 dicit
2598 877 2717 929 qua:
2746 862 2862 930 plus
2898 863 3152 917 intererat
3193 862 3418 918 discere.
3462 860 3644 944 Neque
3670 865 3815 918 enim
3845 862 3912 918 de

2330 953 2676 1025 Jerosolymis
2714 956 2913 1017 statim,
2961 970 3133 1025 neque
3178 954 3246 1011 de
3273 956 3507 1011 secundo
3535 971 3635 1010 suo
3676 956 3913 1011 adventu

2342 1044 2579 1116 bqttutus
2608 1058 2710 1110 est,
2740 1049 2834 1103 sed
2866 1048 2933 1103 de
2960 1049 3112 1104 malis
3144 1065 3261 1117 quae
3282 1048 3393 1117 jam
3422 1049 3664 1118 proxima
3713 1058 3904 1107 erant,

2352 1138 2555 1209 .leoque
2578 1139 2699 1193 illus
2728 1141 2984 1194 sollicitos
3005 1138 3177 1195 reddit
3214 1140 3401 1193 dicens
3436 1138 3651 1192 :Carete
3693 1155 3759 1192 ne
3798 1142 3915 1203 quis

2328 1245 2413 1284 vos
2440 1230 2665 1286 seducet.
2696 1230 2749 1283 31
2759 1232 2850 1284 ulti
2874 1232 3005 1286 enim
3030 1232 3225 1285 venient
3256 1232 3308 1284 in
3336 1231 3536 1285 nomine
3565 1247 3676 1284 ntro
3695 1272 3708 1293 ,
3738 1231 3917 1283 dicen-

2331 1332 2402 1376 tes
2428 1338 2447 1376 :
2472 1321 2583 1393 Ego
2606 1338 2716 1376 sum
2740 1322 2986 1378 Christus.
3010 1322 3207 1377 Deinde
3233 1323 3470 1377 excitans
3493 1322 3609 1375 illos
3630 1321 3694 1373 ad
3721 1320 3913 1374 barum

2330 1429 2505 1469 rerum
2528 1413 2785 1477 auditttm,
2814 1412 3008 1477 Cavete,
3043 1414 3231 1484 inquit,
3253 1430 3317 1467 ne
3332 1413 3442 1482 quis
3464 1428 3548 1466 eos
3577 1410 3785 1466 seducet
3809 1427 3825 1463 :
3860 1420 3917 1464 et

2330 1521 2451 1560 eum
2470 1504 2725 1560 sollicitos
2744 1515 2903 1575 atque
2918 1503 2983 1558 ad
3007 1503 3327 1575 vigilandum
3342 1514 3555 1573 paratus
3567 1501 3914 1563 reddidisset,

2332 1608 2610 1668 postquam
2648 1598 2956 1653 seductores
2994 1608 3048 1652 et
3086 1596 3544 1666 pseudo-cbristos
3571 1594 3912 1654 memoravit,

2333 1698 2460 1745 tmte
2501 1690 2957 1759 Jerosulymorum
3014 1689 3147 1741 mala
3191 1696 3389 1751 narrat,
3438 1702 3501 1740 ex
3532 1686 3598 1739 iis
3641 1702 3758 1753 qua.
3799 1686 3853 1752 ja
3881 1702 3914 1736 η

2332 1793 2620 1837 evenerant
2666 1781 2835 1833 futura
2893 1794 3140 1833 asserens
3168 1778 3305 1847 apud
3354 1778 3568 1831 insanos
3606 1786 3654 1830 ct
3686 1785 3937 1829 eoutcn-.

2335 1876 2523 1929 tiosos.

2402 1965 2459 2020 2.
2503 1966 2644 2019 Bella
2670 1974 2845 2018 autem
2870 1974 2923 2018 et
2946 1962 3231 2032 opiniones
3259 1961 3537 2020 bellorum.
3561 1968 3617 2014 ut
3641 1960 3749 2029 iam
3773 1960 3913 2017 dixi.

2332 2057 2593 2110 tumultus
2612 2055 2701 2125 qui
2730 2056 2873 2123 ipsos
2904 2052 3137 2107 invasuri
3168 2060 3294 2106 sunt
3334 2059 3506 2105 vocat.
3545 2049 3746 2105 Deinde
3784 2049 3914 2119 quia

2334 2147 2611 2217 putabant,
2643 2156 2699 2200 ut
2726 2144 2835 2199 dixi
2864 2187 2877 2210 ,
2907 2153 3028 2213 post
3059 2140 3255 2198 bellum
3285 2140 3413 2196 illud
3464 2148 3746 2195 venturum
3787 2151 3920 2192 esse

2335 2239 2515 2304 linem,
2548 2239 2663 2292 ride
2689 2234 2956 2307 quomodo
3005 2234 3124 2288 illos
3169 2232 3517 2301 prremuniat,
3551 2229 3735 2283 dicens
3764 2247 3777 2283 :
3806 2226 3922 2282 Sed

2335 2333 2558 2385 nondum
2587 2339 2658 2384 est
2688 2330 2823 2396 ﬁnis.
2870 2329 2922 2379 7.
2971 2323 3223 2395 Exstat-get
3272 2324 3424 2389 enim,
3475 2320 3665 2389 inquit,
3712 2334 3832 2390 gens
3861 2320 3923 2369 in

2334 2434 2528 2496 gentem
2550 2434 2593 2475 et
2619 2436 2827 2491 regnum
2856 2419 2909 2471 in
2948 2432 3173 2485 regnum.
3206 2413 3354 2469 Initia
3383 2411 3722 2467 Judaicomm
3745 2409 3926 2463 ἰωνο-

2336 2531 2455 2570 rum
2480 2514 2625 2567 dicit.
2651 2513 2700 2567 8.
2738 2510 2860 2565 Παῖς
2885 2515 3053 2562 autem
3081 2507 3249 2560 omnia
3274 2496 3419 2558 initia
3443 2513 3556 2557 sunt
3570 2502 3803 2554 datorum
3822 2514 3841 2561 ;
3860 2497 3923 2552 id

2335 2620 2435 2669 est,
2463 2620 2646 2660 eormn
2677 2604 2765 2674 qui
2810 2603 2939 2672 ipsis
2980 2597 3221 2656 ereuturi
3268 2607 3412 2652 sunt.
3445 2594 3499 2650 9.
3539 2591 3683 2647 Tunc
3713 2591 3929 2644 tradent

2335 2715 2423 2753 vos
2451 2701 2501 2751 in
2531 2696 2924 2760 tribulationem,
2949 2704 2995 2747 et
3039 2692 3269 2746 occident
3292 2705 3396 2743 eos.
3430 2686 3740 2755 Opportune
3765 2684 3923 2751 ipso-

2336 2804 2452 2843 rum
2479 2789 2611 2841 mala
2638 2786 2877 2850 inseruit,
2909 2800 3026 2855 qua:
3068 2798 3097 2836 a
3129 2777 3504 2837 communibus
3531 2774 3684 2829 malis
3713 2769 3925 2843 aliquid

2335 2880 2718 2936 consolationis
2740 2877 3046 2946 accipiunt;
3082 2888 3179 2928 nec
3211 2871 3335 2925 inde
3385 2879 3587 2923 tantum
3608 2908 3623 2931 ,
3656 2865 3752 2920 sed
3791 2864 3925 2934 quia

2335 2970 2552 3033 addidit,
2588 2966 2806 3038 PrOpter
2842 2981 3020 3018 nomen
3066 2978 3268 3016 meum:
3295 2958 3455 3013 Erilis
3476 2958 3615 3012 enim
3642 2996 3658 3021 ,
3703 2953 3881 3023 inquit
3906 2993 3921 3015 ,

2335 3062 2452 3115 odio
2479 3058 2707 3113 munibus
2733 3064 2937 3127 promer
2966 3070 3144 3107 nomen
3175 3067 3358 3104 meum.
3390 3049 3477 3103 10.
3510 3046 3653 3101 Tunc
3692 3046 3927 3098 semida-

2335 3153 2622 3207 lizabuntur
2674 3148 2857 3213 multi,
2906 3156 2952 3199 et
2994 3145 3202 3197 invicem
3259 3141 3496 3204 tradent,
3530 3139 3618 3195 il.
3671 3148 3715 3191 et
3768 3136 3932 3189 multi

2338 3241 2730 3314 pseudo-Christi
2754 3281 2768 3302 ,
2798 3249 2843 3291 et
2874 3234 3341 3306 pseudo-propltete
3385 3239 3552 3295 emat,
3594 3239 3640 3282 et
3660 3228 3929 3307 .scducent

2343 3336 2542 3389 multus.
2576 3330 2661 3386 19..
2703 3330 2764 3382 Et
2793 3330 3026 3397 quoniam
3044 3325 3317 3379 abundabit
3341 3322 3600 3391 iniquitas,
3629 3320 3929 3390 refrigescet

2338 3426 2525 3478 raritas
2555 3424 2848 3476 multorum.
2884 3419 2969 3472 15.
3007 3416 3105 3482 Qui
3151 3427 3317 3468 autem
3349 3412 3734 3482 perseveraverit
3767 3426 3931 3480 usque

2340 3521 2388 3571 in
2418 3519 2593 3586 ﬁnem,
2619 3516 2699 3567 hic
2724 3514 2893 3566 saltus
2922 3512 3032 3563 erit.
3064 3510 3171 3563 Iloe
3201 3507 3372 3575 majus
3399 3506 3594 3559 malum
3624 3511 3706 3558 est
3728 3543 3742 3566 ,
3780 3503 3935 3555 intc-

2340 3613 2535 3666 stinttm
2562 3622 2753 3676 nempe
2790 3606 2987 3659 bellum
3024 3624 3036 3658 :
3063 3601 3213 3657 multi
3263 3600 3402 3653 enim
3435 3596 3552 3652 falsi
3584 3595 3780 3649 fratres
3807 3591 3933 3646 fue-

2340 3714 2479 3761 runt.
2509 3703 2689 3757 Vidcn'
2711 3700 2898 3771 triplex
2934 3698 3151 3761 bellum,
3182 3710 3212 3747 a
3234 3692 3621 3751 seductoribus,
3647 3688 3714 3741 ab
3743 3686 3931 3741 ieiunio

2337 3801 2435 3863 eis,
2464 3813 2489 3849 a
2514 3794 2661 3849 falsis
2691 3790 2973 3845 fratribus?
3002 3788 3131 3842 Vide
3162 3784 3382 3841 Paulum
3397 3780 3884 3849 hocdeplorautem
3911 3795 3927 3832 :

2343 3891 2492 3945 Foris
2523 3902 2727 3958 pagum,
2759 3886 2892 3937 intus
2921 3883 3143 3947 timores,
3172 3888 3219 3933 et
3250 3877 3476 3947 pericula
3523 3874 3575 3926 in
3618 3872 3764 3940 {uisis
3806 3873 3927 3940 fra-

2342 3982 2495 4035 tribus
2523 3980 2618 4049 (2.
2642 3979 2759 4031 Cor.
2789 3977 2841 4029 7.
2883 3976 2936 4029 5.
2967 3984 3015 4028 et
3098 3974 3185 4026 11.
3213 3970 3285 4025 26
3311 3971 3328 4040 )
3353 3987 3368 4035 ;
3398 3983 3461 4024 ac
3489 3981 3696 4022 rursum
3724 3986 3736 4015 :
3765 3962 3930 4016 Tales

2342 4075 2471 4127 enim
2500 4070 2619 4139 falsi
2646 4068 2859 4138 apostoli
2885 4074 3018 4129 sunt,
3040 4063 3261 4132 rperarii
3284 4060 3468 4123 dolosi,
3501 4056 3932 4124 transforamutcs

2342 4166 2468 4218 sein
2492 4163 2744 4233 apostolos
2774 4158 2956 4212 Christi
2989 4160 3007 4227 (
3042 4154 3177 4209 Ibid.
3220 4155 3304 4208 ll.
3354 4153 3480 4219 15).
3517 4149 3648 4203 Hinc
3704 4162 3929 4202 rursum

2342 4257 2393 4311 id
2439 4255 2579 4325 quod
2635 4254 2870 4306 omnium
2924 4236 3296 4319 gravissimum
3346 4252 3447 4308 est,
3501 4242 3641 4312 quod
3683 4241 3935 4294 caritatis

2341 4350 2758 4406 consolationem
2802 4360 2905 4398 non
2958 4341 3183 4395 habituri
3216 4340 3340 4392 sint.
3394 4336 3591 4391 Deinde
3629 4333 3936 4387 OSteudens

2342 4454 2658 4513 generosum
2688 4448 2741 4491 et
2768 4438 3051 4505 patientem
3086 4432 3205 4484 hinc
3246 4430 3365 4483 la'di
3409 4443 3513 4481 non
3549 4440 3718 4495 posse,
3751 4423 3831 4479 Ne
3862 4426 3935 4478 ti-

2344 4535 2532 4590 meatis
2552 4574 2566 4597 ,
2595 4529 2763 4600 inquit
2788 4570 2799 4591 ,
2833 4542 3005 4594 neque
3036 4523 3341 4577 turbemiui.
3371 4520 3425 4575 Si
3454 4518 3597 4574 enim
3623 4532 3937 4585 congruen-

2346 4636 2449 4681 tem
2483 4622 2789 4694 patientiam
2823 4615 3192 4677 exbibueritis,
3235 4613 3349 4667 hrrc
3376 4610 3513 4665 tnala
3557 4626 3659 4665 non
3692 4624 3933 4677 supera-

2347 4721 2475 4771 bunt
2500 4731 2613 4770 vos.
2642 4714 2917 4781 llujusque
2947 4708 3022 4763 rei
3063 4708 3205 4761 clara
3235 4698 3619 4758 demonstratio
3646 4708 3745 4762 est,
3778 4701 3935 4769 quod

2348 4810 2649 4877 prmdiczuio
2676 4806 2870 4874 ubique
2902 4818 2995 4870 per
3016 4800 3199 4853 orbem
3230 4794 3479 4865 pervadat
3506 4811 3517 4847 :
3542 4792 3611 4847 ita
3645 4791 3934 4845 sublimi-i-

2347 4917 2432 4956 res
2453 4902 2624 4962 eritis,
2649 4913 2804 4967 quam
2837 4906 2889 4949 ut
2919 4895 3030 4947 lure
3077 4890 3210 4944 mala
3240 4888 3445 4958 possint
3490 4901 3586 4941 vos
3633 4884 3933 4952 attingere.

2349 4996 2424 5052 Ne
2445 4997 2682 5050 dicereut
2709 4992 2873 5052 enim,
2894 4984 3160 5056 quomodo
3183 4998 3307 5051 ergo
3338 4977 3617 5033 vivemus?
3643 4976 3763 5045 plus
3778 4975 3941 5027 addi-

2344 5090 2440 5151 dit,
2478 5088 2540 5141 l‘lt
2567 5084 2754 5137 VlVCllS
2783 5091 2835 5135 ct
2863 5080 3057 5145 ubique
3086 5073 3364 5129 docebitis.
3396 5067 3751 5138 Quamobrem
3782 5066 3941 5119 iutu-

2348 5184 2408 5236 lit
2440 5198 2453 5234 :
2488 5181 2570 5235 li.
2645 5173 3013 5230 Prwdirabitur
3066 5171 3159 5222 hoc
3208 5164 3538 5235 Evangelium
3588 5161 3641 5214 in
3692 5160 3942 5212 universo

2349 5276 2532 5328 mundo
2561 5278 2605 5325 in
2637 5269 2969 5321 testimonium
2994 5261 3220 5317 onmibus
3249 5256 3474 5327 gentibus
3501 5272 3519 5307 :
3550 5265 3592 5307 et
3616 5263 3733 5304 tunc
3769 5255 3943 5304 veniet

2340 5370 2483 5437 ﬁnis,
2509 5377 2694 5427 ltClitpc
2712 5334 3943 5408 umsutntnationisHierosolymorum‘.Quod

2344 5431 2487 5513 enim
2560 5455 2625 5507 de
2658 5452 2750 5503 illo
2784 5448 2889 5500 tine
2946 5442 3164 5503 dixerit,
3214 5448 3265 5491 et
3328 5434 3471 5505 quod
3504 5442 3629 5486 ante
3653 5431 3944 5484 excidium

2362 5546 2712 5611 ῐιγιιιιιξι-ὶὶιειη
2743 5538 3095 5610 prcedicatum
3123 5530 3307 5594 fuerit,
3334 5527 3458 5581 audi
3482 5524 3611 5596 quid
3627 5524 3772 5578 dicat
3796 5520 3951 5576 Pau-

2423 5679 2431 5705 ’
2462 5680 2501 5727 at
2541 5680 2625 5723 utr.
2656 5682 2760 5736 pact
2790 5673 3026 5723 Savit.,...
3074 5668 3213 5733 ﬂuis,
3249 5681 3343 5718 non
3372 5648 3828 5719 consummatione,
3856 5664 3947 5711 seu

2354 5741 2807 5805 Hi;t‘o‘pfyttotum
2852 5736 2983 5783 Leti.
