  <div class='ocr_page' id='page_1' title='image "/cluster/home/n/w/nwhite01/storage/ocr_20150623/58/pst.000005712571/232.png"; bbox 0 0 4174 6332; ppageno 0'>
   <div class='ocr_carea' id='block_1_1' title="bbox 167 424 272 478">
    <p class='ocr_par' dir='ltr' id='par_1_1' title="bbox 167 424 272 478">
     <span class='ocr_line' id='line_1_1' title="bbox 167 424 272 478; baseline 0.019 -3"><span class='ocrx_word' id='word_1_1' title='bbox 167 424 272 478; x_wconf 55' lang='grc' dir='ltr'><strong>(ἓξὲξ)</strong></span> 
     </span>
    </p>
   </div>
   <div class='ocr_carea' id='block_1_2' title="bbox 170 510 1761 589">
    <p class='ocr_par' dir='ltr' id='par_1_2' title="bbox 170 510 1761 589">
     <span class='ocr_line' id='line_1_2' title="bbox 170 510 1761 589; baseline -0.013 -4"><span class='ocrx_word' id='word_1_2' title='bbox 170 537 291 587; x_wconf 56' lang='lat' dir='ltr'><strong>lus:</strong></span> <span class='ocrx_word' id='word_1_3' title='bbox 320 532 379 587; x_wconf 87' lang='lat' dir='ltr'><strong>ln</strong></span> <span class='ocrx_word' id='word_1_4' title='bbox 411 549 617 589; x_wconf 78' lang='lat' dir='ltr'><strong>omnem</strong></span> <span class='ocrx_word' id='word_1_5' title='bbox 644 539 827 586; x_wconf 81' lang='lat' dir='ltr'><strong>terram</strong></span> <span class='ocrx_word' id='word_1_6' title='bbox 854 525 1005 582; x_wconf 75' lang='lat' dir='ltr'><strong>exivit</strong></span> <span class='ocrx_word' id='word_1_7' title='bbox 1043 537 1200 578; x_wconf 81' lang='lat' dir='ltr'><strong>sonus</strong></span> <span class='ocrx_word' id='word_1_8' title='bbox 1238 533 1409 574; x_wconf 84' lang='lat' dir='ltr'><strong>eorum</strong></span> <span class='ocrx_word' id='word_1_9' title='bbox 1440 515 1458 585; x_wconf 97' lang='lat'>(</span> <span class='ocrx_word' id='word_1_10' title='bbox 1493 512 1641 568; x_wconf 80' lang='lat' dir='ltr'><strong>Rom.</strong></span> <span class='ocrx_word' id='word_1_11' title='bbox 1673 510 1761 567; x_wconf 85' lang='grc'><strong>10.</strong></span> 
     </span>
    </p>
   </div>
   <div class='ocr_carea' id='block_1_3' title="bbox 174 605 1776 693">
    <p class='ocr_par' dir='ltr' id='par_1_3' title="bbox 174 605 1776 693">
     <span class='ocr_line' id='line_1_3' title="bbox 174 605 1776 693; baseline -0.014 -14"><span class='ocrx_word' id='word_1_12' title='bbox 174 631 261 693; x_wconf 73' lang='grc' dir='ltr'><strong>ιδ)</strong></span> <span class='ocrx_word' id='word_1_13' title='bbox 289 642 304 691; x_wconf 87' lang='lat'><strong>;</strong></span> <span class='ocrx_word' id='word_1_14' title='bbox 333 635 386 679; x_wconf 88' lang='lat' dir='ltr'><strong>ct</strong></span> <span class='ocrx_word' id='word_1_15' title='bbox 404 639 649 686; x_wconf 88' lang='lat' dir='ltr'><strong>rursum,</strong></span> <span class='ocrx_word' id='word_1_16' title='bbox 678 619 941 692; x_wconf 67' lang='lat' dir='ltr'><strong>Evangelii</strong></span> <span class='ocrx_word' id='word_1_17' title='bbox 965 616 1101 689; x_wconf 82' lang='lat' dir='ltr'><strong>quod</strong></span> <span class='ocrx_word' id='word_1_18' title='bbox 1120 613 1454 685; x_wconf 74' lang='lat' dir='ltr'><strong>prtedicatum</strong></span> <span class='ocrx_word' id='word_1_19' title='bbox 1485 618 1555 662; x_wconf 78' lang='lat' dir='ltr'><strong>est</strong></span> <span class='ocrx_word' id='word_1_20' title='bbox 1586 607 1637 659; x_wconf 88' lang='lat' dir='ltr'><strong>in</strong></span> <span class='ocrx_word' id='word_1_21' title='bbox 1659 605 1776 659; x_wconf 85' lang='lat' dir='ltr'><strong>uui-</strong></span> 
     </span>
    </p>
   </div>
   <div class='ocr_carea' id='block_1_4' title="bbox 169 697 1773 785">
    <p class='ocr_par' dir='ltr' id='par_1_4' title="bbox 169 697 1773 785">
     <span class='ocr_line' id='line_1_4' title="bbox 169 697 1773 785; baseline -0.013 -14"><span class='ocrx_word' id='word_1_22' title='bbox 169 734 317 772; x_wconf 72' lang='lat' dir='ltr'><strong>rrrsa</strong></span> <span class='ocrx_word' id='word_1_23' title='bbox 346 728 581 772; x_wconf 74' lang='lat' dir='ltr'><strong>creatura</strong></span> <span class='ocrx_word' id='word_1_24' title='bbox 606 730 720 785; x_wconf 81' lang='lat' dir='ltr'><strong>qua:</strong></span> <span class='ocrx_word' id='word_1_25' title='bbox 747 714 836 767; x_wconf 84' lang='lat' dir='ltr'><strong>sub</strong></span> <span class='ocrx_word' id='word_1_26' title='bbox 860 710 987 767; x_wconf 67' lang='lat' dir='ltr'><strong>calo</strong></span> <span class='ocrx_word' id='word_1_27' title='bbox 1015 717 1088 762; x_wconf 79' lang='lat' dir='ltr'><strong>est</strong></span> <span class='ocrx_word' id='word_1_28' title='bbox 1135 705 1269 777; x_wconf 87' lang='lat' dir='ltr'><strong>(Col.</strong></span> <span class='ocrx_word' id='word_1_29' title='bbox 1298 704 1350 758; x_wconf 88' lang='grc'><strong>1.</strong></span> <span class='ocrx_word' id='word_1_30' title='bbox 1373 701 1489 771; x_wconf 69' lang='lat'><strong>23).</strong></span> <span class='ocrx_word' id='word_1_31' title='bbox 1519 700 1588 756; x_wconf 82' lang='lat' dir='ltr'><strong>Et</strong></span> <span class='ocrx_word' id='word_1_32' title='bbox 1622 697 1773 753; x_wconf 89' lang='lat' dir='ltr'><strong>vides</strong></span> 
     </span>
    </p>
   </div>
   <div class='ocr_carea' id='block_1_5' title="bbox 167 790 1770 881">
    <p class='ocr_par' dir='ltr' id='par_1_5' title="bbox 167 790 1770 881">
     <span class='ocr_line' id='line_1_5' title="bbox 167 790 1770 881; baseline -0.011 -20"><span class='ocrx_word' id='word_1_33' title='bbox 167 827 299 866; x_wconf 73' lang='lat' dir='ltr'><strong>tum</strong></span> <span class='ocrx_word' id='word_1_34' title='bbox 331 807 687 881; x_wconf 73' lang='lat' dir='ltr'><strong>Jet&#39;osolyntis</strong></span> <span class='ocrx_word' id='word_1_35' title='bbox 730 808 781 860; x_wconf 92' lang='lat' dir='ltr'><strong>in</strong></span> <span class='ocrx_word' id='word_1_36' title='bbox 826 799 1133 872; x_wconf 83' lang='lat' dir='ltr'><strong>Hispaniam</strong></span> <span class='ocrx_word' id='word_1_37' title='bbox 1181 804 1509 853; x_wconf 88' lang='lat' dir='ltr'><strong>currentem.</strong></span> <span class='ocrx_word' id='word_1_38' title='bbox 1541 790 1596 847; x_wconf 91' lang='lat' dir='ltr'><strong>Si</strong></span> <span class='ocrx_word' id='word_1_39' title='bbox 1624 790 1770 846; x_wconf 89' lang='lat' dir='ltr'><strong>enim</strong></span> 
     </span>
    </p>
   </div>
   <div class='ocr_carea' id='block_1_6' title="bbox 165 885 1771 969">
    <p class='ocr_par' dir='ltr' id='par_1_6' title="bbox 165 885 1771 969">
     <span class='ocr_line' id='line_1_6' title="bbox 165 885 1771 969; baseline -0.012 -13"><span class='ocrx_word' id='word_1_40' title='bbox 165 920 311 960; x_wconf 85' lang='lat' dir='ltr'><strong>unus</strong></span> <span class='ocrx_word' id='word_1_41' title='bbox 342 914 543 958; x_wconf 87' lang='lat' dir='ltr'><strong>tantam</strong></span> <span class='ocrx_word' id='word_1_42' title='bbox 572 901 719 955; x_wconf 80' lang='lat' dir='ltr'><strong>orbis</strong></span> <span class='ocrx_word' id='word_1_43' title='bbox 747 906 949 969; x_wconf 82' lang='lat' dir='ltr'><strong>partem</strong></span> <span class='ocrx_word' id='word_1_44' title='bbox 970 890 1268 962; x_wconf 79' lang='lat' dir='ltr'><strong>occuparit,</strong></span> <span class='ocrx_word' id='word_1_45' title='bbox 1296 889 1421 943; x_wconf 89' lang='lat' dir='ltr'><strong>hinc</strong></span> <span class='ocrx_word' id='word_1_46' title='bbox 1448 885 1621 955; x_wconf 89' lang='lat' dir='ltr'><strong>cogita</strong></span> <span class='ocrx_word' id='word_1_47' title='bbox 1651 898 1771 951; x_wconf 72' lang='lat' dir='ltr'><strong>qua:</strong></span> 
     </span>
    </p>
   </div>
   <div class='ocr_carea' id='block_1_7' title="bbox 165 973 1767 1061">
    <p class='ocr_par' dir='ltr' id='par_1_7' title="bbox 165 973 1767 1061">
     <span class='ocr_line' id='line_1_7' title="bbox 165 973 1767 1061; baseline -0.014 -13"><span class='ocrx_word' id='word_1_48' title='bbox 165 997 265 1048; x_wconf 83' lang='lat' dir='ltr'><strong>alii</strong></span> <span class='ocrx_word' id='word_1_49' title='bbox 304 996 549 1050; x_wconf 73' lang='lat' dir='ltr'><strong>fecerint.</strong></span> <span class='ocrx_word' id='word_1_50' title='bbox 599 992 805 1047; x_wconf 81' lang='lat' dir='ltr'><strong>Etenim</strong></span> <span class='ocrx_word' id='word_1_51' title='bbox 845 988 965 1042; x_wconf 86' lang='lat' dir='ltr'><strong>aliis</strong></span> <span class='ocrx_word' id='word_1_52' title='bbox 1002 984 1246 1041; x_wconf 82' lang='lat' dir='ltr'><strong>scribens</strong></span> <span class='ocrx_word' id='word_1_53' title='bbox 1280 979 1475 1061; x_wconf 80' lang='lat' dir='ltr'><strong>Paulus</strong></span> <span class='ocrx_word' id='word_1_54' title='bbox 1500 977 1567 1032; x_wconf 91' lang='lat' dir='ltr'><strong>de</strong></span> <span class='ocrx_word' id='word_1_55' title='bbox 1590 973 1767 1028; x_wconf 79' lang='lat' dir='ltr'><strong>Evan-</strong></span> 
     </span>
    </p>
   </div>
   <div class='ocr_carea' id='block_1_8' title="bbox 165 1066 1770 1159">
    <p class='ocr_par' dir='ltr' id='par_1_8' title="bbox 165 1066 1770 1159">
     <span class='ocr_line' id='line_1_8' title="bbox 165 1066 1770 1159; baseline -0.017 -14"><span class='ocrx_word' id='word_1_56' title='bbox 165 1090 316 1159; x_wconf 84' lang='lat' dir='ltr'><strong>gelio</strong></span> <span class='ocrx_word' id='word_1_57' title='bbox 342 1088 575 1152; x_wconf 84' lang='lat' dir='ltr'><strong>dicebat,</strong></span> <span class='ocrx_word' id='word_1_58' title='bbox 621 1083 762 1155; x_wconf 89' lang='lat' dir='ltr'><strong>quod</strong></span> <span class='ocrx_word' id='word_1_59' title='bbox 804 1081 1034 1137; x_wconf 88' lang='lat' dir='ltr'><strong>fructum</strong></span> <span class='ocrx_word' id='word_1_60' title='bbox 1066 1076 1201 1132; x_wconf 87' lang='lat' dir='ltr'><strong>ferat</strong></span> <span class='ocrx_word' id='word_1_61' title='bbox 1227 1084 1279 1130; x_wconf 91' lang='lat' dir='ltr'><strong>et</strong></span> <span class='ocrx_word' id='word_1_62' title='bbox 1309 1078 1516 1126; x_wconf 81' lang='lat' dir='ltr'><strong>crescat</strong></span> <span class='ocrx_word' id='word_1_63' title='bbox 1547 1069 1597 1120; x_wconf 91' lang='lat' dir='ltr'><strong>iu</strong></span> <span class='ocrx_word' id='word_1_64' title='bbox 1625 1066 1770 1119; x_wconf 87' lang='lat' dir='ltr'><strong>omni</strong></span> 
     </span>
    </p>
   </div>
   <div class='ocr_carea' id='block_1_9' title="bbox 166 1163 1769 1251">
    <p class='ocr_par' dir='ltr' id='par_1_9' title="bbox 166 1163 1769 1251">
     <span class='ocr_line' id='line_1_9' title="bbox 166 1163 1769 1251; baseline -0.014 -17"><span class='ocrx_word' id='word_1_65' title='bbox 166 1194 419 1239; x_wconf 69' lang='lat' dir='ltr'><strong>creatura</strong></span> <span class='ocrx_word' id='word_1_66' title='bbox 450 1196 571 1251; x_wconf 74' lang='lat' dir='ltr'><strong>qua:</strong></span> <span class='ocrx_word' id='word_1_67' title='bbox 612 1179 710 1233; x_wconf 78' lang='lat' dir='ltr'><strong>sub</strong></span> <span class='ocrx_word' id='word_1_68' title='bbox 735 1175 864 1231; x_wconf 75' lang='lat' dir='ltr'><strong>czelo</strong></span> <span class='ocrx_word' id='word_1_69' title='bbox 895 1171 1017 1242; x_wconf 87' lang='lat' dir='ltr'><strong>est(</strong></span> <span class='ocrx_word' id='word_1_70' title='bbox 1048 1169 1180 1225; x_wconf 81' lang='lat' dir='ltr'><strong>Ibid.</strong></span> <span class='ocrx_word' id='word_1_71' title='bbox 1200 1184 1249 1223; x_wconf 82' lang='grc' dir='ltr'><strong>υ.</strong></span> <span class='ocrx_word' id='word_1_72' title='bbox 1282 1166 1382 1237; x_wconf 86' lang='lat'><strong>6).</strong></span> <span class='ocrx_word' id='word_1_73' title='bbox 1426 1163 1560 1231; x_wconf 88' lang='lat' dir='ltr'><strong>Quid</strong></span> <span class='ocrx_word' id='word_1_74' title='bbox 1590 1170 1769 1215; x_wconf 85' lang='lat' dir='ltr'><strong>autem</strong></span> 
     </span>
    </p>
   </div>
   <div class='ocr_carea' id='block_1_10' title="bbox 168 1253 1771 1339">
    <p class='ocr_par' dir='ltr' id='par_1_10' title="bbox 168 1253 1771 1339">
     <span class='ocr_line' id='line_1_10' title="bbox 168 1253 1771 1339; baseline -0.016 -7"><span class='ocrx_word' id='word_1_75' title='bbox 168 1277 305 1332; x_wconf 76' lang='lat' dir='ltr'><strong>iilud</strong></span> <span class='ocrx_word' id='word_1_76' title='bbox 337 1285 441 1339; x_wconf 81' lang='lat' dir='ltr'><strong>est,</strong></span> <span class='ocrx_word' id='word_1_77' title='bbox 484 1271 551 1328; x_wconf 80' lang='lat' dir='ltr'><strong>In</strong></span> <span class='ocrx_word' id='word_1_78' title='bbox 604 1268 939 1327; x_wconf 77' lang='lat' dir='ltr'><strong>testimonium</strong></span> <span class='ocrx_word' id='word_1_79' title='bbox 981 1264 1214 1319; x_wconf 82' lang='lat' dir='ltr'><strong>omnibus</strong></span> <span class='ocrx_word' id='word_1_80' title='bbox 1248 1257 1524 1331; x_wconf 81' lang='lat' dir='ltr'><strong>gentibus?</strong></span> <span class='ocrx_word' id='word_1_81' title='bbox 1561 1253 1771 1323; x_wconf 78' lang='lat' dir='ltr'><strong>Ubique</strong></span> 
     </span>
    </p>
   </div>
   <div class='ocr_carea' id='block_1_11' title="bbox 170 1352 1770 1440">
    <p class='ocr_par' dir='ltr' id='par_1_11' title="bbox 170 1352 1770 1440">
     <span class='ocr_line' id='line_1_11' title="bbox 170 1352 1770 1440; baseline -0.015 -16"><span class='ocrx_word' id='word_1_82' title='bbox 170 1368 524 1440; x_wconf 68' lang='lat' dir='ltr'><strong>prazdicatum</strong></span> <span class='ocrx_word' id='word_1_83' title='bbox 572 1372 677 1430; x_wconf 89' lang='lat' dir='ltr'><strong>est,</strong></span> <span class='ocrx_word' id='word_1_84' title='bbox 722 1361 815 1417; x_wconf 90' lang='lat' dir='ltr'><strong>sed</strong></span> <span class='ocrx_word' id='word_1_85' title='bbox 851 1376 956 1414; x_wconf 86' lang='lat' dir='ltr'><strong>nutt</strong></span> <span class='ocrx_word' id='word_1_86' title='bbox 984 1372 1176 1411; x_wconf 87' lang='lat' dir='ltr'><strong>omnes</strong></span> <span class='ocrx_word' id='word_1_87' title='bbox 1203 1352 1570 1414; x_wconf 86' lang='lat' dir='ltr'><strong>crediderunt,</strong></span> <span class='ocrx_word' id='word_1_88' title='bbox 1596 1361 1770 1415; x_wconf 89' lang='lat' dir='ltr'><strong>neque</strong></span> 
     </span>
    </p>
   </div>
   <div class='ocr_carea' id='block_1_12' title="bbox 169 1439 1767 1533">
    <p class='ocr_par' dir='ltr' id='par_1_12' title="bbox 169 1439 1767 1533">
     <span class='ocr_line' id='line_1_12' title="bbox 169 1439 1767 1533; baseline -0.016 -18"><span class='ocrx_word' id='word_1_89' title='bbox 169 1439 449 1533; x_wconf 79' lang='lat' dir='ltr'><strong>receptum</strong></span> <span class='ocrx_word' id='word_1_90' title='bbox 479 1469 561 1513; x_wconf 89' lang='lat' dir='ltr'><strong>est</strong></span> <span class='ocrx_word' id='word_1_91' title='bbox 589 1458 802 1526; x_wconf 84' lang='lat' dir='ltr'><strong>ubique.</strong></span> <span class='ocrx_word' id='word_1_92' title='bbox 838 1452 901 1506; x_wconf 80' lang='lat' dir='ltr'><strong>In</strong></span> <span class='ocrx_word' id='word_1_93' title='bbox 929 1448 1291 1511; x_wconf 83' lang='lat' dir='ltr'><strong>testimonium,</strong></span> <span class='ocrx_word' id='word_1_94' title='bbox 1316 1444 1509 1514; x_wconf 87' lang='lat' dir='ltr'><strong>inquit,</strong></span> <span class='ocrx_word' id='word_1_95' title='bbox 1538 1439 1642 1494; x_wconf 73' lang='lat' dir='ltr'><strong>erit</strong></span> <span class='ocrx_word' id='word_1_96' title='bbox 1663 1453 1767 1491; x_wconf 87' lang='lat' dir='ltr'><strong>non</strong></span> 
     </span>
    </p>
   </div>
   <div class='ocr_carea' id='block_1_13' title="bbox 167 1532 1769 1618">
    <p class='ocr_par' dir='ltr' id='par_1_13' title="bbox 167 1532 1769 1618">
     <span class='ocr_line' id='line_1_13' title="bbox 167 1532 1769 1618; baseline -0.017 -7"><span class='ocrx_word' id='word_1_97' title='bbox 167 1532 521 1610; x_wconf 80' lang='lat' dir='ltr'><strong>credentibus</strong></span> <span class='ocrx_word' id='word_1_98' title='bbox 552 1569 567 1618; x_wconf 93' lang='lat'><strong>;</strong></span> <span class='ocrx_word' id='word_1_99' title='bbox 600 1550 651 1604; x_wconf 89' lang='lat' dir='ltr'><strong>id</strong></span> <span class='ocrx_word' id='word_1_100' title='bbox 681 1557 782 1613; x_wconf 82' lang='lat' dir='ltr'><strong>est,</strong></span> <span class='ocrx_word' id='word_1_101' title='bbox 816 1548 867 1600; x_wconf 90' lang='lat' dir='ltr'><strong>in</strong></span> <span class='ocrx_word' id='word_1_102' title='bbox 895 1542 1358 1613; x_wconf 79' lang='lat' dir='ltr'><strong>retlargutionem,</strong></span> <span class='ocrx_word' id='word_1_103' title='bbox 1392 1537 1443 1590; x_wconf 92' lang='lat' dir='ltr'><strong>in</strong></span> <span class='ocrx_word' id='word_1_104' title='bbox 1469 1532 1769 1589; x_wconf 71' lang='lat' dir='ltr'><strong>accusatio—</strong></span> 
     </span>
    </p>
   </div>
   <div class='ocr_carea' id='block_1_14' title="bbox 169 1624 1773 1703">
    <p class='ocr_par' dir='ltr' id='par_1_14' title="bbox 169 1624 1773 1703">
     <span class='ocr_line' id='line_1_14' title="bbox 169 1624 1773 1703; baseline -0.017 -2"><span class='ocrx_word' id='word_1_105' title='bbox 169 1661 321 1701; x_wconf 87' lang='lat' dir='ltr'><strong>nem.</strong></span> <span class='ocrx_word' id='word_1_106' title='bbox 366 1642 432 1697; x_wconf 89' lang='lat' dir='ltr'><strong>Iu</strong></span> <span class='ocrx_word' id='word_1_107' title='bbox 475 1640 856 1696; x_wconf 80' lang='lat' dir='ltr'><strong>testimonium:</strong></span> <span class='ocrx_word' id='word_1_108' title='bbox 883 1649 1004 1691; x_wconf 71' lang='lat' dir='ltr'><strong>nam</strong></span> <span class='ocrx_word' id='word_1_109' title='bbox 1039 1633 1127 1703; x_wconf 91' lang='lat' dir='ltr'><strong>qui</strong></span> <span class='ocrx_word' id='word_1_110' title='bbox 1159 1629 1506 1685; x_wconf 83' lang='lat' dir='ltr'><strong>crediderunt</strong></span> <span class='ocrx_word' id='word_1_111' title='bbox 1531 1624 1773 1679; x_wconf 87' lang='lat' dir='ltr'><strong>testimo-</strong></span> 
     </span>
    </p>
   </div>
   <div class='ocr_carea' id='block_1_15' title="bbox 168 1720 1773 1799">
    <p class='ocr_par' dir='ltr' id='par_1_15' title="bbox 168 1720 1773 1799">
     <span class='ocr_line' id='line_1_15' title="bbox 168 1720 1773 1799; baseline -0.017 -7"><span class='ocrx_word' id='word_1_112' title='bbox 168 1742 320 1792; x_wconf 84' lang='lat' dir='ltr'><strong>nium</strong></span> <span class='ocrx_word' id='word_1_113' title='bbox 351 1735 521 1789; x_wconf 84' lang='lat' dir='ltr'><strong>fereut</strong></span> <span class='ocrx_word' id='word_1_114' title='bbox 546 1740 731 1789; x_wconf 87' lang='lat' dir='ltr'><strong>contra</strong></span> <span class='ocrx_word' id='word_1_115' title='bbox 755 1745 847 1785; x_wconf 88' lang='lat' dir='ltr'><strong>eos</strong></span> <span class='ocrx_word' id='word_1_116' title='bbox 878 1726 964 1799; x_wconf 89' lang='lat' dir='ltr'><strong>qui</strong></span> <span class='ocrx_word' id='word_1_117' title='bbox 995 1724 1215 1779; x_wconf 85' lang='lat' dir='ltr'><strong>credere</strong></span> <span class='ocrx_word' id='word_1_118' title='bbox 1235 1720 1540 1781; x_wconf 86' lang='lat' dir='ltr'><strong>uoluerunt,</strong></span> <span class='ocrx_word' id='word_1_119' title='bbox 1561 1725 1614 1771; x_wconf 89' lang='lat' dir='ltr'><strong>et</strong></span> <span class='ocrx_word' id='word_1_120' title='bbox 1643 1728 1773 1769; x_wconf 86' lang='lat' dir='ltr'><strong>con-</strong></span> 
     </span>
    </p>
   </div>
   <div class='ocr_carea' id='block_1_16' title="bbox 168 1807 1770 1892">
    <p class='ocr_par' dir='ltr' id='par_1_16' title="bbox 168 1807 1770 1892">
     <span class='ocr_line' id='line_1_16' title="bbox 168 1807 1770 1892; baseline -0.016 -9"><span class='ocrx_word' id='word_1_121' title='bbox 168 1827 508 1885; x_wconf 88' lang='lat' dir='ltr'><strong>demuabunt</strong></span> <span class='ocrx_word' id='word_1_122' title='bbox 536 1840 650 1881; x_wconf 80' lang='lat' dir='ltr'><strong>eos.</strong></span> <span class='ocrx_word' id='word_1_123' title='bbox 687 1822 918 1892; x_wconf 88' lang='lat' dir='ltr'><strong>Ideoque</strong></span> <span class='ocrx_word' id='word_1_124' title='bbox 952 1828 1230 1889; x_wconf 89' lang='lat' dir='ltr'><strong>postquam</strong></span> <span class='ocrx_word' id='word_1_125' title='bbox 1257 1807 1602 1879; x_wconf 80' lang='lat' dir='ltr'><strong>Evangelium</strong></span> <span class='ocrx_word' id='word_1_126' title='bbox 1629 1821 1770 1876; x_wconf 71' lang='lat' dir='ltr'><strong>prte-</strong></span> 
     </span>
    </p>
   </div>
   <div class='ocr_carea' id='block_1_17' title="bbox 162 1898 1767 1987">
    <p class='ocr_par' dir='ltr' id='par_1_17' title="bbox 162 1898 1767 1987">
     <span class='ocr_line' id='line_1_17' title="bbox 162 1898 1767 1987; baseline -0.016 -12"><span class='ocrx_word' id='word_1_127' title='bbox 162 1920 408 1977; x_wconf 80' lang='lat' dir='ltr'><strong>dicatum</strong></span> <span class='ocrx_word' id='word_1_128' title='bbox 441 1918 539 1972; x_wconf 87' lang='lat' dir='ltr'><strong>fuit</strong></span> <span class='ocrx_word' id='word_1_129' title='bbox 566 1931 661 1987; x_wconf 87' lang='lat' dir='ltr'><strong>per</strong></span> <span class='ocrx_word' id='word_1_130' title='bbox 688 1921 855 1969; x_wconf 89' lang='lat' dir='ltr'><strong>totum</strong></span> <span class='ocrx_word' id='word_1_131' title='bbox 886 1910 1094 1972; x_wconf 88' lang='lat' dir='ltr'><strong>orbem,</strong></span> <span class='ocrx_word' id='word_1_132' title='bbox 1117 1905 1448 1974; x_wconf 83' lang='lat' dir='ltr'><strong>Jerosolytna</strong></span> <span class='ocrx_word' id='word_1_133' title='bbox 1474 1898 1767 1969; x_wconf 81' lang='lat' dir='ltr'><strong>perierunt,</strong></span> 
     </span>
    </p>
   </div>
   <div class='ocr_carea' id='block_1_18' title="bbox 171 1990 1771 2077">
    <p class='ocr_par' dir='ltr' id='par_1_18' title="bbox 171 1990 1771 2077">
     <span class='ocr_line' id='line_1_18' title="bbox 171 1990 1771 2077; baseline -0.017 -8"><span class='ocrx_word' id='word_1_134' title='bbox 171 2025 324 2069; x_wconf 89' lang='lat' dir='ltr'><strong>utne</strong></span> <span class='ocrx_word' id='word_1_135' title='bbox 345 2010 594 2066; x_wconf 88' lang='lat' dir='ltr'><strong>umbram</strong></span> <span class='ocrx_word' id='word_1_136' title='bbox 616 2006 832 2077; x_wconf 83' lang='lat' dir='ltr'><strong>quidem</strong></span> <span class='ocrx_word' id='word_1_137' title='bbox 880 1999 1240 2059; x_wconf 79' lang='lat' dir='ltr'><strong>excusationis</strong></span> <span class='ocrx_word' id='word_1_138' title='bbox 1268 1995 1461 2066; x_wconf 75' lang='lat' dir='ltr'><strong>ingrati</strong></span> <span class='ocrx_word' id='word_1_139' title='bbox 1489 1992 1567 2047; x_wconf 93' lang='lat' dir='ltr'><strong>illi</strong></span> <span class='ocrx_word' id='word_1_140' title='bbox 1601 1990 1771 2045; x_wconf 85' lang='lat' dir='ltr'><strong>hahe-</strong></span> 
     </span>
    </p>
   </div>
   <div class='ocr_carea' id='block_1_19' title="bbox 168 2082 1773 2169">
    <p class='ocr_par' dir='ltr' id='par_1_19' title="bbox 168 2082 1773 2169">
     <span class='ocr_line' id='line_1_19' title="bbox 168 2082 1773 2169; baseline -0.018 -8"><span class='ocrx_word' id='word_1_141' title='bbox 168 2113 313 2160; x_wconf 86' lang='lat' dir='ltr'><strong>rent.</strong></span> <span class='ocrx_word' id='word_1_142' title='bbox 344 2101 481 2159; x_wconf 86' lang='lat' dir='ltr'><strong>Nam</strong></span> <span class='ocrx_word' id='word_1_143' title='bbox 512 2099 599 2169; x_wconf 90' lang='lat' dir='ltr'><strong>qui</strong></span> <span class='ocrx_word' id='word_1_144' title='bbox 621 2098 866 2152; x_wconf 83' lang='lat' dir='ltr'><strong>viderunt</strong></span> <span class='ocrx_word' id='word_1_145' title='bbox 887 2094 1003 2163; x_wconf 89' lang='lat' dir='ltr'><strong>ejus</strong></span> <span class='ocrx_word' id='word_1_146' title='bbox 1025 2088 1313 2161; x_wconf 74' lang='lat' dir='ltr'><strong>potentiam</strong></span> <span class='ocrx_word' id='word_1_147' title='bbox 1343 2085 1537 2156; x_wconf 86' lang='lat' dir='ltr'><strong>ubique</strong></span> <span class='ocrx_word' id='word_1_148' title='bbox 1568 2082 1773 2152; x_wconf 79' lang='lat' dir='ltr'><strong>fulgen-</strong></span> 
     </span>
    </p>
   </div>
   <div class='ocr_carea' id='block_1_20' title="bbox 170 2181 1769 2263">
    <p class='ocr_par' dir='ltr' id='par_1_20' title="bbox 170 2181 1769 2263">
     <span class='ocr_line' id='line_1_20' title="bbox 170 2181 1769 2263; baseline -0.016 -14"><span class='ocrx_word' id='word_1_149' title='bbox 170 2206 306 2259; x_wconf 87' lang='lat' dir='ltr'><strong>tem,</strong></span> <span class='ocrx_word' id='word_1_150' title='bbox 339 2201 395 2249; x_wconf 89' lang='lat' dir='ltr'><strong>et</strong></span> <span class='ocrx_word' id='word_1_151' title='bbox 420 2192 572 2263; x_wconf 87' lang='lat' dir='ltr'><strong>quasi</strong></span> <span class='ocrx_word' id='word_1_152' title='bbox 626 2188 681 2244; x_wconf 91' lang='lat' dir='ltr'><strong>in</strong></span> <span class='ocrx_word' id='word_1_153' title='bbox 742 2196 1022 2242; x_wconf 86' lang='lat' dir='ltr'><strong>momento</strong></span> <span class='ocrx_word' id='word_1_154' title='bbox 1079 2183 1213 2237; x_wconf 85' lang='lat' dir='ltr'><strong>orbe</strong></span> <span class='ocrx_word' id='word_1_155' title='bbox 1271 2181 1544 2251; x_wconf 86' lang='lat' dir='ltr'><strong>petitam,</strong></span> <span class='ocrx_word' id='word_1_156' title='bbox 1608 2186 1769 2243; x_wconf 81' lang='lat' dir='ltr'><strong>quam</strong></span> 
     </span>
    </p>
   </div>
   <div class='ocr_carea' id='block_1_21' title="bbox 170 2264 1773 2343">
    <p class='ocr_par' dir='ltr' id='par_1_21' title="bbox 170 2264 1773 2343">
     <span class='ocr_line' id='line_1_21' title="bbox 170 2264 1773 2343; baseline -0.014 -4"><span class='ocrx_word' id='word_1_157' title='bbox 170 2286 390 2343; x_wconf 80' lang='lat' dir='ltr'><strong>veniam</strong></span> <span class='ocrx_word' id='word_1_158' title='bbox 421 2283 650 2338; x_wconf 79' lang='lat' dir='ltr'><strong>habeant</strong></span> <span class='ocrx_word' id='word_1_159' title='bbox 675 2281 726 2333; x_wconf 89' lang='lat' dir='ltr'><strong>in</strong></span> <span class='ocrx_word' id='word_1_160' title='bbox 746 2278 941 2334; x_wconf 87' lang='lat' dir='ltr'><strong>duritie</strong></span> <span class='ocrx_word' id='word_1_161' title='bbox 965 2272 1281 2331; x_wconf 78' lang='lat' dir='ltr'><strong>manentes?</strong></span> <span class='ocrx_word' id='word_1_162' title='bbox 1306 2268 1460 2338; x_wconf 87' lang='lat' dir='ltr'><strong>Quod</strong></span> <span class='ocrx_word' id='word_1_163' title='bbox 1487 2268 1631 2324; x_wconf 86' lang='lat' dir='ltr'><strong>enim</strong></span> <span class='ocrx_word' id='word_1_164' title='bbox 1656 2264 1773 2320; x_wconf 87' lang='lat' dir='ltr'><strong>ubi-</strong></span> 
     </span>
    </p>
   </div>
   <div class='ocr_carea' id='block_1_22' title="bbox 167 2354 1775 2448">
    <p class='ocr_par' dir='ltr' id='par_1_22' title="bbox 167 2354 1775 2448">
     <span class='ocr_line' id='line_1_22' title="bbox 167 2354 1775 2448; baseline -0.014 -17"><span class='ocrx_word' id='word_1_165' title='bbox 167 2393 278 2448; x_wconf 84' lang='lat' dir='ltr'><strong>que</strong></span> <span class='ocrx_word' id='word_1_166' title='bbox 309 2387 438 2432; x_wconf 87' lang='lat' dir='ltr'><strong>tunc</strong></span> <span class='ocrx_word' id='word_1_167' title='bbox 466 2372 809 2443; x_wconf 66' lang='lat' dir='ltr'><strong>prmdicatum</strong></span> <span class='ocrx_word' id='word_1_168' title='bbox 838 2367 1019 2430; x_wconf 88' lang='lat' dir='ltr'><strong>fuerit,</strong></span> <span class='ocrx_word' id='word_1_169' title='bbox 1056 2364 1178 2419; x_wconf 88' lang='lat' dir='ltr'><strong>audi</strong></span> <span class='ocrx_word' id='word_1_170' title='bbox 1212 2361 1431 2418; x_wconf 86' lang='lat' dir='ltr'><strong>Paulum</strong></span> <span class='ocrx_word' id='word_1_171' title='bbox 1458 2376 1472 2413; x_wconf 86' lang='lat'><strong>:</strong></span> <span class='ocrx_word' id='word_1_172' title='bbox 1510 2354 1775 2427; x_wconf 71' lang='lat' dir='ltr'><strong>Evangelii</strong></span> 
     </span>
    </p>
   </div>
   <div class='ocr_carea' id='block_1_23' title="bbox 168 2447 1774 2541">
    <p class='ocr_par' dir='ltr' id='par_1_23' title="bbox 168 2447 1774 2541">
     <span class='ocr_line' id='line_1_23' title="bbox 168 2447 1774 2541; baseline -0.015 -16"><span class='ocrx_word' id='word_1_173' title='bbox 168 2447 311 2541; x_wconf 71' lang='lat' dir='ltr'><strong>quod</strong></span> <span class='ocrx_word' id='word_1_174' title='bbox 331 2467 663 2539; x_wconf 73' lang='lat' dir='ltr'><strong>protdicatum</strong></span> <span class='ocrx_word' id='word_1_175' title='bbox 688 2474 762 2519; x_wconf 83' lang='lat' dir='ltr'><strong>est</strong></span> <span class='ocrx_word' id='word_1_176' title='bbox 790 2463 842 2516; x_wconf 90' lang='lat' dir='ltr'><strong>in</strong></span> <span class='ocrx_word' id='word_1_177' title='bbox 871 2461 1106 2514; x_wconf 77' lang='lat' dir='ltr'><strong>universa</strong></span> <span class='ocrx_word' id='word_1_178' title='bbox 1132 2465 1387 2519; x_wconf 80' lang='lat' dir='ltr'><strong>creatura,</strong></span> <span class='ocrx_word' id='word_1_179' title='bbox 1405 2467 1518 2522; x_wconf 68' lang='lat' dir='ltr'><strong>qua</strong></span> <span class='ocrx_word' id='word_1_180' title='bbox 1538 2449 1627 2505; x_wconf 86' lang='lat' dir='ltr'><strong>sub</strong></span> <span class='ocrx_word' id='word_1_181' title='bbox 1649 2447 1774 2503; x_wconf 78' lang='lat' dir='ltr'><strong>cwlo</strong></span> 
     </span>
    </p>
   </div>
   <div class='ocr_carea' id='block_1_24' title="bbox 170 2548 1776 2633">
    <p class='ocr_par' dir='ltr' id='par_1_24' title="bbox 170 2548 1776 2633">
     <span class='ocr_line' id='line_1_24' title="bbox 170 2548 1776 2633; baseline -0.012 -17"><span class='ocrx_word' id='word_1_182' title='bbox 170 2574 244 2616; x_wconf 73' lang='lat' dir='ltr'><strong>cst</strong></span> <span class='ocrx_word' id='word_1_183' title='bbox 276 2560 443 2633; x_wconf 83' lang='lat' dir='ltr'><strong>(Ibid.</strong></span> <span class='ocrx_word' id='word_1_184' title='bbox 474 2576 522 2613; x_wconf 75' lang='grc' dir='ltr'><strong>ιν.</strong></span> <span class='ocrx_word' id='word_1_185' title='bbox 549 2558 665 2626; x_wconf 67' lang='lat'><strong>35).</strong></span> <span class='ocrx_word' id='word_1_186' title='bbox 692 2556 843 2624; x_wconf 86' lang='lat' dir='ltr'><strong>Quod</strong></span> <span class='ocrx_word' id='word_1_187' title='bbox 874 2552 1070 2611; x_wconf 84' lang='lat' dir='ltr'><strong>Christi</strong></span> <span class='ocrx_word' id='word_1_188' title='bbox 1091 2551 1341 2623; x_wconf 75' lang='lat' dir='ltr'><strong>potentia:</strong></span> <span class='ocrx_word' id='word_1_189' title='bbox 1372 2548 1662 2603; x_wconf 81' lang='lat' dir='ltr'><strong>maximum</strong></span> <span class='ocrx_word' id='word_1_190' title='bbox 1693 2551 1776 2598; x_wconf 89' lang='lat' dir='ltr'><strong>est</strong></span> 
     </span>
    </p>
   </div>
   <div class='ocr_carea' id='block_1_25' title="bbox 170 2640 1771 2725">
    <p class='ocr_par' dir='ltr' id='par_1_25' title="bbox 170 2640 1771 2725">
     <span class='ocr_line' id='line_1_25' title="bbox 170 2640 1771 2725; baseline -0.012 -15"><span class='ocrx_word' id='word_1_191' title='bbox 170 2661 572 2725; x_wconf 74' lang='lat' dir='ltr'><strong>argumentum,</strong></span> <span class='ocrx_word' id='word_1_192' title='bbox 598 2650 740 2723; x_wconf 89' lang='lat' dir='ltr'><strong>quod</strong></span> <span class='ocrx_word' id='word_1_193' title='bbox 765 2649 1008 2705; x_wconf 81' lang='lat' dir='ltr'><strong>doctrina</strong></span> <span class='ocrx_word' id='word_1_194' title='bbox 1038 2646 1191 2701; x_wconf 85' lang='lat' dir='ltr'><strong>annis</strong></span> <span class='ocrx_word' id='word_1_195' title='bbox 1220 2642 1403 2715; x_wconf 83' lang='lat' dir='ltr'><strong>viginti</strong></span> <span class='ocrx_word' id='word_1_196' title='bbox 1432 2640 1517 2696; x_wconf 85' lang='lat' dir='ltr'><strong>vel</strong></span> <span class='ocrx_word' id='word_1_197' title='bbox 1534 2640 1771 2710; x_wconf 88' lang='lat' dir='ltr'><strong>triginta,</strong></span> 
     </span>
    </p>
   </div>
   <div class='ocr_carea' id='block_1_26' title="bbox 170 2731 1770 2814">
    <p class='ocr_par' dir='ltr' id='par_1_26' title="bbox 170 2731 1770 2814">
     <span class='ocr_line' id='line_1_26' title="bbox 170 2731 1770 2814; baseline -0.013 -11"><span class='ocrx_word' id='word_1_198' title='bbox 170 2747 323 2803; x_wconf 86' lang='lat' dir='ltr'><strong>orbis</strong></span> <span class='ocrx_word' id='word_1_199' title='bbox 352 2746 610 2801; x_wconf 87' lang='lat' dir='ltr'><strong>terminos</strong></span> <span class='ocrx_word' id='word_1_200' title='bbox 654 2742 970 2814; x_wconf 86' lang='lat' dir='ltr'><strong>pervaserit.</strong></span> <span class='ocrx_word' id='word_1_201' title='bbox 1025 2740 1151 2795; x_wconf 78' lang='lat' dir='ltr'><strong>Post</strong></span> <span class='ocrx_word' id='word_1_202' title='bbox 1194 2737 1311 2793; x_wconf 83' lang='lat' dir='ltr'><strong>haec</strong></span> <span class='ocrx_word' id='word_1_203' title='bbox 1360 2736 1540 2806; x_wconf 87' lang='lat' dir='ltr'><strong>igitur.</strong></span> <span class='ocrx_word' id='word_1_204' title='bbox 1583 2731 1770 2802; x_wconf 87' lang='lat' dir='ltr'><strong>inquit,</strong></span> 
     </span>
    </p>
   </div>
   <div class='ocr_carea' id='block_1_27' title="bbox 170 2821 1771 2906">
    <p class='ocr_par' dir='ltr' id='par_1_27' title="bbox 170 2821 1771 2906">
     <span class='ocr_line' id='line_1_27' title="bbox 170 2821 1771 2906; baseline -0.012 -12"><span class='ocrx_word' id='word_1_205' title='bbox 170 2841 357 2896; x_wconf 76' lang='lat' dir='ltr'><strong>veniet</strong></span> <span class='ocrx_word' id='word_1_206' title='bbox 388 2839 509 2894; x_wconf 83' lang='lat' dir='ltr'><strong>linis</strong></span> <span class='ocrx_word' id='word_1_207' title='bbox 535 2836 1014 2906; x_wconf 73' lang='lat' dir='ltr'><strong>lerosolymorum.</strong></span> <span class='ocrx_word' id='word_1_208' title='bbox 1047 2829 1198 2900; x_wconf 89' lang='lat' dir='ltr'><strong>Quod</strong></span> <span class='ocrx_word' id='word_1_209' title='bbox 1228 2828 1369 2884; x_wconf 89' lang='lat' dir='ltr'><strong>enim</strong></span> <span class='ocrx_word' id='word_1_210' title='bbox 1401 2826 1503 2881; x_wconf 90' lang='lat' dir='ltr'><strong>hoc</strong></span> <span class='ocrx_word' id='word_1_211' title='bbox 1529 2821 1771 2880; x_wconf 88' lang='lat' dir='ltr'><strong>subindi-</strong></span> 
     </span>
    </p>
   </div>
   <div class='ocr_carea' id='block_1_28' title="bbox 170 2916 1775 3001">
    <p class='ocr_par' dir='ltr' id='par_1_28' title="bbox 170 2916 1775 3001">
     <span class='ocr_line' id='line_1_28' title="bbox 170 2916 1775 3001; baseline -0.014 -13"><span class='ocrx_word' id='word_1_212' title='bbox 170 2941 280 2999; x_wconf 86' lang='lat' dir='ltr'><strong>cet,</strong></span> <span class='ocrx_word' id='word_1_213' title='bbox 309 2939 535 3001; x_wconf 86' lang='lat' dir='ltr'><strong>arguunt</strong></span> <span class='ocrx_word' id='word_1_214' title='bbox 565 2927 860 2998; x_wconf 88' lang='lat' dir='ltr'><strong>sequentia.</strong></span> <span class='ocrx_word' id='word_1_215' title='bbox 884 2924 1077 2980; x_wconf 82' lang='lat' dir='ltr'><strong>Attulit</strong></span> <span class='ocrx_word' id='word_1_216' title='bbox 1120 2922 1262 2978; x_wconf 88' lang='lat' dir='ltr'><strong>enim</strong></span> <span class='ocrx_word' id='word_1_217' title='bbox 1313 2916 1645 2988; x_wconf 89' lang='lat' dir='ltr'><strong>prophetiam</strong></span> <span class='ocrx_word' id='word_1_218' title='bbox 1673 2958 1684 2975; x_wconf 86' lang='lat'><strong>,</strong></span> <span class='ocrx_word' id='word_1_219' title='bbox 1718 2920 1775 2967; x_wconf 92' lang='lat' dir='ltr'><strong>ut</strong></span> 
     </span>
    </p>
   </div>
   <div class='ocr_carea' id='block_1_29' title="bbox 170 3007 1771 3094">
    <p class='ocr_par' dir='ltr' id='par_1_29' title="bbox 170 3007 1771 3094">
     <span class='ocr_line' id='line_1_29' title="bbox 170 3007 1771 3094; baseline -0.012 -16"><span class='ocrx_word' id='word_1_220' title='bbox 170 3024 293 3094; x_wconf 79' lang='lat' dir='ltr'><strong>ejus</strong></span> <span class='ocrx_word' id='word_1_221' title='bbox 317 3020 589 3078; x_wconf 78' lang='lat' dir='ltr'><strong>excidium</strong></span> <span class='ocrx_word' id='word_1_222' title='bbox 620 3025 909 3084; x_wconf 84' lang='lat' dir='ltr'><strong>assereret,</strong></span> <span class='ocrx_word' id='word_1_223' title='bbox 942 3016 1121 3084; x_wconf 82' lang='lat' dir='ltr'><strong>aitque</strong></span> <span class='ocrx_word' id='word_1_224' title='bbox 1149 3031 1162 3066; x_wconf 89' lang='lat'><strong>:</strong></span> <span class='ocrx_word' id='word_1_225' title='bbox 1197 3012 1284 3067; x_wconf 76' lang='grc'><strong>15.</strong></span> <span class='ocrx_word' id='word_1_226' title='bbox 1315 3012 1440 3065; x_wconf 71' lang='lat' dir='ltr'><strong>(Iunt</strong></span> <span class='ocrx_word' id='word_1_227' title='bbox 1484 3019 1652 3061; x_wconf 85' lang='lat' dir='ltr'><strong>autem</strong></span> <span class='ocrx_word' id='word_1_228' title='bbox 1694 3007 1771 3059; x_wconf 83' lang='lat' dir='ltr'><strong>vi-</strong></span> 
     </span>
    </p>
   </div>
   <div class='ocr_carea' id='block_1_30' title="bbox 171 3101 1776 3174">
    <p class='ocr_par' dir='ltr' id='par_1_30' title="bbox 171 3101 1776 3174">
     <span class='ocr_line' id='line_1_30' title="bbox 171 3101 1776 3174; baseline -0.01 -7"><span class='ocrx_word' id='word_1_229' title='bbox 171 3115 349 3168; x_wconf 81' lang='lat' dir='ltr'><strong>deritis</strong></span> <span class='ocrx_word' id='word_1_230' title='bbox 378 3112 803 3167; x_wconf 81' lang='lat' dir='ltr'><strong>abominotionem</strong></span> <span class='ocrx_word' id='word_1_231' title='bbox 843 3106 1187 3169; x_wconf 80' lang='lat' dir='ltr'><strong>desolationt&#39;s,</strong></span> <span class='ocrx_word' id='word_1_232' title='bbox 1237 3119 1353 3174; x_wconf 81' lang='lat' dir='ltr'><strong>qua:</strong></span> <span class='ocrx_word' id='word_1_233' title='bbox 1393 3101 1529 3155; x_wconf 81' lang='lat' dir='ltr'><strong>dicta</strong></span> <span class='ocrx_word' id='word_1_234' title='bbox 1575 3110 1645 3154; x_wconf 75' lang='lat' dir='ltr'><strong>est</strong></span> <span class='ocrx_word' id='word_1_235' title='bbox 1686 3114 1776 3167; x_wconf 83' lang='lat' dir='ltr'><strong>per</strong></span> 
     </span>
    </p>
   </div>
   <div class='ocr_carea' id='block_1_31' title="bbox 175 3192 1774 3277">
    <p class='ocr_par' dir='ltr' id='par_1_31' title="bbox 175 3192 1774 3277">
     <span class='ocr_line' id='line_1_31' title="bbox 175 3192 1774 3277; baseline -0.011 -15"><span class='ocrx_word' id='word_1_236' title='bbox 175 3208 447 3262; x_wconf 79' lang='lat' dir='ltr'><strong>Daniclem</strong></span> <span class='ocrx_word' id='word_1_237' title='bbox 474 3205 795 3277; x_wconf 78' lang='lat' dir='ltr'><strong>prepltetnm,</strong></span> <span class='ocrx_word' id='word_1_238' title='bbox 824 3210 1037 3255; x_wconf 75' lang='lat' dir='ltr'><strong>stantem</strong></span> <span class='ocrx_word' id='word_1_239' title='bbox 1078 3199 1131 3252; x_wconf 85' lang='lat' dir='ltr'><strong>in</strong></span> <span class='ocrx_word' id='word_1_240' title='bbox 1161 3198 1271 3252; x_wconf 84' lang='lat' dir='ltr'><strong>loco</strong></span> <span class='ocrx_word' id='word_1_241' title='bbox 1292 3205 1467 3252; x_wconf 84' lang='lat' dir='ltr'><strong>sancto</strong></span> <span class='ocrx_word' id='word_1_242' title='bbox 1493 3211 1512 3251; x_wconf 93' lang='lat'><strong><em>:</em></strong></span> <span class='ocrx_word' id='word_1_243' title='bbox 1539 3194 1625 3266; x_wconf 78' lang='lat' dir='ltr'><strong>qui</strong></span> <span class='ocrx_word' id='word_1_244' title='bbox 1654 3192 1774 3262; x_wconf 81' lang='lat' dir='ltr'><strong>legit</strong></span> 
     </span>
    </p>
   </div>
   <div class='ocr_carea' id='block_1_32' title="bbox 170 3285 1771 3369">
    <p class='ocr_par' dir='ltr' id='par_1_32' title="bbox 170 3285 1771 3369">
     <span class='ocr_line' id='line_1_32' title="bbox 170 3285 1771 3369; baseline -0.009 -18"><span class='ocrx_word' id='word_1_245' title='bbox 170 3299 427 3369; x_wconf 73' lang='lat' dir='ltr'><strong>intelligat</strong></span> <span class='ocrx_word' id='word_1_246' title='bbox 488 3295 648 3367; x_wconf 78' lang='lat' dir='ltr'><strong>(Dan.</strong></span> <span class='ocrx_word' id='word_1_247' title='bbox 677 3296 734 3351; x_wconf 84' lang='lat'><strong>9.</strong></span> <span class='ocrx_word' id='word_1_248' title='bbox 757 3293 872 3364; x_wconf 72' lang='grc' dir='ltr'><strong>Ξῖ).</strong></span> <span class='ocrx_word' id='word_1_249' title='bbox 921 3290 1002 3345; x_wconf 72' lang='lat' dir='ltr'><strong>Ad</strong></span> <span class='ocrx_word' id='word_1_250' title='bbox 1052 3289 1322 3345; x_wconf 86' lang='lat' dir='ltr'><strong>Danielem</strong></span> <span class='ocrx_word' id='word_1_251' title='bbox 1376 3287 1496 3342; x_wconf 87' lang='lat' dir='ltr'><strong>illos</strong></span> <span class='ocrx_word' id='word_1_252' title='bbox 1543 3285 1771 3341; x_wconf 88' lang='lat' dir='ltr'><strong>remisit.</strong></span> 
     </span>
    </p>
   </div>
   <div class='ocr_carea' id='block_1_33' title="bbox 173 3379 1774 3451">
    <p class='ocr_par' dir='ltr' id='par_1_33' title="bbox 173 3379 1774 3451">
     <span class='ocr_line' id='line_1_33' title="bbox 173 3379 1774 3451; baseline -0.007 -8"><span class='ocrx_word' id='word_1_253' title='bbox 173 3389 646 3444; x_wconf 79' lang='lat' dir='ltr'><strong>Almmiuatiouent</strong></span> <span class='ocrx_word' id='word_1_254' title='bbox 677 3396 855 3441; x_wconf 89' lang='lat' dir='ltr'><strong>autem</strong></span> <span class='ocrx_word' id='word_1_255' title='bbox 898 3391 1054 3439; x_wconf 82' lang='lat' dir='ltr'><strong>vocat</strong></span> <span class='ocrx_word' id='word_1_256' title='bbox 1094 3390 1324 3438; x_wconf 80' lang='lat' dir='ltr'><strong>statuam</strong></span> <span class='ocrx_word' id='word_1_257' title='bbox 1362 3380 1477 3451; x_wconf 88' lang='lat' dir='ltr'><strong>ejus</strong></span> <span class='ocrx_word' id='word_1_258' title='bbox 1514 3379 1606 3449; x_wconf 90' lang='lat' dir='ltr'><strong>qui</strong></span> <span class='ocrx_word' id='word_1_259' title='bbox 1648 3388 1774 3432; x_wconf 88' lang='lat' dir='ltr'><strong>tunc</strong></span> 
     </span>
    </p>
   </div>
   <div class='ocr_carea' id='block_1_34' title="bbox 173 3473 1774 3553">
    <p class='ocr_par' dir='ltr' id='par_1_34' title="bbox 173 3473 1774 3553">
     <span class='ocr_line' id='line_1_34' title="bbox 173 3473 1774 3553; baseline -0.006 -17"><span class='ocrx_word' id='word_1_260' title='bbox 173 3486 363 3539; x_wconf 75' lang='lat' dir='ltr'><strong>urbem</strong></span> <span class='ocrx_word' id='word_1_261' title='bbox 396 3490 645 3553; x_wconf 84' lang='lat' dir='ltr'><strong>ceperat,</strong></span> <span class='ocrx_word' id='word_1_262' title='bbox 678 3497 837 3553; x_wconf 88' lang='lat' dir='ltr'><strong>quam</strong></span> <span class='ocrx_word' id='word_1_263' title='bbox 866 3478 1103 3535; x_wconf 87' lang='lat' dir='ltr'><strong>desolata</strong></span> <span class='ocrx_word' id='word_1_264' title='bbox 1135 3477 1268 3532; x_wconf 86' lang='lat' dir='ltr'><strong>urbe</strong></span> <span class='ocrx_word' id='word_1_265' title='bbox 1307 3484 1361 3531; x_wconf 89' lang='lat' dir='ltr'><strong>et</strong></span> <span class='ocrx_word' id='word_1_266' title='bbox 1404 3474 1604 3544; x_wconf 89' lang='lat' dir='ltr'><strong>templo</strong></span> <span class='ocrx_word' id='word_1_267' title='bbox 1631 3473 1774 3527; x_wconf 90' lang='lat' dir='ltr'><strong>intus</strong></span> 
     </span>
    </p>
   </div>
   <div class='ocr_carea' id='block_1_35' title="bbox 176 3566 1770 3648">
    <p class='ocr_par' dir='ltr' id='par_1_35' title="bbox 176 3566 1770 3648">
     <span class='ocr_line' id='line_1_35' title="bbox 176 3566 1770 3648; baseline -0.008 -17"><span class='ocrx_word' id='word_1_268' title='bbox 176 3577 399 3648; x_wconf 82' lang='lat' dir='ltr'><strong>posuit,</strong></span> <span class='ocrx_word' id='word_1_269' title='bbox 453 3589 618 3645; x_wconf 88' lang='lat' dir='ltr'><strong>quare</strong></span> <span class='ocrx_word' id='word_1_270' title='bbox 682 3571 1138 3628; x_wconf 86' lang='lat' dir='ltr'><strong>abominationcm</strong></span> <span class='ocrx_word' id='word_1_271' title='bbox 1194 3566 1545 3625; x_wconf 85' lang='lat' dir='ltr'><strong>desolationis</strong></span> <span class='ocrx_word' id='word_1_272' title='bbox 1595 3573 1770 3620; x_wconf 83' lang='lat' dir='ltr'><strong>vocat.</strong></span> 
     </span>
    </p>
   </div>
   <div class='ocr_carea' id='block_1_36' title="bbox 177 3658 1775 3730">
    <p class='ocr_par' dir='ltr' id='par_1_36' title="bbox 177 3658 1775 3730">
     <span class='ocr_line' id='line_1_36' title="bbox 177 3658 1775 3730; baseline -0.01 -6"><span class='ocrx_word' id='word_1_273' title='bbox 177 3668 383 3724; x_wconf 81' lang='lat' dir='ltr'><strong>Deinde</strong></span> <span class='ocrx_word' id='word_1_274' title='bbox 414 3676 469 3723; x_wconf 90' lang='lat' dir='ltr'><strong>ut</strong></span> <span class='ocrx_word' id='word_1_275' title='bbox 492 3668 777 3730; x_wconf 84' lang='lat' dir='ltr'><strong>discerent,</strong></span> <span class='ocrx_word' id='word_1_276' title='bbox 798 3663 911 3719; x_wconf 62' lang='lat' dir='ltr'><strong>haec</strong></span> <span class='ocrx_word' id='word_1_277' title='bbox 937 3664 1107 3716; x_wconf 89' lang='lat' dir='ltr'><strong>futura</strong></span> <span class='ocrx_word' id='word_1_278' title='bbox 1131 3675 1271 3726; x_wconf 87' lang='lat' dir='ltr'><strong>esse,</strong></span> <span class='ocrx_word' id='word_1_279' title='bbox 1293 3658 1563 3714; x_wconf 89' lang='lat' dir='ltr'><strong>nonnullis</strong></span> <span class='ocrx_word' id='word_1_280' title='bbox 1586 3670 1775 3712; x_wconf 89' lang='lat' dir='ltr'><strong>eorum</strong></span> 
     </span>
    </p>
   </div>
   <div class='ocr_carea' id='block_1_37' title="bbox 173 3752 1775 3825">
    <p class='ocr_par' dir='ltr' id='par_1_37' title="bbox 173 3752 1775 3825">
     <span class='ocr_line' id='line_1_37' title="bbox 173 3752 1775 3825; baseline -0.009 -9"><span class='ocrx_word' id='word_1_281' title='bbox 173 3763 354 3820; x_wconf 85' lang='lat' dir='ltr'><strong>adhuc</strong></span> <span class='ocrx_word' id='word_1_282' title='bbox 381 3760 680 3817; x_wconf 77' lang='lat' dir='ltr'><strong>viventibus</strong></span> <span class='ocrx_word' id='word_1_283' title='bbox 699 3799 715 3825; x_wconf 94' lang='lat'><strong>,</strong></span> <span class='ocrx_word' id='word_1_284' title='bbox 743 3758 877 3813; x_wconf 79' lang='lat' dir='ltr'><strong>dixit</strong></span> <span class='ocrx_word' id='word_1_285' title='bbox 901 3774 914 3811; x_wconf 92' lang='lat'>:</span> <span class='ocrx_word' id='word_1_286' title='bbox 942 3758 1066 3812; x_wconf 82' lang='lat' dir='ltr'><strong>Cum</strong></span> <span class='ocrx_word' id='word_1_287' title='bbox 1106 3755 1326 3811; x_wconf 80' lang='lat' dir='ltr'><strong>videritis</strong></span> <span class='ocrx_word' id='word_1_288' title='bbox 1352 3752 1775 3809; x_wconf 82' lang='lat' dir='ltr'><strong>abominationem</strong></span> 
     </span>
    </p>
   </div>
   <div class='ocr_carea' id='block_1_38' title="bbox 174 3854 529 3920">
    <p class='ocr_par' dir='ltr' id='par_1_38' title="bbox 174 3854 529 3920">
     <span class='ocr_line' id='line_1_38' title="bbox 174 3854 529 3920; baseline -0.003 -12"><span class='ocrx_word' id='word_1_289' title='bbox 174 3854 529 3920; x_wconf 66' lang='lat' dir='ltr'><strong>desolationis.</strong></span> 
     </span>
    </p>
   </div>
   <div class='ocr_carea' id='block_1_39' title="bbox 245 3934 1773 4014">
    <p class='ocr_par' dir='ltr' id='par_1_39' title="bbox 245 3934 1773 4014">
     <span class='ocr_line' id='line_1_39' title="bbox 245 3934 1773 4014; baseline -0.01 -12"><span class='ocrx_word' id='word_1_290' title='bbox 245 3947 305 4002; x_wconf 84' lang='grc'><strong>⁸5.</strong></span> <span class='ocrx_word' id='word_1_291' title='bbox 342 3946 508 4014; x_wconf 81' lang='lat' dir='ltr'><strong>Quam</strong></span> <span class='ocrx_word' id='word_1_292' title='bbox 537 3942 764 4014; x_wconf 57' lang='lat' dir='ltr'><strong>difﬁcilia</strong></span> <span class='ocrx_word' id='word_1_293' title='bbox 792 3949 1017 4010; x_wconf 87' lang='lat' dir='ltr'><strong>tempora</strong></span> <span class='ocrx_word' id='word_1_294' title='bbox 1044 3937 1421 4012; x_wconf 56' lang='lat' dir='ltr'><strong>praedicationis</strong></span> <span class='ocrx_word' id='word_1_295' title='bbox 1450 3934 1773 4006; x_wconf 64' lang='lat' dir='ltr'><strong>evangelica.</strong></span> 
     </span>
    </p>
   </div>
   <div class='ocr_carea' id='block_1_40' title="bbox 174 4029 1774 4109">
    <p class='ocr_par' dir='ltr' id='par_1_40' title="bbox 174 4029 1774 4109">
     <span class='ocr_line' id='line_1_40' title="bbox 174 4029 1774 4109; baseline -0.009 -12"><span class='ocrx_word' id='word_1_296' title='bbox 174 4039 428 4096; x_wconf 81' lang='lat' dir='ltr'><strong>—Unde</strong></span> <span class='ocrx_word' id='word_1_297' title='bbox 456 4038 961 4109; x_wconf 81' lang='lat' dir='ltr'><strong>quissummopere</strong></span> <span class='ocrx_word' id='word_1_298' title='bbox 1008 4034 1235 4089; x_wconf 90' lang='lat' dir='ltr'><strong>miretur</strong></span> <span class='ocrx_word' id='word_1_299' title='bbox 1274 4029 1473 4087; x_wconf 90' lang='lat' dir='ltr'><strong>Christi</strong></span> <span class='ocrx_word' id='word_1_300' title='bbox 1522 4031 1774 4085; x_wconf 79' lang='lat' dir='ltr'><strong>virtutem</strong></span> 
     </span>
    </p>
   </div>
   <div class='ocr_carea' id='block_1_41' title="bbox 178 4122 1777 4201">
    <p class='ocr_par' dir='ltr' id='par_1_41' title="bbox 178 4122 1777 4201">
     <span class='ocr_line' id='line_1_41' title="bbox 178 4122 1777 4201; baseline -0.005 -16"><span class='ocrx_word' id='word_1_301' title='bbox 178 4134 507 4201; x_wconf 85' lang='lat' dir='ltr'><strong>il&#39;orumque</strong></span> <span class='ocrx_word' id='word_1_302' title='bbox 534 4129 897 4185; x_wconf 83' lang='lat' dir='ltr'><strong>fortitudinem</strong></span> <span class='ocrx_word' id='word_1_303' title='bbox 920 4170 934 4193; x_wconf 95' lang='lat'><strong>,</strong></span> <span class='ocrx_word' id='word_1_304' title='bbox 968 4127 1111 4198; x_wconf 90' lang='lat' dir='ltr'><strong>quod</strong></span> <span class='ocrx_word' id='word_1_305' title='bbox 1143 4126 1340 4181; x_wconf 87' lang='lat' dir='ltr'><strong>talibus</strong></span> <span class='ocrx_word' id='word_1_306' title='bbox 1368 4122 1777 4194; x_wconf 72' lang='lat' dir='ltr'><strong>prtedicaveriut</strong></span> 
     </span>
    </p>
   </div>
   <div class='ocr_carea' id='block_1_42' title="bbox 180 4215 1772 4293">
    <p class='ocr_par' dir='ltr' id='par_1_42' title="bbox 180 4215 1772 4293">
     <span class='ocr_line' id='line_1_42' title="bbox 180 4215 1772 4293; baseline -0.007 -16"><span class='ocrx_word' id='word_1_307' title='bbox 180 4223 514 4293; x_wconf 84' lang='lat' dir='ltr'><strong>temporibus</strong></span> <span class='ocrx_word' id='word_1_308' title='bbox 539 4263 555 4287; x_wconf 93' lang='lat'><strong>,</strong></span> <span class='ocrx_word' id='word_1_309' title='bbox 584 4221 777 4290; x_wconf 88' lang='lat' dir='ltr'><strong>quibus</strong></span> <span class='ocrx_word' id='word_1_310' title='bbox 804 4221 1033 4275; x_wconf 78' lang='lat' dir='ltr'><strong>maxime</strong></span> <span class='ocrx_word' id='word_1_311' title='bbox 1053 4217 1275 4274; x_wconf 83' lang='lat' dir='ltr'><strong>Judaica</strong></span> <span class='ocrx_word' id='word_1_312' title='bbox 1307 4215 1772 4286; x_wconf 87' lang='lat' dir='ltr'><strong>impugnabantur,</strong></span> 
     </span>
    </p>
   </div>
   <div class='ocr_carea' id='block_1_43' title="bbox 177 4309 1777 4388">
    <p class='ocr_par' dir='ltr' id='par_1_43' title="bbox 177 4309 1777 4388">
     <span class='ocr_line' id='line_1_43' title="bbox 177 4309 1777 4388; baseline -0.005 -16"><span class='ocrx_word' id='word_1_313' title='bbox 177 4317 396 4388; x_wconf 82' lang='lat' dir='ltr'><strong>quando</strong></span> <span class='ocrx_word' id='word_1_314' title='bbox 422 4316 590 4371; x_wconf 65' lang='lat' dir='ltr'><strong>Judaei</strong></span> <span class='ocrx_word' id='word_1_315' title='bbox 618 4326 675 4369; x_wconf 91' lang='lat' dir='ltr'><strong>ut</strong></span> <span class='ocrx_word' id='word_1_316' title='bbox 697 4314 935 4369; x_wconf 81' lang='lat' dir='ltr'><strong>seditiosi</strong></span> <span class='ocrx_word' id='word_1_317' title='bbox 964 4312 1407 4377; x_wconf 81' lang='lat' dir='ltr'><strong>obscrrabantur,</strong></span> <span class='ocrx_word' id='word_1_318' title='bbox 1437 4309 1777 4380; x_wconf 82' lang='lat' dir='ltr'><strong>jusseratque</strong></span> 
     </span>
    </p>
   </div>
   <div class='ocr_carea' id='block_1_44' title="bbox 177 4401 1774 4475">
    <p class='ocr_par' dir='ltr' id='par_1_44' title="bbox 177 4401 1774 4475">
     <span class='ocr_line' id='line_1_44' title="bbox 177 4401 1774 4475; baseline -0.009 -7"><span class='ocrx_word' id='word_1_319' title='bbox 177 4413 362 4467; x_wconf 61' lang='lat' dir='ltr'><strong>Caesar</strong></span> <span class='ocrx_word' id='word_1_320' title='bbox 388 4423 577 4464; x_wconf 91' lang='lat' dir='ltr'><strong>omnes</strong></span> <span class='ocrx_word' id='word_1_321' title='bbox 610 4405 973 4463; x_wconf 79' lang='lat' dir='ltr'><strong>exterminari.</strong></span> <span class='ocrx_word' id='word_1_322' title='bbox 1009 4404 1349 4475; x_wconf 84' lang='lat' dir='ltr'><strong>ldipsutnque</strong></span> <span class='ocrx_word' id='word_1_323' title='bbox 1387 4401 1609 4465; x_wconf 85' lang='lat' dir='ltr'><strong>accidit,</strong></span> <span class='ocrx_word' id='word_1_324' title='bbox 1639 4415 1701 4456; x_wconf 90' lang='lat' dir='ltr'><strong>ac</strong></span> <span class='ocrx_word' id='word_1_325' title='bbox 1731 4401 1774 4454; x_wconf 91' lang='lat' dir='ltr'><strong>si</strong></span> 
     </span>
    </p>
   </div>
   <div class='ocr_carea' id='block_1_45' title="bbox 179 4484 1776 4577">
    <p class='ocr_par' dir='ltr' id='par_1_45' title="bbox 179 4484 1776 4577">
     <span class='ocr_line' id='line_1_45' title="bbox 179 4484 1776 4577; baseline -0.006 -21"><span class='ocrx_word' id='word_1_326' title='bbox 179 4504 321 4574; x_wconf 88' lang='lat' dir='ltr'><strong>quis,</strong></span> <span class='ocrx_word' id='word_1_327' title='bbox 347 4500 483 4556; x_wconf 89' lang='lat' dir='ltr'><strong>mari</strong></span> <span class='ocrx_word' id='word_1_328' title='bbox 510 4499 744 4570; x_wconf 87' lang='lat' dir='ltr'><strong>undique</strong></span> <span class='ocrx_word' id='word_1_329' title='bbox 771 4484 1031 4577; x_wconf 73' lang='lat' dir='ltr'><strong>excitato,</strong></span> <span class='ocrx_word' id='word_1_330' title='bbox 1055 4506 1106 4552; x_wconf 89' lang='lat' dir='ltr'><strong>et</strong></span> <span class='ocrx_word' id='word_1_331' title='bbox 1146 4494 1373 4566; x_wconf 79' lang='lat' dir='ltr'><strong>caligine</strong></span> <span class='ocrx_word' id='word_1_332' title='bbox 1399 4503 1565 4548; x_wconf 89' lang='lat' dir='ltr'><strong>totum</strong></span> <span class='ocrx_word' id='word_1_333' title='bbox 1595 4508 1776 4549; x_wconf 88' lang='lat' dir='ltr'><strong>aerem</strong></span> 
     </span>
    </p>
   </div>
   <div class='ocr_carea' id='block_1_46' title="bbox 179 4588 1778 4664">
    <p class='ocr_par' dir='ltr' id='par_1_46' title="bbox 179 4588 1778 4664">
     <span class='ocr_line' id='line_1_46' title="bbox 179 4588 1778 4664; baseline -0.006 -13"><span class='ocrx_word' id='word_1_334' title='bbox 179 4603 515 4664; x_wconf 86' lang='lat' dir='ltr'><strong>oceupante,</strong></span> <span class='ocrx_word' id='word_1_335' title='bbox 561 4591 854 4662; x_wconf 85' lang='lat' dir='ltr'><strong>naufragiis</strong></span> <span class='ocrx_word' id='word_1_336' title='bbox 907 4588 1313 4660; x_wconf 79' lang='lat' dir='ltr'><strong>frequentibus,</strong></span> <span class='ocrx_word' id='word_1_337' title='bbox 1366 4602 1486 4642; x_wconf 90' lang='lat' dir='ltr'><strong>cum</strong></span> <span class='ocrx_word' id='word_1_338' title='bbox 1530 4595 1778 4642; x_wconf 88' lang='lat' dir='ltr'><strong>vectores</strong></span> 
     </span>
    </p>
   </div>
   <div class='ocr_carea' id='block_1_47' title="bbox 180 4672 1773 4750">
    <p class='ocr_par' dir='ltr' id='par_1_47' title="bbox 180 4672 1773 4750">
     <span class='ocr_line' id='line_1_47' title="bbox 180 4672 1773 4750; baseline -0.008 -7"><span class='ocrx_word' id='word_1_339' title='bbox 180 4704 372 4744; x_wconf 81' lang='lat' dir='ltr'><strong>omnes</strong></span> <span class='ocrx_word' id='word_1_340' title='bbox 404 4686 729 4749; x_wconf 85' lang='lat' dir='ltr'><strong>dissideant,</strong></span> <span class='ocrx_word' id='word_1_341' title='bbox 760 4694 816 4739; x_wconf 92' lang='lat' dir='ltr'><strong>et</strong></span> <span class='ocrx_word' id='word_1_342' title='bbox 840 4692 1076 4739; x_wconf 80' lang='lat' dir='ltr'><strong>monstra</strong></span> <span class='ocrx_word' id='word_1_343' title='bbox 1111 4682 1314 4735; x_wconf 85' lang='lat' dir='ltr'><strong>marina</strong></span> <span class='ocrx_word' id='word_1_344' title='bbox 1334 4694 1505 4750; x_wconf 78' lang='lat' dir='ltr'><strong>supra</strong></span> <span class='ocrx_word' id='word_1_345' title='bbox 1534 4672 1773 4749; x_wconf 82' lang='lat' dir='ltr'><strong>surgant,</strong></span> 
     </span>
    </p>
   </div>
   <div class='ocr_carea' id='block_1_48' title="bbox 180 4771 1777 4853">
    <p class='ocr_par' dir='ltr' id='par_1_48' title="bbox 180 4771 1777 4853">
     <span class='ocr_line' id='line_1_48' title="bbox 180 4771 1777 4853; baseline -0.006 -18"><span class='ocrx_word' id='word_1_346' title='bbox 180 4799 301 4853; x_wconf 63' lang='lat' dir='ltr'><strong>quas</strong></span> <span class='ocrx_word' id='word_1_347' title='bbox 327 4781 487 4836; x_wconf 87' lang='lat' dir='ltr'><strong>simul</strong></span> <span class='ocrx_word' id='word_1_348' title='bbox 517 4796 636 4835; x_wconf 87' lang='lat' dir='ltr'><strong>eum</strong></span> <span class='ocrx_word' id='word_1_349' title='bbox 669 4778 916 4833; x_wconf 82' lang='lat' dir='ltr'><strong>ﬂuctibus</strong></span> <span class='ocrx_word' id='word_1_350' title='bbox 942 4777 1254 4847; x_wconf 79' lang='lat' dir='ltr'><strong>navigantes</strong></span> <span class='ocrx_word' id='word_1_351' title='bbox 1280 4772 1647 4843; x_wconf 64' lang='lat' dir='ltr'><strong>pessumdent,</strong></span> <span class='ocrx_word' id='word_1_352' title='bbox 1680 4771 1777 4826; x_wconf 87' lang='lat' dir='ltr'><strong>ful-</strong></span> 
     </span>
    </p>
   </div>
   <div class='ocr_carea' id='block_1_49' title="bbox 182 4864 1778 4941">
    <p class='ocr_par' dir='ltr' id='par_1_49' title="bbox 182 4864 1778 4941">
     <span class='ocr_line' id='line_1_49' title="bbox 182 4864 1778 4941; baseline -0.006 -12"><span class='ocrx_word' id='word_1_353' title='bbox 182 4878 420 4930; x_wconf 80' lang='lat' dir='ltr'><strong>minibus</strong></span> <span class='ocrx_word' id='word_1_354' title='bbox 458 4874 669 4929; x_wconf 77' lang='lat' dir='ltr'><strong>emissis</strong></span> <span class='ocrx_word' id='word_1_355' title='bbox 689 4912 703 4936; x_wconf 92' lang='lat'><strong>,</strong></span> <span class='ocrx_word' id='word_1_356' title='bbox 735 4870 920 4941; x_wconf 83' lang='lat' dir='ltr'><strong>piratis</strong></span> <span class='ocrx_word' id='word_1_357' title='bbox 960 4867 1332 4924; x_wconf 85' lang='lat' dir='ltr'><strong>invadentibus</strong></span> <span class='ocrx_word' id='word_1_358' title='bbox 1353 4909 1366 4930; x_wconf 91' lang='lat'><strong>,</strong></span> <span class='ocrx_word' id='word_1_359' title='bbox 1396 4876 1447 4921; x_wconf 88' lang='lat' dir='ltr'><strong>et</strong></span> <span class='ocrx_word' id='word_1_360' title='bbox 1473 4864 1778 4921; x_wconf 79' lang='lat' dir='ltr'><strong>vectoribus</strong></span> 
     </span>
    </p>
   </div>
   <div class='ocr_carea' id='block_1_50' title="bbox 181 4958 1776 5030">
    <p class='ocr_par' dir='ltr' id='par_1_50' title="bbox 181 4958 1776 5030">
     <span class='ocr_line' id='line_1_50' title="bbox 181 4958 1776 5030; baseline -0.006 -7"><span class='ocrx_word' id='word_1_361' title='bbox 181 4972 279 5025; x_wconf 71' lang='lat' dir='ltr'><strong>sibi</strong></span> <span class='ocrx_word' id='word_1_362' title='bbox 311 4978 500 5024; x_wconf 87' lang='lat' dir='ltr'><strong>mutuo</strong></span> <span class='ocrx_word' id='word_1_363' title='bbox 530 4964 921 5029; x_wconf 87' lang='lat' dir='ltr'><strong>insidiantibus,</strong></span> <span class='ocrx_word' id='word_1_364' title='bbox 957 4963 1202 5018; x_wconf 87' lang='lat' dir='ltr'><strong>homines</strong></span> <span class='ocrx_word' id='word_1_365' title='bbox 1228 4959 1579 5030; x_wconf 81' lang='lat' dir='ltr'><strong>navigationis</strong></span> <span class='ocrx_word' id='word_1_366' title='bbox 1607 4958 1776 5027; x_wconf 90' lang='lat' dir='ltr'><strong>impe-</strong></span> 
     </span>
    </p>
   </div>
   <div class='ocr_carea' id='block_1_51' title="bbox 183 5052 1778 5135">
    <p class='ocr_par' dir='ltr' id='par_1_51' title="bbox 183 5052 1778 5135">
     <span class='ocr_line' id='line_1_51' title="bbox 183 5052 1778 5135; baseline -0.009 -15"><span class='ocrx_word' id='word_1_367' title='bbox 183 5065 411 5135; x_wconf 81' lang='lat' dir='ltr'><strong>peritos,</strong></span> <span class='ocrx_word' id='word_1_368' title='bbox 441 5060 531 5133; x_wconf 89' lang='lat' dir='ltr'><strong>qui</strong></span> <span class='ocrx_word' id='word_1_369' title='bbox 564 5074 662 5116; x_wconf 90' lang='lat' dir='ltr'><strong>nec</strong></span> <span class='ocrx_word' id='word_1_370' title='bbox 696 5074 842 5114; x_wconf 87' lang='lat' dir='ltr'><strong>mare</strong></span> <span class='ocrx_word' id='word_1_371' title='bbox 882 5056 1156 5119; x_wconf 84' lang='lat' dir='ltr'><strong>noverint,</strong></span> <span class='ocrx_word' id='word_1_372' title='bbox 1182 5054 1368 5126; x_wconf 85' lang='lat' dir='ltr'><strong>jubeat</strong></span> <span class='ocrx_word' id='word_1_373' title='bbox 1396 5053 1465 5108; x_wconf 87' lang='lat' dir='ltr'><strong>ad</strong></span> <span class='ocrx_word' id='word_1_374' title='bbox 1509 5052 1778 5124; x_wconf 86' lang='lat' dir='ltr'><strong>guberna-</strong></span> 
     </span>
    </p>
   </div>
   <div class='ocr_carea' id='block_1_52' title="bbox 182 5144 1779 5217">
    <p class='ocr_par' dir='ltr' id='par_1_52' title="bbox 182 5144 1779 5217">
     <span class='ocr_line' id='line_1_52' title="bbox 182 5144 1779 5217; baseline -0.008 -8"><span class='ocrx_word' id='word_1_375' title='bbox 182 5156 300 5210; x_wconf 83' lang='lat' dir='ltr'><strong>rula</strong></span> <span class='ocrx_word' id='word_1_376' title='bbox 344 5155 568 5217; x_wconf 73' lang='lat' dir='ltr'><strong>sedere,</strong></span> <span class='ocrx_word' id='word_1_377' title='bbox 609 5152 783 5207; x_wconf 83' lang='lat' dir='ltr'><strong>navim</strong></span> <span class='ocrx_word' id='word_1_378' title='bbox 889 5150 1113 5205; x_wconf 89' lang='lat' dir='ltr'><strong>bernare</strong></span> <span class='ocrx_word' id='word_1_379' title='bbox 1138 5157 1191 5202; x_wconf 92' lang='lat' dir='ltr'><strong>et</strong></span> <span class='ocrx_word' id='word_1_380' title='bbox 1221 5160 1491 5217; x_wconf 87' lang='lat' dir='ltr'><strong>pugnare,</strong></span> <span class='ocrx_word' id='word_1_381' title='bbox 1524 5144 1779 5200; x_wconf 84' lang='lat' dir='ltr'><strong>classem-</strong></span> 
     </span>
    </p>
   </div>
   <div class='ocr_carea' id='block_1_53' title="bbox 181 5240 1783 5313">
    <p class='ocr_par' dir='ltr' id='par_1_53' title="bbox 181 5240 1783 5313">
     <span class='ocr_line' id='line_1_53' title="bbox 181 5240 1783 5313; baseline 0.002 -18"><span class='ocrx_word' id='word_1_382' title='bbox 181 5260 288 5313; x_wconf 80' lang='lat' dir='ltr'><strong>q&#39;lc</strong></span> <span class='ocrx_word' id='word_1_383' title='bbox 318 5244 593 5313; x_wconf 82' lang='lat' dir='ltr'><strong>ingentem</strong></span> <span class='ocrx_word' id='word_1_384' title='bbox 620 5256 682 5295; x_wconf 74' lang='lat' dir='ltr'><strong>ex</strong></span> <span class='ocrx_word' id='word_1_385' title='bbox 709 5240 938 5296; x_wconf 86' lang='lat' dir='ltr'><strong>adverso</strong></span> <span class='ocrx_word' id='word_1_386' title='bbox 960 5240 1291 5303; x_wconf 77' lang='lat' dir='ltr'><strong>venientem,</strong></span> <span class='ocrx_word' id='word_1_387' title='bbox 1311 5241 1597 5313; x_wconf 79' lang='lat' dir='ltr'><strong>validoque</strong></span> <span class='ocrx_word' id='word_1_388' title='bbox 1624 5257 1783 5299; x_wconf 79' lang='lat' dir='ltr'><strong>exer-</strong></span> 
     </span>
    </p>
   </div>
   <div class='ocr_carea' id='block_1_54' title="bbox 183 5337 1777 5409">
    <p class='ocr_par' dir='ltr' id='par_1_54' title="bbox 183 5337 1777 5409">
     <span class='ocr_line' id='line_1_54' title="bbox 183 5337 1777 5409; baseline 0 -16"><span class='ocrx_word' id='word_1_389' title='bbox 183 5341 293 5393; x_wconf 87' lang='lat' dir='ltr'><strong>citu</strong></span> <span class='ocrx_word' id='word_1_390' title='bbox 343 5339 695 5404; x_wconf 84' lang='lat' dir='ltr'><strong>instructam,</strong></span> <span class='ocrx_word' id='word_1_391' title='bbox 736 5337 986 5393; x_wconf 85' lang='lat' dir='ltr'><strong>navicula</strong></span> <span class='ocrx_word' id='word_1_392' title='bbox 1027 5340 1133 5391; x_wconf 85' lang='lat' dir='ltr'><strong>una</strong></span> <span class='ocrx_word' id='word_1_393' title='bbox 1176 5352 1327 5403; x_wconf 89' lang='lat' dir='ltr'><strong>usos,</strong></span> <span class='ocrx_word' id='word_1_394' title='bbox 1366 5339 1418 5391; x_wconf 90' lang='lat' dir='ltr'><strong>in</strong></span> <span class='ocrx_word' id='word_1_395' title='bbox 1454 5354 1561 5409; x_wconf 86' lang='lat' dir='ltr'><strong>qua</strong></span> <span class='ocrx_word' id='word_1_396' title='bbox 1598 5347 1777 5409; x_wconf 86' lang='lat' dir='ltr'><strong>tanta,</strong></span> 
     </span>
    </p>
   </div>
   <div class='ocr_carea' id='block_1_55' title="bbox 184 5430 1777 5501">
    <p class='ocr_par' dir='ltr' id='par_1_55' title="bbox 184 5430 1777 5501">
     <span class='ocr_line' id='line_1_55' title="bbox 184 5430 1777 5501; baseline 0 -16"><span class='ocrx_word' id='word_1_397' title='bbox 184 5444 243 5487; x_wconf 87' lang='lat' dir='ltr'><strong>ut</strong></span> <span class='ocrx_word' id='word_1_398' title='bbox 300 5433 457 5495; x_wconf 77' lang='lat' dir='ltr'><strong>dixi,</strong></span> <span class='ocrx_word' id='word_1_399' title='bbox 510 5430 761 5487; x_wconf 87' lang='lat' dir='ltr'><strong>confusio</strong></span> <span class='ocrx_word' id='word_1_400' title='bbox 811 5437 968 5493; x_wconf 88' lang='lat' dir='ltr'><strong>erat,</strong></span> <span class='ocrx_word' id='word_1_401' title='bbox 1034 5446 1230 5501; x_wconf 86' lang='lat' dir='ltr'><strong>capere</strong></span> <span class='ocrx_word' id='word_1_402' title='bbox 1288 5439 1340 5484; x_wconf 89' lang='lat' dir='ltr'><strong>ct</strong></span> <span class='ocrx_word' id='word_1_403' title='bbox 1404 5432 1777 5500; x_wconf 72' lang='lat' dir='ltr'><strong>submergere.</strong></span> 
     </span>
    </p>
   </div>
   <div class='ocr_carea' id='block_1_56' title="bbox 186 5524 1780 5597">
    <p class='ocr_par' dir='ltr' id='par_1_56' title="bbox 186 5524 1780 5597">
     <span class='ocr_line' id='line_1_56' title="bbox 186 5524 1780 5597; baseline 0.001 -17"><span class='ocrx_word' id='word_1_404' title='bbox 186 5525 320 5582; x_wconf 73' lang='lat' dir='ltr'><strong>Nam</strong></span> <span class='ocrx_word' id='word_1_405' title='bbox 369 5544 399 5582; x_wconf 90' lang='lat' dir='ltr'><strong>a</strong></span> <span class='ocrx_word' id='word_1_406' title='bbox 444 5526 700 5597; x_wconf 87' lang='lat' dir='ltr'><strong>gentibus</strong></span> <span class='ocrx_word' id='word_1_407' title='bbox 738 5525 867 5581; x_wconf 87' lang='lat' dir='ltr'><strong>odio</strong></span> <span class='ocrx_word' id='word_1_408' title='bbox 921 5524 1262 5580; x_wconf 82' lang='lat' dir='ltr'><strong>habebantur</strong></span> <span class='ocrx_word' id='word_1_409' title='bbox 1294 5534 1352 5580; x_wconf 90' lang='lat' dir='ltr'><strong>ut</strong></span> <span class='ocrx_word' id='word_1_410' title='bbox 1392 5525 1565 5581; x_wconf 75' lang='lat' dir='ltr'><strong>Judaei</strong></span> <span class='ocrx_word' id='word_1_411' title='bbox 1600 5567 1615 5590; x_wconf 94' lang='lat'><strong>,</strong></span> <span class='ocrx_word' id='word_1_412' title='bbox 1664 5536 1717 5581; x_wconf 88' lang='lat' dir='ltr'><strong>et</strong></span> <span class='ocrx_word' id='word_1_413' title='bbox 1751 5542 1780 5580; x_wconf 91' lang='lat' dir='ltr'><strong>a</strong></span> 
     </span>
    </p>
   </div>
   <div class='ocr_carea' id='block_1_57' title="bbox 188 5613 1781 5688">
    <p class='ocr_par' dir='ltr' id='par_1_57' title="bbox 188 5613 1781 5688">
     <span class='ocr_line' id='line_1_57' title="bbox 188 5613 1781 5688; baseline 0 -17"><span class='ocrx_word' id='word_1_414' title='bbox 188 5619 391 5674; x_wconf 62' lang='lat' dir='ltr'><strong>iudicis</strong></span> <span class='ocrx_word' id='word_1_415' title='bbox 440 5619 842 5685; x_wconf 75' lang='lat' dir='ltr'><strong>lapidabantur,</strong></span> <span class='ocrx_word' id='word_1_416' title='bbox 886 5626 947 5671; x_wconf 84' lang='grc' dir='ltr'><strong>ιιι</strong></span> <span class='ocrx_word' id='word_1_417' title='bbox 991 5617 1083 5687; x_wconf 92' lang='lat' dir='ltr'><strong>qui</strong></span> <span class='ocrx_word' id='word_1_418' title='bbox 1126 5631 1256 5671; x_wconf 86' lang='lat' dir='ltr'><strong>suas</strong></span> <span class='ocrx_word' id='word_1_419' title='bbox 1297 5617 1442 5686; x_wconf 82' lang='lat' dir='ltr'><strong>leges</strong></span> <span class='ocrx_word' id='word_1_420' title='bbox 1486 5613 1781 5688; x_wconf 49' lang='lat' dir='ltr'><strong>imp‘ugua.</strong></span> 
     </span>
    </p>
   </div>
   <div class='ocr_carea' id='block_1_58' title="bbox 190 5707 1780 5778">
    <p class='ocr_par' dir='ltr' id='par_1_58' title="bbox 190 5707 1780 5778">
     <span class='ocr_line' id='line_1_58' title="bbox 190 5707 1780 5778; baseline -0.001 -16"><span class='ocrx_word' id='word_1_421' title='bbox 190 5720 347 5764; x_wconf 87' lang='lat' dir='ltr'><strong>rent:</strong></span> <span class='ocrx_word' id='word_1_422' title='bbox 410 5722 683 5778; x_wconf 75' lang='lat' dir='ltr'><strong>nustptarn</strong></span> <span class='ocrx_word' id='word_1_423' title='bbox 735 5722 865 5762; x_wconf 82' lang='lat' dir='ltr'><strong>vero</strong></span> <span class='ocrx_word' id='word_1_424' title='bbox 917 5716 1062 5762; x_wconf 85' lang='lat' dir='ltr'><strong>stare</strong></span> <span class='ocrx_word' id='word_1_425' title='bbox 1112 5716 1383 5776; x_wconf 83' lang='lat' dir='ltr'><strong>poterant.</strong></span> <span class='ocrx_word' id='word_1_426' title='bbox 1445 5707 1536 5762; x_wconf 80' lang='lat' dir='ltr'><strong>Sic</strong></span> <span class='ocrx_word' id='word_1_427' title='bbox 1594 5707 1780 5761; x_wconf 81' lang='lat' dir='ltr'><strong>omnia</strong></span> 
     </span>
    </p>
   </div>
   <div class='ocr_carea' id='block_1_59' title="bbox 195 5802 1783 5874">
    <p class='ocr_par' dir='ltr' id='par_1_59' title="bbox 195 5802 1783 5874">
     <span class='ocr_line' id='line_1_59' title="bbox 195 5802 1783 5874; baseline 0 -19"><span class='ocrx_word' id='word_1_428' title='bbox 195 5802 722 5874; x_wconf 58' lang='lat' dir='ltr'><strong>pt-retsipitin,seopuli</strong></span> <span class='ocrx_word' id='word_1_429' title='bbox 744 5813 797 5859; x_wconf 85' lang='lat' dir='ltr'><strong>et</strong></span> <span class='ocrx_word' id='word_1_430' title='bbox 815 5818 947 5857; x_wconf 81' lang='lat' dir='ltr'><strong>saxa</strong></span> <span class='ocrx_word' id='word_1_431' title='bbox 981 5803 1201 5859; x_wconf 76' lang='lat' dir='ltr'><strong>latentia</strong></span> <span class='ocrx_word' id='word_1_432' title='bbox 1231 5812 1406 5864; x_wconf 88' lang='lat' dir='ltr'><strong>erant.</strong></span> <span class='ocrx_word' id='word_1_433' title='bbox 1437 5804 1492 5857; x_wconf 92' lang='lat' dir='ltr'><strong>iu</strong></span> <span class='ocrx_word' id='word_1_434' title='bbox 1532 5802 1783 5867; x_wconf 69' lang='lat' dir='ltr'><strong>urbibus,</strong></span> 
     </span>
    </p>
   </div>
   <div class='ocr_carea' id='block_1_60' title="bbox 196 5896 1787 5968">
    <p class='ocr_par' dir='ltr' id='par_1_60' title="bbox 196 5896 1787 5968">
     <span class='ocr_line' id='line_1_60' title="bbox 196 5896 1787 5968; baseline 0.001 -17"><span class='ocrx_word' id='word_1_435' title='bbox 196 5897 250 5952; x_wconf 74' lang='lat' dir='ltr'><strong>in</strong></span> <span class='ocrx_word' id='word_1_436' title='bbox 277 5900 431 5960; x_wconf 69' lang='lat' dir='ltr'><strong>viris,</strong></span> <span class='ocrx_word' id='word_1_437' title='bbox 458 5900 508 5950; x_wconf 90' lang='lat' dir='ltr'><strong>iu</strong></span> <span class='ocrx_word' id='word_1_438' title='bbox 552 5897 829 5961; x_wconf 77' lang='lat' dir='ltr'><strong>domibus,</strong></span> <span class='ocrx_word' id='word_1_439' title='bbox 872 5896 1181 5967; x_wconf 64' lang='lat' dir='ltr'><strong>singulique</strong></span> <span class='ocrx_word' id='word_1_440' title='bbox 1225 5897 1350 5953; x_wconf 76' lang='lat' dir='ltr'><strong>iiles</strong></span> <span class='ocrx_word' id='word_1_441' title='bbox 1389 5898 1526 5951; x_wconf 78' lang='lat' dir='ltr'><strong>lwiin</strong></span> <span class='ocrx_word' id='word_1_442' title='bbox 1556 5897 1787 5968; x_wconf 82' lang='lat' dir='ltr'><strong>impete-</strong></span> 
     </span>
    </p>
   </div>
   <div class='ocr_carea' id='block_1_61' title="bbox 1103 394 2554 481">
    <p class='ocr_par' dir='ltr' id='par_1_61' title="bbox 1103 394 2554 481">
     <span class='ocr_line' id='line_1_61' title="bbox 1103 394 2554 481; baseline -0.009 -17"><span class='ocrx_word' id='word_1_443' title='bbox 1103 408 1169 466; x_wconf 83' lang='lat' dir='ltr'><strong>IN</strong></span> <span class='ocrx_word' id='word_1_444' title='bbox 1205 400 1617 462; x_wconf 62' lang='lat' dir='ltr'><strong>MATTHASUM</strong></span> <span class='ocrx_word' id='word_1_445' title='bbox 1660 394 1902 457; x_wconf 78' lang='lat' dir='ltr'><strong>HOMIL.</strong></span> <span class='ocrx_word' id='word_1_446' title='bbox 1940 400 2159 481; x_wconf 72' lang='lat' dir='ltr'><strong>LXXV.</strong></span> <span class='ocrx_word' id='word_1_447' title='bbox 2200 398 2274 457; x_wconf 91' lang='lat' dir='ltr'><strong>al.</strong></span> <span class='ocrx_word' id='word_1_448' title='bbox 2316 394 2554 453; x_wconf 71' lang='lat' dir='ltr'><strong>LXXVI.</strong></span> 
     </span>
    </p>
   </div>
   <div class='ocr_carea' id='block_1_62' title="bbox 3376 399 3478 448">
    <p class='ocr_par' dir='ltr' id='par_1_62' title="bbox 3376 399 3478 448">
     <span class='ocr_line' id='line_1_62' title="bbox 3376 399 3478 448; baseline -0.01 0"><span class='ocrx_word' id='word_1_449' title='bbox 3376 399 3478 448; x_wconf 73' lang='grc' dir='ltr'>ῦιιυ</span> 
     </span>
    </p>
   </div>
   <div class='ocr_carea' id='block_1_63' title="bbox 1880 510 3491 587">
    <p class='ocr_par' dir='ltr' id='par_1_63' title="bbox 1880 510 3491 587">
     <span class='ocr_line' id='line_1_63' title="bbox 1880 510 3491 587; baseline -0.006 -14"><span class='ocrx_word' id='word_1_450' title='bbox 1880 513 2037 582; x_wconf 86' lang='lat' dir='ltr'><strong>bant,</strong></span> <span class='ocrx_word' id='word_1_451' title='bbox 2056 516 2163 572; x_wconf 74' lang='lat' dir='ltr'><strong>dux</strong></span> <span class='ocrx_word' id='word_1_452' title='bbox 2177 558 2191 583; x_wconf 89' lang='lat'><strong>,</strong></span> <span class='ocrx_word' id='word_1_453' title='bbox 2210 515 2489 587; x_wconf 77' lang='lat' dir='ltr'><strong>princeps,</strong></span> <span class='ocrx_word' id='word_1_454' title='bbox 2509 513 2780 583; x_wconf 81' lang='lat' dir='ltr'><strong>privatus,</strong></span> <span class='ocrx_word' id='word_1_455' title='bbox 2795 518 2988 583; x_wconf 77' lang='lat' dir='ltr'><strong>gentes</strong></span> <span class='ocrx_word' id='word_1_456' title='bbox 3006 510 3249 581; x_wconf 74' lang='lat' dir='ltr'><strong>integrtr,</strong></span> <span class='ocrx_word' id='word_1_457' title='bbox 3300 510 3491 586; x_wconf 79' lang='lat' dir='ltr'><strong>populi</strong></span> 
     </span>
    </p>
   </div>
   <div class='ocr_carea' id='block_1_64' title="bbox 1880 600 3482 676">
    <p class='ocr_par' dir='ltr' id='par_1_64' title="bbox 1880 600 3482 676">
     <span class='ocr_line' id='line_1_64' title="bbox 1880 600 3482 676; baseline -0.007 -11"><span class='ocrx_word' id='word_1_458' title='bbox 1880 624 2097 674; x_wconf 83' lang='lat' dir='ltr'><strong>omnes,</strong></span> <span class='ocrx_word' id='word_1_459' title='bbox 2121 617 2175 662; x_wconf 89' lang='lat' dir='ltr'><strong>et</strong></span> <span class='ocrx_word' id='word_1_460' title='bbox 2199 606 2541 676; x_wconf 86' lang='lat' dir='ltr'><strong>perturbatio</strong></span> <span class='ocrx_word' id='word_1_461' title='bbox 2558 612 2677 659; x_wconf 84' lang='lat' dir='ltr'><strong>erat</strong></span> <span class='ocrx_word' id='word_1_462' title='bbox 2696 610 2903 673; x_wconf 84' lang='lat' dir='ltr'><strong>quanta</strong></span> <span class='ocrx_word' id='word_1_463' title='bbox 2924 618 3025 656; x_wconf 79' lang='lat' dir='ltr'><strong>nec</strong></span> <span class='ocrx_word' id='word_1_464' title='bbox 3043 604 3211 669; x_wconf 84' lang='lat' dir='ltr'><strong>possit</strong></span> <span class='ocrx_word' id='word_1_465' title='bbox 3234 600 3482 654; x_wconf 67' lang='lat' dir='ltr'><strong>orationi;</strong></span> 
     </span>
    </p>
   </div>
   <div class='ocr_carea' id='block_1_65' title="bbox 1888 704 3496 779">
    <p class='ocr_par' dir='ltr' id='par_1_65' title="bbox 1888 704 3496 779">
     <span class='ocr_line' id='line_1_65' title="bbox 1888 704 3496 779; baseline -0.002 -16"><span class='ocrx_word' id='word_1_466' title='bbox 1888 708 2166 779; x_wconf 78' lang='lat' dir='ltr'><strong>explicari.</strong></span> <span class='ocrx_word' id='word_1_467' title='bbox 2198 706 2332 762; x_wconf 84' lang='lat' dir='ltr'><strong>Nam</strong></span> <span class='ocrx_word' id='word_1_468' title='bbox 2363 721 2613 776; x_wconf 86' lang='lat' dir='ltr'><strong>perosum</strong></span> <span class='ocrx_word' id='word_1_469' title='bbox 2656 706 2812 775; x_wconf 87' lang='lat' dir='ltr'><strong>plane</strong></span> <span class='ocrx_word' id='word_1_470' title='bbox 2854 720 2971 761; x_wconf 71' lang='lat' dir='ltr'><strong>erat</strong></span> <span class='ocrx_word' id='word_1_471' title='bbox 3002 704 3281 762; x_wconf 85' lang='lat' dir='ltr'><strong>Judatcum</strong></span> <span class='ocrx_word' id='word_1_472' title='bbox 3323 719 3496 778; x_wconf 85' lang='lat' dir='ltr'><strong>genus</strong></span> 
     </span>
    </p>
   </div>
   <div class='ocr_carea' id='block_1_66' title="bbox 1889 784 3490 867">
    <p class='ocr_par' dir='ltr' id='par_1_66' title="bbox 1889 784 3490 867">
     <span class='ocr_line' id='line_1_66' title="bbox 1889 784 3490 867; baseline -0.002 -14"><span class='ocrx_word' id='word_1_473' title='bbox 1889 800 1941 853; x_wconf 89' lang='lat' dir='ltr'><strong>in</strong></span> <span class='ocrx_word' id='word_1_474' title='bbox 1990 800 2237 854; x_wconf 82' lang='lat' dir='ltr'><strong>Romano</strong></span> <span class='ocrx_word' id='word_1_475' title='bbox 2281 799 2507 867; x_wconf 87' lang='lat' dir='ltr'><strong>imperio</strong></span> <span class='ocrx_word' id='word_1_476' title='bbox 2531 839 2545 862; x_wconf 96' lang='lat'><strong>,</strong></span> <span class='ocrx_word' id='word_1_477' title='bbox 2576 798 2719 867; x_wconf 91' lang='lat' dir='ltr'><strong>quod</strong></span> <span class='ocrx_word' id='word_1_478' title='bbox 2751 784 2897 852; x_wconf 82' lang='lat' dir='ltr'><strong>mille</strong></span> <span class='ocrx_word' id='word_1_479' title='bbox 2939 801 3147 867; x_wconf 88' lang='lat' dir='ltr'><strong>negotia</strong></span> <span class='ocrx_word' id='word_1_480' title='bbox 3178 800 3490 853; x_wconf 42' lang='lat' dir='ltr'><strong>faetisaeret.</strong></span> 
     </span>
    </p>
   </div>
   <div class='ocr_carea' id='block_1_67' title="bbox 1886 888 3492 963">
    <p class='ocr_par' dir='ltr' id='par_1_67' title="bbox 1886 888 3492 963">
     <span class='ocr_line' id='line_1_67' title="bbox 1886 888 3492 963; baseline -0.001 -18"><span class='ocrx_word' id='word_1_481' title='bbox 1886 890 2070 963; x_wconf 86' lang='lat' dir='ltr'><strong>Neque</strong></span> <span class='ocrx_word' id='word_1_482' title='bbox 2102 900 2277 945; x_wconf 86' lang='lat' dir='ltr'><strong>tamen</strong></span> <span class='ocrx_word' id='word_1_483' title='bbox 2310 889 2433 947; x_wconf 89' lang='lat' dir='ltr'><strong>inde</strong></span> <span class='ocrx_word' id='word_1_484' title='bbox 2461 888 2824 959; x_wconf 72' lang='lat' dir='ltr'><strong>prmdicationi</strong></span> <span class='ocrx_word' id='word_1_485' title='bbox 2851 888 3145 944; x_wconf 86' lang='lat' dir='ltr'><strong>nocebatur</strong></span> <span class='ocrx_word' id='word_1_486' title='bbox 3174 906 3187 941; x_wconf 91' lang='lat'><strong>:</strong></span> <span class='ocrx_word' id='word_1_487' title='bbox 3213 889 3306 945; x_wconf 88' lang='lat' dir='ltr'><strong>sed</strong></span> <span class='ocrx_word' id='word_1_488' title='bbox 3334 898 3492 958; x_wconf 88' lang='lat' dir='ltr'><strong>capta</strong></span> 
     </span>
    </p>
   </div>
   <div class='ocr_carea' id='block_1_68' title="bbox 1886 982 3489 1055">
    <p class='ocr_par' dir='ltr' id='par_1_68' title="bbox 1886 982 3489 1055">
     <span class='ocr_line' id='line_1_68' title="bbox 1886 982 3489 1055; baseline -0.001 -18"><span class='ocrx_word' id='word_1_489' title='bbox 1886 986 2021 1039; x_wconf 81' lang='lat' dir='ltr'><strong>ut-he</strong></span> <span class='ocrx_word' id='word_1_490' title='bbox 2051 996 2213 1055; x_wconf 91' lang='lat' dir='ltr'><strong>atque</strong></span> <span class='ocrx_word' id='word_1_491' title='bbox 2236 994 2472 1039; x_wconf 89' lang='lat' dir='ltr'><strong>cremata</strong></span> <span class='ocrx_word' id='word_1_492' title='bbox 2496 1025 2511 1050; x_wconf 92' lang='lat'><strong>,</strong></span> <span class='ocrx_word' id='word_1_493' title='bbox 2543 1000 2605 1038; x_wconf 87' lang='lat' dir='ltr'><strong>ac</strong></span> <span class='ocrx_word' id='word_1_494' title='bbox 2630 991 2787 1055; x_wconf 85' lang='lat' dir='ltr'><strong>gente</strong></span> <span class='ocrx_word' id='word_1_495' title='bbox 2818 983 2871 1037; x_wconf 87' lang='lat' dir='ltr'><strong>vi</strong></span> <span class='ocrx_word' id='word_1_496' title='bbox 2901 982 3164 1037; x_wconf 87' lang='lat' dir='ltr'><strong>malorum</strong></span> <span class='ocrx_word' id='word_1_497' title='bbox 3194 997 3450 1053; x_wconf 70' lang='lat' dir='ltr'><strong>oppressa</strong></span> <span class='ocrx_word' id='word_1_498' title='bbox 3474 1023 3489 1046; x_wconf 94' lang='lat'><strong>,</strong></span> 
     </span>
    </p>
   </div>
   <div class='ocr_carea' id='block_1_69' title="bbox 1887 1074 3489 1148">
    <p class='ocr_par' dir='ltr' id='par_1_69' title="bbox 1887 1074 3489 1148">
     <span class='ocr_line' id='line_1_69' title="bbox 1887 1074 3489 1148; baseline 0.001 -20"><span class='ocrx_word' id='word_1_499' title='bbox 1887 1077 2009 1131; x_wconf 90' lang='lat' dir='ltr'><strong>inde</strong></span> <span class='ocrx_word' id='word_1_500' title='bbox 2040 1076 2262 1145; x_wconf 86' lang='lat' dir='ltr'><strong>profecti</strong></span> <span class='ocrx_word' id='word_1_501' title='bbox 2295 1076 2544 1148; x_wconf 88' lang='lat' dir='ltr'><strong>apostoli,</strong></span> <span class='ocrx_word' id='word_1_502' title='bbox 2578 1076 2666 1143; x_wconf 85' lang='lat' dir='ltr'><strong>qui</strong></span> <span class='ocrx_word' id='word_1_503' title='bbox 2701 1090 2865 1131; x_wconf 77' lang='lat' dir='ltr'><strong>novas</strong></span> <span class='ocrx_word' id='word_1_504' title='bbox 2892 1074 3216 1129; x_wconf 88' lang='lat' dir='ltr'><strong>inducebaut</strong></span> <span class='ocrx_word' id='word_1_505' title='bbox 3246 1075 3391 1140; x_wconf 60' lang='lat' dir='ltr'><strong>leges</strong></span> <span class='ocrx_word' id='word_1_506' title='bbox 3424 1075 3440 1106; x_wconf 86' lang='grc'>¹</span> <span class='ocrx_word' id='word_1_507' title='bbox 3473 1116 3489 1139; x_wconf 83' lang='grc'><strong><em>,</em></strong></span> 
     </span>
    </p>
   </div>
   <div class='ocr_carea' id='block_1_70' title="bbox 1886 1163 3490 1239">
    <p class='ocr_par' dir='ltr' id='par_1_70' title="bbox 1886 1163 3490 1239">
     <span class='ocr_line' id='line_1_70' title="bbox 1886 1163 3490 1239; baseline -0.002 -16"><span class='ocrx_word' id='word_1_508' title='bbox 1886 1170 2143 1223; x_wconf 76' lang='lat' dir='ltr'><strong>Rotuanis</strong></span> <span class='ocrx_word' id='word_1_509' title='bbox 2171 1170 2519 1239; x_wconf 88' lang='lat' dir='ltr'><strong>imperarunt.</strong></span> <span class='ocrx_word' id='word_1_510' title='bbox 2544 1168 2591 1223; x_wconf 86' lang='grc'>0</span> <span class='ocrx_word' id='word_1_511' title='bbox 2626 1182 2712 1223; x_wconf 87' lang='lat' dir='ltr'><strong>res</strong></span> <span class='ocrx_word' id='word_1_512' title='bbox 2751 1181 2918 1221; x_wconf 75' lang='lat' dir='ltr'><strong>noras</strong></span> <span class='ocrx_word' id='word_1_513' title='bbox 2956 1177 3006 1222; x_wconf 89' lang='lat' dir='ltr'><strong>et</strong></span> <span class='ocrx_word' id='word_1_514' title='bbox 3034 1165 3328 1236; x_wconf 84' lang='lat' dir='ltr'><strong>stupendas</strong></span> <span class='ocrx_word' id='word_1_515' title='bbox 3358 1167 3371 1219; x_wconf 91' lang='lat'><strong>!</strong></span> <span class='ocrx_word' id='word_1_516' title='bbox 3396 1163 3490 1220; x_wconf 62' lang='lat' dir='ltr'><strong>Juv</strong></span> 
     </span>
    </p>
   </div>
   <div class='ocr_carea' id='block_1_71' title="bbox 1884 1248 3548 1329">
    <p class='ocr_par' dir='ltr' id='par_1_71' title="bbox 1884 1248 3548 1329">
     <span class='ocr_line' id='line_1_71' title="bbox 1884 1248 3548 1329; baseline -0.003 -13"><span class='ocrx_word' id='word_1_517' title='bbox 1884 1262 2122 1316; x_wconf 73' lang='lat' dir='ltr'><strong>dmorum</strong></span> <span class='ocrx_word' id='word_1_518' title='bbox 2154 1262 2429 1314; x_wconf 90' lang='lat' dir='ltr'><strong>innumera</strong></span> <span class='ocrx_word' id='word_1_519' title='bbox 2459 1260 2625 1315; x_wconf 89' lang='lat' dir='ltr'><strong>millia</strong></span> <span class='ocrx_word' id='word_1_520' title='bbox 2650 1259 2877 1315; x_wconf 76' lang='lat' dir='ltr'><strong>Romani</strong></span> <span class='ocrx_word' id='word_1_521' title='bbox 2904 1265 3185 1329; x_wconf 81' lang='lat' dir='ltr'><strong>ceperunt,</strong></span> <span class='ocrx_word' id='word_1_522' title='bbox 3208 1267 3261 1311; x_wconf 87' lang='lat' dir='ltr'><strong>et</strong></span> <span class='ocrx_word' id='word_1_523' title='bbox 3289 1256 3492 1311; x_wconf 85' lang='lat' dir='ltr'><strong>duode-</strong></span> <span class='ocrx_word' id='word_1_524' title='bbox 3545 1248 3548 1252; x_wconf 70' lang='grc'><strong>’</strong></span> 
     </span>
    </p>
   </div>
   <div class='ocr_carea' id='block_1_72' title="bbox 1882 1348 3491 1424">
    <p class='ocr_par' dir='ltr' id='par_1_72' title="bbox 1882 1348 3491 1424">
     <span class='ocr_line' id='line_1_72' title="bbox 1882 1348 3491 1424; baseline -0.005 -14"><span class='ocrx_word' id='word_1_525' title='bbox 1882 1356 1985 1410; x_wconf 81' lang='lat' dir='ltr'><strong>cito</strong></span> <span class='ocrx_word' id='word_1_526' title='bbox 2015 1356 2159 1411; x_wconf 80' lang='lat' dir='ltr'><strong>viros</strong></span> <span class='ocrx_word' id='word_1_527' title='bbox 2189 1355 2404 1410; x_wconf 80' lang='lat' dir='ltr'><strong>vincere</strong></span> <span class='ocrx_word' id='word_1_528' title='bbox 2436 1371 2541 1409; x_wconf 92' lang='lat' dir='ltr'><strong>non</strong></span> <span class='ocrx_word' id='word_1_529' title='bbox 2574 1362 2882 1424; x_wconf 86' lang='lat' dir='ltr'><strong>potuerunt,</strong></span> <span class='ocrx_word' id='word_1_530' title='bbox 2904 1352 2994 1423; x_wconf 90' lang='lat' dir='ltr'><strong>qui</strong></span> <span class='ocrx_word' id='word_1_531' title='bbox 3029 1350 3155 1406; x_wconf 89' lang='lat' dir='ltr'><strong>uttdi</strong></span> <span class='ocrx_word' id='word_1_532' title='bbox 3182 1348 3299 1404; x_wconf 87' lang='lat' dir='ltr'><strong>sine</strong></span> <span class='ocrx_word' id='word_1_533' title='bbox 3325 1351 3491 1403; x_wconf 88' lang='lat' dir='ltr'><strong>armis</strong></span> 
     </span>
    </p>
   </div>
   <div class='ocr_carea' id='block_1_73' title="bbox 1882 1442 3489 1519">
    <p class='ocr_par' dir='ltr' id='par_1_73' title="bbox 1882 1442 3489 1519">
     <span class='ocr_line' id='line_1_73' title="bbox 1882 1442 3489 1519; baseline -0.005 -17"><span class='ocrx_word' id='word_1_534' title='bbox 1882 1464 2003 1503; x_wconf 77' lang='lat' dir='ltr'><strong>Clllll</strong></span> <span class='ocrx_word' id='word_1_535' title='bbox 2034 1446 2164 1516; x_wconf 86' lang='lat' dir='ltr'><strong>ipsis</strong></span> <span class='ocrx_word' id='word_1_536' title='bbox 2192 1445 2500 1519; x_wconf 82' lang='lat' dir='ltr'><strong>pugnabant</strong></span> <span class='ocrx_word' id='word_1_537' title='bbox 2528 1448 2541 1500; x_wconf 89' lang='lat' dir='ltr'><strong>l</strong></span> <span class='ocrx_word' id='word_1_538' title='bbox 2575 1446 2707 1515; x_wconf 87' lang='lat' dir='ltr'><strong>Quis</strong></span> <span class='ocrx_word' id='word_1_539' title='bbox 2734 1459 2917 1500; x_wconf 87' lang='lat' dir='ltr'><strong>sermo</strong></span> <span class='ocrx_word' id='word_1_540' title='bbox 2949 1444 3119 1515; x_wconf 88' lang='lat' dir='ltr'><strong>possit</strong></span> <span class='ocrx_word' id='word_1_541' title='bbox 3150 1452 3354 1497; x_wconf 78' lang='lat' dir='ltr'><strong>tantum</strong></span> <span class='ocrx_word' id='word_1_542' title='bbox 3384 1442 3489 1495; x_wconf 89' lang='lat' dir='ltr'><strong>mi-</strong></span> 
     </span>
    </p>
   </div>
   <div class='ocr_carea' id='block_1_74' title="bbox 1882 1533 3492 1595">
    <p class='ocr_par' dir='ltr' id='par_1_74' title="bbox 1882 1533 3492 1595">
     <span class='ocr_line' id='line_1_74' title="bbox 1882 1533 3492 1595; baseline -0.004 0"><span class='ocrx_word' id='word_1_543' title='bbox 1882 1540 2123 1595; x_wconf 87' lang='lat' dir='ltr'><strong>rarulum</strong></span> <span class='ocrx_word' id='word_1_544' title='bbox 2145 1539 2496 1595; x_wconf 85' lang='lat' dir='ltr'><strong>describere?</strong></span> <span class='ocrx_word' id='word_1_545' title='bbox 2521 1540 2635 1594; x_wconf 84' lang='lat' dir='ltr'><strong>Duo</strong></span> <span class='ocrx_word' id='word_1_546' title='bbox 2657 1538 2799 1594; x_wconf 90' lang='lat' dir='ltr'><strong>enim</strong></span> <span class='ocrx_word' id='word_1_547' title='bbox 2826 1538 2941 1592; x_wconf 63' lang='lat' dir='ltr'><strong>haec</strong></span> <span class='ocrx_word' id='word_1_548' title='bbox 2965 1536 3284 1592; x_wconf 87' lang='lat' dir='ltr'><strong>docentibus</strong></span> <span class='ocrx_word' id='word_1_549' title='bbox 3312 1533 3492 1589; x_wconf 83' lang='lat' dir='ltr'><strong>inesse</strong></span> 
     </span>
    </p>
   </div>
   <div class='ocr_carea' id='block_1_75' title="bbox 1881 1627 3491 1704">
    <p class='ocr_par' dir='ltr' id='par_1_75' title="bbox 1881 1627 3491 1704">
     <span class='ocr_line' id='line_1_75' title="bbox 1881 1627 3491 1704; baseline -0.002 -18"><span class='ocrx_word' id='word_1_550' title='bbox 1881 1643 2130 1704; x_wconf 89' lang='lat' dir='ltr'><strong>oportet,</strong></span> <span class='ocrx_word' id='word_1_551' title='bbox 2166 1642 2222 1689; x_wconf 91' lang='lat' dir='ltr'><strong>ut</strong></span> <span class='ocrx_word' id='word_1_552' title='bbox 2270 1632 2372 1689; x_wconf 84' lang='lat' dir='ltr'><strong>fide</strong></span> <span class='ocrx_word' id='word_1_553' title='bbox 2415 1632 2559 1703; x_wconf 80' lang='lat' dir='ltr'><strong>digni</strong></span> <span class='ocrx_word' id='word_1_554' title='bbox 2612 1633 2715 1687; x_wconf 89' lang='lat' dir='ltr'><strong>sint</strong></span> <span class='ocrx_word' id='word_1_555' title='bbox 2743 1675 2756 1697; x_wconf 90' lang='lat'><strong>,</strong></span> <span class='ocrx_word' id='word_1_556' title='bbox 2787 1642 2841 1687; x_wconf 88' lang='lat' dir='ltr'><strong>et</strong></span> <span class='ocrx_word' id='word_1_557' title='bbox 2893 1639 2954 1687; x_wconf 84' lang='lat' dir='ltr'><strong>ut</strong></span> <span class='ocrx_word' id='word_1_558' title='bbox 3005 1630 3111 1685; x_wconf 87' lang='lat' dir='ltr'><strong>sint</strong></span> <span class='ocrx_word' id='word_1_559' title='bbox 3154 1627 3491 1686; x_wconf 62' lang='lat' dir='ltr'><strong>auditoribus</strong></span> 
     </span>
    </p>
   </div>
   <div class='ocr_carea' id='block_1_76' title="bbox 1878 1721 3491 1797">
    <p class='ocr_par' dir='ltr' id='par_1_76' title="bbox 1878 1721 3491 1797">
     <span class='ocr_line' id='line_1_76' title="bbox 1878 1721 3491 1797; baseline -0.004 -16"><span class='ocrx_word' id='word_1_560' title='bbox 1878 1728 2015 1797; x_wconf 82' lang='lat' dir='ltr'><strong>grati</strong></span> <span class='ocrx_word' id='word_1_561' title='bbox 2050 1743 2063 1779; x_wconf 90' lang='lat'><strong>:</strong></span> <span class='ocrx_word' id='word_1_562' title='bbox 2097 1726 2161 1781; x_wconf 88' lang='lat' dir='ltr'><strong>ad</strong></span> <span class='ocrx_word' id='word_1_563' title='bbox 2195 1726 2309 1781; x_wconf 66' lang='lat' dir='ltr'><strong>haec</strong></span> <span class='ocrx_word' id='word_1_564' title='bbox 2339 1740 2463 1781; x_wconf 70' lang='lat' dir='ltr'><strong>vero</strong></span> <span class='ocrx_word' id='word_1_565' title='bbox 2486 1768 2501 1789; x_wconf 97' lang='lat'><strong>,</strong></span> <span class='ocrx_word' id='word_1_566' title='bbox 2531 1734 2589 1781; x_wconf 90' lang='lat' dir='ltr'><strong>ut</strong></span> <span class='ocrx_word' id='word_1_567' title='bbox 2613 1725 2855 1780; x_wconf 90' lang='lat' dir='ltr'><strong>doctrina</strong></span> <span class='ocrx_word' id='word_1_568' title='bbox 2885 1724 3006 1780; x_wconf 90' lang='lat' dir='ltr'><strong>talis</strong></span> <span class='ocrx_word' id='word_1_569' title='bbox 3032 1726 3138 1789; x_wconf 89' lang='lat' dir='ltr'><strong>sit,</strong></span> <span class='ocrx_word' id='word_1_570' title='bbox 3181 1738 3302 1794; x_wconf 81' lang='lat' dir='ltr'><strong>quae</strong></span> <span class='ocrx_word' id='word_1_571' title='bbox 3336 1721 3491 1776; x_wconf 77' lang='lat' dir='ltr'><strong>facile</strong></span> 
     </span>
    </p>
   </div>
   <div class='ocr_carea' id='block_1_77' title="bbox 1880 1797 3489 1890">
    <p class='ocr_par' dir='ltr' id='par_1_77' title="bbox 1880 1797 3489 1890">
     <span class='ocr_line' id='line_1_77' title="bbox 1880 1797 3489 1890; baseline -0.002 -17"><span class='ocrx_word' id='word_1_572' title='bbox 1880 1819 2212 1883; x_wconf 86' lang='lat' dir='ltr'><strong>admittatur,</strong></span> <span class='ocrx_word' id='word_1_573' title='bbox 2247 1820 2571 1890; x_wconf 88' lang='lat' dir='ltr'><strong>insuperque</strong></span> <span class='ocrx_word' id='word_1_574' title='bbox 2602 1828 2658 1873; x_wconf 92' lang='lat' dir='ltr'><strong>ut</strong></span> <span class='ocrx_word' id='word_1_575' title='bbox 2690 1797 2906 1889; x_wconf 65' lang='lat' dir='ltr'><strong>tempus</strong></span> <span class='ocrx_word' id='word_1_576' title='bbox 2927 1819 2996 1873; x_wconf 92' lang='lat' dir='ltr'><strong>sit</strong></span> <span class='ocrx_word' id='word_1_577' title='bbox 3025 1818 3252 1873; x_wconf 88' lang='lat' dir='ltr'><strong>tumultu</strong></span> <span class='ocrx_word' id='word_1_578' title='bbox 3278 1825 3333 1871; x_wconf 88' lang='lat' dir='ltr'><strong>et</strong></span> <span class='ocrx_word' id='word_1_579' title='bbox 3363 1831 3489 1885; x_wconf 84' lang='lat' dir='ltr'><strong>per-</strong></span> 
     </span>
    </p>
   </div>
   <div class='ocr_carea' id='block_1_78' title="bbox 1881 1910 3486 1969">
    <p class='ocr_par' dir='ltr' id='par_1_78' title="bbox 1881 1910 3486 1969">
     <span class='ocr_line' id='line_1_78' title="bbox 1881 1910 3486 1969; baseline -0.002 -1"><span class='ocrx_word' id='word_1_580' title='bbox 1881 1912 2184 1968; x_wconf 83' lang='lat' dir='ltr'><strong>turbatione</strong></span> <span class='ocrx_word' id='word_1_581' title='bbox 2239 1928 2485 1969; x_wconf 81' lang='lat' dir='ltr'><strong>vacuum.</strong></span> <span class='ocrx_word' id='word_1_582' title='bbox 2538 1913 2691 1969; x_wconf 88' lang='lat' dir='ltr'><strong>Tune</strong></span> <span class='ocrx_word' id='word_1_583' title='bbox 2747 1922 2926 1967; x_wconf 89' lang='lat' dir='ltr'><strong>autem</strong></span> <span class='ocrx_word' id='word_1_584' title='bbox 2988 1915 3165 1967; x_wconf 80' lang='lat' dir='ltr'><strong>omnia</strong></span> <span class='ocrx_word' id='word_1_585' title='bbox 3215 1910 3486 1966; x_wconf 87' lang='lat' dir='ltr'><strong>contraria</strong></span> 
     </span>
    </p>
   </div>
   <div class='ocr_carea' id='block_1_79' title="bbox 1881 2003 3487 2075">
    <p class='ocr_par' dir='ltr' id='par_1_79' title="bbox 1881 2003 3487 2075">
     <span class='ocr_line' id='line_1_79' title="bbox 1881 2003 3487 2075; baseline -0.001 -15"><span class='ocrx_word' id='word_1_586' title='bbox 1881 2014 2054 2060; x_wconf 68' lang='lat' dir='ltr'><strong>erant.</strong></span> <span class='ocrx_word' id='word_1_587' title='bbox 2088 2004 2272 2075; x_wconf 87' lang='lat' dir='ltr'><strong>Neque</strong></span> <span class='ocrx_word' id='word_1_588' title='bbox 2300 2006 2442 2060; x_wconf 91' lang='lat' dir='ltr'><strong>enim</strong></span> <span class='ocrx_word' id='word_1_589' title='bbox 2473 2005 2576 2061; x_wconf 86' lang='lat' dir='ltr'><strong>lide</strong></span> <span class='ocrx_word' id='word_1_590' title='bbox 2605 2006 2749 2075; x_wconf 83' lang='lat' dir='ltr'><strong>digni</strong></span> <span class='ocrx_word' id='word_1_591' title='bbox 2792 2020 2912 2061; x_wconf 89' lang='lat' dir='ltr'><strong>esse</strong></span> <span class='ocrx_word' id='word_1_592' title='bbox 2944 2004 3263 2060; x_wconf 85' lang='lat' dir='ltr'><strong>videbantur</strong></span> <span class='ocrx_word' id='word_1_593' title='bbox 3284 2046 3299 2070; x_wconf 95' lang='lat'><strong>,</strong></span> <span class='ocrx_word' id='word_1_594' title='bbox 3331 2003 3487 2058; x_wconf 81' lang='lat' dir='ltr'><strong>illos-</strong></span> 
     </span>
    </p>
   </div>
   <div class='ocr_carea' id='block_1_80' title="bbox 1880 2094 3488 2169">
    <p class='ocr_par' dir='ltr' id='par_1_80' title="bbox 1880 2094 3488 2169">
     <span class='ocr_line' id='line_1_80' title="bbox 1880 2094 3488 2169; baseline -0.001 -19"><span class='ocrx_word' id='word_1_595' title='bbox 1880 2111 1983 2168; x_wconf 89' lang='lat' dir='ltr'><strong>quc</strong></span> <span class='ocrx_word' id='word_1_596' title='bbox 2008 2098 2096 2169; x_wconf 88' lang='lat' dir='ltr'><strong>qui</strong></span> <span class='ocrx_word' id='word_1_597' title='bbox 2123 2097 2328 2167; x_wconf 80' lang='lat' dir='ltr'><strong>decepti</strong></span> <span class='ocrx_word' id='word_1_598' title='bbox 2359 2096 2573 2153; x_wconf 86' lang='lat' dir='ltr'><strong>fuerant</strong></span> <span class='ocrx_word' id='word_1_599' title='bbox 2613 2097 2681 2152; x_wconf 91' lang='lat' dir='ltr'><strong>ab</strong></span> <span class='ocrx_word' id='word_1_600' title='bbox 2712 2098 2777 2153; x_wconf 88' lang='lat' dir='ltr'><strong>iis</strong></span> <span class='ocrx_word' id='word_1_601' title='bbox 2820 2097 2909 2168; x_wconf 88' lang='lat' dir='ltr'><strong>qui</strong></span> <span class='ocrx_word' id='word_1_602' title='bbox 2965 2097 3069 2152; x_wconf 82' lang='lat' dir='ltr'><strong>fide</strong></span> <span class='ocrx_word' id='word_1_603' title='bbox 3101 2096 3258 2166; x_wconf 85' lang='lat' dir='ltr'><strong>digna</strong></span> <span class='ocrx_word' id='word_1_604' title='bbox 3304 2094 3488 2151; x_wconf 86' lang='lat' dir='ltr'><strong>dicere</strong></span> 
     </span>
    </p>
   </div>
   <div class='ocr_carea' id='block_1_81' title="bbox 1881 2187 3489 2259">
    <p class='ocr_par' dir='ltr' id='par_1_81' title="bbox 1881 2187 3489 2259">
     <span class='ocr_line' id='line_1_81' title="bbox 1881 2187 3489 2259; baseline 0 -16"><span class='ocrx_word' id='word_1_605' title='bbox 1881 2189 2226 2259; x_wconf 77' lang='lat' dir='ltr'><strong>putabantur,</strong></span> <span class='ocrx_word' id='word_1_606' title='bbox 2260 2205 2291 2245; x_wconf 90' lang='lat' dir='ltr'><strong>a</strong></span> <span class='ocrx_word' id='word_1_607' title='bbox 2331 2205 2390 2243; x_wconf 90' lang='lat' dir='ltr'><strong>se</strong></span> <span class='ocrx_word' id='word_1_608' title='bbox 2420 2190 2737 2245; x_wconf 85' lang='lat' dir='ltr'><strong>avertebant</strong></span> <span class='ocrx_word' id='word_1_609' title='bbox 2769 2208 2782 2245; x_wconf 91' lang='lat'>:</span> <span class='ocrx_word' id='word_1_610' title='bbox 2814 2206 2919 2244; x_wconf 91' lang='lat' dir='ltr'><strong>non</strong></span> <span class='ocrx_word' id='word_1_611' title='bbox 2947 2187 3344 2259; x_wconf 87' lang='lat' dir='ltr'><strong>diligebantur;</strong></span> <span class='ocrx_word' id='word_1_612' title='bbox 3377 2187 3489 2243; x_wconf 88' lang='lat' dir='ltr'><strong>imo</strong></span> 
     </span>
    </p>
   </div>
   <div class='ocr_carea' id='block_1_82' title="bbox 1880 2280 3490 2354">
    <p class='ocr_par' dir='ltr' id='par_1_82' title="bbox 1880 2280 3490 2354">
     <span class='ocr_line' id='line_1_82' title="bbox 1880 2280 3490 2354; baseline -0.002 -15"><span class='ocrx_word' id='word_1_613' title='bbox 1880 2283 2006 2339; x_wconf 91' lang='lat' dir='ltr'><strong>odio</strong></span> <span class='ocrx_word' id='word_1_614' title='bbox 2055 2282 2425 2348; x_wconf 74' lang='lat' dir='ltr'><strong>trahebantur;</strong></span> <span class='ocrx_word' id='word_1_615' title='bbox 2456 2283 2524 2337; x_wconf 90' lang='lat' dir='ltr'><strong>ah</strong></span> <span class='ocrx_word' id='word_1_616' title='bbox 2565 2283 2629 2337; x_wconf 90' lang='lat' dir='ltr'><strong>iis</strong></span> <span class='ocrx_word' id='word_1_617' title='bbox 2672 2296 2794 2354; x_wconf 63' lang='lat' dir='ltr'><strong>qua:</strong></span> <span class='ocrx_word' id='word_1_618' title='bbox 2837 2282 3072 2337; x_wconf 80' lang='lat' dir='ltr'><strong>maxime</strong></span> <span class='ocrx_word' id='word_1_619' title='bbox 3099 2280 3294 2352; x_wconf 83' lang='lat' dir='ltr'><strong>placita</strong></span> <span class='ocrx_word' id='word_1_620' title='bbox 3332 2287 3490 2335; x_wconf 89' lang='lat' dir='ltr'><strong>erant</strong></span> 
     </span>
    </p>
   </div>
   <div class='ocr_carea' id='block_1_83' title="bbox 1879 2370 3489 2444">
    <p class='ocr_par' dir='ltr' id='par_1_83' title="bbox 1879 2370 3489 2444">
     <span class='ocr_line' id='line_1_83' title="bbox 1879 2370 3489 2444; baseline -0.003 -13"><span class='ocrx_word' id='word_1_621' title='bbox 1879 2374 2235 2440; x_wconf 88' lang='lat' dir='ltr'><strong>abducebaut,</strong></span> <span class='ocrx_word' id='word_1_622' title='bbox 2270 2390 2299 2427; x_wconf 93' lang='lat' dir='ltr'><strong>a</strong></span> <span class='ocrx_word' id='word_1_623' title='bbox 2327 2374 2739 2440; x_wconf 83' lang='lat' dir='ltr'><strong>consuetudine,</strong></span> <span class='ocrx_word' id='word_1_624' title='bbox 2767 2388 2797 2428; x_wconf 88' lang='lat' dir='ltr'><strong>a</strong></span> <span class='ocrx_word' id='word_1_625' title='bbox 2828 2372 3018 2444; x_wconf 87' lang='lat' dir='ltr'><strong>patria,</strong></span> <span class='ocrx_word' id='word_1_626' title='bbox 3041 2387 3071 2427; x_wconf 91' lang='lat' dir='ltr'><strong>a</strong></span> <span class='ocrx_word' id='word_1_627' title='bbox 3096 2370 3321 2443; x_wconf 86' lang='lat' dir='ltr'><strong>legibus.</strong></span> <span class='ocrx_word' id='word_1_628' title='bbox 3351 2371 3489 2426; x_wconf 68' lang='lat' dir='ltr'><strong>Pue-</strong></span> 
     </span>
    </p>
   </div>
   <div class='ocr_carea' id='block_1_84' title="bbox 1879 2463 3489 2549">
    <p class='ocr_par' dir='ltr' id='par_1_84' title="bbox 1879 2463 3489 2549">
     <span class='ocr_line' id='line_1_84' title="bbox 1879 2463 3489 2549; baseline -0.002 -26"><span class='ocrx_word' id='word_1_629' title='bbox 1879 2478 2031 2537; x_wconf 89' lang='lat' dir='ltr'><strong>ccpta</strong></span> <span class='ocrx_word' id='word_1_630' title='bbox 2057 2467 2190 2523; x_wconf 90' lang='lat' dir='ltr'><strong>dura</strong></span> <span class='ocrx_word' id='word_1_631' title='bbox 2222 2467 2566 2549; x_wconf 67' lang='lat' dir='ltr'><strong>diuit-iliaque</strong></span> <span class='ocrx_word' id='word_1_632' title='bbox 2592 2475 2787 2535; x_wconf 91' lang='lat' dir='ltr'><strong>erant,</strong></span> <span class='ocrx_word' id='word_1_633' title='bbox 2820 2482 2939 2538; x_wconf 65' lang='lat' dir='ltr'><strong>qua:</strong></span> <span class='ocrx_word' id='word_1_634' title='bbox 2968 2481 3099 2523; x_wconf 82' lang='lat' dir='ltr'><strong>vero</strong></span> <span class='ocrx_word' id='word_1_635' title='bbox 3129 2463 3489 2536; x_wconf 87' lang='lat' dir='ltr'><strong>prohibebant</strong></span> 
     </span>
    </p>
   </div>
   <div class='ocr_carea' id='block_1_85' title="bbox 1881 2557 3487 2632">
    <p class='ocr_par' dir='ltr' id='par_1_85' title="bbox 1881 2557 3487 2632">
     <span class='ocr_line' id='line_1_85' title="bbox 1881 2557 3487 2632; baseline 0 -19"><span class='ocrx_word' id='word_1_636' title='bbox 1881 2562 2154 2632; x_wconf 80' lang='lat' dir='ltr'><strong>voluptate</strong></span> <span class='ocrx_word' id='word_1_637' title='bbox 2181 2562 2355 2631; x_wconf 90' lang='lat' dir='ltr'><strong>plena.</strong></span> <span class='ocrx_word' id='word_1_638' title='bbox 2387 2560 2547 2616; x_wconf 78' lang='lat' dir='ltr'><strong>Multa</strong></span> <span class='ocrx_word' id='word_1_639' title='bbox 2581 2570 2691 2617; x_wconf 88' lang='lat' dir='ltr'><strong>tum</strong></span> <span class='ocrx_word' id='word_1_640' title='bbox 2737 2561 2871 2630; x_wconf 86' lang='lat' dir='ltr'><strong>ipsi,</strong></span> <span class='ocrx_word' id='word_1_641' title='bbox 2906 2568 3017 2615; x_wconf 91' lang='lat' dir='ltr'><strong>tum</strong></span> <span class='ocrx_word' id='word_1_642' title='bbox 3049 2559 3287 2630; x_wconf 83' lang='lat' dir='ltr'><strong>ipsorqu</strong></span> <span class='ocrx_word' id='word_1_643' title='bbox 3317 2557 3487 2613; x_wconf 76' lang='lat' dir='ltr'><strong>disci-</strong></span> 
     </span>
    </p>
   </div>
   <div class='ocr_carea' id='block_1_86' title="bbox 1880 2651 3489 2724">
    <p class='ocr_par' dir='ltr' id='par_1_86' title="bbox 1880 2651 3489 2724">
     <span class='ocr_line' id='line_1_86' title="bbox 1880 2651 3489 2724; baseline -0.002 -15"><span class='ocrx_word' id='word_1_644' title='bbox 1880 2654 1987 2724; x_wconf 89' lang='lat' dir='ltr'><strong>puli</strong></span> <span class='ocrx_word' id='word_1_645' title='bbox 2035 2653 2287 2709; x_wconf 68' lang='lat' dir='ltr'><strong>subibant</strong></span> <span class='ocrx_word' id='word_1_646' title='bbox 2326 2655 2558 2723; x_wconf 89' lang='lat' dir='ltr'><strong>pericula</strong></span> <span class='ocrx_word' id='word_1_647' title='bbox 2580 2696 2595 2720; x_wconf 97' lang='lat'><strong>,</strong></span> <span class='ocrx_word' id='word_1_648' title='bbox 2628 2654 2826 2709; x_wconf 85' lang='lat' dir='ltr'><strong>multas</strong></span> <span class='ocrx_word' id='word_1_649' title='bbox 2861 2661 3097 2720; x_wconf 86' lang='lat' dir='ltr'><strong>mortes;</strong></span> <span class='ocrx_word' id='word_1_650' title='bbox 3128 2666 3194 2708; x_wconf 87' lang='lat' dir='ltr'><strong>ac</strong></span> <span class='ocrx_word' id='word_1_651' title='bbox 3233 2667 3356 2708; x_wconf 90' lang='lat' dir='ltr'><strong>cum</strong></span> <span class='ocrx_word' id='word_1_652' title='bbox 3401 2651 3489 2707; x_wconf 84' lang='lat' dir='ltr'><strong>his</strong></span> 
     </span>
    </p>
   </div>
   <div class='ocr_carea' id='block_1_87' title="bbox 1880 2743 3488 2818">
    <p class='ocr_par' dir='ltr' id='par_1_87' title="bbox 1880 2743 3488 2818">
     <span class='ocr_line' id='line_1_87' title="bbox 1880 2743 3488 2818; baseline -0.001 -17"><span class='ocrx_word' id='word_1_653' title='bbox 1880 2747 2129 2803; x_wconf 88' lang='lat' dir='ltr'><strong>omnibus</strong></span> <span class='ocrx_word' id='word_1_654' title='bbox 2159 2757 2367 2818; x_wconf 91' lang='lat' dir='ltr'><strong>tempus</strong></span> <span class='ocrx_word' id='word_1_655' title='bbox 2398 2764 2645 2818; x_wconf 80' lang='lat' dir='ltr'><strong>magnam</strong></span> <span class='ocrx_word' id='word_1_656' title='bbox 2673 2746 2931 2803; x_wconf 79' lang='lat' dir='ltr'><strong>ali&#39;erebat</strong></span> <span class='ocrx_word' id='word_1_657' title='bbox 2956 2745 3351 2812; x_wconf 84' lang='lat' dir='ltr'><strong>difficultatem,</strong></span> <span class='ocrx_word' id='word_1_658' title='bbox 3380 2743 3488 2801; x_wconf 86' lang='lat' dir='ltr'><strong>bel-</strong></span> 
     </span>
    </p>
   </div>
   <div class='ocr_carea' id='block_1_88' title="bbox 1880 2837 3486 2911">
    <p class='ocr_par' dir='ltr' id='par_1_88' title="bbox 1880 2837 3486 2911">
     <span class='ocr_line' id='line_1_88' title="bbox 1880 2837 3486 2911; baseline -0.003 -16"><span class='ocrx_word' id='word_1_659' title='bbox 1880 2840 1946 2895; x_wconf 89' lang='lat' dir='ltr'><strong>lis</strong></span> <span class='ocrx_word' id='word_1_660' title='bbox 1977 2840 2182 2896; x_wconf 87' lang='lat' dir='ltr'><strong>scilicet</strong></span> <span class='ocrx_word' id='word_1_661' title='bbox 2219 2841 2556 2911; x_wconf 87' lang='lat' dir='ltr'><strong>tumuituque</strong></span> <span class='ocrx_word' id='word_1_662' title='bbox 2606 2840 2859 2910; x_wconf 88' lang='lat' dir='ltr'><strong>plenum;</strong></span> <span class='ocrx_word' id='word_1_663' title='bbox 2890 2839 2961 2893; x_wconf 89' lang='lat' dir='ltr'><strong>ita</strong></span> <span class='ocrx_word' id='word_1_664' title='bbox 2993 2848 3051 2894; x_wconf 91' lang='lat' dir='ltr'><strong>ut</strong></span> <span class='ocrx_word' id='word_1_665' title='bbox 3091 2837 3191 2893; x_wconf 88' lang='lat' dir='ltr'><strong>etsi</strong></span> <span class='ocrx_word' id='word_1_666' title='bbox 3231 2837 3363 2891; x_wconf 90' lang='lat' dir='ltr'><strong>nihil</strong></span> <span class='ocrx_word' id='word_1_667' title='bbox 3395 2851 3486 2891; x_wconf 89' lang='lat' dir='ltr'><strong>su-</strong></span> 
     </span>
    </p>
   </div>
   <div class='ocr_carea' id='block_1_89' title="bbox 1882 2931 3481 3004">
    <p class='ocr_par' dir='ltr' id='par_1_89' title="bbox 1882 2931 3481 3004">
     <span class='ocr_line' id='line_1_89' title="bbox 1882 2931 3481 3004; baseline -0.001 -17"><span class='ocrx_word' id='word_1_668' title='bbox 1882 2935 2239 3004; x_wconf 87' lang='lat' dir='ltr'><strong>pradictorum</strong></span> <span class='ocrx_word' id='word_1_669' title='bbox 2289 2934 2587 3001; x_wconf 85' lang='lat' dir='ltr'><strong>adfuisset,</strong></span> <span class='ocrx_word' id='word_1_670' title='bbox 2622 2934 2747 2989; x_wconf 85' lang='lat' dir='ltr'><strong>hinc</strong></span> <span class='ocrx_word' id='word_1_671' title='bbox 2790 2933 2968 2988; x_wconf 88' lang='lat' dir='ltr'><strong>omnia</strong></span> <span class='ocrx_word' id='word_1_672' title='bbox 3004 2931 3207 2988; x_wconf 88' lang='lat' dir='ltr'><strong>turbari</strong></span> <span class='ocrx_word' id='word_1_673' title='bbox 3241 2939 3481 3002; x_wconf 83' lang='lat' dir='ltr'><strong>possent.</strong></span> 
     </span>
    </p>
   </div>
   <div class='ocr_carea' id='block_1_90' title="bbox 1879 3021 3483 3098">
    <p class='ocr_par' dir='ltr' id='par_1_90' title="bbox 1879 3021 3483 3098">
     <span class='ocr_line' id='line_1_90' title="bbox 1879 3021 3483 3098; baseline -0.005 -16"><span class='ocrx_word' id='word_1_674' title='bbox 1879 3027 2192 3098; x_wconf 86' lang='lat' dir='ltr'><strong>Opportune</strong></span> <span class='ocrx_word' id='word_1_675' title='bbox 2242 3026 2451 3081; x_wconf 89' lang='lat' dir='ltr'><strong>dicatur</strong></span> <span class='ocrx_word' id='word_1_676' title='bbox 2482 3043 2496 3079; x_wconf 92' lang='lat'><strong>:</strong></span> <span class='ocrx_word' id='word_1_677' title='bbox 2530 3026 2657 3094; x_wconf 71' lang='lat' dir='ltr'><strong>Qui:</strong></span> <span class='ocrx_word' id='word_1_678' title='bbox 2687 3027 2920 3095; x_wconf 81' lang='lat' dir='ltr'><strong>loquetur</strong></span> <span class='ocrx_word' id='word_1_679' title='bbox 2958 3024 3210 3095; x_wconf 79' lang='lat' dir='ltr'><strong>potentias</strong></span> <span class='ocrx_word' id='word_1_680' title='bbox 3250 3021 3483 3087; x_wconf 85' lang='lat' dir='ltr'><strong>Domini,</strong></span> 
     </span>
    </p>
   </div>
   <div class='ocr_carea' id='block_1_91' title="bbox 1877 3115 3482 3192">
    <p class='ocr_par' dir='ltr' id='par_1_91' title="bbox 1877 3115 3482 3192">
     <span class='ocr_line' id='line_1_91' title="bbox 1877 3115 3482 3192; baseline -0.002 -18"><span class='ocrx_word' id='word_1_681' title='bbox 1877 3122 2079 3175; x_wconf 78' lang='lat' dir='ltr'><strong>auditos</strong></span> <span class='ocrx_word' id='word_1_682' title='bbox 2124 3121 2272 3191; x_wconf 77' lang='lat' dir='ltr'><strong>faciet</strong></span> <span class='ocrx_word' id='word_1_683' title='bbox 2298 3137 2469 3174; x_wconf 73' lang='lat' dir='ltr'><strong>omnes</strong></span> <span class='ocrx_word' id='word_1_684' title='bbox 2496 3119 2673 3174; x_wconf 81' lang='lat' dir='ltr'><strong>laudes</strong></span> <span class='ocrx_word' id='word_1_685' title='bbox 2698 3123 2807 3188; x_wconf 81' lang='lat' dir='ltr'><strong>ejus</strong></span> <span class='ocrx_word' id='word_1_686' title='bbox 2832 3117 2853 3192; x_wconf 87' lang='lat'>(</span> <span class='ocrx_word' id='word_1_687' title='bbox 2888 3117 3031 3174; x_wconf 83' lang='lat' dir='ltr'><strong>Psul.</strong></span> <span class='ocrx_word' id='word_1_688' title='bbox 3058 3117 3180 3174; x_wconf 78' lang='lat'><strong>{05.</strong></span> <span class='ocrx_word' id='word_1_689' title='bbox 3216 3116 3276 3185; x_wconf 72' lang='grc'><strong>9.)</strong></span> <span class='ocrx_word' id='word_1_690' title='bbox 3298 3116 3322 3170; x_wconf 89' lang='lat'><strong>?</strong></span> <span class='ocrx_word' id='word_1_691' title='bbox 3346 3115 3482 3173; x_wconf 84' lang='lat' dir='ltr'><strong>Nam</strong></span> 
     </span>
    </p>
   </div>
   <div class='ocr_carea' id='block_1_92' title="bbox 1878 3210 3485 3282">
    <p class='ocr_par' dir='ltr' id='par_1_92' title="bbox 1878 3210 3485 3282">
     <span class='ocr_line' id='line_1_92' title="bbox 1878 3210 3485 3282; baseline -0.002 -17"><span class='ocrx_word' id='word_1_692' title='bbox 1878 3212 2276 3266; x_wconf 79' lang='lat' dir='ltr'><strong>sicontribules</strong></span> <span class='ocrx_word' id='word_1_693' title='bbox 2300 3210 2535 3282; x_wconf 74' lang='lat' dir='ltr'><strong>Moysem</strong></span> <span class='ocrx_word' id='word_1_694' title='bbox 2576 3220 2696 3280; x_wconf 91' lang='lat' dir='ltr'><strong>post</strong></span> <span class='ocrx_word' id='word_1_695' title='bbox 2747 3219 2819 3264; x_wconf 90' lang='lat' dir='ltr'><strong>tot</strong></span> <span class='ocrx_word' id='word_1_696' title='bbox 2868 3210 3011 3265; x_wconf 85' lang='lat' dir='ltr'><strong>edita</strong></span> <span class='ocrx_word' id='word_1_697' title='bbox 3048 3210 3197 3281; x_wconf 68' lang='lat' dir='ltr'><strong>signa</strong></span> <span class='ocrx_word' id='word_1_698' title='bbox 3247 3224 3351 3262; x_wconf 88' lang='lat' dir='ltr'><strong>non</strong></span> <span class='ocrx_word' id='word_1_699' title='bbox 3383 3224 3485 3262; x_wconf 78' lang='lat' dir='ltr'><strong>au-</strong></span> 
     </span>
    </p>
   </div>
   <div class='ocr_carea' id='block_1_93' title="bbox 1879 3300 3485 3371">
    <p class='ocr_par' dir='ltr' id='par_1_93' title="bbox 1879 3300 3485 3371">
     <span class='ocr_line' id='line_1_93' title="bbox 1879 3300 3485 3371; baseline -0.002 -13"><span class='ocrx_word' id='word_1_700' title='bbox 1879 3303 2116 3364; x_wconf 85' lang='lat' dir='ltr'><strong>dicbant,</strong></span> <span class='ocrx_word' id='word_1_701' title='bbox 2149 3302 2220 3357; x_wconf 84' lang='lat' dir='ltr'><strong>ob</strong></span> <span class='ocrx_word' id='word_1_702' title='bbox 2246 3302 2414 3355; x_wconf 91' lang='lat' dir='ltr'><strong>lutum</strong></span> <span class='ocrx_word' id='word_1_703' title='bbox 2443 3310 2498 3357; x_wconf 91' lang='lat' dir='ltr'><strong>et</strong></span> <span class='ocrx_word' id='word_1_704' title='bbox 2527 3300 2723 3357; x_wconf 81' lang='lat' dir='ltr'><strong>lateres</strong></span> <span class='ocrx_word' id='word_1_705' title='bbox 2750 3301 2900 3371; x_wconf 83' lang='lat' dir='ltr'><strong>queis</strong></span> <span class='ocrx_word' id='word_1_706' title='bbox 2943 3301 3362 3371; x_wconf 83' lang='lat' dir='ltr'><strong>premebantur;</strong></span> <span class='ocrx_word' id='word_1_707' title='bbox 3389 3314 3485 3356; x_wconf 86' lang='lat' dir='ltr'><strong>eos</strong></span> 
     </span>
    </p>
   </div>
   <div class='ocr_carea' id='block_1_94' title="bbox 1878 3394 3482 3469">
    <p class='ocr_par' dir='ltr' id='par_1_94' title="bbox 1878 3394 3482 3469">
     <span class='ocr_line' id='line_1_94' title="bbox 1878 3394 3482 3469; baseline -0.004 -15"><span class='ocrx_word' id='word_1_708' title='bbox 1878 3398 1969 3469; x_wconf 83' lang='lat' dir='ltr'><strong>qui</strong></span> <span class='ocrx_word' id='word_1_709' title='bbox 2000 3397 2237 3468; x_wconf 87' lang='lat' dir='ltr'><strong>quotidie</strong></span> <span class='ocrx_word' id='word_1_710' title='bbox 2275 3396 2399 3452; x_wconf 79' lang='lat' dir='ltr'><strong>caesi</strong></span> <span class='ocrx_word' id='word_1_711' title='bbox 2444 3404 2497 3450; x_wconf 89' lang='lat' dir='ltr'><strong>et</strong></span> <span class='ocrx_word' id='word_1_712' title='bbox 2537 3396 2699 3451; x_wconf 78' lang='lat' dir='ltr'><strong>occisi</strong></span> <span class='ocrx_word' id='word_1_713' title='bbox 2738 3394 3076 3451; x_wconf 88' lang='lat' dir='ltr'><strong>intoleranda</strong></span> <span class='ocrx_word' id='word_1_714' title='bbox 3104 3394 3482 3466; x_wconf 82' lang='lat' dir='ltr'><strong>patiebantur,</strong></span> 
     </span>
    </p>
   </div>
   <div class='ocr_carea' id='block_1_95' title="bbox 1879 3486 3479 3562">
    <p class='ocr_par' dir='ltr' id='par_1_95' title="bbox 1879 3486 3479 3562">
     <span class='ocr_line' id='line_1_95' title="bbox 1879 3486 3479 3562; baseline 0 -17"><span class='ocrx_word' id='word_1_715' title='bbox 1879 3491 1998 3562; x_wconf 89' lang='lat' dir='ltr'><strong>quis</strong></span> <span class='ocrx_word' id='word_1_716' title='bbox 2040 3490 2247 3545; x_wconf 81' lang='lat' dir='ltr'><strong>induxit</strong></span> <span class='ocrx_word' id='word_1_717' title='bbox 2291 3499 2348 3544; x_wconf 90' lang='lat' dir='ltr'><strong>ut</strong></span> <span class='ocrx_word' id='word_1_718' title='bbox 2390 3488 2619 3546; x_wconf 81' lang='lat' dir='ltr'><strong>otiosam</strong></span> <span class='ocrx_word' id='word_1_719' title='bbox 2669 3489 2829 3544; x_wconf 87' lang='lat' dir='ltr'><strong>vitam</strong></span> <span class='ocrx_word' id='word_1_720' title='bbox 2872 3487 3247 3559; x_wconf 87' lang='lat' dir='ltr'><strong>repudiarent.</strong></span> <span class='ocrx_word' id='word_1_721' title='bbox 3280 3494 3335 3543; x_wconf 91' lang='lat' dir='ltr'><strong>et</strong></span> <span class='ocrx_word' id='word_1_722' title='bbox 3381 3486 3479 3557; x_wconf 87' lang='lat' dir='ltr'><strong>ipsi</strong></span> 
     </span>
    </p>
   </div>
   <div class='ocr_carea' id='block_1_96' title="bbox 1878 3580 3483 3654">
    <p class='ocr_par' dir='ltr' id='par_1_96' title="bbox 1878 3580 3483 3654">
     <span class='ocr_line' id='line_1_96' title="bbox 1878 3580 3483 3654; baseline -0.002 -15"><span class='ocrx_word' id='word_1_723' title='bbox 1878 3586 2036 3641; x_wconf 88' lang='lat' dir='ltr'><strong>aliam</strong></span> <span class='ocrx_word' id='word_1_724' title='bbox 2064 3590 2473 3654; x_wconf 86' lang='lat' dir='ltr'><strong>anteponerent,</strong></span> <span class='ocrx_word' id='word_1_725' title='bbox 2501 3581 2773 3653; x_wconf 82' lang='lat' dir='ltr'><strong>periculis,</strong></span> <span class='ocrx_word' id='word_1_726' title='bbox 2799 3582 3083 3652; x_wconf 86' lang='lat' dir='ltr'><strong>sanguine,</strong></span> <span class='ocrx_word' id='word_1_727' title='bbox 3112 3580 3483 3651; x_wconf 79' lang='lat' dir='ltr'><strong>mortibusqua</strong></span> 
     </span>
    </p>
   </div>
   <div class='ocr_carea' id='block_1_97' title="bbox 1874 3670 3484 3746">
    <p class='ocr_par' dir='ltr' id='par_1_97' title="bbox 1874 3670 3484 3746">
     <span class='ocr_line' id='line_1_97' title="bbox 1874 3670 3484 3746; baseline -0.004 -16"><span class='ocrx_word' id='word_1_728' title='bbox 1874 3676 2093 3746; x_wconf 81' lang='lat' dir='ltr'><strong>plenam</strong></span> <span class='ocrx_word' id='word_1_729' title='bbox 2122 3693 2134 3727; x_wconf 92' lang='lat'>:</span> <span class='ocrx_word' id='word_1_730' title='bbox 2169 3689 2295 3728; x_wconf 86' lang='lat' dir='ltr'><strong>cum</strong></span> <span class='ocrx_word' id='word_1_731' title='bbox 2329 3673 2619 3728; x_wconf 77' lang='lat' dir='ltr'><strong>maximeii</strong></span> <span class='ocrx_word' id='word_1_732' title='bbox 2663 3670 3484 3744; x_wconf 67' lang='lat' dir='ltr'><strong>quipraedicabautalienigetm</strong></span> 
     </span>
    </p>
   </div>
   <div class='ocr_carea' id='block_1_98' title="bbox 1882 3761 3480 3833">
    <p class='ocr_par' dir='ltr' id='par_1_98' title="bbox 1882 3761 3480 3833">
     <span class='ocr_line' id='line_1_98' title="bbox 1882 3761 3480 3833; baseline -0.003 -14"><span class='ocrx_word' id='word_1_733' title='bbox 1882 3764 2251 3832; x_wconf 87' lang='lat' dir='ltr'><strong>omnibusque</strong></span> <span class='ocrx_word' id='word_1_734' title='bbox 2267 3777 2499 3833; x_wconf 88' lang='lat' dir='ltr'><strong>prorsus</strong></span> <span class='ocrx_word' id='word_1_735' title='bbox 2530 3762 2738 3818; x_wconf 89' lang='lat' dir='ltr'><strong>inimici</strong></span> <span class='ocrx_word' id='word_1_736' title='bbox 2770 3770 2955 3818; x_wconf 84' lang='lat' dir='ltr'><strong>essent</strong></span> <span class='ocrx_word' id='word_1_737' title='bbox 2981 3763 3004 3815; x_wconf 85' lang='lat'><strong>?</strong></span> <span class='ocrx_word' id='word_1_738' title='bbox 3033 3761 3089 3816; x_wconf 88' lang='lat' dir='ltr'><strong>Si</strong></span> <span class='ocrx_word' id='word_1_739' title='bbox 3117 3761 3241 3830; x_wconf 84' lang='lat' dir='ltr'><strong>quis</strong></span> <span class='ocrx_word' id='word_1_740' title='bbox 3264 3761 3319 3815; x_wconf 89' lang='lat' dir='ltr'><strong>in</strong></span> <span class='ocrx_word' id='word_1_741' title='bbox 3344 3776 3480 3830; x_wconf 86' lang='lat' dir='ltr'><strong>gen-</strong></span> 
     </span>
    </p>
   </div>
   <div class='ocr_carea' id='block_1_99' title="bbox 1880 3850 3479 3927">
    <p class='ocr_par' dir='ltr' id='par_1_99' title="bbox 1880 3850 3479 3927">
     <span class='ocr_line' id='line_1_99' title="bbox 1880 3850 3479 3927; baseline -0.009 -10"><span class='ocrx_word' id='word_1_742' title='bbox 1880 3870 1978 3925; x_wconf 89' lang='lat' dir='ltr'><strong>tes,</strong></span> <span class='ocrx_word' id='word_1_743' title='bbox 2017 3861 2068 3915; x_wconf 90' lang='lat' dir='ltr'><strong>iu</strong></span> <span class='ocrx_word' id='word_1_744' title='bbox 2096 3860 2278 3921; x_wconf 86' lang='lat' dir='ltr'><strong>urbes,</strong></span> <span class='ocrx_word' id='word_1_745' title='bbox 2309 3859 2360 3911; x_wconf 87' lang='lat' dir='ltr'><strong>in</strong></span> <span class='ocrx_word' id='word_1_746' title='bbox 2395 3855 2620 3927; x_wconf 86' lang='lat' dir='ltr'><strong>populos</strong></span> <span class='ocrx_word' id='word_1_747' title='bbox 2643 3898 2658 3920; x_wconf 96' lang='lat'><strong>,</strong></span> <span class='ocrx_word' id='word_1_748' title='bbox 2690 3855 2799 3909; x_wconf 91' lang='lat' dir='ltr'><strong>imo</strong></span> <span class='ocrx_word' id='word_1_749' title='bbox 2830 3854 2881 3907; x_wconf 92' lang='lat' dir='ltr'><strong>in</strong></span> <span class='ocrx_word' id='word_1_750' title='bbox 2914 3868 3073 3906; x_wconf 90' lang='lat' dir='ltr'><strong>unam</strong></span> <span class='ocrx_word' id='word_1_751' title='bbox 3102 3850 3479 3906; x_wconf 89' lang='lat' dir='ltr'><strong>domunculam</strong></span> 
     </span>
    </p>
   </div>
   <div class='ocr_carea' id='block_1_100' title="bbox 1880 3946 3478 4014">
    <p class='ocr_par' dir='ltr' id='par_1_100' title="bbox 1880 3946 3478 4014">
     <span class='ocr_line' id='line_1_100' title="bbox 1880 3946 3478 4014; baseline -0.009 -3"><span class='ocrx_word' id='word_1_752' title='bbox 1880 3956 2159 4011; x_wconf 86' lang='lat' dir='ltr'><strong>induceret</strong></span> <span class='ocrx_word' id='word_1_753' title='bbox 2188 3954 2358 4008; x_wconf 87' lang='lat' dir='ltr'><strong>virum</strong></span> <span class='ocrx_word' id='word_1_754' title='bbox 2386 3950 2636 4006; x_wconf 89' lang='lat' dir='ltr'><strong>omnibus</strong></span> <span class='ocrx_word' id='word_1_755' title='bbox 2671 3946 3031 4003; x_wconf 85' lang='lat' dir='ltr'><strong>habitantibus</strong></span> <span class='ocrx_word' id='word_1_756' title='bbox 3056 3960 3173 4000; x_wconf 88' lang='lat' dir='ltr'><strong>eam</strong></span> <span class='ocrx_word' id='word_1_757' title='bbox 3202 3956 3478 4014; x_wconf 86' lang='lat' dir='ltr'><strong>perosum,</strong></span> 
     </span>
    </p>
   </div>
   <div class='ocr_carea' id='block_1_101' title="bbox 1878 4034 3479 4118">
    <p class='ocr_par' dir='ltr' id='par_1_101' title="bbox 1878 4034 3479 4118">
     <span class='ocr_line' id='line_1_101' title="bbox 1878 4034 3479 4118; baseline -0.01 -13"><span class='ocrx_word' id='word_1_758' title='bbox 1878 4060 1932 4104; x_wconf 87' lang='lat' dir='ltr'><strong>et</strong></span> <span class='ocrx_word' id='word_1_759' title='bbox 1967 4062 2062 4118; x_wconf 89' lang='lat' dir='ltr'><strong>per</strong></span> <span class='ocrx_word' id='word_1_760' title='bbox 2089 4061 2211 4101; x_wconf 90' lang='lat' dir='ltr'><strong>eum</strong></span> <span class='ocrx_word' id='word_1_761' title='bbox 2242 4052 2526 4100; x_wconf 89' lang='lat' dir='ltr'><strong>conaretur</strong></span> <span class='ocrx_word' id='word_1_762' title='bbox 2556 4040 2792 4111; x_wconf 84' lang='lat' dir='ltr'><strong>singulos</strong></span> <span class='ocrx_word' id='word_1_763' title='bbox 2822 4054 2850 4093; x_wconf 95' lang='lat' dir='ltr'><strong>a</strong></span> <span class='ocrx_word' id='word_1_764' title='bbox 2881 4036 3090 4092; x_wconf 90' lang='lat' dir='ltr'><strong>dilectis</strong></span> <span class='ocrx_word' id='word_1_765' title='bbox 3132 4034 3417 4098; x_wconf 81' lang='lat' dir='ltr'><strong>abducere,</strong></span> <span class='ocrx_word' id='word_1_766' title='bbox 3448 4049 3479 4089; x_wconf 89' lang='lat' dir='ltr'><strong>a</strong></span> 
     </span>
    </p>
   </div>
   <div class='ocr_carea' id='block_1_102' title="bbox 1880 4128 3484 4214">
    <p class='ocr_par' dir='ltr' id='par_1_102' title="bbox 1880 4128 3484 4214">
     <span class='ocr_line' id='line_1_102' title="bbox 1880 4128 3484 4214; baseline -0.007 -19"><span class='ocrx_word' id='word_1_767' title='bbox 1880 4154 2062 4214; x_wconf 89' lang='lat' dir='ltr'><strong>patre,</strong></span> <span class='ocrx_word' id='word_1_768' title='bbox 2091 4158 2121 4195; x_wconf 91' lang='lat' dir='ltr'><strong>a</strong></span> <span class='ocrx_word' id='word_1_769' title='bbox 2149 4150 2353 4203; x_wconf 81' lang='lat' dir='ltr'><strong>matre,</strong></span> <span class='ocrx_word' id='word_1_770' title='bbox 2384 4137 2454 4191; x_wconf 89' lang='lat' dir='ltr'><strong>ab</strong></span> <span class='ocrx_word' id='word_1_771' title='bbox 2485 4149 2651 4190; x_wconf 78' lang='lat' dir='ltr'><strong>uxore</strong></span> <span class='ocrx_word' id='word_1_772' title='bbox 2672 4176 2686 4199; x_wconf 94' lang='lat'><strong>,</strong></span> <span class='ocrx_word' id='word_1_773' title='bbox 2717 4148 2764 4213; x_wconf 55' lang='lat' dir='ltr'><strong>a~</strong></span> <span class='ocrx_word' id='word_1_774' title='bbox 2790 4131 2949 4186; x_wconf 87' lang='lat' dir='ltr'><strong>filiis:</strong></span> <span class='ocrx_word' id='word_1_775' title='bbox 2984 4144 3161 4184; x_wconf 89' lang='lat' dir='ltr'><strong>annon</strong></span> <span class='ocrx_word' id='word_1_776' title='bbox 3203 4128 3290 4183; x_wconf 86' lang='lat' dir='ltr'><strong>ille</strong></span> <span class='ocrx_word' id='word_1_777' title='bbox 3330 4135 3484 4183; x_wconf 56' lang='lat' dir='ltr'><strong>ante.</strong></span> 
     </span>
    </p>
   </div>
   <div class='ocr_carea' id='block_1_103' title="bbox 1880 4209 3485 4308">
    <p class='ocr_par' dir='ltr' id='par_1_103' title="bbox 1880 4209 3485 4308">
     <span class='ocr_line' id='line_1_103' title="bbox 1880 4209 3485 4308; baseline -0.011 -16"><span class='ocrx_word' id='word_1_778' title='bbox 1880 4209 2037 4308; x_wconf 77' lang='lat' dir='ltr'><strong>quam</strong></span> <span class='ocrx_word' id='word_1_779' title='bbox 2060 4250 2121 4289; x_wconf 90' lang='lat' dir='ltr'><strong>os</strong></span> <span class='ocrx_word' id='word_1_780' title='bbox 2148 4232 2383 4302; x_wconf 89' lang='lat' dir='ltr'><strong>aperiret</strong></span> <span class='ocrx_word' id='word_1_781' title='bbox 2412 4209 2848 4298; x_wconf 84' lang='lat' dir='ltr'><strong>discerperetur?</strong></span> <span class='ocrx_word' id='word_1_782' title='bbox 2875 4221 2933 4279; x_wconf 88' lang='lat' dir='ltr'><strong>Si</strong></span> <span class='ocrx_word' id='word_1_783' title='bbox 2958 4232 3137 4276; x_wconf 88' lang='lat' dir='ltr'><strong>autem</strong></span> <span class='ocrx_word' id='word_1_784' title='bbox 3160 4222 3240 4274; x_wconf 88' lang='lat' dir='ltr'><strong>vir</strong></span> <span class='ocrx_word' id='word_1_785' title='bbox 3268 4228 3323 4275; x_wconf 87' lang='lat' dir='ltr'><strong>et</strong></span> <span class='ocrx_word' id='word_1_786' title='bbox 3348 4235 3485 4274; x_wconf 82' lang='lat' dir='ltr'><strong>uxor</strong></span> 
     </span>
    </p>
   </div>
   <div class='ocr_carea' id='block_1_104' title="bbox 1879 4313 3486 4396">
    <p class='ocr_par' dir='ltr' id='par_1_104' title="bbox 1879 4313 3486 4396">
     <span class='ocr_line' id='line_1_104' title="bbox 1879 4313 3486 4396; baseline -0.014 -12"><span class='ocrx_word' id='word_1_787' title='bbox 1879 4328 2039 4386; x_wconf 85' lang='lat' dir='ltr'><strong>simul</strong></span> <span class='ocrx_word' id='word_1_788' title='bbox 2070 4328 2370 4396; x_wconf 81' lang='lat' dir='ltr'><strong>litigarem,</strong></span> <span class='ocrx_word' id='word_1_789' title='bbox 2398 4335 2576 4375; x_wconf 88' lang='lat' dir='ltr'><strong>annon</strong></span> <span class='ocrx_word' id='word_1_790' title='bbox 2617 4318 2700 4373; x_wconf 84' lang='lat' dir='ltr'><strong>vel</strong></span> <span class='ocrx_word' id='word_1_791' title='bbox 2733 4316 2877 4387; x_wconf 87' lang='lat' dir='ltr'><strong>prius</strong></span> <span class='ocrx_word' id='word_1_792' title='bbox 2919 4329 3079 4384; x_wconf 84' lang='lat' dir='ltr'><strong>quam</strong></span> <span class='ocrx_word' id='word_1_793' title='bbox 3112 4313 3274 4367; x_wconf 88' lang='lat' dir='ltr'><strong>limen</strong></span> <span class='ocrx_word' id='word_1_794' title='bbox 3304 4322 3486 4365; x_wconf 72' lang='lat' dir='ltr'><strong>trans-</strong></span> 
     </span>
    </p>
   </div>
   <div class='ocr_carea' id='block_1_105' title="bbox 1882 4406 3483 4490">
    <p class='ocr_par' dir='ltr' id='par_1_105' title="bbox 1882 4406 3483 4490">
     <span class='ocr_line' id='line_1_105' title="bbox 1882 4406 3483 4490; baseline -0.014 -11"><span class='ocrx_word' id='word_1_795' title='bbox 1882 4425 2004 4488; x_wconf 90' lang='lat' dir='ltr'><strong>iret,</strong></span> <span class='ocrx_word' id='word_1_796' title='bbox 2038 4419 2300 4490; x_wconf 85' lang='lat' dir='ltr'><strong>lapidibus</strong></span> <span class='ocrx_word' id='word_1_797' title='bbox 2332 4412 2686 4470; x_wconf 84' lang='lat' dir='ltr'><strong>obrueretur?</strong></span> <span class='ocrx_word' id='word_1_798' title='bbox 2714 4408 2771 4465; x_wconf 86' lang='lat' dir='ltr'><strong>Si</strong></span> <span class='ocrx_word' id='word_1_799' title='bbox 2801 4417 2980 4463; x_wconf 87' lang='lat' dir='ltr'><strong>autem</strong></span> <span class='ocrx_word' id='word_1_800' title='bbox 3014 4406 3103 4461; x_wconf 88' lang='lat' dir='ltr'><strong>ille</strong></span> <span class='ocrx_word' id='word_1_801' title='bbox 3129 4421 3226 4476; x_wconf 91' lang='lat' dir='ltr'><strong>per</strong></span> <span class='ocrx_word' id='word_1_802' title='bbox 3265 4418 3327 4459; x_wconf 87' lang='lat' dir='ltr'><strong>se</strong></span> <span class='ocrx_word' id='word_1_803' title='bbox 3354 4418 3483 4459; x_wconf 82' lang='lat' dir='ltr'><strong>con-</strong></span> 
     </span>
    </p>
   </div>
   <div class='ocr_carea' id='block_1_106' title="bbox 1882 4498 3484 4585">
    <p class='ocr_par' dir='ltr' id='par_1_106' title="bbox 1882 4498 3484 4585">
     <span class='ocr_line' id='line_1_106' title="bbox 1882 4498 3484 4585; baseline -0.016 -15"><span class='ocrx_word' id='word_1_804' title='bbox 1882 4524 2116 4585; x_wconf 87' lang='lat' dir='ltr'><strong>temptus</strong></span> <span class='ocrx_word' id='word_1_805' title='bbox 2157 4523 2387 4565; x_wconf 89' lang='lat' dir='ltr'><strong>onerosa</strong></span> <span class='ocrx_word' id='word_1_806' title='bbox 2419 4506 2765 4578; x_wconf 72' lang='lat' dir='ltr'><strong>praeciperet,</strong></span> <span class='ocrx_word' id='word_1_807' title='bbox 2800 4499 3005 4558; x_wconf 85' lang='lat' dir='ltr'><strong>deliciis</strong></span> <span class='ocrx_word' id='word_1_808' title='bbox 3038 4499 3278 4553; x_wconf 85' lang='lat' dir='ltr'><strong>fruentes</strong></span> <span class='ocrx_word' id='word_1_809' title='bbox 3309 4498 3484 4567; x_wconf 77' lang='lat' dir='ltr'><strong>philu-</strong></span> 
     </span>
    </p>
   </div>
   <div class='ocr_carea' id='block_1_107' title="bbox 1880 4592 3483 4683">
    <p class='ocr_par' dir='ltr' id='par_1_107' title="bbox 1880 4592 3483 4683">
     <span class='ocr_line' id='line_1_107' title="bbox 1880 4592 3483 4683; baseline -0.015 -15"><span class='ocrx_word' id='word_1_810' title='bbox 1880 4610 2097 4683; x_wconf 84' lang='lat' dir='ltr'><strong>Sophari</strong></span> <span class='ocrx_word' id='word_1_811' title='bbox 2122 4607 2339 4679; x_wconf 72' lang='lat' dir='ltr'><strong>iuberet</strong></span> <span class='ocrx_word' id='word_1_812' title='bbox 2358 4647 2373 4671; x_wconf 93' lang='lat'><strong>,</strong></span> <span class='ocrx_word' id='word_1_813' title='bbox 2405 4606 2472 4659; x_wconf 88' lang='lat' dir='ltr'><strong>ad</strong></span> <span class='ocrx_word' id='word_1_814' title='bbox 2501 4602 2616 4657; x_wconf 65' lang='lat' dir='ltr'><strong>hate</strong></span> <span class='ocrx_word' id='word_1_815' title='bbox 2644 4613 2772 4653; x_wconf 85' lang='lat' dir='ltr'><strong>vero</strong></span> <span class='ocrx_word' id='word_1_816' title='bbox 2801 4606 2988 4653; x_wconf 87' lang='lat' dir='ltr'><strong>contra</strong></span> <span class='ocrx_word' id='word_1_817' title='bbox 3021 4594 3189 4649; x_wconf 90' lang='lat' dir='ltr'><strong>multo</strong></span> <span class='ocrx_word' id='word_1_818' title='bbox 3216 4592 3402 4662; x_wconf 90' lang='lat' dir='ltr'><strong>plures</strong></span> <span class='ocrx_word' id='word_1_819' title='bbox 3434 4599 3483 4644; x_wconf 81' lang='lat' dir='ltr'><strong>et</strong></span> 
     </span>
    </p>
   </div>
   <div class='ocr_carea' id='block_1_108' title="bbox 1882 4685 3484 4760">
    <p class='ocr_par' dir='ltr' id='par_1_108' title="bbox 1882 4685 3484 4760">
     <span class='ocr_line' id='line_1_108' title="bbox 1882 4685 3484 4760; baseline -0.014 0"><span class='ocrx_word' id='word_1_820' title='bbox 1882 4705 2131 4760; x_wconf 90' lang='lat' dir='ltr'><strong>fortiores</strong></span> <span class='ocrx_word' id='word_1_821' title='bbox 2178 4709 2451 4757; x_wconf 88' lang='lat' dir='ltr'><strong>certamen</strong></span> <span class='ocrx_word' id='word_1_822' title='bbox 2502 4693 2902 4756; x_wconf 88' lang='lat' dir='ltr'><strong>committeret,</strong></span> <span class='ocrx_word' id='word_1_823' title='bbox 2951 4702 3128 4742; x_wconf 88' lang='lat' dir='ltr'><strong>annon</strong></span> <span class='ocrx_word' id='word_1_824' title='bbox 3180 4685 3354 4753; x_wconf 86' lang='lat' dir='ltr'><strong>palam</strong></span> <span class='ocrx_word' id='word_1_825' title='bbox 3402 4691 3484 4737; x_wconf 83' lang='lat' dir='ltr'><strong>est</strong></span> 
     </span>
    </p>
   </div>
   <div class='ocr_carea' id='block_1_109' title="bbox 1882 4778 3483 4863">
    <p class='ocr_par' dir='ltr' id='par_1_109' title="bbox 1882 4778 3483 4863">
     <span class='ocr_line' id='line_1_109' title="bbox 1882 4778 3483 4863; baseline -0.015 -8"><span class='ocrx_word' id='word_1_826' title='bbox 1882 4802 2028 4855; x_wconf 87' lang='lat' dir='ltr'><strong>illum</strong></span> <span class='ocrx_word' id='word_1_827' title='bbox 2072 4796 2291 4853; x_wconf 89' lang='lat' dir='ltr'><strong>omnino</strong></span> <span class='ocrx_word' id='word_1_828' title='bbox 2322 4792 2612 4863; x_wconf 89' lang='lat' dir='ltr'><strong>periturum</strong></span> <span class='ocrx_word' id='word_1_829' title='bbox 2648 4785 2807 4844; x_wconf 84' lang='lat' dir='ltr'><strong>esse?</strong></span> <span class='ocrx_word' id='word_1_830' title='bbox 2851 4786 3101 4839; x_wconf 77' lang='lat' dir='ltr'><strong>Attamen</strong></span> <span class='ocrx_word' id='word_1_831' title='bbox 3136 4778 3267 4835; x_wconf 87' lang='lat' dir='ltr'><strong>illud</strong></span> <span class='ocrx_word' id='word_1_832' title='bbox 3309 4780 3483 4849; x_wconf 89' lang='lat' dir='ltr'><strong>ipsum</strong></span> 
     </span>
    </p>
   </div>
   <div class='ocr_carea' id='block_1_110' title="bbox 1881 4868 3487 4963">
    <p class='ocr_par' dir='ltr' id='par_1_110' title="bbox 1881 4868 3487 4963">
     <span class='ocr_line' id='line_1_110' title="bbox 1881 4868 3487 4963; baseline -0.014 -16"><span class='ocrx_word' id='word_1_833' title='bbox 1881 4892 2021 4963; x_wconf 88' lang='lat' dir='ltr'><strong>quod</strong></span> <span class='ocrx_word' id='word_1_834' title='bbox 2050 4891 2101 4945; x_wconf 92' lang='lat' dir='ltr'><strong>in</strong></span> <span class='ocrx_word' id='word_1_835' title='bbox 2133 4904 2237 4943; x_wconf 91' lang='lat' dir='ltr'><strong>una</strong></span> <span class='ocrx_word' id='word_1_836' title='bbox 2263 4886 2423 4940; x_wconf 92' lang='lat' dir='ltr'><strong>domo</strong></span> <span class='ocrx_word' id='word_1_837' title='bbox 2452 4883 2564 4938; x_wconf 84' lang='lat' dir='ltr'><strong>fleri</strong></span> <span class='ocrx_word' id='word_1_838' title='bbox 2612 4879 2828 4950; x_wconf 89' lang='lat' dir='ltr'><strong>nequit,</strong></span> <span class='ocrx_word' id='word_1_839' title='bbox 2857 4874 3104 4932; x_wconf 88' lang='lat' dir='ltr'><strong>Christus</strong></span> <span class='ocrx_word' id='word_1_840' title='bbox 3134 4872 3185 4926; x_wconf 90' lang='lat' dir='ltr'><strong>in</strong></span> <span class='ocrx_word' id='word_1_841' title='bbox 3215 4880 3327 4926; x_wconf 90' lang='lat' dir='ltr'><strong>toto</strong></span> <span class='ocrx_word' id='word_1_842' title='bbox 3355 4868 3487 4924; x_wconf 84' lang='lat' dir='ltr'><strong>orbo</strong></span> 
     </span>
    </p>
   </div>
   <div class='ocr_carea' id='block_1_111' title="bbox 1885 4972 3486 5053">
    <p class='ocr_par' dir='ltr' id='par_1_111' title="bbox 1885 4972 3486 5053">
     <span class='ocr_line' id='line_1_111' title="bbox 1885 4972 3486 5053; baseline -0.016 -13"><span class='ocrx_word' id='word_1_843' title='bbox 1885 4985 2026 5048; x_wconf 89' lang='lat' dir='ltr'><strong>fecit,</strong></span> <span class='ocrx_word' id='word_1_844' title='bbox 2057 4998 2152 5053; x_wconf 90' lang='lat' dir='ltr'><strong>per</strong></span> <span class='ocrx_word' id='word_1_845' title='bbox 2180 4977 2496 5052; x_wconf 71' lang='lat' dir='ltr'><strong>praecipitia,</strong></span> <span class='ocrx_word' id='word_1_846' title='bbox 2523 4988 2620 5045; x_wconf 87' lang='lat' dir='ltr'><strong>per</strong></span> <span class='ocrx_word' id='word_1_847' title='bbox 2650 4972 2917 5037; x_wconf 63' lang='lat' dir='ltr'><strong>fornaces,</strong></span> <span class='ocrx_word' id='word_1_848' title='bbox 2948 4983 3045 5038; x_wconf 90' lang='lat' dir='ltr'><strong>per</strong></span> <span class='ocrx_word' id='word_1_849' title='bbox 3075 4974 3364 5035; x_wconf 71' lang='lat' dir='ltr'><strong>prterupta,</strong></span> <span class='ocrx_word' id='word_1_850' title='bbox 3392 4975 3486 5032; x_wconf 89' lang='lat' dir='ltr'><strong>per</strong></span> 
     </span>
    </p>
   </div>
   <div class='ocr_carea' id='block_1_112' title="bbox 1883 5056 3481 5145">
    <p class='ocr_par' dir='ltr' id='par_1_112' title="bbox 1883 5056 3481 5145">
     <span class='ocr_line' id='line_1_112' title="bbox 1883 5056 3481 5145; baseline -0.016 -12"><span class='ocrx_word' id='word_1_851' title='bbox 1883 5077 2136 5145; x_wconf 82' lang='lat' dir='ltr'><strong>Scopulos</strong></span> <span class='ocrx_word' id='word_1_852' title='bbox 2159 5116 2172 5138; x_wconf 87' lang='lat'><strong>,</strong></span> <span class='ocrx_word' id='word_1_853' title='bbox 2207 5088 2304 5143; x_wconf 82' lang='lat' dir='ltr'><strong>per</strong></span> <span class='ocrx_word' id='word_1_854' title='bbox 2332 5080 2529 5125; x_wconf 85' lang='lat' dir='ltr'><strong>terram</strong></span> <span class='ocrx_word' id='word_1_855' title='bbox 2561 5078 2615 5121; x_wconf 89' lang='lat' dir='ltr'><strong>et</strong></span> <span class='ocrx_word' id='word_1_856' title='bbox 2645 5078 2792 5119; x_wconf 84' lang='lat' dir='ltr'><strong>mare</strong></span> <span class='ocrx_word' id='word_1_857' title='bbox 2816 5104 2831 5129; x_wconf 91' lang='lat'><strong>,</strong></span> <span class='ocrx_word' id='word_1_858' title='bbox 2861 5063 3001 5117; x_wconf 91' lang='lat' dir='ltr'><strong>inter</strong></span> <span class='ocrx_word' id='word_1_859' title='bbox 3046 5058 3183 5113; x_wconf 85' lang='lat' dir='ltr'><strong>bella</strong></span> <span class='ocrx_word' id='word_1_860' title='bbox 3214 5056 3445 5127; x_wconf 90' lang='lat' dir='ltr'><strong>plurima</strong></span> <span class='ocrx_word' id='word_1_861' title='bbox 3466 5095 3481 5118; x_wconf 94' lang='lat'><strong>,</strong></span> 
     </span>
    </p>
   </div>
   <div class='ocr_carea' id='block_1_113' title="bbox 1883 5148 3485 5225">
    <p class='ocr_par' dir='ltr' id='par_1_113' title="bbox 1883 5148 3485 5225">
     <span class='ocr_line' id='line_1_113' title="bbox 1883 5148 3485 5225; baseline -0.012 -6"><span class='ocrx_word' id='word_1_862' title='bbox 1883 5169 2027 5223; x_wconf 76' lang='lat' dir='ltr'><strong>erhis</strong></span> <span class='ocrx_word' id='word_1_863' title='bbox 2054 5166 2289 5221; x_wconf 75' lang='lat' dir='ltr'><strong>medicos</strong></span> <span class='ocrx_word' id='word_1_864' title='bbox 2311 5161 2589 5225; x_wconf 66' lang='lat' dir='ltr'><strong>inducens.</strong></span> <span class='ocrx_word' id='word_1_865' title='bbox 2608 5159 2735 5225; x_wconf 73' lang='lat' dir='ltr'><strong>Qure</strong></span> <span class='ocrx_word' id='word_1_866' title='bbox 2754 5154 2933 5209; x_wconf 87' lang='lat' dir='ltr'><strong>omnia</strong></span> <span class='ocrx_word' id='word_1_867' title='bbox 2959 5153 3001 5208; x_wconf 89' lang='lat' dir='ltr'><strong>si</strong></span> <span class='ocrx_word' id='word_1_868' title='bbox 3024 5150 3225 5206; x_wconf 89' lang='lat' dir='ltr'><strong>certius</strong></span> <span class='ocrx_word' id='word_1_869' title='bbox 3245 5148 3485 5204; x_wconf 82' lang='lat' dir='ltr'><strong>ediscere</strong></span> 
     </span>
    </p>
   </div>
   <div class='ocr_carea' id='block_1_114' title="bbox 1887 5222 3484 5326">
    <p class='ocr_par' dir='ltr' id='par_1_114' title="bbox 1887 5222 3484 5326">
     <span class='ocr_line' id='line_1_114' title="bbox 1887 5222 3484 5326; baseline -0.014 -13"><span class='ocrx_word' id='word_1_870' title='bbox 1887 5262 2047 5320; x_wconf 75' lang='lat' dir='ltr'><strong>velis;</strong></span> <span class='ocrx_word' id='word_1_871' title='bbox 2084 5272 2273 5326; x_wconf 84' lang='lat' dir='ltr'><strong>nempe</strong></span> <span class='ocrx_word' id='word_1_872' title='bbox 2304 5252 2517 5325; x_wconf 78' lang='lat' dir='ltr'><strong>famem,</strong></span> <span class='ocrx_word' id='word_1_873' title='bbox 2549 5222 2929 5321; x_wconf 49' lang='lat' dir='ltr'><strong>tiestilentiam.</strong></span> <span class='ocrx_word' id='word_1_874' title='bbox 2966 5258 3122 5299; x_wconf 75' lang='lat' dir='ltr'><strong>terra:</strong></span> <span class='ocrx_word' id='word_1_875' title='bbox 3155 5253 3353 5306; x_wconf 76' lang='lat' dir='ltr'><strong>ntozns,</strong></span> <span class='ocrx_word' id='word_1_876' title='bbox 3382 5254 3484 5293; x_wconf 61' lang='lat' dir='ltr'><strong>tan-</strong></span> 
     </span>
    </p>
   </div>
   <div class='ocr_carea' id='block_1_115' title="bbox 1887 5337 3483 5422">
    <p class='ocr_par' dir='ltr' id='par_1_115' title="bbox 1887 5337 3483 5422">
     <span class='ocr_line' id='line_1_115' title="bbox 1887 5337 3483 5422; baseline -0.014 -16"><span class='ocrx_word' id='word_1_877' title='bbox 1887 5364 2131 5422; x_wconf 66' lang='lat' dir='ltr'><strong>terasqtte</strong></span> <span class='ocrx_word' id='word_1_878' title='bbox 2163 5347 2449 5419; x_wconf 80' lang='lat' dir='ltr'><strong>tragoedias</strong></span> <span class='ocrx_word' id='word_1_879' title='bbox 2473 5388 2486 5407; x_wconf 88' lang='lat'><strong>,</strong></span> <span class='ocrx_word' id='word_1_880' title='bbox 2520 5344 2604 5397; x_wconf 88' lang='lat' dir='ltr'><strong>adi</strong></span> <span class='ocrx_word' id='word_1_881' title='bbox 2633 5340 2851 5411; x_wconf 73' lang='lat' dir='ltr'><strong>Iosephi</strong></span> <span class='ocrx_word' id='word_1_882' title='bbox 2879 5337 3155 5394; x_wconf 85' lang='lat' dir='ltr'><strong>historiam</strong></span> <span class='ocrx_word' id='word_1_883' title='bbox 3176 5378 3193 5402; x_wconf 87' lang='lat'><strong>,</strong></span> <span class='ocrx_word' id='word_1_884' title='bbox 3223 5342 3279 5389; x_wconf 90' lang='lat' dir='ltr'><strong>ut</strong></span> <span class='ocrx_word' id='word_1_885' title='bbox 3323 5347 3483 5387; x_wconf 85' lang='lat' dir='ltr'><strong>accu-</strong></span> 
     </span>
    </p>
   </div>
   <div class='ocr_carea' id='block_1_116' title="bbox 1885 5425 3482 5515">
    <p class='ocr_par' dir='ltr' id='par_1_116' title="bbox 1885 5425 3482 5515">
     <span class='ocr_line' id='line_1_116' title="bbox 1885 5425 3482 5515; baseline -0.014 -16"><span class='ocrx_word' id='word_1_886' title='bbox 1885 5459 1997 5499; x_wconf 85' lang='lat' dir='ltr'><strong>rate</strong></span> <span class='ocrx_word' id='word_1_887' title='bbox 2031 5443 2207 5515; x_wconf 82' lang='lat' dir='ltr'><strong>omnia</strong></span> <span class='ocrx_word' id='word_1_888' title='bbox 2239 5437 2465 5494; x_wconf 85' lang='lat' dir='ltr'><strong>ediscas.</strong></span> <span class='ocrx_word' id='word_1_889' title='bbox 2487 5438 2610 5492; x_wconf 84' lang='lat' dir='ltr'><strong>ideo</strong></span> <span class='ocrx_word' id='word_1_890' title='bbox 2638 5434 2849 5491; x_wconf 76' lang='lat' dir='ltr'><strong>dicebat</strong></span> <span class='ocrx_word' id='word_1_891' title='bbox 2876 5434 2967 5486; x_wconf 75' lang='lat' dir='ltr'><strong>ille.</strong></span> <span class='ocrx_word' id='word_1_892' title='bbox 2999 5449 3011 5485; x_wconf 86' lang='lat'><strong>:</strong></span> <span class='ocrx_word' id='word_1_893' title='bbox 3052 5427 3131 5485; x_wconf 83' lang='lat' dir='ltr'><strong>Ne</strong></span> <span class='ocrx_word' id='word_1_894' title='bbox 3159 5425 3482 5482; x_wconf 79' lang='lat' dir='ltr'><strong>terrettntt&#39;ui:</strong></span> 
     </span>
    </p>
   </div>
   <div class='ocr_carea' id='block_1_117' title="bbox 1886 5523 3484 5607">
    <p class='ocr_par' dir='ltr' id='par_1_117' title="bbox 1886 5523 3484 5607">
     <span class='ocr_line' id='line_1_117' title="bbox 1886 5523 3484 5607; baseline -0.014 -16"><span class='ocrx_word' id='word_1_895' title='bbox 1886 5548 2079 5607; x_wconf 75' lang='lat' dir='ltr'><strong>Oportet</strong></span> <span class='ocrx_word' id='word_1_896' title='bbox 2109 5538 2241 5591; x_wconf 86' lang='lat' dir='ltr'><strong>enim</strong></span> <span class='ocrx_word' id='word_1_897' title='bbox 2276 5535 2446 5587; x_wconf 82' lang='lat' dir='ltr'><strong>omnia</strong></span> <span class='ocrx_word' id='word_1_898' title='bbox 2479 5531 2630 5602; x_wconf 65' lang='lat' dir='ltr'><strong>ﬁeri;</strong></span> <span class='ocrx_word' id='word_1_899' title='bbox 2660 5539 2714 5585; x_wconf 90' lang='lat' dir='ltr'><strong>et</strong></span> <span class='ocrx_word' id='word_1_900' title='bbox 2738 5572 2752 5593; x_wconf 85' lang='lat'><strong>,</strong></span> <span class='ocrx_word' id='word_1_901' title='bbox 2786 5527 2889 5595; x_wconf 83' lang='lat' dir='ltr'><strong>Qui</strong></span> <span class='ocrx_word' id='word_1_902' title='bbox 2920 5523 3303 5595; x_wconf 67' lang='lat' dir='ltr'><strong>perseveraverit</strong></span> <span class='ocrx_word' id='word_1_903' title='bbox 3330 5533 3484 5587; x_wconf 69' lang='lat' dir='ltr'><strong>usque</strong></span> 
     </span>
    </p>
   </div>
   <div class='ocr_carea' id='block_1_118' title="bbox 1886 5612 3479 5694">
    <p class='ocr_par' dir='ltr' id='par_1_118' title="bbox 1886 5612 3479 5694">
     <span class='ocr_line' id='line_1_118' title="bbox 1886 5612 3479 5694; baseline -0.015 -10"><span class='ocrx_word' id='word_1_904' title='bbox 1886 5633 1935 5684; x_wconf 83' lang='lat' dir='ltr'><strong>in</strong></span> <span class='ocrx_word' id='word_1_905' title='bbox 1966 5632 2135 5694; x_wconf 81' lang='lat' dir='ltr'><strong>ﬁnem,</strong></span> <span class='ocrx_word' id='word_1_906' title='bbox 2167 5630 2247 5681; x_wconf 80' lang='lat' dir='ltr'><strong>hic</strong></span> <span class='ocrx_word' id='word_1_907' title='bbox 2272 5628 2440 5680; x_wconf 78' lang='lat' dir='ltr'><strong>salvus</strong></span> <span class='ocrx_word' id='word_1_908' title='bbox 2470 5625 2565 5679; x_wconf 81' lang='lat' dir='ltr'><strong>erit</strong></span> <span class='ocrx_word' id='word_1_909' title='bbox 2587 5640 2602 5685; x_wconf 87' lang='lat'><strong>;</strong></span> <span class='ocrx_word' id='word_1_910' title='bbox 2628 5631 2702 5685; x_wconf 89' lang='lat' dir='ltr'><strong>et,</strong></span> <span class='ocrx_word' id='word_1_911' title='bbox 2738 5620 3107 5675; x_wconf 75' lang='lat' dir='ltr'><strong>Pratdicubitur</strong></span> <span class='ocrx_word' id='word_1_912' title='bbox 3135 5616 3227 5670; x_wconf 79' lang='lat' dir='ltr'><strong>hoc</strong></span> <span class='ocrx_word' id='word_1_913' title='bbox 3252 5612 3479 5675; x_wconf 82' lang='lat' dir='ltr'><strong>Evange-</strong></span> 
     </span>
    </p>
   </div>
   <div class='ocr_carea' id='block_1_119' title="bbox 1883 5706 3489 5777">
    <p class='ocr_par' dir='ltr' id='par_1_119' title="bbox 1883 5706 3489 5777">
     <span class='ocr_line' id='line_1_119' title="bbox 1883 5706 3489 5777; baseline -0.016 0"><span class='ocrx_word' id='word_1_914' title='bbox 1883 5723 2013 5777; x_wconf 82' lang='lat' dir='ltr'><strong>littnt</strong></span> <span class='ocrx_word' id='word_1_915' title='bbox 2038 5722 2094 5775; x_wconf 87' lang='lat' dir='ltr'><strong>in</strong></span> <span class='ocrx_word' id='word_1_916' title='bbox 2117 5721 2362 5774; x_wconf 81' lang='lat' dir='ltr'><strong>universo</strong></span> <span class='ocrx_word' id='word_1_917' title='bbox 2392 5715 2609 5770; x_wconf 82' lang='lat' dir='ltr'><strong>mundo.</strong></span> <span class='ocrx_word' id='word_1_918' title='bbox 2640 5712 2768 5769; x_wconf 87' lang='lat' dir='ltr'><strong>Illos</strong></span> <span class='ocrx_word' id='word_1_919' title='bbox 2795 5711 2943 5768; x_wconf 86' lang='lat' dir='ltr'><strong>enim</strong></span> <span class='ocrx_word' id='word_1_920' title='bbox 2976 5724 3039 5764; x_wconf 85' lang='lat' dir='ltr'><strong>ex</strong></span> <span class='ocrx_word' id='word_1_921' title='bbox 3071 5706 3344 5762; x_wconf 86' lang='lat' dir='ltr'><strong>dictorum</strong></span> <span class='ocrx_word' id='word_1_922' title='bbox 3375 5707 3489 5756; x_wconf 80' lang='lat' dir='ltr'><strong>ter-</strong></span> 
     </span>
    </p>
   </div>
   <div class='ocr_carea' id='block_1_120' title="bbox 1892 5818 3491 5949">
    <p class='ocr_par' dir='ltr' id='par_1_120' title="bbox 1892 5818 3491 5949">
     <span class='ocr_line' id='line_1_120' title="bbox 1892 5818 3491 5949; baseline -0.011 -64"><span class='ocrx_word' id='word_1_923' title='bbox 1892 5838 1966 5949; x_wconf 60' lang='grc' dir='ltr'>Πι</span> <span class='ocrx_word' id='word_1_924' title='bbox 1996 5834 2051 5883; x_wconf 87' lang='lat' dir='ltr'><strong>In</strong></span> <span class='ocrx_word' id='word_1_925' title='bbox 2092 5834 2268 5884; x_wconf 73' lang='lat' dir='ltr'><strong>Morel.</strong></span> <span class='ocrx_word' id='word_1_926' title='bbox 2306 5834 2512 5897; x_wconf 78' lang='lat' dir='ltr'><strong>legitur,</strong></span> <span class='ocrx_word' id='word_1_927' title='bbox 2544 5828 2626 5894; x_wconf 84' lang='lat' dir='ltr'><strong>qui</strong></span> <span class='ocrx_word' id='word_1_928' title='bbox 2656 5842 2805 5880; x_wconf 81' lang='lat' dir='ltr'><strong>nouns</strong></span> <span class='ocrx_word' id='word_1_929' title='bbox 2842 5822 3131 5878; x_wconf 81' lang='lat' dir='ltr'><strong>intlucebnnt</strong></span> <span class='ocrx_word' id='word_1_930' title='bbox 3169 5818 3298 5884; x_wconf 82' lang='lat' dir='ltr'><strong>(eges</strong></span> <span class='ocrx_word' id='word_1_931' title='bbox 3322 5822 3491 5867; x_wconf 81' lang='lat' dir='ltr'><strong>contra</strong></span> 
     </span>
     <span class='ocr_line' id='line_1_121' title="bbox 1932 5909 2145 5949; baseline -0.009 0"><span class='ocrx_word' id='word_1_932' title='bbox 1932 5909 2145 5949; x_wconf 74' lang='lat' dir='ltr'><strong>out/mos.</strong></span> 
     </span>
    </p>
   </div>
   <div class='ocr_carea' id='block_1_121' title="bbox 1932 5909 2145 5949">
    <p class='ocr_par' dir='ltr' id='par_1_121' title="bbox 1932 5909 2145 5949">
     <span class='ocr_line' id='line_1_122' title="bbox 1932 5909 2145 5949; baseline -0.009 0"><span class='ocrx_word' id='word_1_933' title='bbox 1932 5909 2145 5949; x_wconf 81' lang='lat' dir='ltr'><strong>onmnos.</strong></span> 
     </span>
    </p>
   </div>
  </div>
