4174 6332
713 425 777 478 159
790 426 808 478 ι

714 558 833 593 rore
859 539 1054 594 fractos
1087 542 1400 609 solutosque
1434 542 1494 594 ad
1522 556 1672 610 spem
1708 540 1985 593 meliorem
2020 536 2287 591 convertit

712 633 917 696 dicens,
958 632 1172 686 etiamsi
1214 632 1382 686 millia
1414 632 1589 687 forent
1630 631 2000 688 inconunoda,
2034 637 2287 697 oportere

718 730 890 773 tamen
932 720 1270 788 evangelium
1308 722 1589 789 praedicari
1620 736 1716 789 per
1747 728 1918 773 totum
1961 718 2149 771 orbem
2180 725 2289 771 ter-

713 826 914 870 rarum.
950 825 1005 866 et
1032 825 1159 868 tunc
1182 818 1479 867 venturum
1516 814 1674 867 finem
1702 826 1844 866 esse.
2270 806 2271 811 “

784 906 835 958 4.
882 905 1011 969 Quot
1040 905 1169 958 bella
1190 904 1433 974 apostolis
1462 905 1604 956 illata
1645 914 1863 966 tenipore
1890 890 2279 968 prwdicationis.

714 995 755 1050 C
764 1006 901 1047 antra
949 995 1384 1066 genetltlialogium
1418 1005 1463 1047 et
1492 1006 1769 1061 temporum
1809 991 2187 1044 rcrolntioncm.
2214 1016 2286 1029 --

718 1072 956 1139 \'idistin'
981 1103 1080 1154 qua
1108 1087 1409 1141 conditione
1437 1095 1544 1139 tum
1576 1100 1659 1138 res
1688 1091 1887 1147 essent,
1917 1090 1971 1135 et
1998 1096 2156 1150 quam
2190 1095 2283 1132 va-

715 1180 791 1232 ria
823 1178 943 1232 belli
978 1177 1158 1243 facies,
1187 1188 1239 1233 et
1278 1177 1389 1232 lucc
1422 1178 1472 1230 in
1506 1175 1783 1244 principio,
1813 1188 1932 1226 cum
1978 1170 2044 1226 ad
2079 1170 2281 1241 singula

714 1270 847 1322 bona
873 1284 1031 1337 opera
1052 1310 1067 1331 ,
1100 1284 1283 1339 magna
1312 1282 1441 1337 opus
1473 1277 1553 1321 est
1585 1262 2008 1334 tranquillitate?
2035 1261 2150 1328 Quo
2198 1276 2285 1314 res

714 1363 764 1415 in
810 1373 945 1416 statu
987 1372 1135 1415 erant
1157 1362 1178 1414 ἲ
1204 1361 1339 1415 Nihil
1367 1361 1506 1413 enim
1539 1358 1687 1412 obest
1710 1397 1725 1419 ,
1754 1358 1880 1425 quin
1920 1353 2106 1410 eadem
2138 1367 2285 1405 resu-

715 1467 937 1508 mannts.
964 1454 1194 1507 Primum
1228 1453 1421 1507 bellum
1464 1460 1575 1505 erat
1627 1449 1963 1503 scductorum
1997 1464 2010 1500 :
2052 1444 2279 1508 Veniant,

715 1548 898 1614 inquit,
931 1547 1338 1616 parudo—c/aristi,
1371 1555 1415 1598 et
1447 1544 1635 1612 pseudo
1668 1543 1923 1612 praplteta:
1941 1557 1961 1605 ;
1990 1537 2280 1593 secundum

720 1636 1074 1691 limuanorum
1111 1655 1121 1688 :
1162 1638 1395 1689 Audituri
1430 1637 1562 1688 enim
1612 1635 1726 1687 estis
1779 1632 1995 1703 prwlia;
2026 1628 2279 1691 tertium,

710 1730 847 1795 quaid
880 1730 1068 1783 famem
1102 1730 1346 1793 inducet;
1378 1741 1653 1797 quartum,
1682 1726 1819 1796 quod
1866 1724 2189 1795 pestilentias
2228 1733 2282 1777 ct

711 1830 864 1874 terra:
893 1834 1066 1875 motus
1098 1840 1109 1873 :
1141 1824 1400 1892 quintum,
1434 1819 1867 1875 tribulationum:
1897 1817 2115 1871 Tradat!
2140 1816 2281 1870 cnim

710 1929 792 1968 vos
822 1915 874 1966 in
901 1926 1144 1977 mortem;
1176 1923 1380 1967 sextum
1404 1953 1416 1976 ,
1450 1912 1606 1966 Erilis
1652 1912 1767 1965 odio
1812 1910 2039 1963 erunibus
2079 1918 2283 1977 prapter

710 2019 887 2057 nomen
913 2020 1072 2057 meum
1098 2021 1115 2067 ;
1143 2006 1424 2074 septimum
1455 2045 1467 2064 .
1498 2002 1721 2056 Tradcnt
1744 2019 1797 2055 se
1824 2002 2033 2055 invicem
2053 2043 2065 2061 ,
2091 2013 2135 2054 et
2164 2001 2281 2053 odio

710 2097 953 2151 habebunt
984 2098 1230 2159 invicem;
1260 2094 1345 2150 hic
1373 2095 1565 2150 bellum
1608 2095 1764 2148 civile
1794 2092 2043 2148 declarat.
2080 2092 2281 2147 Deinde

711 2187 1145 2257 pseudo-christi
1188 2198 1242 2244 ct
1288 2188 1403 2242 falsi
1444 2187 1637 2242 fratres
1670 2204 1684 2241 :
1719 2198 1897 2256 postea
1927 2227 1942 2253 ,
1977 2185 2281 2255 Refriqescct

709 2280 892 2333 raritas
922 2281 1209 2343 multorum,
1238 2279 1375 2349 quod
1419 2288 1501 2333 est
1535 2280 1769 2332 omnimn
1807 2291 1963 2333 causa
1996 2278 2274 2331 malormn.

714 2368 894 2422 \‘iden‘
921 2369 1065 2424 mille
1101 2370 1357 2425 bellorum
1404 2365 1595 2440 genera
1620 2411 1635 2435 ,
1685 2386 1818 2423 nova
1849 2370 2025 2424 omnia
2065 2378 2120 2425 et
2159 2380 2275 2425 stu-

709 2458 917 2525 penda?
944 2461 1212 2524 Attamen,
1246 2460 1381 2515 inter
1409 2460 1519 2514 hzrc
1550 2471 1603 2514 et
1623 2460 1722 2513 alia
1753 2462 1913 2516 nmlta
1944 2460 1962 2532 (
1991 2478 2110 2514 nam
2133 2461 2277 2515 civili

708 2549 845 2603 bello
874 2549 1029 2603 etiam
1055 2560 1401 2620 cognatorum
1432 2551 1624 2605 bellum
1646 2564 1754 2606 erat
1788 2554 2117 2623 adjunctum)
2146 2568 2280 2622 pra:-

707 2639 900 2692 dicatio
926 2649 1087 2693 totum
1119 2641 1300 2694 orbem
1343 2642 1618 2712 occupavit
1654 2658 1666 2696 :
1697 2658 1815 2697 nam
1846 2644 1939 2707 ait,
1970 2641 2280 2696 Prwdicabi-

708 2735 792 2779 tur
823 2727 915 2779 hoc
938 2725 1258 2797 Evnngefium
1307 2731 1357 2783 in
1404 2734 1633 2785 universo
1675 2734 1876 2786 nmndo.
1914 2732 2007 2787 Ubi
2037 2744 2158 2785 sunt
2187 2733 2275 2803 qui

709 2820 913 2885 genesis
966 2822 1290 2890 tyrannidem
1342 2831 1742 2893 tunqornmqne
1796 2824 2176 2878 revolutionem
2223 2826 2271 2878 in

708 2908 957 2964 licelesiie
999 2911 1240 2980 dogmata
1279 2913 1508 2967 inferunt
1553 2913 1666 2984 (tl)?
1693 2913 1820 2982 Quis
1864 2932 2112 2985 umquam
2157 2932 2269 2972 nte-

705 3001 954 3064 moravit,
988 3002 1153 3073 visum
1196 3003 1359 3059 fuisse
1396 3005 1662 3059 Christum
1696 3008 1871 3061 'alium
1894 3049 1906 3066 .
1940 3007 2274 3078 similemque

704 3106 813 3144 rem
847 3101 901 3145 et
924 3103 1176 3147 eventum
1207 3094 1399 3151 fuisse?
1420 3096 1517 3151 etsi
1551 3097 1652 3151 alia
1682 3098 1843 3152 multa
1874 3098 2005 3153 falso
2032 3108 2269 3166 narrent,

704 3197 892 3251 nempe
921 3196 1134 3239 centum
1174 3200 1432 3240 annorum
1482 3189 1644 3241 millia
1682 3191 1997 3257 prmteriisse
2024 3229 2039 3253 ,
2092 3207 2271 3247 verum

703 3273 834 3328 nihil
860 3274 943 3328 hic
967 3274 1139 3330 simile
1168 3275 1468 3347 conﬁngere
1489 3280 1700 3333 audent.
1732 3280 1896 3347 Quam
1919 3295 2046 3349 ergo
2071 3282 2275 3337 revolu-

702 3366 894 3417 tionctn
937 3364 1214 3421 dixeritis?
1240 3366 1421 3437 Neque
1462 3369 1601 3423 enim
1652 3369 1898 3425 Sodoma:
1949 3388 2120 3440 neque
2166 3372 2271 3428 Go-

701 3454 928 3509 nntrrlia:
977 3470 1169 3523 casus,
1202 3472 1371 3527 neque
1424 3458 1717 3519 diluvium.
1769 3462 2002 3517 secundo
2054 3480 2269 3521 Venere.

704 3542 985 3614 Usquequo
1011 3562 1135 3617 ergo
1161 3546 1383 3615 ludetis,
1417 3550 1798 3605 revolutioncm
1826 3566 1887 3607 ac
1921 3554 2155 3621 genesim
2188 3556 2269 3609 in-

699 3636 991 3692 decentes?
1015 3638 1290 3705 Quomodo
1312 3656 1439 3710 ergo
1464 3683 1476 3704 .
1512 3643 1719 3712 inquies
1738 3686 1751 3708 ,
1780 3645 1943 3698 multa
1972 3648 2269 3715 pra-dicun-

698 3740 802 3796 tur,
826 3739 879 3783 et
906 3730 1187 3785 eveniunt?
1210 3731 1342 3798 Quia
1369 3745 1421 3787 tu
1446 3734 1664 3803 teipsum
1692 3736 1782 3789 Dei
1809 3738 2003 3791 auxilio
2031 3740 2264 3807 privasti,

698 3831 753 3873 et
797 3829 848 3874 te
886 3820 1190 3889 prodidisti,
1217 3832 1375 3892 atque
1412 3834 1558 3878 cvtra
1592 3826 1969 3894 providentiam
2011 3832 2264 3898 posuisti,

697 3910 818 3965 ideo
845 3911 1049 3966 daemon
1083 3928 1176 3981 pro
1205 3909 1488 3969 lubito'suo
1515 3931 1601 3970 res
1622 3919 1886 3971 convertit
1911 3927 1963 3973 ct
1993 3919 2263 3977 transfert.

702 4000 893 4056 Verum
927 4002 976 4056 id
1019 4020 1122 4057 non
1161 4005 1270 4074 agit
1305 4006 1355 4059 in
1401 4007 1618 4066 sanctis.
1662 4007 1770 4062 into
1819 4025 1988 4079 neque
2033 4011 2082 4063 in
2116 4011 2266 4067 nobis

697 4093 1077 4160 peccatoribus,
1098 4094 1185 4165 qui
1218 4095 1303 4149 illa
1329 4095 1612 4151 admodum
1634 4097 1974 4167 despicimus.
2010 4100 2137 4154 Nam
2167 4104 2268 4157 etsi

697 4182 801 4235 vita
833 4194 1009 4237 nostra
1040 4200 1144 4238 non
1188 4186 1257 4239 sit
1300 4186 1568 4241 toleranda
1597 4229 1608 4251 ,
1640 4200 1870 4243 attamen
1898 4191 2018 4260 quia
2050 4207 2143 4260 per
2175 4193 2266 4249 Dei

695 4275 917 4343 gratiam
948 4277 1182 4331 veritatis
1231 4279 1473 4347 dogmata
1515 4282 1909 4337 accuratiSsime
1942 4286 2260 4350 retinemus,

696 4364 991 4419 drmonmn
1029 4366 1232 4421 insidiis
1273 4370 1574 4435 superiores
1617 4388 1819 4425 smnus.
1849 4372 1953 4427 Sed
1984 4376 2107 4443 quid
2153 4387 2263 4429 tan-

694 4455 814 4511 dem
861 4466 942 4512 est
969 4458 1054 4513 illa
1082 4460 1337 4528 genesis?
1378 4461 1516 4517 Nihil
1556 4464 1695 4518 aliud
1737 4482 1893 4533 quam
1933 4465 2182 4537 iniquitas
2211 4480 2265 4527 ct

694 4548 932 4617 cqnfusio
955 4590 971 4614 ,
999 4559 1051 4605 et
1080 4551 1220 4621 quod
1252 4553 1429 4607 omnia
1474 4568 1599 4608 casu
1647 4568 1699 4610 et
1744 4558 1943 4611 temere
1990 4558 2260 4625 ferantur;

695 4640 801 4694 imo
831 4656 933 4694 non
967 4650 1165 4698 temere
1196 4654 1393 4698 tantum
1420 4687 1433 4711 ,
1462 4643 1555 4701 sed
1582 4646 1737 4701 etiam
1766 4659 1951 4703 contra
1981 4650 2262 4706 rationem.

697 4734 858 4801 Atqui
887 4735 931 4786 si
972 4748 1075 4788 non
1111 4745 1193 4789 est
1224 4736 1451 4805 genesis,
1476 4736 1702 4808 inquies,
1731 4753 1826 4793 cur
1852 4740 1937 4795 ille
1967 4740 2113 4796 dives
2138 4753 2221 4797 est
2246 4786 2259 4808 ,

696 4826 784 4881 ille
810 4841 1008 4896 pauper
1028 4827 1051 4879 ?
1075 4826 1283 4882 Nescio.
1317 4827 1388 4882 Ita
1415 4831 1558 4884 enim
1592 4843 1763 4887 tecum
1792 4832 2094 4903 disputabo,
2127 4845 2180 4889 ut
2214 4848 2264 4893 te

694 4918 910 4973 doceam
952 4935 1055 4973 non
1083 4920 1256 4975 omnia
1299 4922 1376 4975 sic
1402 4922 1609 4978 curiose
1638 4926 1959 4993 extiloranda
1986 4943 2135 4988 esse,
2168 4946 2260 4984 ne-

691 5026 791 5080 qne
817 5010 1135 5065 credendum
1179 5026 1297 5067 esse
1339 5014 1415 5068 sic
1452 5029 1537 5069 res
1564 5025 1760 5070 temere
1788 5016 1931 5071 ferri.
1964 5017 2079 5073 Non
2120 5022 2261 5073 enim

690 5101 807 5168 quia
839 5100 951 5157 haec
974 5102 1185 5173 ignoras
1204 5147 1220 5169 ,
1251 5103 1415 5159 debes
1453 5120 1513 5159 ea
1552 5120 1667 5174 qua:
1694 5122 1817 5163 vere
1847 5124 1953 5163 non
1983 5120 2108 5164 sunt
2136 5125 2263 5163 con-

692 5193 910 5263 tingere.
936 5195 1155 5252 PrmStat
1184 5198 1322 5252 enim
1356 5198 1519 5267 probe
1544 5199 1805 5270 ignorare,
1833 5217 1988 5270 qnam
2021 5203 2261 5269 improbe

689 5286 914 5342 discere.
944 5287 1075 5343 Nam
1100 5290 1193 5359 qui
1215 5305 1426 5346 causam
1458 5292 1679 5362 ignorat,
1712 5292 1862 5348 facile
1890 5297 2093 5351 ratione
2115 5296 2262 5350 duci-

693 5389 813 5442 tur;
843 5379 928 5446 qui
954 5390 1149 5447 autem,
1177 5386 1300 5453 quia
1328 5398 1507 5437 veram
1545 5399 1647 5440 non
1685 5388 1854 5451 novit,
1895 5386 2079 5441 fal~atn
2114 5403 2261 5443 cont-

691 5469 985 5524 tniniscitur
1008 5514 1020 5537 ,
1051 5489 1155 5529 non
1206 5474 1358 5532 facile
1388 5477 1582 5547 poterit
1624 5492 1802 5530 verant
1853 5480 2094 5548 accipere
2114 5518 2133 5548 ,
2164 5482 2255 5535 sed

751 5670 821 5734 (tt)
845 5671 1087 5734 Genesim,
1111 5672 1213 5720 sive
1245 5672 1700 5734 genethlialogiam,
1728 5682 1778 5722 et
1818 5672 1943 5721 illam
1986 5681 2256 5734 temporum

688 5733 1039 5794 revolutionom
1065 5733 1279 5794 exagitat
1310 5734 1695 5794 l}hrysostomus,
1722 5744 1774 5785 ut
1814 5735 1939 5784 liliro
1974 5733 2138 5783 contra
2177 5745 2256 5783 Ju-

686 5792 813 5840 ὠιιειε
842 5801 891 5842 et
913 5794 1141 5866 gentiles.
1164 5792 1216 5842 ‘r.
1246 5796 1288 5851 l,
1315 5792 1564 5866 Οοιῐηδιξὲῥ,
1589 5792 1855 5866 ιιιιίοοτιωι
1876 5796 2123 5866 illosagit.
2150 5798 2233 5859 qui

687 5864 843 5911 ψίιυει
868 5848 936 5904 vel
959 5857 1202 5906 deflerent
1226 5848 1605 5908 cancer-similius
1648 5861 1805 5907 omnia
1830 5848 2188 5908 adscritiEhaat'.

1469 422 1523 476 s.
1566 416 1842 474 J0.\N.\'l$
1870 407 2337 468 cnnvsosrmn
2386 410 2702 468 assitme.
2743 411 3274 473 CONSTANTISOP.

3871 424 3977 479 ea

2396 531 2559 583 multo
2615 530 2817 599 majore
2862 546 2996 600 opus
3041 532 3256 587 lubebit
3307 533 3488 591 labore
3539 536 3872 606 sudor-sque,
3924 556 3978 595 ιιι

2394 622 2619 689 priorem
2652 623 2825 677 deleat
2850 624 3175 691 opinionem.
3210 624 3264 679 lu
3295 628 3637 697 pugillaribus
3661 633 3860 700 quippe
3891 634 3980 687 de.

2393 710 2510 766 lctis
2539 712 2693 767 facile
2721 714 2838 783 quis
2863 714 2961 781 ptis
2984 730 3099 785 qua:
3124 716 3350 771 voluerit
3378 720 3575 774 scribet
3604 720 3680 788 (τι)
3705 738 3719 785 ;
3752 723 3804 774 in
3846 737 3979 776 exa-

2391 804 2521 856 ratis
2543 818 2668 857 vero
2697 818 2802 858 non
2836 805 2959 859 item
2983 824 2993 856 :
3018 814 3227 875 oportet
3253 808 3395 863 cnim
3429 810 3655 878 primum
3681 828 3743 866 ea
3770 812 3978 872 delere.

2391 905 2509 961 qua:
2538 892 2675 947 male
2701 896 2894 964 scripta
2928 894 3157 951 fuerant.
3184 898 3240 952 Et
3274 899 3413 953 inter
3440 901 3698 965 medicos.
3726 905 3814 972 qui
3846 905 3978 957 nihil

2392 983 2561 1048 atfert,
2594 994 2809 1053 prmstat
2838 986 2885 1040 ci
2917 988 3005 1057 qui
3043 989 3335 1057 perniciosa
3367 994 3543 1045 attulit
3568 1008 3583 1047 :
3612 1005 3667 1048 et
3694 996 3782 1064 qui
3810 996 3981 1049 :edift-

2391 1087 2475 1129 cat
2502 1094 2607 1130 non
2658 1079 2825 1132 solida
2856 1090 3119 1135 structura
3149 1083 3298 1151 pejor
3327 1084 3420 1138 illo
3447 1095 3528 1139 est
3564 1086 3653 1156 qui
3684 1087 3815 1141 nihil
3845 1103 3977 1142 con~

2389 1166 2575 1231 struit;
2608 1177 2665 1221 ut
2690 1178 2746 1223 et
2776 1179 2913 1223 terra
2943 1187 3063 1240 qua:
3088 1172 3217 1226 nihil
3247 1175 3486 1241 profert,
3519 1177 3709 1247 n'iclior
3737 1178 3825 1232 illa
3855 1194 3979 1249 quae

2392 1256 2570 1322 spinas
2609 1259 2793 1329 gignit.
2825 1260 2901 1315 Ne
2928 1263 3103 1333 itaque
3137 1263 3202 1319 ad
3227 1266 3405 1322 omnia
3435 1268 3723 1323 ediscenda
3753 1268 3977 1325 festiue-

2392 1360 2510 1400 ntns
2534 1389 2548 1411 ,
2579 1349 2671 1403 sed
2702 1367 2769 1404 ne
2796 1366 2939 1421 αισι-θ
2965 1354 3196 1410 feramus
3220 1356 3266 1411 si
3294 1356 3493 1428 aliquid
3523 1358 3831 1431 ignoremus
3856 1380 3871 1427 ;
3903 1378 3978 1417 ne

2390 1438 2432 1490 si
2457 1437 2728 1495 doctorem
2758 1441 3085 1499 inveniamus
3109 1487 3124 1511 ,
3161 1446 3426 1515 duplicem
3456 1449 3530 1503 illi
3565 1448 3857 1506 infcranms
3896 1452 3978 1505 la-

2389 1528 2606 1595 borent;
2642 1533 2748 1585 imo
2779 1550 2903 1589 vero
2947 1537 3097 1591 nntlti
3128 1554 3268 1606 sane
3299 1539 3577 1595 incurabili
3608 1542 3796 1597 morbo
3827 1543 3977 1597 labo—

2388 1630 2587 1680 rantes.
2614 1638 2737 1677 eum
2765 1625 2815 1677 in
2849 1641 3006 1694 prava
3041 1628 3282 1697 dogmata
3327 1633 3490 1686 semel
3537 1633 3885 1695 incidissent.
3918 1636 3974 1690 in

2386 1714 2453 1768 iis
2480 1718 2842 1785 perstiterunt.
2872 1720 3051 1790 Neque
3079 1723 3220 1776 enim
3251 1725 3470 1794 aequalis
3499 1726 3649 1780 labor
3672 1720 3770 1781 'cst
3823 1730 3972 1797 prius

2386 1806 2614 1862 evellere
2645 1823 2705 1862 ca
2748 1827 2867 1879 qua:
2907 1813 3042 1866 male
3091 1813 3294 1869 radici-3
3325 1826 3610 1883 posuerant
3634 1859 3651 1884 ,
3678 1827 3732 1873 et
3762 1820 3811 1874 in
3840 1837 3973 1889 agro

2389 1910 2521 1959 puro
2563 1898 2829 1953 seminare
2858 1911 3013 1969 atque
3044 1902 3303 1970 plantare.
3334 1905 3444 1959 Illic
3483 1906 3626 1961 enim
3676 1909 3972 1964 emundare

2387 1989 2532 2055 prius
2553 2000 2780 2059 oportet,
2810 2003 2863 2047 et
2888 2002 3007 2061 post
3034 1993 3134 2049 alia
3161 1996 3426 2060 inserere;
3456 1998 3543 2052 bic
3562 2010 3739 2055 autem
3766 2012 3971 2070 parata:

2383 2089 2509 2134 sunt
2553 2096 2730 2139 aures.
2772 2083 2921 2139 Unde
2964 2101 3091 2157 ergo
3133 2087 3189 2142 fit
3217 2099 3275 2143 ut
3302 2090 3389 2144 ille
3418 2091 3488 2146 sit
3527 2091 3714 2147 dives?
3739 2092 3856 2147 Jam
3886 2096 3974 2148 di-

2383 2184 2498 2224 cam
2527 2190 2541 2226 :
2567 2173 2655 2228 alii
2700 2175 2808 2231 Deo
2836 2177 2999 2233 dante
3018 2220 3032 2245 ,
3063 2180 3151 2233 alii
3184 2181 3546 2249 permittente,
3575 2184 3665 2239 alii
3703 2185 3773 2239 ob
3800 2188 3969 2241 aliam

2383 2277 2626 2317 arcanam
2652 2265 3101 2334 dispensationem
3125 2310 3139 2335 ,
3162 2270 3373 2326 divitias
3395 2274 3687 2343 possident.
3722 2275 3850 2331 llaec
3880 2293 3973 2332 ra-

2385 2353 2457 2405 tio
2482 2353 2655 2410 brevis
2698 2366 2778 2411 (εει
2823 2367 2981 2429 atque
3007 2360 3250 2430 simplex.
3282 2361 3391 2416 Cur
3416 2378 3566 2433 ergo,
3598 2367 3820 2436 inquies,
3854 2366 3971 2422 for-

2385 2444 2673 2498 nicatorent
2710 2445 2929 2503 divitem
2964 2451 3175 2517 effecit,
3202 2466 3409 2507 necnon
3451 2455 3716 2509 nuncnum
3742 2498 3757 2521 ,
3800 2458 3965 2513 lasci-

2384 2548 2503 2587 vmn
2524 2577 2541 2603 ,
2574 2552 2801 2607 eumque
2827 2540 2918 2608 qui
2951 2542 3091 2597 male
3124 2542 3284 2599 rebus
3313 2545 3424 2599 suis
3451 2546 3650 2601 utitur?
3677 2547 3791 2602 Non
3834 2548 3971 2604 facit

2344 2657 2357 2666 -
2381 2624 2617 2694 divitem,
2650 2629 2741 2684 sed
2784 2633 3036 2700 permittit
3065 2649 3185 2690 esse
3212 2635 3428 2692 divitem
3459 2655 3472 2691 :
3506 2652 3751 2709 magnum
3779 2650 3967 2695 autem

2379 2729 2461 2773 est
2504 2720 2837 2777 intervallum
2867 2725 3003 2780 inter
3040 2726 3218 2783 facere
3242 2738 3296 2782 et
3322 2732 3647 2799 permittere.
3677 2733 3785 2788 Cur
3823 2750 3969 2805 ergo

2378 2812 2596 2867 omnino
2622 2814 2919 2883 permittit?
2946 2817 3077 2886 Quia
3110 2821 3345 2876 nondum
3374 2822 3590 2880 advenit
3608 2826 3795 2895 judicii
3821 2838 3965 2882 tem-

2380 2917 2476 2972 pus
2502 2944 2516 2968 ,
2547 2913 2603 2959 ut
2632 2921 2727 2974 pro
2753 2908 2942 2963 merito
2968 2911 3193 2982 quisque
3237 2915 3478 2985 recipiat.
3506 2916 3642 2985 Quid
3684 2918 3826 2973 enim
3866 2921 3967 2976 ille

2376 2993 2537 3050 divite
2572 2998 2807 3052 deterius
2827 3040 2841 3065 ,
2888 3002 2976 3069 qui
3018 3017 3085 3056 ne
3111 3004 3275 3058 micas
3301 3006 3517 3075 quidem
3538 3008 3738 3064 Lazaro
3762 3011 3963 3071 dabat.

2375 3092 2430 3139 ct
2456 3095 2630 3140 tamen
2658 3088 2893 3145 omnium
2922 3092 3405 3151 ntiserabilissimus
3430 3096 3529 3152 fuit
3551 3098 3703 3169 (Luc.
3726 3100 3808 3154 ισ.
3828 3099 3970 3169 22)?

2373 3174 2506 3230 Nam
2535 3193 2709 3248 neque
2737 3180 2931 3235 Stillam
2962 3197 3114 3252 aqua:
3138 3186 3333 3240 habere
3358 3188 3553 3259 potuit,
3580 3188 3699 3245 ideo
3727 3201 3963 3254 tantum,

2374 3269 2497 3336 quia
2524 3269 2675 3325 dives
2700 3287 2819 3327 cum
2859 3285 3040 3341 esset,
3069 3277 3390 3334 inhumanus
3433 3291 3569 3336 erat.
3595 3282 3725 3337 Nam
3764 3286 3807 3337 si
3845 3285 3969 3340 diuo

2376 3358 2595 3428 imparis
2623 3364 2843 3418 fortuna:
2875 3367 3098 3436 improbi
3130 3368 3345 3439 fuerint,
3372 3390 3600 3442 quorum
3626 3376 3761 3432 alius
3802 3379 3968 3433 dives

2374 3450 2463 3516 sit,
2494 3452 2629 3508 alius
2654 3467 2873 3523 pauper,
2906 3474 3011 3512 non
3040 3474 3196 3528 pares
3237 3462 3343 3517 illic
3383 3463 3587 3521 dabunt
3618 3480 3824 3536 pmnas,
3855 3470 3963 3524 sed

2373 3546 2673 3614 opulentior
2698 3550 2910 3617 gravius
2939 3551 3217 3619 plectelur.

2442 3635 2494 3690 5.
2531 3634 2747 3692 Peccata
2791 3642 3049 3711 gravitatis
3078 3655 3123 3698 et
3149 3662 3309 3716 pinnae
3356 3650 3637 3705 auctionem
3663 3662 3749 3704 aut
3777 3654 3963 3708 innui-

2370 3726 2623 3780 nutioncm
2646 3748 2677 3780 ιι
2704 3731 3192 3789 circumstantiam»:
3218 3748 3262 3790 ct
3289 3756 3618 3806 personarum
3654 3741 3965 3809 diluenti“

2370 3820 2915 3878 mummium—Vides
2941 3840 3067 3895 ergo
3091 3827 3229 3881 hunc
3249 3830 3489 3898 graviore
3508 3832 3644 3886 affici
3669 3836 3959 3905 supplicio,

2369 3911 2489 3979 quia
2519 3912 2569 3966 in
2600 3913 2695 3968 hac
2723 3916 2826 3968 vita
2853 3916 2990 3973 bona
3019 3924 3335 3989 acceperat?
3360 3924 3423 3977 Et
3445 3934 3497 3977 tu
3521 3926 3695 3995 igitur,
3723 3944 3844 3981 cum
3872 3931 3961 3984 vi-

2370 4001 2513 4056 deris
2540 4003 2718 4074 inique
2750 4004 2965 4061 divitem
2990 4008 3208 4065 feliciter
3232 4026 3409 4081 agere.
3439 4013 3747 4084 ingemisce,
3778 4018 3962 4090 lacry-

2372 4106 2555 4146 mare:
2591 4108 2709 4147 nam
2759 4095 2954 4151 divitia:
2982 4098 3055 4152 illi
3083 4102 3325 4170 supplicii
3374 4107 3611 4160 accessio
3653 4119 3833 4163 erunt.
3890 4112 3963 4167 Ut

2370 4184 2514 4239 enim
2542 4186 2614 4241 illi
2649 4189 2735 4257 qui
2775 4190 2995 4245 nmltum
3034 4206 3337 4261 petcarnnt,
3378 4211 3550 4265 reple
3584 4200 3957 4267 pmziitentiam

2367 4289 2525 4345 agere
2542 4279 2743 4347 volunt,
2772 4280 2863 4334 ira:
2890 4281 3192 4337 thesaurum
3215 4285 3313 4340 sibi
3344 4298 3529 4356 parant
3548 4288 3723 4359 (Rom.
3756 4290 3813 4347 2.
3851 4294 3909 4362 5)
3938 4313 3951 4347 :

2368 4366 2445 4422 sic
2487 4368 2558 4422 illi
2598 4370 2685 4439 qui
2733 4370 2817 4425 hic
2858 4388 3043 4443 pinnas
3096 4393 3199 4430 non
3231 4378 3512 4443 dederunt,
3540 4382 3633 4435 sed
3664 4382 3823 4437 rebus
3871 4387 3959 4441 nsi

2367 4467 2490 4511 sunt
2519 4461 2784 4529 prosperis
2804 4502 2819 4526 ,
2855 4463 3038 4532 majori
3062 4468 3319 4535 supplicio
3345 4469 3661 4526 afﬁcientur.
3701 4472 3755 4527 ιιι
3782 4477 3955 4543 quod.

2366 4548 2411 4603 si
2439 4549 2629 4619 placet,
2655 4567 2758 4606 non
2788 4568 2851 4606 ex
2886 4552 3059 4609 futura
3092 4566 3293 4612 tantum
3342 4559 3478 4624 vita,
3526 4562 3619 4615 sed
3670 4565 3833 4618 etiam
3885 4582 3957 4621 cx

2320 4648 2321 4651 ‘
2366 4642 2614 4710 prxscttti
2648 4643 2740 4698 tibi
2768 4647 3014 4715 exemplo
3061 4650 3315 4717 probabo.
3346 4652 3539 4706 Beatus
3575 4654 3716 4709 enim
3762 4656 3954 4726 David,

2365 4733 2575 4801 quando
2616 4738 2853 4803 peccavit
2898 4755 3016 4793 cum
3071 4740 3372 4809 Bersabee,
3403 4759 3522 4797 cum
3568 4760 3883 4816 argueretur
3924 4767 3956 4804 ει

2368 4825 2661 4891 propheta,
2711 4827 2831 4883 ideo
2886 4832 3113 4886 maxime
3165 4834 3527 4891 vehementius
3570 4839 3955 4907 incusabatur,

2365 4918 2504 4985 quod
2537 4920 2713 4974 multis
2737 4921 2954 4978 affectus
2986 4925 3275 4995 beneﬁciis,
3308 4930 3427 4985 talis
3466 4933 3575 5003 jam
3612 4943 3775 4990 esset.
3810 4939 3956 4992 Audi

2365 5011 2504 5063 enim
2534 5011 2697 5067 Deum
2725 5014 2773 5068 id
2795 5017 2867 5071 illi
2889 5020 3294 5087 exprobrantem
3328 5040 3342 5079 :
3370 5025 3551 5078 Annon
3575 5029 3699 5083 anxi
3727 5038 3775 5082 te
3793 5030 3850 5082 in
3872 5047 3958 5085 rc—

2363 5118 2493 5172 gem,
2514 5113 2558 5158 et
2584 5106 2691 5158 erui
2720 5116 2767 5159 te
2791 5109 2853 5161 de
2878 5125 3028 5164 manu
3059 5111 3232 5167 Sutilis
3253 5129 3274 5167 .'
3295 5115 3507 5185 dedique
3526 5118 3611 5171 tibi
3638 5122 3808 5173 omnia
3835 5138 3959 5191 qua:

2365 5195 2555 5247 domini
2583 5198 2657 5249 tui
2685 5201 2900 5268 fuerant,
2924 5211 2971 5254 et
2999 5204 3275 5258 universam
3296 5206 3501 5261 domum
3521 5207 3688 5264 Israel
3707 5221 3754 5264 rt
3774 5211 3961 5268 ludit."

2367 5283 2431 5337 Et
2458 5287 2501 5339 si
2529 5287 2633 5341 [nec
2662 5306 2823 5359 pauca
2852 5291 2937 5345 tibi
2958 5305 3138 5361 essem,
3165 5296 3401 5350 adderent
3440 5300 3529 5351 tibi
3566 5301 3693 5353 sicut
3732 5301 3849 5357 ista.
3890 5304 3960 5358 Et

2363 5377 2482 5445 quid
2514 5378 2676 5447 fecisti
2704 5382 2891 5435 malum
2913 5398 3081 5436 coram
3113 5403 3191 5438 me
3228 5384 3314 5455 (2.
3342 5387 3465 5459 Reg.
3501 5391 3582 5444 12.
3608 5391 3727 5447 7-9
3752 5392 3809 5458 )?
3835 5394 3893 5447 Ν·
3922 5413 3957 5450 n

2364 5481 2487 5525 Sunt
2528 5474 2722 5543 quippe
2755 5474 2939 5529 eadem
2974 5493 3069 5542 pro
3097 5480 3342 5533 ninnibus
3375 5483 3623 5549 pi-ceatis,
3658 5485 3749 5538 sed
3780 5490 3954 5542 tntt‘ta

2364 5561 2611 5631 variaque
2640 5564 2916 5633 supplicia,
2938 5568 3229 5621 sec-nudum
3252 5579 3485 5636 :etatcm,
3504 5574 3794 5628 secundum
3824 5595 3950 5645 per-

2361 5650 3193 5728 sonas,secundumdignitatem,
3221 5661 3551 5729 prudentiam
3590 5666 3797 5734 aliaque
3827 5673 3953 5737 plu-

2361 5746 2514 5800 rima.
2572 5746 2743 5817 thue
2771 5749 2965 5806 clarius
3004 5752 3209 5822 loquar,
3242 5770 3403 5809 unum
3434 5757 3484 5811 in
3514 5759 3690 5813 medio
3718 5772 3955 5829 ponatur

2426 5859 2498 5923 (α)
2523 5859 2789 5923 Pugillares
2811 5863 3078 5926 bujuszuodi
3102 5864 3464 5931 palimpsestum
3490 5879 3621 5919 vocat
3649 5868 3857 5920 Tullius.
