4174 6332
197 421 298 481 693

199 548 467 613 peccatum
494 577 511 603 ,
542 534 822 591 fornicatio
853 549 870 586 :
899 541 952 587 et
981 529 1259 586 considera
1288 535 1417 597 quot
1442 537 1638 594 genera
1668 535 1793 588 sup.

199 612 470 702 pliciorum
498 633 808 688 occurrant,
840 638 948 677 non
977 638 1003 674 a
1034 620 1189 676 nobis
1215 619 1395 680 allata,
1419 617 1512 669 sed
1541 629 1610 666 ex
1644 612 1785 666 Scri-

197 721 361 792 pturis
385 719 690 786 desumpta.
721 713 778 769 Si
813 714 936 783 quis
982 721 1106 764 ante
1155 714 1322 778 legem
1363 707 1654 759 fornicatus
1683 708 1785 764 est,

194 813 298 866 alio
336 809 497 865 modo
525 807 847 876 supplicium
877 805 1008 868 luit;
1042 802 1093 856 id
1120 801 1314 854 Paulus
1337 799 1574 852 ostendit
1602 811 1616 846 :
1659 793 1787 856 Qui-

193 920 406 974 cumque
429 903 537 956 sine
564 901 673 971 lege
699 907 1044 968 peccauerunt,
1067 896 1176 948 sine
1201 896 1310 962 lege
1335 890 1566 961 peribunt
1596 886 1785 960 (Rom.

192 997 250 1050 2.
285 995 412 1065 12).
455 992 772 1048 Fornicatus
797 999 880 1045 est
907 992 1025 1059 quis
1056 997 1174 1057 post
1201 986 1394 1055 legem,
1416 980 1659 1053 graviora
1690 993 1788 1049 pa-

196 1087 356 1140 tietur
387 1103 399 1138 :
435 1083 692 1153 Quotquot
725 1083 855 1135 enim
895 1080 947 1132 in
990 1077 1098 1148 lege
1125 1083 1452 1145 peccaverunt
1473 1115 1488 1138 ,
1517 1087 1605 1141 per
1632 1070 1789 1139 legem

189 1176 571 1248 iudicabuntur.
606 1173 918 1229 Fornicatus
964 1179 1045 1224 est
1071 1162 1191 1238 quis
1215 1165 1490 1228 sacerdos,
1521 1178 1588 1216 ex
1614 1161 1787 1230 digiti-

195 1279 303 1323 tate
326 1267 743 1320 additamentum
773 1277 945 1334 ptume
971 1261 1165 1329 accipit
1188 1258 1499 1312 maximum.
1523 1253 1646 1309 Ideo
1673 1253 1790 1305 alite

193 1359 386 1429 puella:
446 1338 768 1411 fornicantes
819 1352 1235 1414 occidebantur;
1281 1346 1616 1402 sacerdotum
1660 1357 1790 1397 vero

193 1451 318 1504 tilia:
345 1447 831 1512 comburebantur,
875 1449 1204 1498 monstrante
1249 1439 1554 1510 legislatore
1595 1444 1790 1505 quanta

194 1555 353 1611 paena
377 1537 644 1594 sacerdoti
667 1538 735 1591 ita
760 1535 999 1606 peccanti
1017 1533 1320 1587 immineret
1343 1547 1356 1582 :
1381 1543 1501 1582 nam
1523 1528 1568 1581 si
1592 1525 1786 1596 puella,

189 1631 335 1702 quod
366 1629 468 1682 lilia
487 1626 781 1682 sacerdotis
804 1634 969 1690 esset,
992 1624 1161 1692 majus
1179 1622 1274 1675 luit
1299 1618 1642 1690 supplicium,
1667 1616 1792 1669 mul-

193 1733 255 1775 to
277 1720 444 1790 majus
467 1718 582 1788 ipse
607 1716 856 1772 sacerdos
875 1715 1007 1769 luet.
1030 1713 1092 1768 Vi
1113 1725 1419 1781 compressa
1446 1709 1642 1764 femina
1667 1707 1786 1770 fuit,

191 1829 221 1867 a
246 1811 507 1880 supplicio
533 1810 620 1864 illa
652 1807 905 1863 eximitur
931 1824 943 1858 :
973 1805 1088 1859 luce
1111 1803 1383 1873 opulenta,
1415 1801 1609 1870 illaque
1640 1798 1794 1867 inops

192 1900 456 1956 fornicata
476 1910 559 1955 est
582 1917 594 1952 :
623 1900 708 1955 hic
725 1914 934 1969 quoque
953 1912 1231 1968 posuarum
1257 1895 1548 1949 discrimen
1577 1902 1679 1947 est.
1711 1890 1794 1946 ld-

190 2007 298 2062 que
325 1991 501 2062 palam
527 2000 610 2047 est
638 2006 700 2046 ex
735 1991 797 2044 iis
822 2006 941 2061 quas
967 1975 1131 2044 modo
1151 1989 1459 2042 dicebamus
1480 1987 1547 2040 de
1573 1984 1789 2039 Davide.

194 2083 514 2137 Fornicatus
550 2091 632 2136 est
668 2081 928 2151 quispiam
957 2087 1075 2148 post
1107 2077 1397 2133 adventum
1425 2075 1647 2140 Christi,
1681 2089 1787 2128 non

193 2173 466 2228 initiatus:
487 2173 756 2242 graviores
781 2185 938 2241 quam
961 2169 1035 2224 illi
1056 2184 1245 2224 omnes
1259 2168 1407 2222 dabit
1428 2182 1634 2238 pmnas.
1661 2164 1796 2221 For-

193 2266 404 2320 nicatus
419 2275 502 2319 est
522 2263 640 2333 quis
669 2272 786 2333 post
815 2262 1082 2316 lavacrum
1102 2259 1264 2314 divini
1283 2258 1616 2328 baptismatis
1647 2301 1653 2307 .
1676 2257 1784 2325 jam

194 2357 319 2412 huic
350 2356 496 2411 nulla
523 2355 838 2425 relinquitur
863 2351 1158 2408 consolatio
1189 2351 1269 2406 Vel
1304 2351 1567 2404 levamen.
1601 2349 1663 2403 Et
1693 2349 1793 2403 hoc

191 2452 374 2521 ipsum
405 2449 699 2504 ostendens
729 2447 928 2502 Paulus
958 2447 1170 2502 dicebat
1192 2464 1206 2500 :
1231 2443 1293 2500 Si
1312 2445 1424 2512 quis
1449 2443 1800 2512 contempserit

190 2547 356 2612 tegent
381 2539 598 2611 Hoysis,
630 2541 739 2614 sine
767 2538 1118 2592 misericordia
1146 2537 1338 2591 duobus
1364 2537 1442 2590 vel
1473 2533 1632 2588 tribus
1663 2535 1774 2588 testi
1784 2563 1798 2572 -

192 2637 289 2688 bus
317 2630 756 2701 moriturUfebr.
806 2632 892 2685 l0.
924 2629 1052 2698 28).
1099 2629 1310 2697 Quanto
1353 2627 1558 2696 majore
1605 2625 1802 2696 putatis

194 2724 462 2794 supplicio
511 2722 778 2779 aﬂicietur
822 2723 868 2778 is
900 2723 989 2794 qui
1021 2721 1060 2776 F
1065 2722 1210 2776 ilium
1250 2719 1342 2776 Dei
1384 2719 1799 2783 conculcavcrit,

194 2815 288 2885 qui
317 2815 630 2887 sanguinem
683 2815 1009 2870 Testamcnti
1064 2828 1405 2869 communem
1459 2813 1724 2884 putaverit
1751 2813 1801 2866 iu

193 2922 306 2978 quo
344 2907 711 2961 sanetilicatus
741 2908 939 2976 est,qui
967 2906 1189 2976 gratiam
1219 2905 1450 2975 Spiritus
1478 2903 1802 2959 contumelia

194 2995 485 3051 alfeeeritl
534 2995 851 3052 Fornicatus
896 3011 1040 3052 nunc
1076 3006 1159 3050 est
1203 2995 1458 3050 sacerdos
1491 2994 1753 3065 quispiam
1785 3010 1801 3047 :

196 3089 307 3144 hoc
329 3090 560 3144 maxime
585 3089 852 3144 malorum
875 3089 1085 3145 culmen
1109 3099 1210 3145 est.
1243 3087 1487 3142 Vidistin‘
1505 3088 1660 3141 unius
1683 3101 1779 3155 pec

195 3179 306 3233 cati
328 3189 462 3250 quot
489 3178 978 3234 sintdilferentia?
1006 3180 1118 3234 Alia
1149 3187 1274 3233 ante
1316 3178 1512 3248 legem,
1547 3179 1646 3232 alia
1687 3185 1805 3246 post

197 3269 401 3340 legem.
427 3270 721 3326 sacerdotis
739 3270 863 3337 alia,
884 3270 1064 3327 divitis
1091 3281 1142 3325 et
1171 3273 1419 3341 pauperis
1441 3269 1650 3325 femina:
1675 3271 1800 3335 alia,

196 3363 305 3416 alia
332 3377 465 3417 vero
492 3361 913 3427 catechumenos,
939 3362 1109 3417 tidclis
1149 3371 1204 3416 et
1241 3361 1555 3418 sacerdotis.
1587 3364 1626 3416 Α
1673 3377 1801 3430 pru-

193 3451 383 3507 dentia
425 3467 637 3522 quoque
679 3451 844 3507 multa
891 3463 974 3508 est
1021 3451 1320 3508 differentia
1376 3468 1543 3508 :uam
1575 3453 1674 3521 Qui
1709 3454 1803 3508 scit

196 3545 512 3597 voluntatem
552 3545 759 3599 Domini
795 3546 896 3608 sui,
923 3556 970 3599 et
1001 3545 1100 3599 nan
1149 3547 1291 3617 facit,
1324 3546 1584 3616 vapulabit
1633 3548 1804 3600 multis

196 3635 214 3697 (
243 3633 376 3689 an.
412 3634 498 3691 12.
523 3636 590 3691 47
610 3638 648 3706 ).
671 3641 747 3692 Ac
769 3647 890 3706 post
921 3648 997 3691 tot
1025 3647 1277 3708 tantaque
1297 3640 1540 3709 exempla
1571 3654 1801 3709 peccare

195 3729 381 3798 majus
415 3728 587 3782 adfert
612 3730 951 3799 supplicium.
977 3730 1130 3786 Unde
1159 3732 1230 3786 ait
1257 3749 1270 3784 :
1300 3732 1404 3786 Vos
1423 3742 1602 3788 autem
1628 3748 1800 3803 neque

197 3821 488 3885 videntes,
524 3822 890 3889 pmnitentiam
941 3831 1122 3892 postea
1170 3825 1389 3894 egistis,
1432 3825 1556 3880 licet
1608 3842 1800 3897 magno

1158 409 1223 466 IN
1265 403 1667 465 ΜΑΤΤΙΙᾹΞΗΜ
1711 398 1936 456 llOMIL.
1981 397 2213 455 LXXVI.
2254 396 2322 453 ai.
2366 397 2622 480 LXXVII.

3399 400 3505 456 691

1901 518 2044 572 cultu
2074 519 2188 571 sitis
2218 518 2482 570 honorati.
2527 517 2652 570 Ideo
2677 523 2732 569 et
2756 514 3111 586 Jerosolymte
3159 513 3260 567 hoc
3305 514 3508 583 impro-

1900 619 2047 678 pcrat
2094 609 2318 663 dicens:
2353 607 2560 674 Quoties
2603 606 2740 661 volui
2780 623 3090 677 congregare
3128 607 3265 674 filios
3291 617 3504 670 vestros,

1897 710 1943 753 et
1973 701 2205 755 noluistis
2236 699 2402 773 (Luc.
2429 700 2516 754 15.
2545 701 2614 755 51
2633 699 2691 766 )?
2723 699 2796 754 De
2822 700 3164 768 peccantibus
3192 715 3256 754 ex
3289 697 3506 754 delicia-

1899 807 2015 846 rum
2046 793 2198 859 copia
2245 791 2297 843 in
2348 791 2550 845 Lazaro
2578 791 2883 859 exemplum
2919 789 3108 845 babes.
3142 793 3180 843 A
3216 791 3335 845 loco
3377 797 3503 843 item

1897 886 2111 953 gravius
2150 882 2387 937 efficitur
2430 895 2743 952 peccatum;
2779 882 2921 951 quod
2954 882 3032 938 sic
3078 882 3190 951 ipse
3219 883 3458 939 declarat
3490 901 3503 936 :

1902 979 2042 1031 Inter
2085 980 2328 1047 templum
2357 989 2402 1030 et
2429 978 2612 1032 altare.
2664 980 2703 1030 A
2752 975 2914 1031 modo
2969 977 3097 1031 item
3142 977 3503 1032 delictorum:

1903 1069 2022 1122 Non
2048 1069 2254 1135 mirum,
2285 1069 2476 1138 inquit,
2506 1079 2576 1121 est
2607 1069 2652 1121 si
2681 1071 2792 1137 quis
2820 1068 3002 1138 furens
3041 1069 3459 1138 apprehendatur
3487 1084 3507 1123 δ

1900 1168 2102 1232 furatur
2116 1163 2249 1215 enim
2269 1171 2321 1214 ut
2338 1164 2421 1215 aui
2429 1179 2562 1214 utam
2584 1178 2729 1215 suam
2765 1162 2974 1232 impleat
3000 1163 3300 1216 esurientem
3317 1161 3503 1236 (Prov.
3524 1199 3527 1202 ν

1899 1252 1952 1307 6.
1985 1251 2118 1322 50):
2151 1261 2204 1306 et
2231 1267 2464 1313 rursum,
2520 1251 2765 1305 Occidisti
2803 1253 2940 1319 ﬁlios
2976 1263 3089 1304 tuos
3123 1261 3167 1304 et
3197 1252 3332 1320 ﬁlias
3362 1262 3507 1317 tuas;

1901 1345 1995 1398 hoc
2043 1361 2193 1413 super
2223 1360 2418 1397 onutem
2452 1345 2840 1413 fornicationem
2868 1354 3006 1395 luant
3037 1353 3084 1394 et
3111 1343 3509 1396 abominatioues

1901 1446 2015 1490 tuas
2042 1436 2265 1505 (Eucti.
2301 1435 2388 1490 16.
2427 1435 2556 1504 20).
2592 1436 2634 1488 Α
2671 1435 2917 1502 personis
2947 1447 3077 1487 vero
3101 1450 3115 1488 :
3143 1433 3206 1488 Si
3233 1436 3513 1503 peccaverit

1900 1529 2082 1598 aliquis
2125 1528 2179 1580 in
2220 1529 2515 1588 hominem,
2547 1526 2761 1579 orabunt
2805 1541 2896 1592 pro
2937 1541 3029 1587 eo;
3057 1526 3100 1578 si
3141 1525 3262 1594 quis
3302 1540 3421 1578 vero
3461 1525 3516 1577 in

1903 1620 2067 1673 Deum
2098 1619 2408 1689 peccaverit,
2432 1617 2542 1686 quis
2569 1615 2854 1688 precabitur
2898 1631 2991 1684 pro
3030 1614 3119 1669 illo
3143 1614 3232 1685 (1.
3281 1611 3411 1684 Reg.
3455 1605 3541 1667 2.,

1899 1711 2046 1782 25)?
2071 1709 2283 1765 Etcum
2307 1707 2427 1778 quis
2448 1723 2561 1773 eos,
2581 1707 2671 1778 qui
2701 1706 2914 1762 caneris
2944 1707 3103 1776 longe
3130 1705 3344 1776 pejores
3363 1714 3512 1768 sunt,

1900 1803 2104 1858 desidia
2127 1801 2493 1873 superaverit;
2536 1798 2681 1870 quod
2707 1799 2850 1870 apud
2879 1798 3218 1854 Ezechielem
3249 1797 3394 1854 Deus
3415 1812 3514 1851 ex-

1903 1896 2123 1966 probrat
2148 1938 2162 1958 ,
2190 1895 2372 1949 dicens
2401 1912 2414 1948 :
2444 1892 2620 1964 Neque
2663 1893 2942 1948 secundum
2963 1891 3358 1964 justifirationes
3393 1907 3514 1962 gen-

1903 1989 2028 2042 tium
2051 1988 2216 2057 fecisti
2240 1988 2258 2058 (
2286 1986 2469 2040 Ezcrh.
2507 1987 2558 2041 5.
2597 1984 2691 2056 7).
2719 1986 2786 2039 Et
2809 2001 2932 2040 cum
2957 1999 3025 2040 ne
3044 1985 3268 2039 aliorum
3300 1983 3516 2052 quidem

1903 2078 2168 2148 exemplis
2215 2077 2568 2133 emendamur
2602 2096 2616 2130 :
2655 2075 2792 2128 Vidit
2823 2092 3050 2129 sororem
3097 2076 3256 2143 ipsius
3277 2114 3292 2137 ,
3325 2075 3402 2127 ait
3426 2114 3440 2135 ,
3471 2082 3520 2127 et

1894 2171 2198 2242 justiﬁcaoit
2235 2187 2366 2224 eam.
2420 2170 2484 2224 Et
2528 2167 2743 2239 quando
2783 2166 2989 2237 majore
3041 2166 3162 2235 quis
3211 2165 3520 2235 patrocinio

1907 2275 2034 2315 usus
2060 2271 2143 2316 est
2170 2280 2182 2314 :
2210 2259 2270 2316 Si
2297 2261 2430 2314 enim
2455 2260 2507 2313 in
2536 2258 2693 2330 Tyro,
2711 2259 2902 2327 inquit,
2927 2267 2970 2310 et
2996 2256 3192 2312 Sidone
3215 2255 3295 2310 ha:
3315 2260 3521 2308 virtutes

1908 2357 2059 2424 facta
2083 2354 2318 2425 fuissent,
2341 2351 2464 2406 olim
2488 2351 2835 2422 pmuitentium
2855 2349 3092 2421 egissent.
3122 2346 3370 2402 (laterum
3401 2347 3533 2401 tole-

1905 2448 2119 2503 rabilius
2142 2447 2236 2502 erit
2258 2445 2398 2517 Tyro
2427 2455 2473 2499 et
2504 2443 2711 2508 Sidoni,
2740 2459 2893 2503 quam
2920 2441 3110 2495 civitati
3141 2437 3303 2511 huio(
3327 2437 3521 2492 Matth.

1909 2543 1997 2599 11.
2048 2541 2139 2596 21.
2179 2538 2316 2606 29.).
2347 2537 2595 2593 Vidistin‘
2635 2538 2931 2607 perlectam
2961 2532 3523 2604 aceurationem,_ncc

1908 2649 2098 2689 omnes
2141 2629 2454 2686 earumdem
2510 2637 2850 2697 peccatorum
2908 2641 3066 2695 pares
3114 2637 3304 2696 pennas
3349 2621 3526 2678 dare?

1909 2725 2041 2780 Nam
2065 2724 2184 2778 eum
2213 2731 2334 2792 post
2360 2720 2571 2790 longam
2598 2718 2690 2772 Dei
2721 2716 3036 2788 patientiam
3067 2714 3199 2770 nihil
3227 2715 3525 2776 lucramur,

1908 2818 2151 2888 graviora
2185 2815 2482 2886 patiemur;
2513 2825 2568 2867 et
2599 2812 2703 2868 hoc
2736 2811 2930 2866 Paulus
2970 2811 3271 2879 significat,
3297 2808 3524 2863 dicens:

1912 2911 2208 2965 Secundum
2247 2907 2490 2961 duritiam
2529 2917 2667 2959 tuam
2691 2946 2707 2970 ,
2741 2913 2788 2960 et
2816 2905 3137 2974 impaeniteus
3166 2894 3253 2957 cor
3273 2945 3288 2970 ,
3323 2902 3526 2955 thesau-

1909 3003 2046 3056 rizas
2074 3001 2162 3055 tibi
2189 2997 2532 3070 irant(Rom.
2586 2998 2642 3052 2.
2691 2998 2784 3069 5).
2836 2996 2964 3052 Haec
2992 3013 3115 3052 cum
3162 2997 3525 3058 sciamus,ne

1910 3093 2245 3149 oﬂ'endamur
2287 3092 2372 3145 vel
2419 3091 2698 3146 turbemur
2739 3089 2806 3144 de
2847 3104 3026 3143 rerum
3076 3098 3303 3154 eventu,
3350 3100 3526 3156 neque

1909 3185 2293 3256 cogitationum
2336 3181 2589 3236 fluctibus
2629 3181 2926 3251 agiteinur;
2964 3180 3060 3235 sed
3101 3178 3524 3248 incomprehen-

1910 3276 2147 3332 sibilitati
2176 3275 2369 3329 divina:
2393 3271 2745 3343 providentiae
2770 3271 3027 3327 cedentes
3050 3311 3065 3338 ,
3096 3271 3312 3326 virtutis
3333 3284 3522 3324 curam

1911 3357 2239 3431 habeamus,
2271 3365 2674 3434 nequitiamque
2704 3361 2970 3433 fugiamus
3001 3381 3013 3415 :
3045 3370 3102 3417 ut
3131 3361 3326 3417 futuris
3369 3361 3526 3417 bonis

1913 3462 2210 3531 potiamur,
2245 3459 2414 3528 gratia
2439 3466 2494 3524 et
2519 3456 2849 3527 benignitate
2900 3454 3108 3509 Domini
3163 3455 3339 3509 nostri
3396 3453 3528 3510 Jesu

1910 3553 2146 3619 Christi,
2179 3566 2275 3622 per
2300 3564 2462 3620 quem
2495 3557 2552 3604 et
2589 3563 2713 3604 cum
2739 3564 2845 3619 quo
2879 3547 3024 3603 Patri
3055 3548 3224 3618 gloria
3268 3563 3373 3602 una
3400 3539 3534 3602 cuni

1911 3655 2099 3701 saneto
2125 3643 2328 3713 Spiritu
2363 3682 2382 3709 ,
2413 3655 2558 3696 nunc
2580 3649 2637 3696 et
2665 3654 2902 3711 semper,
2935 3649 2988 3696 et
3022 3640 3073 3694 in
3115 3639 3312 3694 sarcula
3345 3654 3523 3694 szecuo

1912 3739 2108 3794 lorum.
2137 3738 2329 3792 Amen.

1304 4034 1652 4097 HOMILIA
1700 4037 1989 4098 LXXVI.
2037 4036 2123 4098 al.
2169 4033 2494 4096 LXXVII.

191 4172 334 4230 Car.
375 4175 465 4230 24.
508 4191 560 4228 v.
606 4174 692 4230 16.
737 4175 878 4229 Tunc
917 4177 1005 4246 qui
1058 4177 1110 4229 in
1147 4176 1332 4232 ludam
1385 4190 1536 4242 sunt,
1585 4180 1786 4250 fugiant

272 4269 350 4322 ad
379 4278 576 4322 montes
601 4285 619 4332 ;
659 4269 746 4322 Π.
782 4277 827 4321 et
856 4270 940 4338 qui
963 4286 1119 4339 supra
1153 4281 1334 4325 tectum
1354 4312 1370 4338 ,
1397 4290 1500 4326 non
1528 4273 1799 4328 descendat

269 4359 456 4414 tollere
483 4358 680 4428 aliquid
705 4358 768 4412 de
791 4359 941 4412 domo
965 4376 1058 4413 sua
1074 4376 1093 4422 ;
1125 4361 1207 4416 18.
1245 4372 1290 4414 et
1310 4364 1394 4431 qui
1426 4363 1478 4416 in
1512 4380 1637 4434 agro
1657 4405 1672 4430 ,
1699 4381 1801 4418 non

268 4463 555 4507 revertatur
579 4452 755 4507 tollere
778 4453 1068 4505 uestimenta
1097 4470 1210 4519 sua,
1245 4462 1350 4508 etc.
1453 4449 1456 4452 ’

276 4545 334 4597 ί.
377 4539 578 4596 Iudicis
619 4552 730 4612 post
769 4559 936 4596 necem
966 4541 1154 4597 Christi
1195 4561 1308 4614 spes
1355 4547 1519 4601 omuis
1565 4548 1801 4612 pra’cim.

189 4635 415 4700 Quanta
438 4635 585 4704 fuerit
609 4636 812 4688 illorum
829 4636 1116 4699 calamitas;
1137 4653 1270 4691 mors
1291 4636 1478 4693 Christi
1496 4641 1633 4695 illius
1654 4659 1807 4696 causa

186 4727 323 4795 fuit.
348 4724 710 4794 ——l‘ostquam
737 4725 804 4778 de
832 4726 987 4780 malis
1012 4727 1276 4781 civitatem
1305 4727 1566 4784 invasuris
1591 4771 1605 4795 ,
1636 4731 1808 4801 deque

182 4815 572 4885 apostolorqu
591 4817 966 4872 certaminibus
982 4818 1209 4884 dixerat,
1231 4819 1350 4873 illos
1372 4835 1563 4891 nempe
1585 4823 1808 4879 invictos

189 4907 346 4973 fore,
381 4917 660 4977 totumque
688 4910 870 4964 orbein
904 4924 1224 4977 pervasuros
1250 4925 1390 4977 esse,
1420 4912 1666 4969 Judaicas
1693 4932 1809 4970 rur-

184 5016 324 5053 sum
352 4999 689 5053 calamitates
724 4999 1012 5064 describit,
1054 5000 1345 5056 ostendcns
1365 5045 1379 5067 ,
1410 5005 1622 5071 quando
1651 5006 1809 5060 disci—

185 5090 309 5158 puli
346 5089 617 5157 splendidi
647 5099 806 5143 erunt
835 5099 1114 5158 totumque
1144 5092 1411 5148 docebunt
1438 5095 1645 5162 orbem,
1687 5107 1811 5152 tunc

183 5183 321 5237 illos
351 5182 408 5234 ia
428 5180 819 5237 calamitatibus
839 5191 1149 5238 versaturos
1167 5199 1308 5240 esse.
1334 5185 1611 5254 Perpende
1635 5200 1808 5244 autem

180 5272 483 5342 quomodo
512 5271 708 5325 bellum
737 5284 986 5337 enarret,
1018 5290 1114 5344 per
1155 5291 1215 5329 ea
1246 5293 1366 5346 quae
1399 5279 1618 5332 minima
1657 5280 1806 5336 vide-

183 5366 406 5421 bantur
431 5365 769 5418 atrocitatem
801 5366 918 5434 ejus
947 5367 1244 5422 declarans.
1273 5369 1452 5435 Tunc,
1490 5370 1691 5442 inquit,
1726 5377 1812 5443 qui

179 5456 238 5508 in
271 5452 478 5507 laden
504 5462 640 5518 sunt,
672 5461 873 5526 fugiant
897 5457 967 5508 ad
988 5469 1200 5512 montes.
1235 5460 1394 5522 Tunc,
1429 5462 1813 5531 quandonaut?

178 5545 335 5601 Cum
367 5545 483 5598 btet:
504 5547 772 5606 evenient,
794 5562 914 5601 cum
938 5549 1260 5604 abominatio
1282 5551 1630 5607 desolationis
1652 5555 1813 5609 stabit

191 5640 251 5691 in
304 5637 436 5689 loco
481 5646 684 5689 Sancto.
723 5636 872 5691 Unde
903 5639 1032 5692 mihi
1063 5640 1270 5694 videtur
1296 5644 1566 5697 exercitus
1607 5646 1808 5700 dicere.

179 5728 361 5786 Tunc
395 5724 558 5796 fugite
583 5768 599 5792 ,
633 5728 804 5796 inquit
839 5752 850 5781 :
893 5730 1035 5784 nulla
1067 5732 1208 5785 enim
1237 5733 1492 5803 deinceps
1518 5737 1665 5790 vobis
1689 5751 1813 5805 spes

180 5817 402 5877 salutis
428 5817 548 5872 erit.
580 5817 711 5873 Nam
738 5821 862 5891 quia
888 5821 939 5875 in
966 5823 1219 5892 gravibus
1245 5825 1368 5878 olim
1403 5828 1575 5887 bellis,
1607 5844 1635 5881 e
1658 5829 1811 5882 malis

539 5933 812 5995 Parim-1.
861 5933 976 5992 iis.
1029 5930 1243 5992 Ll'lll.

1895 4182 2111 4235 demum
2128 4185 2482 4242 emerseram,
2502 4185 2558 4229 ut
2575 4175 2674 4230 sub
2694 4175 3029 4231 Senacherib
3050 4177 3223 4231 et'sub
3237 4175 3525 4243 Antiocho;

1907 4272 2108 4327 etenim
2158 4279 2286 4324 tunc
2328 4269 2608 4336 temporis,
2664 4283 2786 4322 cum
2838 4269 3111 4324 exercitus
3160 4270 3527 4336 invasissent,

1909 4362 2270 4431 templumque
2294 4369 2509 4430 captum
2536 4368 2703 4425 esset,
2733 4359 3053 4414 Maccltabasi
3086 4361 3137 4414 in
3171 4359 3355 4417 hostes
3393 4375 3529 4417 cons

1909 4456 2071 4523 versi,
2105 4470 2281 4510 rerum
2308 4453 2500 4508 faciem
2527 4461 2902 4517 mutaverunt;
2928 4468 2994 4507 ne
3013 4467 3153 4506 nunc
3173 4452 3336 4508 etiam
3366 4453 3528 4513 talem

1912 4551 2025 4606 fore
2046 4549 2394 4603 mutationem
2416 4547 2837 4616 suspicarentur,
2857 4560 3074 4603 omnem
3093 4563 3244 4616 spem
3264 4548 3528 4618 pracidit.

1912 4642 2010 4698 Vix
2042 4649 2311 4712 poterunt,
2347 4641 2536 4709 inquit,
2572 4638 2717 4692 nudo
2739 4655 2971 4708 corpore
2995 4641 3222 4695 servari.
3251 4640 3376 4696 ideo
3400 4642 3524 4698 illos

1912 4734 2005 4803 qui
2022 4747 2181 4802 supra
2206 4741 2400 4787 tectum
2425 4743 2548 4786 sunt
2572 4745 2676 4786 non
2702 4731 2962 4801 permittit
2983 4732 3034 4785 in
3060 4732 3280 4788 domum
3303 4734 3530 4796 intrare.

1915 4836 1972 4880 ut
2000 4829 2313 4881 vestimenta
2343 4841 2435 4880 sua
2466 4826 2674 4892 tollant,
2699 4823 3022 4879 inevitabilia
3047 4825 3345 4896 depingens
3392 4827 3531 4880 mala

1915 4927 1968 4971 et
1995 4916 2445 4972 interminabilcm
2476 4918 2857 4983 calamitatem,
2883 4919 2934 4972 in
2957 4933 3114 4988 quam
3143 4918 3235 4988 qui
3259 4917 3529 4984 inciderit,

1923 5008 2228 5064 necessario
2256 5009 2469 5078 peribit.
2505 5009 2632 5064 ideo
2661 5009 2864 5077 adjicit,
2902 5010 3004 5078 Qui
3025 5011 3076 5063 in
3102 5027 3249 5082 agro,
3283 5026 3345 5064 ne
3365 5027 3529 5068 rever-

1918 5112 2054 5154 tatur
2093 5100 2272 5156 tollere
2309 5103 2601 5156 vestimenta
2649 5119 2764 5157 sua.
2797 5102 2930 5157 Nam
2960 5104 3005 5158 si
3036 5105 3127 5173 qui
3161 5105 3306 5159 intus
3354 5113 3485 5160 sunt
3510 5143 3531 5171 ,

1920 5192 2161 5262 fugiunt,
2194 5193 2364 5246 multo
2416 5195 2593 5247 minus
2633 5197 2721 5263 qui
2755 5193 2886 5250 foris
2911 5204 3071 5260 sunt,
3127 5195 3271 5249 intro
3301 5195 3528 5266 fugiant.

1918 5283 2004 5337 19.
2052 5281 2138 5335 Va:
2179 5293 2348 5336 autem
2392 5284 2777 5354 praegnantibus
2823 5296 2868 5339 et
2901 5285 3246 5348 lactantibus;
3276 5286 3385 5342 illis
3411 5288 3530 5356 qui-

1918 5375 2040 5428 dem
2079 5374 2220 5443 quod
2254 5373 2522 5430 tardiores
2565 5377 2702 5440 sint,
2734 5392 2833 5431 nec
2884 5377 3090 5443 possint
3124 5377 3277 5432 facile
3303 5370 3529 5450 fugere,

1919 5480 2082 5517 onere
2104 5465 2307 5519 ventris
2335 5475 2557 5520 retentae
2579 5483 2592 5529 ;
2622 5467 2747 5530 illis,
2774 5468 2915 5538 quod
2936 5471 3140 5522 amoris
3166 5468 3383 5523 vinculo
3402 5484 3526 5537 erga

1920 5555 2181 5610 lactentes
2205 5556 2567 5623 detineantur,
2600 5573 2700 5612 nec
2729 5559 2939 5628 possint
2964 5575 3059 5615 eos
3083 5575 3321 5615 servare.
3356 5561 3525 5614 Pecu-

1921 5647 2035 5699 nias
2057 5649 2198 5700 enim
2225 5658 2280 5702 et
2299 5657 2646 5704 contemnere
2669 5658 2722 5704 et
2739 5665 2954 5705 servare
2975 5649 3131 5706 facile
3151 5662 3252 5718 est,
3276 5651 3526 5720 idemque

1921 5737 1986 5791 de
2015 5740 2256 5794 vestibus
2281 5740 2436 5804 dico;
2461 5757 2579 5810 quae
2601 5752 2780 5797 autem
2810 5753 2998 5798 natura
3025 5745 3115 5799 dat
3136 5745 3256 5815 quis
3285 5742 3533 5812 effugiat?

1925 5829 2202 5900 quomodo
2223 5843 2508 5902 pregnans
2539 5831 2723 5889 levior
2758 5831 3060 5890 efﬁciatur?
3084 5826 3360 5906 quomodo
3402 5850 3524 5906 queo

3119 5932 3191 5994 i5
