4174 6332
666 436 772 492 695

668 553 827 608 lactat
875 549 1066 618 poterit
1112 548 1390 602 lactentem
1434 542 1750 614 despicere?
1797 541 1997 596 Deinde
2035 554 2246 595 rursum

664 642 981 698 calamitatis
1012 637 1426 710 magnitudinem
1458 635 1767 701 ostendens,
1799 635 1909 688 ait:
1939 630 2036 689 2ο.
2073 633 2247 695 Orate,

666 751 730 790 ne
758 735 847 801 ﬁat
875 737 998 804 fuga
1035 742 1197 786 vestra
1223 732 1284 785 in
1315 730 1476 784 hieme
1498 771 1511 795 ,
1539 744 1628 783 nec
1653 729 1705 781 in
1750 727 1979 781 sabbato.
2011 724 2101 779 21.
2139 721 2251 776 Erit

663 828 796 881 enim
831 836 947 879 tunc
977 825 1239 879 tribulatio
1280 840 1465 894 magna
1487 863 1502 889 ,
1535 821 1699 894 qualis
1732 835 1833 874 non
1879 821 1976 890 fuit
2005 818 2068 870 ab
2105 816 2248 868 initio

665 920 840 975 mundi
866 935 1021 990 usque
1057 934 1192 973 nunc
1211 959 1226 982 ,
1257 934 1417 987 neque
1456 917 1562 986 ﬁet.
1595 912 1780 969 Viden'
1807 910 1872 965 ad
1898 909 2111 966 Iudaeos
2135 922 2251 961 sor-

663 1029 878 1070 monem
903 1012 1105 1077 haberi,
1129 1023 1183 1068 et
1206 1010 1341 1067 mala
1364 1001 1507 1081 ipsos
1532 1009 1775 1063 invasura
1803 1003 2004 1060 narrari
2026 1001 2248 1070 lNeque

662 1105 808 1161 enim
829 1104 1055 1173 apostoli
1081 1103 1360 1158 sabbatum
1388 1099 1718 1156 ohservaturi
1744 1105 1916 1163 erant,
1945 1109 2120 1164 neque
2140 1093 2248 1146 illic

664 1205 793 1252 tunc
821 1195 1079 1256 versaturi
1103 1233 1118 1258 ,
1147 1208 1254 1264 quo
1284 1201 1523 1260 tempore
1549 1188 1906 1259 Vespasianus
1951 1185 2065 1239 brae
2108 1183 2246 1237 mala

663 1287 906 1342 il'atunts
949 1293 1081 1340 erat.
1113 1283 1245 1338 Nam
1290 1283 1516 1335 maxima
1560 1293 1682 1348 pars
1707 1274 2084 1345 discipulorum
2123 1280 2247 1326 ante

663 1377 939 1437 obierant;
965 1375 1008 1428 si
1039 1375 1128 1444 qui
1150 1387 1282 1428 vero
1311 1371 1508 1427 residui
1539 1377 1711 1431 erant,
1738 1368 1789 1421 in
1817 1367 1935 1420 aliis
1957 1364 2101 1419 orbis
2123 1377 2246 1433 par-

667 1471 810 1524 tibus
838 1478 962 1522 tunc
995 1465 1364 1522 versabantur.
1396 1460 1503 1518 Cur
1555 1477 1660 1516 non
1715 1460 1768 1514 in
1801 1458 1976 1513 hieme
2003 1497 2018 1522 ,
2052 1469 2153 1510 nec
2191 1453 2244 1508 iu

665 1561 926 1617 sabbato?
953 1559 1008 1613 lu
1042 1558 1252 1624 hieme,
1283 1555 1353 1611 ob
1383 1554 1638 1623 temporis
1686 1552 1825 1605 illius
1860 1547 2201 1604 difficultates
2229 1564 2242 1600 :

665 1655 718 1708 in
761 1651 983 1708 sabbato
1009 1691 1023 1713 ,
1068 1649 1137 1704 ob
1166 1648 1296 1719 legis
1337 1645 1726 1701 auctoritatem.
1760 1640 1892 1710 Quia
1937 1637 2077 1694 enim
2124 1635 2244 1706 fuga

665 1759 802 1814 opus
826 1753 908 1798 est
933 1782 949 1808 ,
979 1751 1032 1796 et
1060 1741 1180 1811 fuga
1211 1739 1544 1794 velocissima
1570 1752 1584 1799 ;
1619 1750 1792 1804 neque
1821 1734 1875 1788 in
1901 1731 2121 1788 sabbato
2146 1729 2243 1785 Ju-

663 1837 759 1891 daei
787 1844 909 1889 tunc
930 1831 1111 1902 fugere
1130 1831 1416 1894 audebant,
1433 1844 1504 1884 ne
1526 1829 1693 1898 legem
1717 1824 2241 1894 transgrederentur;

664 1941 836 1996 neque
858 1923 1019 1979 etiam
1047 1923 1099 1978 in
1128 1921 1303 1978 hieme
1331 1920 1484 1976 facile
1504 1929 1639 1983 erat,
1664 1916 1783 1972 ideo
1811 1915 1905 1982 ait,
1931 1911 2106 1968 Orate.
2133 1911 2246 1964 Erit

662 2019 798 2072 enim
821 2025 937 2069 tunc
964 2014 1222 2068 tribulatio
1247 2013 1412 2084 qualis
1437 2025 1710 2077 numquam
1741 2007 1857 2078 fuit,
1889 2020 2048 2075 neque
2072 2010 2245 2072 postea

663 2111 770 2166 erit.
803 2107 879 2163 Ne
903 2105 1023 2177 quis
1057 2120 1185 2159 vero
1225 2112 1375 2174 putet
1404 2101 1454 2157 id
1484 2098 1825 2171 hyperbolice
1851 2096 2050 2150 dictum
2090 2106 2244 2156 esse;

663 2200 757 2257 sed
787 2200 928 2270 legat
951 2195 1175 2270 Iosephi
1207 2195 1393 2256 libros.
1423 2201 1478 2248 et
1505 2191 1678 2246 discat
1705 2187 1781 2243 rei
1811 2185 2118 2242 veritatem.
2139 2180 2248 2236 Ne-

666 2313 770 2368 que
812 2298 952 2354 enim
993 2293 1188 2351 dixerit
1228 2287 1492 2362 quispiam
1519 2325 1533 2348 ,
1561 2282 1709 2338 illum
1736 2288 1920 2351 utpote
1957 2275 2047 2347 qui
2078 2272 2245 2368 fidelis

667 2365 780 2445 sive
819 2388 1151 2443 Christianus
1180 2389 1360 2445 esset,
1391 2386 1451 2434 ut
1494 2375 1650 2431 dictis
1675 2372 1834 2428 ﬁdem
1877 2368 2075 2424 faceret
2101 2406 2117 2429 ,
2148 2365 2246 2420 ista

668 2480 804 2535 mala
826 2476 1211 2547 amplillcasse;
1238 2487 1356 2526 nam
1387 2477 1441 2525 et
1465 2465 1700 2529 Judaeus,
1727 2470 1888 2531 atque
1912 2460 2050 2514 inter
2066 2454 2246 2512 iudai-

667 2585 851 2626 eurutn
883 2564 1307 2623 ferventissimos
1334 2560 1566 2615 cultores
1593 2561 1714 2625 post
1730 2548 1930 2607 Christi
1962 2547 2248 2604 adventum

669 2671 803 2718 erat.
836 2659 972 2727 Quid
999 2657 1157 2729 igitur
1184 2661 1364 2708 narrat
1393 2648 1517 2706 ille?
1542 2645 1889 2704 Caiamilates
1916 2640 2032 2696 illas
2055 2648 2250 2707 traga-

670 2755 810 2810 tliam
857 2764 1072 2806 onmem
1113 2757 1394 2817 superasse
1418 2783 1434 2808 ,
1475 2740 1778 2808 bellumque
1821 2733 1926 2790 tale
1966 2745 2250 2801 numquam

672 2843 840 2900 cuivis
887 2841 1031 2912 genti
1061 2848 1256 2894 tantam
1283 2834 1528 2891 attulisse
1557 2828 1784 2884 cladem.
1813 2825 1981 2881 Tanta
2005 2821 2147 2878 enim
2172 2819 2250 2874 la-

671 2952 786 2991 tues
810 2944 961 2999 erat,
1002 2939 1060 2986 ut
1100 2938 1298 2984 matres
1324 2925 1391 2980 de
1418 2917 1765 2978 comedendis
1806 2915 1983 2988 pueris
2023 2914 2162 2968 inter
2191 2925 2250 2966 se

667 3028 1024 3090 decertarent,
1041 3028 1096 3077 et
1115 3019 1214 3073 hac
1227 3016 1295 3073 de
1316 3030 1376 3072 re
1400 3022 1583 3070 mutuo
1601 3015 1893 3080 pugnarent
1914 3020 1929 3072 ;
1953 3003 2252 3072 multosque

671 3127 913 3175 mortuos
956 3129 985 3169 a
1032 3120 1220 3168 ventre
1260 3105 1516 3163 discissos
1561 3101 1742 3157 fuisse.
1790 3097 2040 3153 Libenter
2097 3092 2254 3163 igitur

669 3210 890 3268 Judznos
934 3207 1320 3274 interrogarem
1345 3239 1358 3263 ,
1389 3196 1659 3252 undeuam
1703 3189 1820 3245 ιιπο
1864 3194 2012 3241 tanta
2041 3193 2253 3253 tamque

674 3299 1003 3359 intoleranda
1027 3295 1302 3353 calamitas
1322 3307 1352 3345 a
1373 3289 1550 3346 divina
1569 3288 1644 3341 ira
1667 3283 1797 3355 ipsis
1819 3280 2053 3336 immissa
2075 3275 2250 3342 fuerit,

673 3409 789 3466 qua:
811 3390 1104 3464 przeteritas
1129 3398 1315 3442 omnes
1338 3425 1355 3452 ,
1386 3396 1490 3436 nou
1518 3378 1677 3434 modo
1701 3377 1754 3430 in
1786 3373 2023 3429 Judaeam
2040 3412 2056 3437 ,
2082 3367 2178 3425 sed
2203 3376 2258 3466 et

674 3460 772 3560 per
814 3460 985 3542 totum
1033 3481 1222 3538 orbem
1279 3479 1515 3532 invectas
1570 3467 1900 3526 calamitates
1942 3460 2258 3560 superaret?

676 3550 867 3636 Annon
896 3576 965 3631 ob
989 3569 1225 3629 crucillxi
1253 3566 1448 3625 Christi
1485 3562 1694 3620 facinus
1743 3559 1795 3614 id
1822 3554 2079 3611 accidisse
2106 3550 2258 3606 dixe-

677 3670 784 3724 rint
809 3679 996 3722 omnes
1020 3705 1036 3731 ,
1062 3677 1126 3718 ac
1166 3674 1273 3731 pra:
1293 3657 1541 3712 omnibus
1581 3655 1694 3724 ipsa
1719 3663 1897 3704 rerum
1923 3642 2154 3700 veritas?
2179 3640 2258 3696 Tu

680 3773 809 3814 vero
835 3755 964 3812 mihi
1002 3753 1263 3809 malorum
1293 3746 1563 3804 cumulum
1593 3739 1873 3798 considera
1894 3779 1908 3805 ,
1935 3731 2260 3807 quandoqui-

681 3849 804 3904 dem
842 3859 939 3902 nec
969 3838 1325 3915 praecedenti,
1354 3838 1467 3893 imo
1514 3848 1612 3889 nec
1655 3828 1994 3901 subsequenti
2025 3833 2262 3895 tempore

681 3939 950 4010 quidpiam
997 3937 1068 3991 ita
1093 3931 1464 3990 calamitosum
1511 3925 1750 3996 reperire
1777 3923 1919 3977 licet.
1952 3919 2045 3974 llis
2064 3917 2264 4010 quippe

683 4005 841 4087 malis
866 4041 963 4087 nec
989 4025 1134 4095 prius
1156 4037 1257 4078 nec
1278 4019 1540 4091 posterius
1564 4015 1708 4087 paria
1729 4014 1840 4068 visa
1871 4009 2037 4066 fuere.
2063 4006 2130 4062 Et
2144 4005 2264 4078 jure

686 4121 920 4194 quidem.
949 4117 1133 4188 Neque
1161 4114 1302 4170 enim
1345 4110 1516 4182 quivis
1559 4106 1832 4161 hominum
1861 4101 1946 4157 vel
1987 4108 2143 4154 antea
2181 4096 2264 4152 vel

686 4191 888 4286 postea,
913 4220 1018 4265 tam
1038 4209 1297 4277 iniquum,
1315 4213 1420 4257 tam
1437 4195 1770 4256 horrendum
1792 4194 1966 4250 scelus
1989 4191 2270 4246 admittere

686 4283 849 4360 ausus
872 4312 971 4357 est.
995 4298 1118 4354 Ideo
1141 4299 1244 4352 ait:
1267 4293 1382 4349 Erit
1411 4290 1664 4347 tribulatio
1699 4287 1864 4359 qualis
1899 4301 2001 4341 non
2039 4283 2156 4354 fuit,
2178 4297 2268 4336 nec

690 4402 806 4452 erit.
843 4377 947 4448 22.’
969 4389 1034 4446 Et
1070 4390 1167 4445 nisi
1201 4385 1471 4442 abbreviati
1499 4383 1712 4456 fuissent
1742 4379 1848 4433 dies
1868 4376 1945 4432 illi
1968 4417 1983 4443 ,
2009 4390 2109 4429 non
2134 4373 2271 4443 ﬁeret

689 4489 832 4544 salva
855 4485 1015 4541 omnis
1042 4498 1160 4538 caro
1186 4496 1205 4535 :
1237 4488 1440 4548 propter
1467 4476 1648 4530 electos
1666 4481 1831 4527 autent
1856 4465 2273 4523 abbreviabuntur

692 4581 799 4635 dies
841 4578 939 4632 illi.
987 4575 1121 4631 iline
1151 4569 1382 4626 ostendit
1409 4568 1529 4622 illos
1551 4563 1782 4636 graviori
1809 4561 1970 4617 etiam
2014 4556 2274 4628 supplicio

697 4671 884 4742 dignos
914 4667 1074 4722 fuisse
1098 4706 1114 4730 ,
1157 4678 1250 4734 per
1275 4659 1504 4730 illosque
1543 4657 1658 4714 dies
1706 4653 1951 4723 intelligit
1980 4649 2106 4742 belli
2133 4647 2276 4703 obsi-

693 4739 1213 4831 dionisquetcmpus.
1230 4753 1342 4810 Hoc
1362 4765 1521 4822 porro
1535 4749 1643 4804 vult
1666 4745 1985 4818 signiﬁcare.
2009 4739 2278 4797 Sidiutius

693 4853 1053 4909 Romanorum
1097 4853 1282 4902 contra
1318 4843 1500 4899 urbem
1535 4840 1687 4896 illam
1734 4836 1931 4894 bellum
1975 4841 2274 4889 extractum

691 4949 900 5010 fuisset,
930 4955 1116 4996 oumes
1142 4937 1311 4994 Judati
1345 4935 1654 5007 periissem:
1675 4944 1803 4986 nam
1825 4941 2037 4983 omnem
2061 4938 2276 4980 carnem

696 5039 782 5091 hic
799 5049 895 5106 pro
919 5031 1138 5089 ludaica
1179 5027 1389 5100 posuit;
1416 5024 1734 5093 Judzeosque
1764 5019 2137 5090 complectitur
2169 5030 2274 5070 non

693 5141 793 5183 eos
815 5125 974 5180 modo
994 5122 1086 5192 qui
1101 5121 1236 5175 intra
1260 5159 1276 5184 ,
1312 5117 1408 5173 sed
1440 5130 1533 5172 eos
1555 5116 1714 5170 etiam
1752 5111 1841 5184 qui
1878 5118 2024 5166 extra
2041 5107 2280 5164 induam

696 5227 868 5272 erant.
899 5215 1014 5271 Non
1033 5213 1207 5270 solum
1225 5209 1365 5264 enim
1387 5207 1431 5263 si
1456 5207 1612 5278 quiin
1633 5204 1814 5273 Judaaa
1834 5215 1983 5259 erant
2003 5201 2278 5271 imsagua-

699 5310 931 5375 bantur;
971 5320 1156 5362 verum
1181 5303 1342 5360 etiam
1382 5314 1497 5366 eos,
1528 5299 1619 5369 qui
1652 5297 1847 5367 ubique
1887 5307 2144 5351 terrarum
2181 5291 2279 5348 de-

698 5402 916 5474 gebant,
942 5395 1336 5469 proscribebant
1365 5391 1736 5462 fugabantque.
1764 5388 1887 5443 odio
1909 5386 2159 5457 permoti.

773 5489 827 5545 2.
857 5490 1128 5556 Quasnam
1154 5492 1332 5540 autem
1363 5482 1452 5538 hic
1481 5481 1684 5536 electos
1710 5476 1897 5534 vocat?
1924 5475 2133 5530 Fideles
2150 5515 2166 5539 ,
2193 5474 2283 5544 qui

701 5587 761 5643 in
798 5577 978 5635 medio
1025 5577 1233 5631 illorum
1273 5572 1510 5629 conclusi
1547 5561 1718 5626 erant.
1749 5567 1829 5624 Ne
1868 5567 2108 5622 dicerent
2141 5567 2281 5621 enim

668 5671 670 5676 ’
703 5672 868 5729 Judai
887 5712 908 5738 ,
939 5669 1054 5724 haec
1083 5666 1220 5722 mala
1241 5666 1480 5721 immissa
1512 5663 1676 5719 fuisse
1715 5661 1784 5717 ob
1815 5658 2242 5732 praedicationem
2267 5699 2282 5724 ,

1424 432 1482 488 S.
1521 427 1796 487 lOANNlS
1828 424 2307 483 CllRYSOSTOill
2347 426 2660 485 ARCHIEP.
2701 427 3229 488 CONSTANTINOP.

2363 541 2434 595 illi
2464 557 2573 596 nou
2598 542 2924 611 adfuissent,
2950 561 3138 601 onmes
3179 545 3433 602 radicitus
3460 547 3725 618 perituros
3755 550 3943 609 fuisse.

2358 632 2490 688 Nam
2511 635 2907 719 sipermisisset
2930 637 3067 693 Deus
3088 638 3283 693 bellum
3301 638 3514 706 durare,
3544 639 3706 697 nulla:
3725 640 3947 699 Judae-

2360 741 2476 780 rum
2501 725 2721 782 fuissent
2748 728 2986 798 reliquiae
3015 747 3028 783 :
3062 729 3158 785 sed
3189 747 3255 786 ne
3277 746 3398 786 cum
3419 730 3724 788 infidelibus
3746 732 3950 790 Judaeis

2363 817 2544 874 fideles
2568 835 2634 874 ex
2661 820 2766 874 illis
2788 822 2891 876 orti
2915 821 3169 890 perirent,
3190 822 3388 879 bellum
3403 824 3559 880 citius
3577 825 3739 880 solvit
3757 834 3812 881 et
3832 834 3947 883 tero

2358 910 2599 964 tuinavit.
2625 911 2750 966 Ideo
2774 912 2867 975 ait,
2889 911 3110 982 Propter
3127 913 3307 968 electos
3330 926 3499 970 autem
3524 916 3950 973 abbreviabuntur

2356 1000 2467 1053 dies
2491 1001 2586 1055 illi.
2622 1001 2745 1056 llrrc
2774 1010 2948 1058 autem
2977 1003 3208 1072 dicebat,
3236 1015 3293 1059 ut
3320 1007 3743 1062 consolationem
3775 1007 3948 1065 relin-

2361 1099 2554 1158 queret
2584 1091 2649 1146 iis
2669 1092 2759 1162 qui
2790 1093 2842 1148 in
2871 1093 3047 1149 medio
3070 1095 3376 1150 ludam-um
3400 1097 3642 1154 conclusi
3667 1108 3858 1164 erant.
3890 1109 3947 1155 ut

2354 1184 2648 1252 respirandi
2694 1186 2868 1242 locum
2895 1187 3083 1251 daret,
3138 1204 3312 1260 neque
3354 1192 3602 1247 timerent
3650 1193 3802 1262 quasi
3845 1193 3946 1264 ipsi

2353 1275 2509 1331 simul
2538 1278 2780 1348 perituri.
2810 1279 2962 1346 Quod
2992 1282 3036 1334 si
3071 1289 3212 1336 tanta
3255 1280 3488 1336 fidelium
3533 1283 3736 1352 geritur
3762 1284 3944 1353 provi-

2353 1367 2552 1429 dentia,
2571 1377 2627 1423 ut
2649 1381 2864 1441 propter
2887 1372 3004 1426 illos
3024 1372 3110 1427 alii
3129 1383 3426 1438 serventur,
3453 1384 3613 1445 utque
3634 1374 3942 1430 ludaaorum

2354 1458 2592 1530 reliquia:
2619 1470 2839 1530 propter
2865 1461 3196 1518 Christianos
3224 1465 3536 1530 manserint,
3569 1475 3801 1534 quantus
3831 1465 3936 1522 illis

2354 1550 2615 1605 trihuetur
2643 1552 2814 1606 honor
2838 1568 3153 1608 coronarum
3187 1556 3460 1625 tempore?
3488 1555 3619 1611 Hinc
3639 1559 3803 1611 etiam
3824 1557 3942 1611 illos

2352 1641 2657 1695 c0usolatur
2682 1683 2697 1706 ,
2745 1658 2812 1698 ne
2841 1645 2890 1696 in
2938 1644 3164 1717 propriis
3205 1646 3309 1700 δίιιί
3355 1645 3605 1715 periculis
3637 1657 3937 1716 angantur,

2352 1731 2564 1802 quando
2591 1733 2772 1789 vident
2795 1734 2930 1789 alios
2957 1735 3142 1791 iisdem
3170 1751 3456 1807 oppressos
3484 1737 3659 1802 malis,
3689 1738 3942 1808 nulloque

2353 1838 2451 1879 suo
2488 1822 2664 1879 fructu
2687 1866 2702 1890 ,
2733 1825 2826 1880 sed
2853 1825 2935 1880 sui
2973 1827 3160 1896 capitis
3183 1826 3527 1883 detrimento.
3557 1827 3739 1898 Neque
3766 1831 3941 1884 solum

2352 1914 2471 1970 illos
2495 1915 2881 1971 consolabatur
2904 1959 2919 1983 ,
2955 1918 3045 1972 sed
3092 1920 3251 1973 etiam
3297 1919 3506 1974 occulte
3548 1928 3706 1987 atque
3736 1921 3940 1975 sensim

2352 2023 2382 2062 a
2411 2006 2642 2063 Judaicis
2668 2009 2904 2065 moribus
2931 2009 3246 2066 abducebat.
3281 2011 3408 2065 Nam
3438 2012 3485 2066 si
3512 2012 3654 2065 nulla
3686 2012 3942 2083 deinceps

2350 2102 2421 2156 sit
2440 2101 2613 2157 futura
2636 2102 2877 2168 mutatio,
2901 2103 2944 2157 si
2968 2103 3220 2174 templum
3245 2118 3353 2158 non
3373 2113 3478 2158 stet
3496 2106 3742 2176 amplius,
3768 2107 3940 2176 legem

2351 2205 2471 2246 esse
2515 2201 2845 2247 cessaturum
2888 2193 3060 2264 palam
3091 2203 3195 2250 est.
3231 2193 3429 2250 Verum
3462 2195 3566 2252 hoc
3605 2211 3712 2250 nou
3753 2207 3941 2264 aperte

2350 2282 2500 2350 dicit,
2522 2281 2616 2338 sed
2643 2283 2710 2337 ab
2731 2283 2939 2339 illorum
2961 2285 3168 2340 excidio
3190 2284 3242 2340 id
3263 2285 3632 2340 subiudicavit.
3663 2285 3942 2342 lauileste

2350 2388 2479 2430 vero
2521 2389 2627 2430 non
2657 2375 2825 2441 dixit,
2874 2391 2942 2430 ue
2987 2386 3111 2432 ante
3142 2387 3351 2447 tempus
3391 2384 3617 2432 terreret
3658 2392 3774 2434 eos.
3819 2377 3945 2433 Ideo

2353 2480 2527 2537 neque
2552 2483 2583 2521 ι
2607 2465 2936 2538 principio'iu
2962 2468 3104 2523 hunc
3123 2469 3387 2540 praecipue
3407 2482 3708 2524 sermonem
3733 2467 3942 2536 incidit;

2353 2557 2451 2615 sed
2482 2567 2758 2630 postquam
2786 2575 2864 2614 va:
2888 2560 3090 2615 civitati
3122 2560 3197 2614 illi
3224 2560 3468 2628 dixerat,
3508 2561 3759 2630 ipsosque
3781 2559 3944 2615 indu-

2355 2657 2532 2716 xerat,
2567 2657 2624 2704 ut
2645 2650 2849 2719 lapides
2880 2651 3003 2704 illos
3026 2651 3130 2705 sibi
3159 2659 3544 2717 monstrarent,
3573 2665 3741 2721 seque
3767 2652 3944 2707 inter-

2354 2748 2638 2810 rogarent;
2670 2749 2728 2795 ut
2756 2741 2906 2810 quasi
2947 2740 3013 2796 ad
3045 2741 3518 2814 interrogationem
3558 2742 3895 2813 respondens
3920 2784 3941 2811 ,

2354 2831 2532 2888 omnia
2560 2831 2734 2888 futura
2775 2833 3176 2902 przenuntiaret.
3224 2833 3304 2888 'l‘u
3347 2849 3478 2890 vero
3523 2834 3654 2888 mihi
3700 2833 3943 2905 Spiritus

2354 2923 2806 2995 dispensationem
2824 2923 3134 2981 consideres
3153 2924 3343 2990 velim;
3367 2924 3499 2980 nihil
3520 2925 3707 2981 borum
3728 2927 3948 2998 scripsit

2355 3017 2610 3085 Joannes,
2635 3031 2704 3073 ne
2724 3015 2994 3072 videretur
3021 3032 3087 3072 ex
3114 3025 3310 3073 eventa
3340 3018 3456 3088 ipso
3485 3017 3600 3074 haec
3628 3019 3944 3092 scripsisse:

2357 3124 2478 3166 nam
2522 3109 2589 3166 ad
2627 3109 2852 3166 multum
2890 3107 2958 3165 ab
2998 3109 3206 3166 excidio
3245 3108 3694 3184 Jerosolymitano
3733 3122 3948 3183 tempus

2356 3202 2516 3258 vitam
2538 3201 2809 3274 produxit.
2835 3201 2941 3258 Sed
2968 3203 3001 3257 ii
3022 3203 3113 3273 qui
3137 3211 3262 3260 ante
3284 3204 3412 3260 illud
3434 3205 3696 3262 excidium
3723 3207 3946 3274 mortui,

2358 3292 2492 3350 nihil
2512 3293 2720 3348 illorum
2741 3293 3001 3359 viderant,
3024 3293 3140 3350 haec
3156 3293 3484 3364 describunt,
3507 3307 3565 3352 ut
3582 3297 3952 3368 predictiOnis

2360 3385 2442 3440 vis
2468 3385 2702 3455 undique
2729 3383 2952 3456 fulgeat.

2432 3474 2662 3533 Christus
2685 3475 2961 3530 secundum
2998 3493 3144 3532 suum
3171 3477 3441 3532 adventum
3483 3478 3734 3549 prtetlicit.
3753 3507 3824 3520 —
3847 3479 3944 3536 Β.

2363 3566 2510 3622 Tunc
2533 3568 2576 3622 si
2609 3567 2722 3639 quis
2747 3565 2882 3621 vobis
2917 3566 3124 3636 dixerit,
3159 3566 3289 3624 Ecce
3312 3570 3395 3622 hic
3433 3567 3666 3625 Christus
3703 3581 3792 3624 aut
3829 3571 3947 3636 hic,

2366 3658 2521 3712 nolite
2569 3656 2791 3710 credere.
2847 3655 2936 3711 24.
2990 3655 3212 3728 Surgent
3258 3659 3390 3712 enim
3444 3659 3842 3729 pseudo-cltristi
3897 3669 3954 3714 es

2365 3748 2859 3820 pseudo-praphetc,
2882 3757 2929 3802 et
2949 3746 3137 3801 dabunt
3156 3748 3304 3819 signa
3324 3759 3472 3819 atque
3493 3749 3750 3820 prodigia,
3773 3750 3845 3803 ita
3869 3761 3953 3817 ut,

2366 3843 2412 3896 si
2438 3843 2549 3911 fieri
2571 3841 2750 3912 possit,
2778 3842 2928 3896 etiam
2952 3838 3133 3894 electos
3151 3841 3414 3895 seducant.
3442 3840 3536 3898 25.
3568 3841 3705 3898 Ecce
3731 3844 3957 3914 prcdiaa'

2372 3933 2530 3986 nobis.
2561 3930 2654 3987 26.
2679 3931 2742 3986 Si
2771 3947 2889 4000 ergo
2915 3929 3135 3985 dixerint
3165 3929 3303 3984 nobis
3322 3971 3338 3997 ,
3370 3929 3501 3985 Ecce
3523 3931 3576 3984 in
3605 3933 3799 3986 deserto
3837 3942 3912 3987 est
3938 3973 3955 3998 ,

2370 4023 2527 4078 nolite
2556 4023 2732 4086 ercire;
2777 4022 2907 4076 Ecce
2943 4021 2997 4075 in
3037 4021 3394 4092 penetralibus,
3428 4021 3583 4076 nolite
3611 4022 3832 4078 credere.
3859 4022 3956 4078 27.

2373 4113 2520 4168 Sicut
2547 4113 2679 4167 enim
2706 4113 2880 4184 fulgur
2906 4113 3006 4166 ait
3033 4113 3095 4165 ab
3123 4113 3336 4177 oriente,
3379 4121 3427 4165 et
3462 4122 3675 4182 apparet
3704 4128 3860 4184 usque
3889 4115 3962 4166 ad

2372 4205 2710 4268 occidentem;
2730 4205 2803 4258 sic
2828 4204 2920 4258 erit
2944 4213 2990 4258 et
3013 4204 3259 4258 aduentus
3287 4202 3413 4256 Filii
3445 4203 3681 4257 nonanis.
3710 4202 3796 4257 28.
3826 4202 3958 4259 Ubi-

2375 4311 2586 4365 cumque
2604 4295 2737 4348 enim
2757 4293 2907 4363 fuerit
2928 4310 3130 4365 corpus,
3154 4292 3221 4347 ibi
3240 4293 3672 4363 congregabantur
3691 4295 3960 4366 et'aqnilc.

2377 4385 2593 4456 lmpleta
2615 4385 2681 4440 de
2700 4384 3045 4456 Jerosolymis
3065 4383 3386 4447 narratione,
3407 4382 3474 4438 ad
3501 4397 3655 4438 suum
3672 4384 3963 4440 adventum

2376 4487 2558 4549 postea
2586 4479 2775 4548 pergit,
2805 4477 3060 4546 signaque
3088 4475 3214 4544 ipsis
3239 4483 3441 4538 narrat,
3475 4489 3578 4530 non
3605 4478 3780 4531 solum
3809 4477 3966 4548 ipsis,

2377 4570 2469 4626 sed
2514 4571 2672 4626 etiam
2726 4569 2878 4626 nobis
2922 4579 2976 4623 et
3015 4575 3136 4637 post
3180 4582 3281 4622 nos
3329 4565 3522 4622 futuris
3552 4568 3720 4624 utilia.
3772 4566 3964 4638 Tunc,

2377 4659 2749 4730 quandonam?
2775 4659 2889 4725 llic,
2920 4669 2975 4714 ut
2996 4673 3138 4727 saepe
3158 4658 3292 4725 dixi,
3322 4658 3475 4724 illud,
3505 4657 3668 4724 Tunc,
3701 4675 3809 4716 non
3841 4676 3972 4731 pne-

2378 4752 2590 4808 cedenti
2633 4752 2904 4822 tempori,
2934 4767 3053 4822 qua:
3098 4759 3393 4822 sequuntur
3437 4767 3540 4806 una
3587 4753 3729 4808 serie
3758 4752 3972 4810 haerere

2379 4843 2660 4916 signiﬁcat.
2686 4843 2784 4900 Ubi
2807 4843 2946 4898 enim
2967 4843 3208 4899 eamdem
3232 4844 3485 4912 temporis
3510 4843 3702 4899 seriem
3731 4845 3974 4904 indicare

2380 4937 2567 5005 voluit,
2591 4937 2786 5001 intulit,
2818 4935 3002 4991 Statim
3029 4946 3139 5006 post
3156 4936 3524 4990 tribulationem
3541 4936 3735 4991 dierum
3763 4939 3977 4994 illorum

2382 5025 2792 5098 (Mattltjiﬂtl)
2804 5069 2812 5078 .
2824 5026 2919 5081 Hie
2929 5042 3056 5083 vero
3068 5041 3171 5081 non
3191 5027 3282 5094 ita,
3295 5027 3388 5082 sed
3404 5027 3719 5096 illud.Tunc,
3736 5045 3846 5087 non
3862 5031 3980 5088 hac

2383 5118 2561 5172 statim
2587 5119 2735 5187 sequi
2762 5117 2982 5183 indicat,
3011 5117 3106 5172 sed
3133 5133 3239 5188 quo
3272 5129 3511 5188 tempore
3541 5119 3629 5173 illa
3652 5133 3778 5190 qua:
3804 5121 3980 5177 dictu-

2385 5225 2477 5264 rus
2503 5219 2622 5264 erat
2647 5211 2818 5264 futura
2849 5220 3050 5264 essent.
3083 5209 3173 5265 Sic
3201 5211 3360 5263 etiam
3383 5224 3504 5264 cum
3529 5207 3682 5277 dicit,
3711 5208 3782 5267 In
3802 5212 3981 5269 diebus

2384 5301 2488 5355 illis
2510 5301 2638 5354 venit
2658 5298 2884 5355 Joannes
2904 5298 3135 5372 Baptista
3156 5301 3176 5370 (
3197 5299 3383 5355 Matth.
3411 5299 3466 5356 5.
3499 5301 3527 5356 l
3549 5299 3570 5373 )
3590 5342 3606 5368 ,
3638 5315 3746 5357 non
3768 5311 3982 5374 tempus

2386 5391 2564 5446 statim
2590 5405 2818 5461 sequens
2844 5391 3060 5456 indicat,
3089 5390 3185 5447 sed
3206 5406 3267 5447 ea
3296 5407 3414 5462 qua:
3438 5398 3561 5462 post
3587 5391 3789 5448 multos
3812 5408 3984 5450 annos

2389 5492 2638 5538 eventura
2667 5493 2839 5549 erant,
2864 5491 2924 5538 et
2943 5491 3155 5553 tempus
3180 5497 3286 5553 quo
3308 5483 3442 5550 lucc,
3471 5497 3590 5554 qua:
3609 5482 3856 5540 dicturus
3877 5495 3982 5552 est,

2393 5574 2531 5629 facta
2578 5584 2721 5629 sunt.
2754 5574 2888 5631 Nam
2920 5585 3199 5646 postquam
3228 5575 3296 5630 de
3338 5584 3459 5630 ortu
3483 5575 3680 5632 Christi
3711 5575 3888 5644 dixit,
3920 5578 3986 5632 de

2390 5679 2666 5734 magorum
2695 5665 2947 5731 adventu,
2971 5675 3025 5720 et
3043 5665 3112 5721 de
3133 5676 3305 5721 morte
3328 5665 3574 5732 Herodis,
3593 5667 3773 5724 statim
3801 5667 3984 5724 addit:

707 5777 760 5820 et
785 5764 926 5837 quod
947 5762 1195 5819 Christus
1215 5759 1550 5824 adoraretur,
1571 5755 1804 5813 ostendit
1829 5755 2014 5810 fideles
2039 5753 2157 5808 illos
2184 5768 2286 5808 non
2395 5752 2460 5808 In
2490 5756 2666 5810 diebus
2691 5754 2794 5810 illis
2833 5757 2964 5809 venit
2991 5754 3217 5811 Joannes
3243 5754 3476 5825 Baptista
3495 5773 3518 5820 ,°
3539 5764 3703 5827 atque
3743 5759 3981 5829 spatium

705 5857 866 5914 modo
896 5857 1024 5927 ipsis
1044 5867 1261 5912 causam
1285 5852 1546 5909 malorum
1583 5865 1689 5908 non
1713 5849 1895 5915 fuisse,
1926 5847 2020 5904 sed
2051 5847 2211 5902 etiam
2241 5847 2285 5900 si
2400 5862 2659 5903 annorum
2685 5849 2894 5921 triginta
2923 5846 3179 5905 interfuit.
3207 5848 3312 5906 Sed
3335 5863 3453 5907 mos
3473 5849 3863 5924 estScriptura:
3892 5848 3986 5906 ille
