4174 6332
193 362 285 418 697
1071 356 1136 411 IN
1175 352 1583 409 ΜᾹΤἸΊΙᾸΞΗΜ
1625 351 1756 406 11031

1901 351 2132 407 LXXVI.
2176 353 2247 409 aI.
2294 351 2550 407 LXXVII.

198 478 263 533 uti
289 474 604 532 enarranda:
646 473 882 529 historia
924 468 1105 526 modo.
1130 469 1219 526 Sic
1263 468 1423 524 etiam
1471 467 1572 521 hoc
1612 465 1728 519 loco
1752 504 1767 530 ,

193 573 348 627 misso
379 567 700 624 intermedio
727 565 875 622 omni
907 573 1182 634 tempore,
1226 559 1366 631 quod
1400 559 1631 613 futurum
1659 563 1774 610 erat

192 662 449 717 excidium
482 660 622 714 inter
671 666 727 716 et
770 655 1030 727 principia
1073 649 1586 714 consummationis,
1632 645 1765 717 quid

201 753 346 821 paulo
388 760 512 804 ante
558 747 1074 804 consummationem
1112 744 1348 798 futurum
1389 751 1532 795 esset
1569 747 1771 794 narrat.

195 841 342 904 Tunc,
368 841 567 911 inquit,
592 841 633 892 si
656 839 766 909 quis
788 838 924 892 vobis
940 836 1144 903 dixerit,
1166 834 1295 888 Ecce
1319 834 1401 887 hic
1421 842 1492 886 est
1513 830 1766 896 Christus,

189 942 269 985 aut
297 932 377 984 hic
402 973 416 994 ,
450 931 606 985 nolite
638 929 855 984 credere.
888 925 1108 982 Interim
1154 925 1272 981 illos
1301 940 1330 978 a
1359 924 1478 978 loco
1505 922 1772 977 cautiores

190 1026 322 1089 facit,
351 1021 572 1078 secundi
603 1021 683 1076 sui
712 1020 973 1074 adventus
1003 1025 1160 1072 notas
1192 1014 1434 1086 proprias
1464 1026 1764 1078 recensens,

190 1130 392 1170 necnon
424 1114 770 1170 seductorum
819 1118 1054 1166 ostenta.
1087 1108 1200 1163 Non
1229 1108 1370 1163 enim
1403 1115 1460 1160 ut
1503 1107 1554 1160 in
1599 1106 1773 1176 primo

188 1221 278 1262 suo
291 1207 523 1261 adventu
543 1205 593 1258 in
608 1201 918 1258 Bethlehem
941 1207 1342 1271 apparuerat,et
1366 1199 1420 1252 in
1443 1211 1606 1267 parvo
1626 1197 1771 1251 orbis

185 1297 396 1367 angulo,
432 1310 531 1350 nec
560 1295 668 1349 ullo
700 1292 975 1347 hominum
1003 1290 1057 1346 id
1096 1305 1124 1344 a
1157 1287 1418 1359 principio
1447 1288 1665 1351 sciente,
1701 1287 1770 1340 ita

190 1401 240 1446 et
267 1398 390 1444 tunc
427 1388 597 1458 inquit
632 1405 645 1442 :
674 1385 766 1442 sed
802 1394 985 1453 aperte
1019 1391 1074 1439 et
1099 1398 1218 1438 cum
1251 1381 1537 1451 splendore
1563 1423 1576 1448 ,
1611 1382 1682 1434 ita
1716 1390 1773 1435 ut

187 1495 267 1536 res
291 1479 478 1533 nuntio
506 1493 612 1532 non
641 1485 813 1548 egeat.
842 1475 1024 1546 Neque
1055 1488 1273 1544 parvum
1297 1472 1425 1528 illud
1454 1473 1664 1543 signum
1689 1480 1771 1527 est

187 1571 348 1642 ipsum
369 1585 477 1626 non
500 1570 726 1625 latenter
745 1579 1029 1624 venturum
1049 1581 1191 1645 esse.
1214 1566 1592 1627 Animadverte
1612 1579 1772 1634 porro

188 1663 266 1718 hic
290 1663 422 1718 nihil
453 1662 658 1717 narrari
688 1661 755 1716 de
787 1661 928 1716 bello
958 1661 1356 1731 (narrationem
1394 1660 1536 1714 enim
1567 1659 1635 1713 de
1669 1659 1767 1713 ad-

186 1762 338 1809 ventu
365 1770 467 1809 suo
506 1755 672 1824 probe
701 1754 768 1808 ab
799 1753 886 1808 illa
917 1752 1195 1820 distinguit
1217 1752 1236 1824 )
1258 1793 1272 1816 ,
1305 1751 1403 1808 sed
1446 1751 1555 1822 agit
1587 1751 1674 1806 hic
1702 1751 1770 1808 de

185 1845 246 1902 lis
263 1846 350 1918 qui
376 1846 638 1902 seducere
670 1845 970 1902 tentubunt.
998 1844 1131 1900 Nam
1159 1845 1247 1914 qui
1280 1853 1522 1912 tempore
1548 1852 1759 1913 aposto-

185 1937 347 1992 lorum
374 1935 532 1992 fuere
558 1936 873 2004 deceptores
897 1978 912 2003 ,
943 1936 1138 1992 multos
1165 1937 1500 1994 seduxerunt
1525 1934 1768 2006 (Venient

183 2028 340 2094 enim,
374 2027 566 2098 inquit,
597 2037 644 2080 et
672 2028 917 2081 seducent
941 2026 1166 2098 multos)
1193 2069 1208 2093 ,
1248 2027 1337 2098 qui
1366 2042 1494 2082 vero
1523 2038 1647 2082 ante
1676 2041 1762 2082 se-

183 2118 407 2173 cundum
425 2117 570 2172 illius
585 2117 891 2178 adventum.
915 2116 1022 2172 illis
1042 2115 1336 2172 deteriores
1358 2124 1542 2171 erunt:
1561 2115 1768 2170 Dabunt

182 2209 315 2264 enim
334 2249 352 2276 ,
385 2209 592 2280 inquit,
619 2209 766 2280 signa
791 2219 836 2262 et
866 2209 1097 2280 prodigia
1117 2251 1131 2275 ,
1157 2211 1228 2262 ita
1258 2217 1339 2275 ut,
1371 2211 1414 2262 si
1439 2209 1550 2275 ﬁeri
1577 2209 1763 2278 possit,

181 2303 323 2356 etiam
349 2301 536 2356 electos
579 2301 846 2364 seducunt.
879 2300 975 2356 llic
1019 2315 1178 2373 porro
1215 2301 1282 2354 de
1321 2299 1654 2354 Autichristo
1683 2299 1764 2354 lo-

180 2393 350 2460 quitur
371 2433 387 2456 ,
419 2392 596 2463 deque
640 2392 955 2465 quibusdam
985 2390 1100 2461 ejus
1135 2391 1412 2445 ministris.
1446 2391 1520 2445 De
1559 2405 1664 2460 quo
1688 2389 1767 2444 sic

176 2483 367 2542 Paulus
393 2484 636 2555 loquitur
664 2501 679 2538 :
721 2499 840 2539 cum
869 2484 1010 2538 enim
1043 2493 1287 2538 vocasset
1319 2482 1466 2536 illum
1492 2482 1763 2536 hominem

181 2576 376 2642 peccati
403 2585 462 2628 et
504 2575 668 2628 tilium
709 2574 1048 2644 perditionis,
1081 2573 1256 2627 intulit
1283 2591 1294 2626 :
1327 2571 1488 2642 Cujus
1522 2572 1764 2627 adventus

178 2674 244 2718 est
264 2665 544 2719 secundum
589 2666 938 2735 operationem
964 2674 1157 2719 satanas
1174 2706 1188 2730 ,
1213 2666 1267 2718 in
1296 2665 1430 2719 omni
1457 2666 1639 2718 virtute
1662 2706 1676 2730 ,
1718 2675 1764 2719 et

179 2757 326 2827 signis
346 2796 362 2823 ,
395 2766 447 2812 et
469 2757 718 2828 prodigiis
739 2758 1027 2824 mendacii,
1053 2757 1105 2810 in
1135 2758 1273 2811 omni
1311 2757 1600 2826 deceptione
1625 2757 1765 2826 inju-

176 2849 354 2916 stt'tic,
385 2848 438 2902 in
477 2847 542 2902 iis
581 2847 670 2918 qui
705 2857 914 2918 pereunt
954 2848 1050 2920 (1.
1093 2847 1268 2902 Thess.
1303 2850 1357 2902 9..
1388 2847 1487 2918 9).
1535 2847 1603 2902 Et
1643 2848 1762 2904 vide

176 2939 437 3009 quomodo
472 2939 596 2995 illos
619 2951 807 2995 cautos
837 2941 1042 2995 reddat.
1075 2939 1151 2994 Ne
1178 2942 1418 3008 excatis,
1455 2942 1662 3011 inquit,
1707 2942 1759 2996 in

175 3027 439 3085 desertum
461 3070 478 3095 ,
512 3045 582 3086 ne
603 3030 813 3086 intretis
841 3031 890 3084 in
923 3031 1235 3100 penetralia.
1267 3038 1384 3087 Non
1420 3032 1572 3094 dixit,
1604 3034 1760 3089 Abite

176 3128 298 3176 etne
312 3120 538 3187 credite;
557 3120 673 3189 sed,
691 3118 769 3177 Ne
788 3121 1178 3193 ingrediamiui,
1201 3137 1371 3193 neque
1388 3124 1756 3194 egrediamini.

175 3209 348 3282 Magna
377 3213 524 3268 enim
552 3211 697 3267 lraus
725 3213 824 3268 erit
845 3254 860 3279 ,
889 3227 956 3269 eo
981 3213 1122 3284 quod
1148 3222 1202 3267 et
1228 3215 1375 3284 signa
1419 3214 1484 3269 ad
1515 3213 1756 3271 fraudem

175 3302 380 3360 dentur.

236 3394 287 3449 5.
319 3393 456 3450 Cum
487 3393 709 3449 dixisset
736 3408 862 3464 ergo
891 3394 1159 3464 quomodo
1189 3395 1277 3450 ille
1301 3404 1556 3451 venturus
1586 3407 1752 3464 esset,

174 3486 220 3540 in
258 3485 377 3543 loco
397 3501 596 3557 nempe
619 3487 796 3556 aliquo
814 3529 827 3552 ,
863 3496 989 3542 tunc
1016 3487 1084 3542 de
1113 3502 1172 3542 se
1200 3488 1471 3558 quomodo
1501 3497 1756 3546 venturus

171 3578 233 3634 sit
259 3579 406 3636 dicit.
439 3579 726 3648 Quomodo
758 3591 938 3636 autem
966 3589 1224 3635 venturus
1254 3582 1375 3636 est?
1404 3581 1550 3636 Sicut
1579 3583 1756 3655 fulgur

171 3672 263 3725 eait
287 3671 347 3726 ab
378 3673 592 3739 oriente,
618 3680 664 3725 et
685 3680 894 3742 apparet
920 3687 1076 3742 usque
1099 3673 1168 3724 ad
1195 3673 1539 3740 occidentem,
1568 3675 1641 3728 ita
1661 3676 1754 3729 erit

171 3772 213 3816 et
241 3764 484 3820 adventus
513 3762 640 3817 Filii
678 3763 914 3818 hominis.
961 3761 1060 3818 Ubi
1105 3764 1234 3817 enim
1256 3765 1406 3833 fuerit
1430 3781 1616 3837 corpus
1638 3808 1653 3834 ,
1684 3767 1754 3820 ibi

170 3855 599 3926 congregabantur
639 3865 682 3908 et
711 3854 915 3924 aquila.
961 3854 1240 3922 Quomodo
1282 3855 1456 3925 fulgur
1490 3859 1757 3927 apparet?

170 3941 274 3998 Non
314 3958 455 4014 opus
496 3942 657 3999 habet
687 3945 872 3998 nuntio
891 3984 907 4010 ,
942 3957 1048 3998 non
1076 3959 1339 4014 prmcone,
1371 3946 1464 4001 sed
1491 3955 1545 4001 et
1568 3945 1633 4003 iis
1661 3949 1750 4018 qui

168 4035 298 4091 domi
328 4036 523 4092 sedent
552 4044 607 4090 et
638 4035 699 4092 iis
727 4034 915 4106 quaein
935 4035 1182 4092 thalamis
1210 4045 1364 4102 sunt,
1397 4039 1448 4092 in
1478 4049 1751 4096 momento

169 4141 252 4196 per
277 4125 466 4183 orbem
501 4135 668 4181 totum
694 4126 990 4196 apparebit.
1020 4125 1109 4181 Sic
1128 4127 1218 4182 ille
1247 4127 1506 4183 adventus
1533 4129 1656 4197 erit,
1679 4129 1750 4185 ob

166 4217 338 4288 gloria
361 4217 652 4289 fulgorem,
677 4216 835 4272 simul
862 4216 1056 4286 ubique
1083 4231 1366 4287 apparens.
1403 4219 1559 4273 Aliud
1588 4234 1748 4289 porro

165 4310 362 4381 signum
392 4309 528 4365 dicit
556 4325 571 4361 :
608 4307 706 4364 Ubi
729 4324 940 4376 corpus,
973 4309 1044 4362 ibi
1066 4318 1113 4362 et
1147 4309 1366 4379 aquilte,‘
1402 4309 1743 4380 angelorum,

165 4412 451 4474 martyrum
499 4409 551 4457 et
593 4407 897 4456 sanctorum
957 4400 1194 4454 omnium
1239 4410 1410 4456 cintus
1457 4401 1742 4471 significat.

167 4492 355 4550 Deinde
374 4493 634 4549 terribilia
653 4492 903 4546 miracula
919 4491 1066 4545 dicit.
1091 4491 1344 4558 Quaenam
1369 4493 1491 4547 illa?
1511 4493 1601 4549 29.
1623 4493 1747 4549 Sta-

164 4583 244 4637 tim
280 4593 396 4654 post
435 4583 812 4637 tribulationem
838 4581 1030 4636 dierum
1061 4583 1265 4635 illorum
1293 4583 1369 4636 sol
1397 4583 1740 4638 obtenebrabi-

165 4683 259 4728 tur.
291 4673 735 4731 Tribulationem
761 4690 996 4746 quarum
1033 4676 1246 4730 dierum
1278 4676 1409 4730 dicit
1434 4675 1490 4730 ⁸2
1526 4674 1750 4733 Dierum

163 4765 478 4824 Antichristi
521 4777 576 4823 et
607 4767 1228 4838 pseudOprophetarum.
1268 4765 1572 4822 Tribulatio
1596 4783 1753 4823 nam-

158 4870 250 4923 que
277 4865 402 4910 tunc
423 4870 617 4926 magna
641 4855 776 4922 erit,
818 4870 940 4910 cum
969 4865 1046 4910 tot
1069 4856 1176 4936 sint
1204 4856 1524 4928 deceptores
1553 4858 1738 4915 futuri.

156 4943 248 5002 Sed
279 4961 386 5003 non
418 4946 488 5003 ad
517 4949 740 5002 multum
769 4949 1023 5018 temporis
1050 4947 1373 5003 extenditur.
1395 4948 1451 5005 Si
1475 4950 1618 5006 enim
1641 4952 1739 5007 Ju-

155 5038 350 5094 daicum
378 5039 582 5094 bellum
604 5047 819 5109 propter
839 5040 1038 5095 electos
1057 5039 1423 5095 abbreviatum
1445 5050 1548 5110 est,
1572 5044 1738 5099 multo

155 5131 309 5202 magis
346 5138 574 5201 pr0pter
598 5129 817 5185 eosdem
844 5131 957 5186 haec
988 5133 1211 5187 teutatio
1240 5134 1579 5201 reprimetur.
1612 5136 1738 5194 Ideo

153 5222 460 5291 simpliciter
489 5237 595 5276 non
620 5221 773 5286 dixit,
802 5232 920 5294 post
949 5223 1372 5293 tribulationem,
1405 5227 1524 5296 sed,
1549 5229 1736 5284 Statim

155 5323 253 5376 post
281 5312 664 5367 tribulationem
693 5313 888 5367 dierum
919 5315 1123 5368 illorum
1167 5319 1244 5371 sol
1282 5317 1688 5374 obtenebrabitur
1714 5337 1733 5376 .'

153 5417 263 5459 nam
308 5405 422 5461 fere
465 5405 625 5460 simul
676 5406 854 5459 omnia
904 5407 1057 5460 tiunt.
1119 5407 1630 5480 Pseudo-prOphetze
1681 5424 1736 5471 et

155 5495 559 5563 pseudo-christi
589 5494 942 5553 advenientes
988 5498 1169 5554 turbas
1220 5498 1460 5565 dabunt.
1515 5513 1569 5558 et
1619 5505 1733 5576 ipse

151 5587 313 5643 statim
355 5589 553 5646 aderit.
614 5587 798 5660 Neque
841 5590 983 5646 enim
1029 5605 1186 5660 parva
1232 5594 1564 5663 perturbatio
1609 5605 1733 5654 tunc

205 5778 220 5808 ⁸
248 5777 438 5833 unum.
470 5777 859 5834 Iribulationem
881 5779 1095 5846 dierum,
1120 5796 1379 5850 quamnum
1412 5783 1571 5837 dicit?
1592 5787 1709 5837 lion
1731 5819 1744 5834 .

3378 354 3483 411 698

1883 472 2052 518 totum
2076 467 2264 520 orbem
2303 464 2606 534 occupabit.
2645 463 2928 534 Quomodo
2971 475 3151 521 autem
3182 467 3485 536 adveniet?

1879 555 1988 611 Ilac
2030 555 2410 612 transformata
2455 565 2742 612 creatura:
2772 571 2893 611 nam
2945 557 3044 613 Sol
3091 558 3476 625 obscurabitur,

1877 663 1982 702 non
2010 649 2244 718 deletus,
2279 648 2373 705 sed
2394 661 2681 718 superatus
2706 649 2963 706 alumine
2996 651 3138 705 illius
3172 650 3437 706 adventus
3465 671 3477 706 :

1879 739 1944 793 Et
1971 740 2132 795 stella
2159 741 2360 796 cadent.
2391 741 2524 808 Quis
2547 743 2689 797 enim
2723 752 2906 813 postea
2935 742 3145 796 illarum
3177 758 3305 797 usus
3335 743 3479 797 futu-

1877 847 1970 887 rus
2012 841 2122 899 est,
2156 834 2300 888 nulla
2354 835 2654 890 exsistente
2685 835 2880 890 nocte?
2911 833 2978 888 Et
3006 834 3218 890 virtutes
3235 837 3478 890 rwlormn

1875 922 2356 989 commovebuntur;
2381 932 2437 979 et
2460 923 2582 992 jure
2610 924 2828 994 quidem
2849 965 2863 990 ,
2891 925 3243 980 mutationem
3274 936 3478 980 tantum

1877 1014 2139 1069 videntes.
2182 1013 2315 1069 Nam
2342 1015 2386 1070 si
2417 1015 2630 1085 quando
2658 1017 2828 1071 stella:
2870 1014 3025 1071 factae
3073 1027 3237 1083 sunt,
3279 1019 3347 1072 ita
3379 1031 3478 1072 εχ-

1878 1102 2202 1160 horruerunt
2252 1115 2305 1160 et
2348 1107 2555 1160 mirata:
2599 1115 2724 1160 sunt
2753 1105 2772 1178 (
2798 1121 2920 1160 nam
2955 1107 3174 1172 Quando
3198 1109 3333 1176 facta
3362 1120 3480 1163 sunt

1875 1204 2012 1248 astra
2037 1235 2051 1256 ,
2083 1195 2284 1264 inquit,
2316 1195 2650 1251 laudauerunt
2680 1213 2759 1250 me
2786 1213 2973 1268 magna
3014 1213 3132 1251 voce
3170 1215 3340 1254 omnes
3385 1217 3481 1252 an-
3559 1239 3562 1242 .

1874 1288 1973 1358 geli
2018 1285 2140 1359 [Job
2165 1288 2256 1344 38.
2289 1287 2380 1361 7])
2407 1307 2419 1341 :
2444 1288 2614 1342 multo
2655 1291 2826 1359 magis
2867 1304 2988 1343 eum
3013 1281 3268 1366 ,viderint
3301 1294 3475 1345 omnia

1876 1386 2097 1445 mutata,
2129 1388 2183 1433 et
2209 1394 2500 1434 conservos
2526 1395 2655 1434 suos
2684 1396 2875 1450 pinnas
2902 1381 3094 1436 dantes
3121 1425 3135 1447 ,
3169 1390 3338 1438 totum
3383 1402 3473 1438 ore

1875 1471 1994 1525 bem
2035 1481 2159 1526 ante
2190 1473 2526 1527 tremendum
2561 1474 2793 1527 tribunal
2821 1473 3123 1528 adstantem
3152 1493 3166 1540 ;
3195 1491 3382 1530 omnes
3410 1476 3479 1530 ab

1874 1562 2043 1617 Adam
2086 1578 2255 1632 usque
2283 1563 2349 1617 ad
2383 1564 2671 1618 adventum
2718 1579 2910 1630 suum,
2957 1567 3200 1620 omnium
3249 1581 3474 1635 operum

1875 1656 2138 1711 rationem
2190 1655 2500 1721 reddentes,
2547 1655 2822 1727 quomodo
2877 1673 2980 1712 non
3034 1659 3389 1725 horrescent,
3424 1669 3479 1714 ct

1873 1746 2390 1802 commovebuntur?
2995 1816 3006 1831 Ι

1943 1837 2172 1891 Christus
2213 1854 2361 1892 suum
2401 1839 2679 1892 secundum
2717 1838 2987 1893 adventum
3021 1841 3276 1896 describit.
3310 1843 3479 1908 Quare

1872 1945 2000 1982 crux
2012 1927 2471 1998 apparebit—50.
2491 1928 2630 1982 Tunc
2646 1929 2922 1999 apparebit
2933 1930 3140 2000 signum
3163 1928 3290 1983 Filii
3303 1935 3476 1987 homi-

1871 2019 1951 2073 nis
1981 2020 2032 2073 in
2059 2020 2183 2073 ctelo
2222 2037 2240 2073 :
2279 2020 2330 2075 id
2363 2029 2446 2075 est
2466 2061 2479 2085 ,
2513 2035 2642 2075 crux
2672 2021 2785 2075 sole
2813 2021 3180 2091 splendidior:
3212 2025 3475 2094 siquidem

1871 2111 1948 2165 sol
1981 2111 2365 2169 obtenebratur
2391 2121 2443 2166 et
2471 2111 2838 2178 absconditur,
2861 2129 2993 2168 crux
3017 2123 3195 2169 autem
3218 2126 3473 2186 apparet:

1873 2217 2046 2272 neque
2075 2213 2387 2272 appareret,
2419 2205 2520 2260 nisi
2549 2204 2814 2260 solaribus
2847 2206 3004 2276 longe
3032 2208 3197 2262 radiis
3225 2210 3468 2278 Splendi-

1870 2291 1988 2348 dior
2028 2303 2189 2349 esset.
2239 2293 2348 2349 Cur
2394 2304 2573 2350 autem
2625 2295 2728 2350 hoc
2764 2296 2975 2366 signum
3003 2299 3261 2367 apparet?
3293 2299 3355 2354 Ut
3387 2299 3475 2353 .lu-

1869 2386 2110 2443 decorum
2159 2386 2484 2456 impudentia
2535 2387 2692 2458 plane
2737 2389 3082 2456 reprimetur.
3126 2389 3477 2446 iustiﬁcatio-

1869 2496 1994 2536 nem
2018 2480 2213 2552 quippe
2239 2495 2486 2551 magnam
2509 2480 2712 2535 habens
2731 2480 3000 2547 Christus,
3024 2497 3219 2551 nempe
3235 2497 3473 2543 crucem.

1871 2571 1922 2625 in
1953 2571 2054 2626 boc
2081 2571 2319 2625 tribunal
2345 2570 2563 2626 advenit
2600 2590 2610 2625 :
2647 2585 2822 2642 neque
2855 2582 3058 2626 tantum
3092 2573 3314 2628 vulnera
3336 2615 3350 2638 ,
3381 2575 3475 2628 sed

1869 2662 2276 2733 ignominiosam
2305 2671 2535 2717 mortem
2562 2662 2817 2717 ostendit.
2855 2661 2996 2717 Tunc
3028 2662 3271 2733 plangant
3291 2665 3472 2717 tribus.

1867 2755 2019 2810 Nulla
2048 2755 2335 2810 accusandi
2369 2755 2662 2810 necessitas
2687 2755 2809 2818 erit,
2837 2769 2958 2810 cum
2984 2755 3212 2809 viderint
3234 2770 3475 2815 crucem.-

1869 2845 2119 2916 plangent
2141 2888 2156 2911 ,
2182 2845 2306 2915 quia
2334 2845 2424 2899 illo
2456 2853 2670 2900 mortuo
2690 2888 2705 2912 ,
2750 2845 2882 2901 nihil
2919 2844 3046 2901 inde
3083 2845 3315 2900 fructum
3347 2863 3473 2917 per-

1867 2942 2125 3008 ceperunt
2151 2955 2166 2992 :
2196 2938 2447 3008 quoniam
2476 2937 2860 2994 crucifixerunt
2889 2953 3017 2994 eum
3047 2955 3209 3010 quem
3243 2939 3476 2996 adorare

1864 3029 2165 3098 oportebat.
2210 3028 2402 3084 Viden’
2423 3045 2584 3099 quam
2617 3029 2930 3085 terribiliter
2973 3046 3133 3086 suum
3183 3031 3473 3086 adventum

1864 3118 2184 3176 describat?
2231 3119 2503 3188 quomodo
2552 3120 2939 3190 discipulorum
2995 3120 3206 3177 animos
3259 3123 3475 3193 erigat?

1865 3208 2072 3265 Idcirco
2113 3211 2282 3266 tristia
2317 3212 2490 3280 primo
2518 3213 2705 3281 ponit,
2739 3220 2792 3268 et
2830 3222 2953 3284 post
2981 3213 3096 3268 hinc
3127 3214 3267 3270 bona
3299 3225 3353 3270 et
3387 3216 3475 3286 ju-

1862 3302 2058 3368 cunda,
2115 3311 2170 3358 ut
2220 3303 2298 3358 sic
2346 3304 2470 3359 illos
2518 3304 2847 3361 consoletur.
2899 3305 3214 3362 Passionem
3259 3324 3474 3379 quoque

1863 3409 2073 3450 rursum
2102 3403 2511 3462 commemorat,
2542 3409 2754 3451 necnon
2781 3397 3240 3457 resurrectionem
3261 3441 3281 3466 ,
3307 3408 3470 3469 atque

1860 3485 2224 3556 Splendidiore
2252 3485 2412 3541 modo
2437 3501 2656 3551 crucem
2684 3497 2947 3544 memorat
2969 3531 2985 3556 ,
3015 3505 3086 3546 ne
3117 3491 3289 3562 pudor
3321 3493 3468 3562 ipsos

1859 3577 1944 3631 vel
1987 3576 2143 3632 dolor
2172 3576 2415 3642 invadat,
2444 3592 2566 3632 cum
2587 3578 2698 3649 jam
2732 3580 2910 3634 veniat
2955 3580 3102 3636 illam
3159 3597 3256 3651 pro
3304 3585 3459 3653 signo
3532 3614 3533 3617 η

1861 3669 2148 3738 positurus.
2181 3668 2332 3721 Alius
2362 3683 2489 3723 vero
2519 3668 2682 3735 dicit,
2726 3668 2979 3724 Videbunt
3021 3672 3074 3725 in
3121 3689 3269 3744 quem
3301 3683 3469 3729 trans-

1857 3761 2077 3828 ﬁxerunt
2121 3759 2308 3828 (Zach.
2343 3760 2430 3815 12.
2465 3761 2576 3830 I0).
2608 3760 2735 3817 Ideo
2763 3761 3015 3833 plangent
3043 3764 3211 3819 tribus
3232 3807 3247 3831 ,
3281 3767 3467 3820 viden-

1859 3862 1939 3908 tes
1983 3853 2232 3908 eumdem
2273 3856 2443 3923 ipsum
2488 3867 2628 3909 esse.
2677 3853 2966 3925 Postquam
3017 3865 3194 3912 autem
3246 3873 3463 3914 crucem

1857 3944 2320 4012 commemoravit,
2354 3944 2559 4015 adjicit,
2600 3945 2846 4000 Videbunt
2867 3945 3064 4002 Filium
3093 3948 3311 4003 hominis
3327 3951 3461 4003 veni-

1856 4045 2050 4105 entem,
2080 4052 2186 4091 non
2219 4037 2270 4092 in
2297 4053 2489 4103 cruce,
2524 4039 2649 4104 sed,
2675 4039 2741 4094 In
2771 4040 2985 4095 nubibus
3018 4041 3132 4095 σαριὶ
3169 4059 3283 4095 cum
3315 4055 3460 4112 polc-

1854 4141 1983 4187 state
2007 4141 2054 4186 et
2077 4133 2340 4202 majestate
2366 4149 2550 4204 magna
2578 4131 2758 4203 (Joan.
2795 4132 2883 4188 I9.
2918 4133 3031 4207 57).
3064 4133 3143 4189 Ne
3173 4135 3294 4206 quia
3326 4151 3456 4190 cru-

1853 4237 1970 4277 cem
2013 4222 2243 4288 audisti,
2277 4224 2473 4293 inquit,
2507 4233 2666 4294 putes
2694 4223 2887 4280 adesse
2925 4224 3054 4296 quid
3102 4226 3287 4290 triste;
3335 4242 3459 4282 nam

1851 4327 1973 4368 cum
2015 4321 2280 4382 potestate
2327 4322 2382 4369 et
2425 4315 2706 4384 majestate
2749 4331 2940 4387 magna
2985 4318 3185 4371 veniet.
3224 4316 3452 4373 Crucem

1850 4413 2031 4459 autem
2059 4413 2267 4476 gestat,
2301 4414 2358 4460 ut
2385 4417 2660 4475 peccatum
2695 4408 2932 4477 ipsorum
2965 4408 3070 4464 hoc
3099 4409 3215 4479 ipso
3258 4419 3310 4465 et
3360 4427 3455 4481 per

1850 4511 1910 4553 se
1938 4497 2329 4552 condemnetur
2361 4514 2375 4552 :
2409 4507 2466 4552 ut
2494 4499 2538 4551 si
2572 4500 2692 4568 quis
2719 4498 2896 4569 lapide
2927 4515 3233 4570 percussus,
3277 4501 3453 4571 ipsum

1850 4589 2079 4661 lapidem
2107 4589 2450 4656 ostenderet,
2484 4590 2567 4645 vel
2617 4591 2931 4646 vestimenta
2979 4601 3277 4648 cruentata.
3308 4594 3374 4648 Et
3399 4596 3455 4650 in

1848 4681 1989 4737 nube
2035 4682 2233 4747 veniet,
2279 4683 2418 4737 sicut
2465 4692 2774 4752 assumptus
2799 4693 2915 4748 est;
2958 4683 3184 4760 haecque
3208 4686 3456 4742 videntes

1808 4799 1811 4801 ·
1849 4775 2017 4829 tribus
2067 4774 2292 4829 ﬂebunt.
2339 4774 2524 4846 Neque
2573 4775 2710 4830 intra
2758 4777 2942 4831 ﬂetum
2969 4778 3231 4832 sistentur
3259 4781 3397 4834 mala
3435 4799 3447 4834 :

1846 4866 1939 4922 sed
1970 4866 2089 4921 ideo
2119 4865 2274 4921 ﬂetus
2305 4868 2441 4934 erit,
2483 4877 2540 4921 ut
2568 4867 2890 4923 sententiam
2925 4868 3100 4924 ferant
3143 4880 3197 4924 et
3239 4872 3450 4940 seipsos

1843 4956 2116 5012 damnent.
2148 4957 2300 5012 Tunc
2327 4966 2504 5012 autem
2538 4973 2746 5024 rursus,
2769 4958 2859 5013 51.
2896 4959 3064 5014 Mittet
3089 4960 3298 5031 angelos
3328 4978 3450 5016 suos

1845 5064 1959 5102 cum
1981 5048 2099 5102 tuba
2126 5064 2344 5119 magna,
2389 5058 2434 5102 et
2470 5049 2848 5120 congregabunt
2898 5052 3080 5106 electos
3127 5069 3191 5106 ea:
3228 5062 3449 5122 quatuor

1843 5142 2022 5207 uentis,
2064 5159 2095 5194 a
2134 5141 2346 5195 summis
2391 5143 2631 5197 ctelorum
2657 5159 2817 5214 usque
2858 5144 2926 5197 ad
2969 5145 3210 5200 terminos
3248 5162 3440 5200 eorum.

1842 5235 1974 5289 Cum
2007 5234 2123 5289 hinc
2152 5234 2386 5289 audieris
2407 5275 2421 5297 ,
2449 5235 2621 5305 cogita
2653 5249 2840 5290 eorum
2869 5236 2959 5307 qui
2993 5238 3292 5293 manebunt
3317 5254 3443 5307 sup~

1843 5327 2078 5397 plicium.
2108 5326 2227 5381 Non
2247 5327 2388 5382 enim
2419 5337 2624 5382 tantum
2651 5327 2770 5382 illas
2798 5343 2984 5397 poenas
3010 5329 3237 5393 dabunt,
3265 5330 3359 5386 sed
3389 5341 3444 5385 et

1843 5419 1979 5475 hanc
2009 5434 2241 5490 quoque.
2275 5420 2340 5474 Et
2366 5421 2507 5473 sicut
2535 5419 2751 5475 dicebat
2776 5436 2937 5491 supra
2965 5464 2978 5485 ,
3008 5422 3248 5478 dicturos
3277 5437 3398 5478 esse
3424 5463 3437 5487 ,

1840 5510 2140 5568 Benedictus
2167 5511 2250 5580 qui
2273 5513 2401 5564 venit
2430 5511 2482 5564 in
2507 5513 2709 5565 nomine
2730 5510 2938 5566 Domini
2958 5512 3175 5583 (Matth.
3199 5515 3288 5570 25.
3312 5515 3437 5584 59);

1839 5605 1917 5660 sic
1961 5606 2061 5660 hoc
2100 5606 2219 5660 loco
2261 5605 2418 5671 dicit,
2455 5603 2730 5678 Plangent.
2776 5605 2908 5675 Quia
2932 5609 3075 5663 enim
3100 5608 3168 5664 de
3188 5609 3440 5676 gravibus

1839 5698 1993 5756 bellis
2018 5699 2165 5766 ipsos
2192 5697 2496 5768 alloquutus
2524 5706 2643 5765 est,
2676 5707 2732 5752 ut
2757 5697 2965 5754 discant
2984 5742 2998 5763 .
3032 5711 3151 5771 post
3175 5703 3330 5775 hujus
3354 5704 3436 5755 vl—

1843 5800 1910 5848 ta:
1934 5790 2096 5858 mala,
2129 5789 2307 5847 l‘utura
2334 5790 2453 5847 illos
2474 5801 2746 5853 tormenta
2772 5807 3015 5864 manere,
3047 5810 3099 5856 ct
3124 5799 3442 5874 plangentcs
