4174 6332
732 345 836 402 699

741 456 946 516 inducit
967 497 983 521 ,
1030 463 1085 511 et
1111 453 1178 508 ab
1201 450 1383 507 electis
1408 458 1712 521 segregatos
1731 491 1746 516 ,
1779 457 1832 504 et
1857 446 2114 518 gehennae
2147 442 2308 499 tradi-

743 561 824 605 tos
857 566 871 602 :
905 547 1130 617 hincque
1161 543 1368 598 rursum
1399 541 1686 612 discipulos
1715 541 2005 604 suscitans,
2033 535 2265 591 ostendit
2292 575 2308 598 ,

739 656 769 692 a
822 637 1031 710 quantis
1075 633 1440 689 liberabuntur
1483 632 1677 696 malis,
1717 639 1773 686 et
1818 629 2029 700 quantis
2071 627 2310 682 fruentur

743 728 919 783 bonis.

808 819 862 874 6.
912 815 980 871 Et
1028 831 1126 872 cur
1180 830 1275 884 per
1325 813 1541 884 angelos
1591 821 1745 866 vocat
1788 811 1925 876 illos,
1956 809 2000 864 si
2028 809 2106 863 sic
2138 809 2308 876 palam

740 918 996 964 venturus
1030 907 1143 962 sit?
1171 906 1240 962 Ut
1267 906 1366 960 illis
1399 904 1541 960 hunc
1566 918 1780 974 quoque
1807 902 2063 956 honorem
2095 899 2307 953 tribuat.

741 1000 936 1056 Paulus
977 1015 1105 1057 vero
1154 1000 1228 1054 ait
1257 998 1403 1068 ipsos
1439 997 1720 1067 rapiendos
1741 1011 1858 1051 esse
1885 995 1936 1050 in
1964 994 2212 1050 nubibus.
2246 990 2312 1046 Et

743 1093 845 1148 hoc
887 1092 1045 1148 etiam
1091 1091 1257 1155 dicit,
1311 1104 1430 1144 cum
1478 1089 1546 1143 de
1599 1087 1986 1142 resurrectione
2035 1085 2308 1154 loquitur:

745 1181 864 1253 Ipse
887 1183 1048 1243 enim,
1077 1180 1266 1250 inquit,
1297 1178 1540 1234 Dominus
1560 1178 1820 1232 descendet
1840 1178 1903 1230 de
1920 1175 2042 1229 ctefo
2055 1175 2108 1228 in
2123 1175 2274 1244 jussu
2293 1211 2308 1236 ,

741 1278 794 1332 in
839 1291 954 1332 uoca
989 1271 1279 1343 archangeli
1320 1271 1396 1339 (1.
1429 1268 1609 1324 Thess.
1645 1269 1698 1323 4.
1730 1266 1839 1338 15).
1871 1266 2048 1335 Itaque
2074 1280 2193 1321 cum
2225 1278 2311 1318 re-

742 1369 1103 1433 surrexerint,
1131 1364 1304 1435 angeli
1333 1365 1478 1433 ipsos
1499 1360 1894 1432 congregabunt
1917 1401 1933 1425 ,
1963 1363 2314 1426 congregatos

741 1470 920 1518 autem
951 1459 1116 1514 nubes
1157 1458 1366 1527 rapiant
1407 1464 1506 1511 :et
1553 1454 1667 1510 haec
1717 1453 1897 1508 omnia
1945 1452 1997 1506 in
2043 1457 2314 1505 momento

746 1549 896 1607 fiunt.
942 1551 1123 1621 Neque
1159 1550 1301 1604 enim
1347 1563 1558 1603 sursum
1593 1560 1813 1600 manens
1843 1553 1995 1598 vocat
2024 1543 2175 1606 illos,
2220 1541 2314 1597 sed

745 1647 858 1714 ipse
885 1643 1024 1697 venit
1057 1643 1109 1695 in
1141 1640 1286 1696 tuba.
1323 1639 1386 1693 Et
1410 1637 1537 1708 quid
1563 1636 1665 1692 sibi
1686 1637 1873 1690 volunt
1898 1634 2038 1689 tubte
2066 1640 2122 1688 et
2151 1632 2267 1687 soni
2293 1632 2316 1685 ?

746 1738 826 1792 Ad
870 1733 1290 1797 suscitationem,
1318 1730 1382 1785 ad
1413 1730 1675 1790 brilliant,
1700 1727 1763 1782 ad
1785 1724 2158 1782 declarandum
2202 1732 2316 1778 stu-

757 1841 962 1896 porem,
978 1824 1322 1892 doloremque
1347 1834 1531 1877 eorum
1550 1818 1637 1888 qui
1651 1818 2035 1886 relinquentur.
2055 1813 2146 1869 Vae
2166 1813 2318 1868 nobis

746 1934 776 1973 a
799 1918 884 1973 die
911 1918 1000 1971 illo
1028 1914 1248 1970 terribili
1275 1931 1286 1963 :
1311 1927 1430 1967 cum
1459 1917 1731 1980 oporteret
1752 1923 1847 1964 nos
1865 1907 2093 1978 gaudere
2107 1905 2319 1975 quando

748 2011 872 2066 talia
901 2009 1170 2069 audimus,
1198 2007 1462 2069 dolemus,
1489 2012 1542 2057 et
1561 2002 1739 2056 animo
1765 2001 1976 2069 dejecto
2003 2012 2185 2054 sumus
2209 2036 2226 2063 ,
2256 2012 2319 2052 ac

748 2114 977 2156 maerore
1005 2097 1338 2153 conlicimnr.
1369 2093 1500 2147 Num
1531 2108 1630 2162 ego
1656 2091 1803 2145 solus
1830 2089 1944 2145 haec
1981 2089 2175 2160 patior,
2196 2102 2317 2142 vos-

748 2205 849 2262 que
879 2188 1120 2260 gaudetis
1141 2187 1256 2241 huic
1280 2184 1577 2248 audientes,
1603 2181 1728 2236 dum
1757 2195 1844 2236 me
1872 2191 1925 2235 et
1963 2179 2153 2234 horror
2173 2177 2320 2232 inva-

746 2282 845 2348 dit,
868 2295 991 2334 cum
1017 2279 1136 2334 haec
1158 2277 1428 2339 dicuntur,
1459 2283 1512 2328 et
1541 2274 1773 2341 graviter
1799 2271 1975 2340 lugeo,
2003 2284 2178 2339 exque
2199 2267 2322 2322 inti-

747 2388 836 2430 mo
864 2371 1026 2426 corde
1053 2367 1384 2440 ingemisco?
1409 2366 1546 2420 Nihil
1577 2365 1691 2420 hinc
1714 2363 1780 2418 ad
1802 2379 1904 2428 me,
1935 2361 2031 2418 sed
2057 2376 2175 2432 qua:
2198 2375 2321 2417 mox

747 2473 1073 2536 sequuntur,
1103 2476 1222 2532 quat
1252 2460 1483 2530 virgines
1508 2465 1784 2528 spectant,
1821 2463 1875 2510 et
1913 2469 2031 2525 qua:
2063 2453 2211 2508 illum
2232 2453 2324 2523 qui

746 2566 1018 2625 acceptum
1043 2554 1296 2608 talentum
1328 2549 1563 2614 defodit,
1603 2557 1657 2603 et
1681 2563 1797 2618 qua:
1825 2561 2035 2603 servum
2075 2560 2320 2616 nequam.

748 2649 873 2705 Ideo
900 2650 1166 2717 lacrymor
1189 2685 1204 2710 ,
1236 2643 1478 2714 cogitans
1512 2657 1579 2697 ex
1622 2648 1814 2712 quanta
1851 2639 2017 2710 gloria
2057 2637 2323 2709 delapsuri

749 2741 914 2796 simus
936 2780 952 2805 ,
981 2754 1046 2793 ex
1073 2746 1392 2808 quantorum
1435 2749 1531 2804 spe
1560 2733 1819 2786 bonorum
1841 2773 1855 2797 ,
1886 2730 2043 2800 idque
2069 2739 2326 2799 perpetuo

748 2843 802 2888 et
822 2845 1067 2900 semper,
1120 2843 1186 2885 ne
1225 2841 1413 2898 parum
1455 2823 1612 2878 studii
1664 2822 2052 2892 impendamus.
2101 2820 2233 2875 Nam
2279 2818 2323 2874 si

753 2925 947 2977 multus
975 2929 1118 2976 esset
1148 2918 1317 2983 labor,
1353 2916 1399 2970 si
1422 2914 1601 2986 gravis
1627 2914 1737 2977 lex,
1765 2913 1843 2968 sic
1863 2926 2074 2983 quoque
2113 2918 2327 2979 oporte-

753 3021 832 3067 ret
862 3011 993 3068 nihil
1036 3025 1139 3065 non
1171 3022 1350 3078 agere.
1383 3007 1630 3060 Attamen
1657 3004 1897 3073 plerique
1926 3002 2138 3056 desides
2165 3015 2328 3056 excu-

751 3112 1007 3158 sationem
1026 3098 1310 3172 quamdam
1331 3097 1526 3152 habere
1545 3095 1883 3158 viderentur;
1903 3091 2142 3162 frigidam
2155 3099 2324 3158 certe,

753 3194 846 3250 sed
888 3203 1063 3248 tamen
1110 3190 1416 3246 viderentur
1444 3187 1680 3251 habere;
1711 3193 2094 3256 praceptorum
2139 3199 2330 3252 nempe

755 3285 1139 3349 difﬁcultatem,
1164 3282 1304 3352 quod
1329 3296 1548 3352 magnus
1575 3280 1643 3334 sit
1667 3279 1837 3343 labor,
1862 3276 2004 3347 quod
2023 3276 2329 3332 diuturnum

757 3388 965 3447 tempus
990 3415 1006 3442 ,
1037 3384 1090 3430 et
1119 3373 1452 3429 intolerabile
1475 3384 1610 3426 onus
1640 3388 1654 3424 :
1687 3384 1831 3423 nunc
1860 3376 2036 3424 autem
2069 3365 2200 3421 nihil
2229 3367 2332 3422 tale

757 3468 1046 3526 obtendere
1063 3480 1361 3537 possumus.
1375 3463 1516 3535 quod
1538 3471 1716 3517 tamen
1730 3460 1894 3532 magis
1917 3474 2073 3530 quam
2091 3459 2332 3529 gehenna

759 3576 856 3615 nos
897 3557 1143 3615 eorrodet
1173 3558 1224 3612 in
1272 3564 1512 3625 tempore
1551 3552 1674 3618 illo,
1703 3565 1824 3606 cum
1865 3549 1935 3604 ob
1960 3548 2331 3605 brevissimum

763 3654 1016 3722 temporis
1042 3653 1291 3723 spatium,
1321 3657 1375 3704 et
1402 3647 1650 3703 sudorem
1683 3659 1920 3714 parvum,
1953 3658 2173 3714 regnum
2195 3640 2335 3696 ami-

763 3747 989 3802 serimus
1017 3753 1071 3800 et
1091 3740 1374 3798 ineffabilia
1403 3739 1562 3795 bona.
1589 3738 1720 3792 ham
1743 3745 1797 3792 et
1819 3744 2027 3806 tempus
2047 3734 2207 3788 breve
2231 3739 2333 3799 est,

764 3846 818 3893 et
847 3836 996 3891 labor
1023 3833 1297 3898 modicus;
1328 3841 1382 3886 et
1408 3839 1581 3884 tamen
1613 3827 1926 3882 resolvimur
1945 3834 1999 3880 et
2021 3823 2336 3879 decidimus.

767 3929 823 3983 ln
852 3937 992 3982 terra
1016 3925 1257 3981 decertas
1277 3963 1293 3988 ,
1322 3930 1377 3976 et
1403 3920 1453 3975 in
1479 3918 1626 3975 caelis
1650 3932 1846 3972 corona
1872 3924 1987 3982 est;
2019 3915 2087 3970 ab
2109 3913 2339 3969 homini-

768 4023 866 4077 bus
909 4015 1191 4082 cruciaris,
1241 4023 1294 4069 et
1335 4029 1363 4066 a
1412 4013 1518 4067 Deo
1564 4011 1820 4065 honorem
1869 4007 2094 4076 accipis;
2137 4006 2343 4061 duobus

771 4111 944 4167 curris
970 4109 1157 4164 diebus
1178 4148 1191 4171 ,
1223 4114 1282 4160 et
1300 4104 1364 4158 ad
1389 4102 1581 4158 saecula
1610 4101 1808 4155 infinita
1831 4100 2008 4154 bravia
2035 4097 2261 4167 accipis;
2291 4097 2342 4151 in

773 4214 1024 4271 corrupto
1065 4212 1290 4268 corpore
1331 4197 1469 4251 lucta
1491 4236 1506 4262 ,
1535 4203 1589 4248 et
1630 4193 1681 4247 in
1709 4193 2015 4262 incorrupto
2045 4192 2237 4248 honor.
2269 4193 2347 4247 Ac

775 4305 968 4368 prater
999 4295 1112 4350 hare
1143 4291 1272 4346 illud
1302 4291 1459 4345 etiam
1485 4288 1718 4358 cogitare
1746 4294 1974 4355 oportet,
2006 4285 2213 4340 etiamsi
2238 4299 2345 4338 non

777 4396 992 4460 propter
1017 4385 1284 4441 Christum
1312 4379 1508 4450 aliquid
1542 4378 1646 4448 pati
1673 4376 1868 4431 doloris
1895 4375 2140 4442 velimus,
2164 4382 2220 4429 at
2240 4374 2348 4443 pati

776 4496 875 4539 nos
921 4477 1139 4534 omnino
1186 4488 1408 4530 necesse
1456 4472 1586 4526 fore.
1639 4469 1818 4539 Neque
1857 4468 2000 4522 enim
2042 4467 2086 4522 si
2131 4477 2351 4537 propter

777 4573 1045 4628 Christum
1070 4583 1173 4624 non
1197 4566 1460 4630 moriaris,
1493 4564 1611 4619 ideo
1642 4561 1953 4619 immortalis
1977 4559 2085 4614 eris
2125 4578 2138 4613 :
2177 4573 2352 4629 neque

779 4668 826 4723 si
853 4674 1068 4737 pr0pter
1093 4661 1359 4717 Christum
1390 4657 1598 4712 divitias
1617 4670 1720 4710 non
1747 4653 2004 4719 eﬂ'undas,
2034 4653 2150 4708 illas
2178 4661 2350 4706 tecum

781 4761 1012 4819 auferes.
1046 4760 1090 4813 A
1120 4767 1170 4813 te
1201 4756 1286 4811 illa
1314 4754 1493 4825 exigit,
1521 4769 1638 4824 quae
1663 4753 1820 4808 etiam
1841 4752 1952 4821 ipso
1979 4766 2084 4806 non
2110 4750 2356 4820 exigente

783 4855 1005 4911 daturus
1029 4867 1088 4908 es
1112 4892 1126 4917 ,
1154 4849 1275 4919 quia
1305 4846 1541 4901 mortalis
1578 4861 1675 4908 es;
1720 4845 1833 4899 haec
1877 4854 1928 4900 te
1974 4844 2202 4899 libenter
2245 4843 2359 4898 vult

782 4946 978 5010 facere,
1037 4956 1157 5012 quze
1214 4938 1512 4993 necessario
1561 4936 1790 4991 facturus
1832 4950 1910 4990 es.
1940 4935 2054 4990 Hoc
2090 4935 2258 4990 solum
2303 4944 2360 4988 ut

787 5037 925 5095 adsit
966 5043 1141 5104 Optat,
1191 5041 1246 5085 ιιι
1275 5039 1491 5100 pr0pter
1534 5027 1706 5098 ipsum
1729 5026 1829 5084 hoc
1857 5027 1978 5092 fiat;
2007 5025 2149 5095 quod
2180 5033 2359 5084 autem

786 5131 902 5189 haec
932 5129 1103 5184 omnia
1133 5129 1440 5194 contingant
1465 5130 1516 5176 et
1545 5128 1832 5180 transeant,
1863 5133 1926 5173 ex
1951 5127 2150 5172 natura:
2178 5129 2362 5171 neces-

788 5226 944 5279 sitate
965 5221 1040 5276 ﬁt.
1075 5218 1259 5274 Viden‘
1286 5231 1444 5287 quam
1475 5214 1626 5270 facile
1655 5213 1963 5271 certamen?
1989 5212 2117 5278 Quae
2143 5211 2364 5267 omnino

791 5326 1045 5384 passurus
1069 5326 1128 5367 es
1148 5351 1163 5375 ,
1194 5309 1392 5379 inquit,
1423 5315 1639 5375 propter
1681 5319 1766 5358 tne
1809 5312 1989 5373 patere
2018 5319 2031 5355 :
2062 5301 2162 5358 hoc
2189 5302 2364 5357 solum

792 5407 1037 5470 addatur,
1079 5413 1134 5458 et
1175 5403 1225 5457 id
1269 5416 1365 5472 pro
1403 5399 1595 5457 idonea
1619 5397 1958 5468 obsequentia
1991 5394 2181 5452 habeo.
2213 5394 2364 5464 Quod

794 5500 884 5556 alii
913 5505 1245 5553 mutuaturus
1269 5508 1453 5549 aurum
1482 5506 1541 5548 es
1565 5533 1582 5559 ,
1603 5488 1731 5546 mihi
1759 5497 2000 5544 mutuare
2024 5503 2145 5547 cum
2176 5486 2365 5556 majori

799 5593 1001 5647 foenore
1039 5602 1104 5643 ac
1127 5586 1410 5640 securitate
1438 5602 1452 5638 :
1483 5583 1624 5655 quod
1649 5597 1842 5652 corpus
1870 5580 2022 5635 alteri
2051 5579 2253 5635 militia:
2289 5578 2368 5632 vis

794 5681 1129 5745 adscribere,
1169 5693 1302 5734 mea:
1340 5676 1581 5732 adscribe
1610 5695 1622 5730 :
1655 5690 1774 5729 nam
1823 5672 2028 5729 labores
2070 5679 2190 5727 tuos
2216 5669 2368 5743 longe

789 5771 1040 5830 excedam
1078 5767 1337 5826 mercedis
1364 5765 1740 5834 magnitudine.
1770 5762 1849 5820 Tu
1873 5777 1998 5819 vero
2025 5762 2075 5818 in
2102 5761 2222 5817 aliis
2245 5774 2368 5816 eum

1409 339 1465 394 S.
1503 335 1776 392 JOANNIS
1813 327 2285 390 CHRYSOSTOMI
2325 324 2636 382 ARCHIEP.
2677 319 3212 382 CONSTANTINOP.

3895 322 4003 379 700

2417 454 2628 508 semper
2655 438 2909 510 praefers,
2941 437 3030 508 qui
3060 437 3213 509 plura
3258 434 3534 505 retribuit,
3579 436 3634 492 in
3675 445 3859 493 mutuo
3881 480 3898 504 ,
3947 439 4003 494 in

2415 531 2715 601 emptione.
2743 531 2794 585 in
2821 530 3007 584 militia
3041 548 3055 585 :
3085 525 3356 584 Christum
3384 528 3556 584 solum
3583 543 3689 585 non
3715 530 3960 587 admittis
3985 572 4001 590 .

2415 623 2504 690 qui
2551 622 2669 692 plus
2715 631 2769 677 et
2817 621 3069 676 intinities
3103 619 3223 690 plus
3264 620 3466 690 prabet
3500 636 3657 691 quam
3683 623 3885 677 caeteri.
3937 622 4006 676 Et

2416 713 2556 783 quod
2594 714 2695 770 hoc
2720 712 2951 768 bellum?
2977 728 3094 783 qua
3121 712 3236 768 haec
3267 712 3574 768 inimicitia?
3603 712 3872 769 Undenatu
3901 714 4003 770 de-

2418 821 2564 860 mum
2595 806 2805 859 veniam
2834 817 2888 860 et
2911 804 3310 860 excusationem
3341 803 3563 860 habebis
3583 848 3598 872 ,
3625 822 3747 862 cum
3778 808 3830 861 in
3857 807 4004 864 iisin

2415 895 2608 965 quibus
2638 893 2881 949 homines
2917 894 3219 950 hominibus
3247 896 3560 965 anteponis,
3588 913 3655 954 ne
3685 899 3850 954 Deum
3875 900 4002 970 qu‘i-

2416 985 2536 1041 dem
2565 987 2642 1041 vis
2673 986 2974 1041 hominibus
3000 987 3360 1055 anteponere?
3383 987 3494 1042 Cur
3511 996 3667 1044 terra:
3691 988 4003 1046 thesaurum

2417 1077 2620 1131 tradis?
2651 1077 2708 1132 ln
2733 1077 2974 1132 manibus
3004 1079 3139 1132 meis
3166 1093 3388 1148 repone,
3417 1079 3607 1150 inquit.
3638 1082 3831 1137 Annon
3854 1083 4007 1140 vide-

2417 1176 2503 1221 tur
2543 1167 2636 1222 tibi
2681 1167 2934 1222 Dominus
2981 1177 3135 1223 terra:
3162 1169 3328 1224 tutior
3363 1184 3484 1225 esse
3511 1185 3669 1240 quam
3697 1174 3882 1228 terra?
3906 1173 4005 1230 IIIa

2417 1258 2714 1327 depositum
2757 1259 2966 1324 reddit,
3017 1274 3188 1327 neque
3229 1260 3402 1315 reddit
3451 1277 3667 1331 semper
3693 1281 3708 1318 :
3738 1265 3828 1320 ille
3871 1279 4004 1321 vero

2418 1349 2574 1402 etiam
2623 1348 2922 1403 mercedem
2965 1363 3062 1418 pro
3094 1350 3332 1404 custodia
3359 1351 3427 1406 ab
3475 1365 3534 1407 se
3577 1352 3757 1408 habita
3803 1355 4002 1410 reddit.

2423 1439 2587 1494 Valde
2612 1440 2806 1509 quippe
2836 1455 2932 1495 nos
2957 1451 3116 1494 amat.
3151 1441 3273 1496 Ideo
3300 1443 3345 1496 si
3375 1454 3559 1498 mutuo
3579 1444 3708 1498 dare
3735 1447 3996 1511 volueris,

2421 1543 2633 1603 paratus
2658 1541 2740 1587 est
2764 1550 2776 1585 :
2806 1533 2850 1586 si
2879 1532 3145 1588 seminare
3164 1573 3180 1600 ,
3211 1524 3326 1604 ipse
3348 1549 3530 1590 semen
3548 1537 3777 1605 exeipit;
3808 1539 3854 1592 si
3876 1539 4008 1596 mdi-

2423 1625 2539 1678 iicia
2564 1625 2798 1678 excitare
2819 1663 2834 1688 ,
2862 1631 2913 1677 te
2937 1623 3002 1677 ad
3031 1637 3089 1678 se
3117 1623 3375 1693 pertrahit
3399 1625 3583 1680 dicens
3601 1668 3616 1693 ,
3644 1626 3701 1681 ln
3730 1642 3852 1684 meo
3879 1629 4002 1683 fun-

2420 1717 2488 1770 do
2508 1716 2651 1771 :edes
2679 1725 2948 1770 construe.
2972 1714 3107 1784 Quid
3137 1716 3309 1771 curris
3335 1716 3400 1771 ad
3427 1733 3707 1787 pauperes,
3734 1718 3801 1774 ad
3833 1721 4008 1774 homi-

2404 1823 2516 1862 -nes
2543 1803 2952 1861 mendicantes?
3012 1805 3180 1861 Curre
3206 1806 3271 1860 ad
3301 1807 3464 1862 Deum
3492 1850 3508 1874 ,
3536 1809 3625 1878 qui
3651 1824 3751 1879 pro
3778 1810 4006 1866 modicis

2422 1912 2610 1969 magna
2634 1896 2725 1951 tibi
2755 1891 3378 1952 datttrusest'.Attamen
3419 1895 3453 1950 h
3474 1911 3535 1951 re
3560 1913 3627 1953 ne
3654 1899 3840 1953 auditu
3880 1901 4003 1969 qui-

2420 1987 2541 2043 dem
2571 1988 2820 2052 feritnus;
2851 1985 2944 2041 sed
2974 1999 3039 2042 eo
3057 1982 3370 2040 festinanter
3393 1987 3680 2056 pergimus,
3703 1991 3792 2043 ubi
3813 2006 4007 2061 pugna

2419 2081 2567 2134 sunt,
2593 2070 2754 2136 bella,
2784 2070 2906 2123 lites
2946 2069 3125 2123 omnis
3164 2069 3399 2140 generis,
3425 2070 3577 2135 rixa,
3605 2069 4007 2142 sycophantiae.

2493 2161 2546 2216 5.
2575 2158 2641 2214 In
2669 2159 2878 2215 Christo
2906 2159 3086 2214 omnia
3107 2158 3257 2214 nobis
3283 2162 4005 2229 suppeditantem—Annon

2424 2253 2704 2324 igitur-nos
2725 2252 2872 2323 juste
2891 2261 3177 2308 aversatur
3201 2263 3254 2307 et
3275 2253 3579 2321 ulciscitur,
3605 2268 3728 2310 cum
3751 2253 3806 2309 in
3827 2255 4012 2310 omni-

2424 2346 2524 2402 bus
2543 2346 2779 2415 seipsum
2805 2343 2963 2400 nobis
2986 2343 3197 2410 oll'erat,
3224 2360 3433 2416 nosque
3459 2346 3609 2400 illum
3647 2348 3972 2417 rejiciamus
3986 2347 4012 2400 ‘l

2426 2437 2480 2491 Id
2511 2445 2656 2493 certe
2683 2450 2848 2493 nemo
2873 2452 2982 2491 non
3014 2437 3265 2492 fateatur.
3298 2435 3356 2492 Si
3391 2438 3573 2505 enim,
3600 2438 3806 2510 inquit,
3838 2439 4010 2494 deco-

2425 2529 2534 2583 rari
2566 2527 2719 2595 velis,
2753 2529 2938 2600 accipe
2958 2527 3212 2584 decorem
3249 2544 3429 2584 meum
3457 2547 3471 2596 ;
3509 2530 3554 2586 si
3596 2530 3824 2594 armari,
3855 2544 4015 2585 arma

2426 2635 2580 2687 mea;
2609 2620 2656 2674 si
2691 2620 2897 2686 vestiri,
2929 2619 3312 2674 vestimentum
3341 2635 3554 2686 meum;
3579 2621 3627 2675 si
3659 2620 3829 2686 vesci,
3857 2635 4018 2676 men-

2425 2728 2540 2768 sam
2571 2727 2785 2779 meam;
2813 2712 2858 2766 si
2895 2713 2993 2766 iter
3028 2710 3228 2780 facere,
3259 2713 3400 2768 viam
3440 2727 3658 2778 meam;
3700 2714 3745 2767 si
3778 2711 4018 2769 heredi-

2427 2814 2563 2869 tare,
2593 2804 2964 2859 hazreditatem
3000 2818 3175 2859 meam
3204 2822 3219 2872 ;
3248 2806 3292 2860 si
3325 2806 3379 2859 in
3407 2803 3635 2874 patriam
3667 2805 3906 2875 ingredi,
3935 2804 4020 2862 ci-

2427 2897 2673 2962 vitatem,
2704 2895 2863 2966 cujus
2891 2910 2992 2966 ego
3016 2911 3138 2951 sum
3166 2895 3363 2952 artifex
3393 2907 3447 2950 et
3466 2894 3718 2951 conditor
3740 2898 3762 2927 '
3795 2913 3811 2963 ;
3845 2898 3893 2952 si
3917 2897 4022 2954 do-

2426 3003 2572 3043 mum
2605 2988 2738 3044 velis
2766 2988 3053 3053 :edillcare,
3092 2988 3298 3043 aediﬁca
3326 2989 3378 3043 in
3413 2989 3780 3044 tabernaculis
3815 2990 3962 3047 meis
3998 3007 4015 3045 :

2422 3097 2521 3152 ego
2559 3089 2705 3136 certe
2748 3095 2848 3149 pro
2897 3080 2966 3136 iis
3005 3095 3126 3151 qua:
3173 3079 3374 3136 dedero
3416 3081 3621 3135 nullam
3669 3097 3699 3136 a
3745 3090 3800 3136 te
3846 3097 4008 3152 iner-

2423 3174 2607 3229 cedem
2661 3174 2982 3246 requiram;
3034 3176 3147 3230 imo
3192 3176 3277 3231 vel
3320 3190 3387 3231 ex
3423 3189 3490 3230 eo
3537 3175 3656 3244 ipso
3696 3177 4013 3230 mercedem

2419 3267 2517 3322 tibi
2570 3266 2778 3332 debeo,
2825 3267 2871 3323 si
2920 3268 3057 3323 meis
3100 3267 3362 3323 omnibus
3413 3268 3490 3323 uti
3544 3266 3810 3323 volueris.
3863 3265 4017 3334 ρηεά

2419 3362 2548 3420 huic
2586 3361 2896 3431 liberalitati
2943 3377 3043 3432 par
3079 3372 3163 3419 est
3187 3364 3214 3416 Ρ
3264 3363 3374 3432 Ego
3420 3369 3570 3428 pater
3594 3399 3610 3422 ,
3641 3373 3739 3430 ego
3789 3357 3974 3417 frater
3999 3394 4018 3422 ,

2433 3458 2534 3514 ego
2559 3456 2806 3514 sponsus,
2831 3455 2932 3512 ego
2965 3443 3177 3507 domus,
3207 3455 3307 3511 ego
3332 3441 3666 3510 alimentum,
3697 3458 3799 3513 ego
3835 3442 4031 3512 vestis,

2435 3549 2534 3604 ego
2562 3533 2733 3597 radix,
2765 3547 2864 3602 ego
2888 3531 3311 3598 fundamentum,
3342 3546 3442 3603 ego
3465 3531 3718 3604 quidquid
3740 3533 4026 3599 volueris;

2439 3627 2580 3682 nulla
2607 3641 2733 3695 ergo
2749 3639 2806 3680 re
2827 3638 3005 3696 egeas.
3027 3624 3140 3695 Ego
3159 3623 3318 3680 etiam
3341 3623 3434 3679 tibi
3456 3623 3716 3691 serviam;
3739 3626 3858 3682 veni
3883 3627 4035 3682 enim

2439 3718 2755 3780 ministrare,
2789 3731 2895 3770 non
2926 3715 3216 3771 ministrari
3257 3713 3472 3788 (Matth.
3502 3715 3592 3775 20.
3613 3717 3730 3783 28).
3755 3717 3870 3789 Ego
3891 3719 4036 3774 ami-

2439 3825 2555 3876 cus,
2586 3808 2907 3874 membrum,
2952 3815 3130 3876 caput,
3176 3805 3361 3874 frater,
3409 3821 3582 3871 soror,
3629 3818 3818 3874 mater,
3847 3810 4035 3865 omnia

2443 3915 2543 3972 ego
2570 3914 2686 3954 sum
2711 3917 2724 3953 :
2751 3897 2922 3953 solum
2968 3897 3096 3953 mihi
3125 3897 3329 3952 amicus
3355 3908 3489 3953 esto.
3521 3899 3632 3968 Ego
3661 3914 3864 3969 pauper
3913 3915 4040 3970 pro-

2444 4003 2562 4066 pter
2591 3999 2663 4058 te,
2682 3989 2956 4044 mendicus
2984 3998 3198 4059 propter
3224 3998 3296 4055 te,
3330 3990 3383 4045 in
3404 4004 3614 4048 crucem
3641 3999 3792 4046 actus
3815 4000 4041 4062 propter

2448 4095 2519 4150 te,
2552 4083 2604 4136 in
2635 4080 2881 4151 sepulcro
2911 4080 3114 4149 positus
3142 4090 3358 4150 propter
3387 4093 3458 4146 te,
3491 4082 3542 4135 in
3561 4081 3708 4136 cat-lis
3730 4091 3960 4153 prapter
3988 4093 4038 4139 te

2450 4173 2592 4230 Patri
2621 4173 2884 4244 supplico,
2914 4170 3130 4250 interra
3157 4179 3376 4241 propter
3401 4182 3453 4226 te
3473 4180 3654 4226 orator
3671 4171 3872 4228 adveni
3898 4173 4039 4243 apud

2449 4265 2680 4321 Patrem.
2710 4260 2897 4317 Omnia
2947 4261 3077 4316 mihi
3121 4269 3176 4316 tu
3206 4277 3285 4328 es,
3318 4261 3502 4329 frater,
3533 4263 3779 4330 coheres,
3809 4266 4039 4332 amicus,

2450 4358 2768 4414 membrum.
2793 4355 2929 4423 Quid
2958 4355 3184 4426 amplius
3209 4355 3516 4411 desideras?
3541 4371 3639 4411 cur
3665 4370 3786 4412 eum
3809 4358 3904 4428 qui
3923 4366 4043 4411 tan-

2453 4463 2562 4507 tum
2585 4460 2636 4505 te
2661 4459 2804 4505 amat
2828 4445 3128 4503 aversaris?
3155 4447 3280 4516 quid
3303 4446 3502 4502 mundo
3526 4445 3652 4504 huic
3676 4447 3930 4503 laboras?
3951 4463 4046 4504 cur

2452 4543 2597 4599 dolio
2619 4542 2672 4597 in
2696 4548 2910 4612 pertuso
2940 4537 3151 4594 hauris?
3171 4536 3284 4592 Hoc
3305 4538 3447 4593 enim
3473 4547 3555 4593 est
3578 4552 3676 4608 pro
3691 4538 3954 4606 presenti
3972 4539 4044 4594 vi-

2456 4645 2505 4690 ta
2552 4634 2812 4689 laborare.
2859 4629 2966 4686 Cur
2994 4630 3168 4700 ignem
3196 4627 3813 4684 verberas'icuraerem
3859 4643 4046 4697 percu-

2459 4727 2558 4782 tis?
2581 4741 2679 4780 cur
2697 4724 2890 4780 frustra
2917 4719 3118 4777 curris?
3141 4723 3328 4775 Annon
3350 4734 3438 4775 ars
3461 4734 3684 4789 quaeque
3705 4718 3870 4774 ﬁnem
3892 4734 4047 4775 suum

2459 4818 2651 4874 habet?
2680 4816 2736 4872 Id
2764 4830 2893 4871 sane
2920 4813 3166 4868 omnibus
3193 4812 3560 4882 conspicuum.
3590 4794 3826 4868 05teade
3848 4814 4050 4869 ntibiet

2462 4920 2516 4966 tu
2545 4908 2816 4966 saecularis
2844 4906 3004 4962 studii
3033 4907 3212 4960 finem.
3241 4904 3347 4961 Sed
3375 4917 3482 4958 non
3511 4913 3696 4973 potes:
3718 4918 3842 4958 nam
3889 4903 4051 4958 Vani-

2462 5014 2538 5057 tas
2563 5003 2861 5066 sanitatum,
2888 5008 2935 5053 et
2963 4998 3133 5052 omnia
3156 4997 3350 5050 vanitas
3376 4993 3572 5066 (Eccle.
3615 4995 3667 5050 l.
3694 4994 3773 5063 1).
3822 4994 4050 5052 Proﬁci-

2463 5109 2676 5150 scamur
2702 5091 2768 5147 ad
2813 5091 3080 5162 sepulcra,
3112 5087 3337 5143 ostende
3374 5086 3504 5142 mihi
3549 5095 3778 5157 patrem,
3825 5087 4054 5142 ostende

2465 5200 2706 5241 uxorem.
2739 5183 2839 5240 Ubi
2880 5189 2961 5238 est
2985 5180 3076 5252 qui
3101 5179 3278 5235 aureis
3315 5178 3550 5234 vestibus
3577 5177 3939 5234 induebatur?
3967 5178 4052 5248 qui

2467 5277 2520 5332 in
2545 5291 2704 5332 curru
2729 5272 2985 5330 sedebat?
3004 5271 3096 5342 qui
3119 5269 3387 5327 exercitus
3408 5267 3657 5333 habebat,
3679 5267 3769 5337 qui
3791 5267 4054 5335 balteum,

2468 5368 2556 5439 qui
2583 5364 2893 5438 praecones?
2919 5362 3010 5435 qui
3042 5362 3179 5419 alios
3207 5359 3498 5426 occidebat,
3530 5359 3666 5414 alios
3693 5357 3749 5414 in
3776 5375 4050 5419 carcerem

2511 5482 2530 5521 ⁸
2561 5497 2779 5562 Savilius
2801 5494 3088 5562 inmergine
3104 5497 3438 5562 hancvarlam
3461 5493 3928 5562 lectionemaﬂ‘ert:
3947 5495 4043 5562 Cur

2455 5575 2548 5612 non
2574 5558 2818 5624 currisad
2846 5554 3005 5624 ittnm',
3029 5555 3115 5609 sed
3140 5556 3206 5608 ad
3231 5555 3448 5624 (togatae;
3653 5554 3854 5624 σαξρῙο
3871 5555 4042 5624 parvis

2457 5595 2742 5687 ἱὶἷᾶξιῆῖίίὶἦ
2754 5595 3217 5687 ἷέόὶῖΐῶΗᾶ
3231 5595 3637 5687 Ξῖῗιῖῖεῑάἷέῖῖ
3646 5595 3831 5687 ἧῗίζέἑξ

2520 5679 3168 5808 ς’ἓοῗᾶᾰᾶᾶιέἰςεῗὲοῶυὲι
3187 5679 3372 5794 ﬁgite:
3393 5685 3439 5734 et
3465 5679 3688 5732 conditur
3715 5681 3852 5736 Dm
