  <div class='ocr_page' id='page_1' title='image "/cluster/home/n/w/nwhite01/storage/ocr_20150623/58/pst.000005712571/244.png"; bbox 0 0 4174 6332; ppageno 0'>
   <div class='ocr_carea' id='block_1_1' title="bbox 264 384 364 441">
    <p class='ocr_par' dir='ltr' id='par_1_1' title="bbox 264 384 364 441">
     <span class='ocr_line' id='line_1_1' title="bbox 264 384 364 441; baseline 0 0"><span class='ocrx_word' id='word_1_1' title='bbox 264 384 364 441; x_wconf 82' lang='grc' dir='ltr'><strong>τοι</strong></span> 
     </span>
    </p>
   </div>
   <div class='ocr_carea' id='block_1_2' title="bbox 262 483 1862 566">
    <p class='ocr_par' dir='ltr' id='par_1_2' title="bbox 262 483 1862 566">
     <span class='ocr_line' id='line_1_2' title="bbox 262 483 1862 566; baseline -0.004 -14"><span class='ocrx_word' id='word_1_2' title='bbox 262 494 619 566; x_wconf 80' lang='lat' dir='ltr'><strong>conjiciebatl</strong></span> <span class='ocrx_word' id='word_1_3' title='bbox 648 495 738 566; x_wconf 87' lang='lat' dir='ltr'><strong>qui</strong></span> <span class='ocrx_word' id='word_1_4' title='bbox 769 491 1120 549; x_wconf 84' lang='lat' dir='ltr'><strong>interficiebat</strong></span> <span class='ocrx_word' id='word_1_5' title='bbox 1138 483 1276 563; x_wconf 86' lang='lat' dir='ltr'><strong>quos</strong></span> <span class='ocrx_word' id='word_1_6' title='bbox 1294 492 1472 557; x_wconf 87' lang='lat' dir='ltr'><strong>vellet,</strong></span> <span class='ocrx_word' id='word_1_7' title='bbox 1497 489 1862 560; x_wconf 81' lang='lat' dir='ltr'><strong>liberabatque</strong></span> 
     </span>
    </p>
   </div>
   <div class='ocr_carea' id='block_1_3' title="bbox 261 584 1863 662">
    <p class='ocr_par' dir='ltr' id='par_1_3' title="bbox 261 584 1863 662">
     <span class='ocr_line' id='line_1_3' title="bbox 261 584 1863 662; baseline -0.005 -20"><span class='ocrx_word' id='word_1_8' title='bbox 261 587 333 642; x_wconf 90' lang='lat' dir='ltr'><strong>ad</strong></span> <span class='ocrx_word' id='word_1_9' title='bbox 364 587 584 662; x_wconf 77' lang='lat' dir='ltr'><strong>nutum?</strong></span> <span class='ocrx_word' id='word_1_10' title='bbox 603 585 742 641; x_wconf 83' lang='lat' dir='ltr'><strong>Nihil</strong></span> <span class='ocrx_word' id='word_1_11' title='bbox 764 584 908 640; x_wconf 81' lang='lat' dir='ltr'><strong>aliud</strong></span> <span class='ocrx_word' id='word_1_12' title='bbox 939 585 1095 639; x_wconf 91' lang='lat' dir='ltr'><strong>video</strong></span> <span class='ocrx_word' id='word_1_13' title='bbox 1123 598 1281 654; x_wconf 89' lang='lat' dir='ltr'><strong>quam</strong></span> <span class='ocrx_word' id='word_1_14' title='bbox 1309 597 1452 646; x_wconf 86' lang='lat' dir='ltr'><strong>ossa,</strong></span> <span class='ocrx_word' id='word_1_15' title='bbox 1485 596 1717 646; x_wconf 89' lang='lat' dir='ltr'><strong>vermes,</strong></span> <span class='ocrx_word' id='word_1_16' title='bbox 1741 595 1863 635; x_wconf 81' lang='lat' dir='ltr'><strong>ara-</strong></span> 
     </span>
    </p>
   </div>
   <div class='ocr_carea' id='block_1_4' title="bbox 262 673 1862 744">
    <p class='ocr_par' dir='ltr' id='par_1_4' title="bbox 262 673 1862 744">
     <span class='ocr_line' id='line_1_4' title="bbox 262 673 1862 744; baseline -0.004 -11"><span class='ocrx_word' id='word_1_17' title='bbox 262 694 429 734; x_wconf 86' lang='lat' dir='ltr'><strong>neas:</strong></span> <span class='ocrx_word' id='word_1_18' title='bbox 461 678 640 735; x_wconf 75' lang='grc' dir='ltr'><strong>οωηίει</strong></span> <span class='ocrx_word' id='word_1_19' title='bbox 673 677 760 732; x_wconf 88' lang='lat' dir='ltr'><strong>illa</strong></span> <span class='ocrx_word' id='word_1_20' title='bbox 790 686 931 732; x_wconf 90' lang='lat' dir='ltr'><strong>terra</strong></span> <span class='ocrx_word' id='word_1_21' title='bbox 961 686 1105 740; x_wconf 87' lang='lat' dir='ltr'><strong>sunt,</strong></span> <span class='ocrx_word' id='word_1_22' title='bbox 1130 677 1308 730; x_wconf 82' lang='lat' dir='ltr'><strong>omnia</strong></span> <span class='ocrx_word' id='word_1_23' title='bbox 1336 673 1532 744; x_wconf 86' lang='lat' dir='ltr'><strong>fabula,</strong></span> <span class='ocrx_word' id='word_1_24' title='bbox 1562 674 1739 729; x_wconf 84' lang='lat' dir='ltr'><strong>omnia</strong></span> <span class='ocrx_word' id='word_1_25' title='bbox 1766 688 1862 728; x_wconf 82' lang='lat' dir='ltr'><strong>so-</strong></span> 
     </span>
    </p>
   </div>
   <div class='ocr_carea' id='block_1_5' title="bbox 262 766 1859 838">
    <p class='ocr_par' dir='ltr' id='par_1_5' title="bbox 262 766 1859 838">
     <span class='ocr_line' id='line_1_5' title="bbox 262 766 1859 838; baseline -0.003 -13"><span class='ocrx_word' id='word_1_26' title='bbox 262 769 487 834; x_wconf 83' lang='lat' dir='ltr'><strong>mnium,</strong></span> <span class='ocrx_word' id='word_1_27' title='bbox 515 769 725 831; x_wconf 84' lang='lat' dir='ltr'><strong>umbra,</strong></span> <span class='ocrx_word' id='word_1_28' title='bbox 748 783 895 824; x_wconf 83' lang='lat' dir='ltr'><strong>mera</strong></span> <span class='ocrx_word' id='word_1_29' title='bbox 924 769 1159 823; x_wconf 90' lang='lat' dir='ltr'><strong>narratio</strong></span> <span class='ocrx_word' id='word_1_30' title='bbox 1185 777 1240 823; x_wconf 92' lang='lat' dir='ltr'><strong>et</strong></span> <span class='ocrx_word' id='word_1_31' title='bbox 1267 768 1505 838; x_wconf 91' lang='lat' dir='ltr'><strong>pictura;</strong></span> <span class='ocrx_word' id='word_1_32' title='bbox 1527 768 1635 822; x_wconf 91' lang='lat' dir='ltr'><strong>imo</strong></span> <span class='ocrx_word' id='word_1_33' title='bbox 1655 782 1755 822; x_wconf 90' lang='lat' dir='ltr'><strong>nec</strong></span> <span class='ocrx_word' id='word_1_34' title='bbox 1778 766 1859 836; x_wconf 84' lang='lat' dir='ltr'><strong>pi-</strong></span> 
     </span>
    </p>
   </div>
   <div class='ocr_carea' id='block_1_6' title="bbox 259 857 1861 930">
    <p class='ocr_par' dir='ltr' id='par_1_6' title="bbox 259 857 1861 930">
     <span class='ocr_line' id='line_1_6' title="bbox 259 857 1861 930; baseline -0.001 -15"><span class='ocrx_word' id='word_1_35' title='bbox 259 869 434 916; x_wconf 91' lang='lat' dir='ltr'><strong>ctura.</strong></span> <span class='ocrx_word' id='word_1_36' title='bbox 466 861 733 915; x_wconf 85' lang='lat' dir='ltr'><strong>Picturam</strong></span> <span class='ocrx_word' id='word_1_37' title='bbox 760 861 902 915; x_wconf 89' lang='lat' dir='ltr'><strong>enim</strong></span> <span class='ocrx_word' id='word_1_38' title='bbox 926 861 1118 916; x_wconf 83' lang='lat' dir='ltr'><strong>saltem</strong></span> <span class='ocrx_word' id='word_1_39' title='bbox 1146 861 1197 915; x_wconf 93' lang='lat' dir='ltr'><strong>in</strong></span> <span class='ocrx_word' id='word_1_40' title='bbox 1225 860 1454 930; x_wconf 89' lang='lat' dir='ltr'><strong>imagine</strong></span> <span class='ocrx_word' id='word_1_41' title='bbox 1473 858 1743 923; x_wconf 76' lang='lat' dir='ltr'><strong>videmus;</strong></span> <span class='ocrx_word' id='word_1_42' title='bbox 1773 857 1861 914; x_wconf 91' lang='lat' dir='ltr'><strong>hic</strong></span> 
     </span>
    </p>
   </div>
   <div class='ocr_carea' id='block_1_7' title="bbox 260 952 1856 1025">
    <p class='ocr_par' dir='ltr' id='par_1_7' title="bbox 260 952 1856 1025">
     <span class='ocr_line' id='line_1_7' title="bbox 260 952 1856 1025; baseline -0.002 -18"><span class='ocrx_word' id='word_1_43' title='bbox 260 967 392 1009; x_wconf 78' lang='lat' dir='ltr'><strong>vero</strong></span> <span class='ocrx_word' id='word_1_44' title='bbox 437 969 502 1010; x_wconf 90' lang='lat' dir='ltr'><strong>ne</strong></span> <span class='ocrx_word' id='word_1_45' title='bbox 547 954 764 1024; x_wconf 84' lang='lat' dir='ltr'><strong>quidem</strong></span> <span class='ocrx_word' id='word_1_46' title='bbox 816 955 1122 1024; x_wconf 77' lang='lat' dir='ltr'><strong>imaginem.</strong></span> <span class='ocrx_word' id='word_1_47' title='bbox 1158 955 1329 1025; x_wconf 76' lang='lat' dir='ltr'><strong>Atque</strong></span> <span class='ocrx_word' id='word_1_48' title='bbox 1359 954 1560 1008; x_wconf 88' lang='lat' dir='ltr'><strong>utinam</strong></span> <span class='ocrx_word' id='word_1_49' title='bbox 1593 953 1679 1008; x_wconf 88' lang='lat' dir='ltr'><strong>hic</strong></span> <span class='ocrx_word' id='word_1_50' title='bbox 1718 952 1856 1007; x_wconf 87' lang='lat' dir='ltr'><strong>mala</strong></span> 
     </span>
    </p>
   </div>
   <div class='ocr_carea' id='block_1_8' title="bbox 260 1043 1860 1115">
    <p class='ocr_par' dir='ltr' id='par_1_8' title="bbox 260 1043 1860 1115">
     <span class='ocr_line' id='line_1_8' title="bbox 260 1043 1860 1115; baseline -0.001 -16"><span class='ocrx_word' id='word_1_51' title='bbox 260 1045 708 1100; x_wconf 78' lang='lat' dir='ltr'><strong>terminarentur!</strong></span> <span class='ocrx_word' id='word_1_52' title='bbox 736 1045 885 1100; x_wconf 89' lang='lat' dir='ltr'><strong>Nunc</strong></span> <span class='ocrx_word' id='word_1_53' title='bbox 912 1061 1039 1099; x_wconf 85' lang='lat' dir='ltr'><strong>vero</strong></span> <span class='ocrx_word' id='word_1_54' title='bbox 1059 1043 1250 1108; x_wconf 92' lang='lat' dir='ltr'><strong>honor,</strong></span> <span class='ocrx_word' id='word_1_55' title='bbox 1281 1044 1507 1111; x_wconf 72' lang='lat' dir='ltr'><strong>deliciae,</strong></span> <span class='ocrx_word' id='word_1_56' title='bbox 1530 1044 1718 1115; x_wconf 89' lang='lat' dir='ltr'><strong>gloria,</strong></span> <span class='ocrx_word' id='word_1_57' title='bbox 1743 1060 1860 1098; x_wconf 83' lang='lat' dir='ltr'><strong>um-</strong></span> 
     </span>
    </p>
   </div>
   <div class='ocr_carea' id='block_1_9' title="bbox 259 1136 1851 1206">
    <p class='ocr_par' dir='ltr' id='par_1_9' title="bbox 259 1136 1851 1206">
     <span class='ocr_line' id='line_1_9' title="bbox 259 1136 1851 1206; baseline -0.001 -16"><span class='ocrx_word' id='word_1_58' title='bbox 259 1136 357 1192; x_wconf 86' lang='lat' dir='ltr'><strong>bra</strong></span> <span class='ocrx_word' id='word_1_59' title='bbox 391 1145 596 1191; x_wconf 86' lang='lat' dir='ltr'><strong>tantum</strong></span> <span class='ocrx_word' id='word_1_60' title='bbox 625 1146 680 1192; x_wconf 87' lang='lat' dir='ltr'><strong>et</strong></span> <span class='ocrx_word' id='word_1_61' title='bbox 709 1137 868 1192; x_wconf 87' lang='lat' dir='ltr'><strong>verba</strong></span> <span class='ocrx_word' id='word_1_62' title='bbox 897 1145 1051 1192; x_wconf 87' lang='lat' dir='ltr'><strong>sunt:</strong></span> <span class='ocrx_word' id='word_1_63' title='bbox 1082 1153 1201 1206; x_wconf 70' lang='lat' dir='ltr'><strong>quae</strong></span> <span class='ocrx_word' id='word_1_64' title='bbox 1242 1151 1370 1192; x_wconf 89' lang='lat' dir='ltr'><strong>vero</strong></span> <span class='ocrx_word' id='word_1_65' title='bbox 1409 1136 1500 1191; x_wconf 88' lang='lat' dir='ltr'><strong>illa</strong></span> <span class='ocrx_word' id='word_1_66' title='bbox 1535 1145 1851 1206; x_wconf 86' lang='lat' dir='ltr'><strong>sequuntur,</strong></span> 
     </span>
    </p>
   </div>
   <div class='ocr_carea' id='block_1_10' title="bbox 258 1225 1855 1294">
    <p class='ocr_par' dir='ltr' id='par_1_10' title="bbox 258 1225 1855 1294">
     <span class='ocr_line' id='line_1_10' title="bbox 258 1225 1855 1294; baseline -0.003 -12"><span class='ocrx_word' id='word_1_67' title='bbox 258 1243 366 1282; x_wconf 89' lang='lat' dir='ltr'><strong>non</strong></span> <span class='ocrx_word' id='word_1_68' title='bbox 399 1226 612 1294; x_wconf 88' lang='lat' dir='ltr'><strong>umbra,</strong></span> <span class='ocrx_word' id='word_1_69' title='bbox 644 1242 750 1282; x_wconf 90' lang='lat' dir='ltr'><strong>non</strong></span> <span class='ocrx_word' id='word_1_70' title='bbox 782 1226 942 1282; x_wconf 90' lang='lat' dir='ltr'><strong>verba</strong></span> <span class='ocrx_word' id='word_1_71' title='bbox 972 1235 1126 1291; x_wconf 84' lang='lat' dir='ltr'><strong>sunt;</strong></span> <span class='ocrx_word' id='word_1_72' title='bbox 1171 1225 1264 1282; x_wconf 85' lang='lat' dir='ltr'><strong>sed</strong></span> <span class='ocrx_word' id='word_1_73' title='bbox 1306 1235 1544 1290; x_wconf 89' lang='lat' dir='ltr'><strong>manent,</strong></span> <span class='ocrx_word' id='word_1_74' title='bbox 1576 1234 1632 1281; x_wconf 90' lang='lat' dir='ltr'><strong>et</strong></span> <span class='ocrx_word' id='word_1_75' title='bbox 1670 1225 1855 1280; x_wconf 89' lang='lat' dir='ltr'><strong>nobis-</strong></span> 
     </span>
    </p>
   </div>
   <div class='ocr_carea' id='block_1_11' title="bbox 256 1317 1853 1388">
    <p class='ocr_par' dir='ltr' id='par_1_11' title="bbox 256 1317 1853 1388">
     <span class='ocr_line' id='line_1_11' title="bbox 256 1317 1853 1388; baseline -0.001 -16"><span class='ocrx_word' id='word_1_76' title='bbox 256 1332 379 1372; x_wconf 85' lang='lat' dir='ltr'><strong>cum</strong></span> <span class='ocrx_word' id='word_1_77' title='bbox 411 1317 502 1372; x_wconf 92' lang='lat' dir='ltr'><strong>illo</strong></span> <span class='ocrx_word' id='word_1_78' title='bbox 532 1317 853 1384; x_wconf 82' lang='lat' dir='ltr'><strong>transibunt,</strong></span> <span class='ocrx_word' id='word_1_79' title='bbox 883 1317 1235 1386; x_wconf 88' lang='lat' dir='ltr'><strong>omnibusque</strong></span> <span class='ocrx_word' id='word_1_80' title='bbox 1267 1327 1389 1372; x_wconf 89' lang='lat' dir='ltr'><strong>nota</strong></span> <span class='ocrx_word' id='word_1_81' title='bbox 1417 1326 1604 1383; x_wconf 90' lang='lat' dir='ltr'><strong>erunt;</strong></span> <span class='ocrx_word' id='word_1_82' title='bbox 1628 1317 1853 1388; x_wconf 57' lang='lat' dir='ltr'><strong>rapina»,</strong></span> 
     </span>
    </p>
   </div>
   <div class='ocr_carea' id='block_1_12' title="bbox 257 1407 1857 1476">
    <p class='ocr_par' dir='ltr' id='par_1_12' title="bbox 257 1407 1857 1476">
     <span class='ocr_line' id='line_1_12' title="bbox 257 1407 1857 1476; baseline 0.001 -14"><span class='ocrx_word' id='word_1_83' title='bbox 257 1410 504 1472; x_wconf 86' lang='lat' dir='ltr'><strong>avaritia,</strong></span> <span class='ocrx_word' id='word_1_84' title='bbox 532 1407 934 1476; x_wconf 81' lang='lat' dir='ltr'><strong>fornicationes,</strong></span> <span class='ocrx_word' id='word_1_85' title='bbox 957 1408 1238 1474; x_wconf 89' lang='lat' dir='ltr'><strong>adulteria,</strong></span> <span class='ocrx_word' id='word_1_86' title='bbox 1267 1416 1320 1464; x_wconf 90' lang='lat' dir='ltr'><strong>et</strong></span> <span class='ocrx_word' id='word_1_87' title='bbox 1343 1409 1489 1464; x_wconf 92' lang='lat' dir='ltr'><strong>mille</strong></span> <span class='ocrx_word' id='word_1_88' title='bbox 1509 1408 1645 1464; x_wconf 90' lang='lat' dir='ltr'><strong>mala</strong></span> <span class='ocrx_word' id='word_1_89' title='bbox 1673 1408 1857 1476; x_wconf 87' lang='lat' dir='ltr'><strong>hujus-</strong></span> 
     </span>
    </p>
   </div>
   <div class='ocr_carea' id='block_1_13' title="bbox 257 1499 1853 1573">
    <p class='ocr_par' dir='ltr' id='par_1_13' title="bbox 257 1499 1853 1573">
     <span class='ocr_line' id='line_1_13' title="bbox 257 1499 1853 1573; baseline -0.002 -17"><span class='ocrx_word' id='word_1_90' title='bbox 257 1501 428 1566; x_wconf 87' lang='lat' dir='ltr'><strong>modi,</strong></span> <span class='ocrx_word' id='word_1_91' title='bbox 462 1516 568 1556; x_wconf 93' lang='lat' dir='ltr'><strong>non</strong></span> <span class='ocrx_word' id='word_1_92' title='bbox 600 1501 651 1556; x_wconf 93' lang='lat' dir='ltr'><strong>in</strong></span> <span class='ocrx_word' id='word_1_93' title='bbox 680 1501 907 1570; x_wconf 83' lang='lat' dir='ltr'><strong>imagine</strong></span> <span class='ocrx_word' id='word_1_94' title='bbox 934 1511 988 1556; x_wconf 90' lang='lat' dir='ltr'><strong>et</strong></span> <span class='ocrx_word' id='word_1_95' title='bbox 1013 1503 1064 1555; x_wconf 92' lang='lat' dir='ltr'><strong>in</strong></span> <span class='ocrx_word' id='word_1_96' title='bbox 1092 1501 1311 1573; x_wconf 81' lang='lat' dir='ltr'><strong>pulvere</strong></span> <span class='ocrx_word' id='word_1_97' title='bbox 1335 1509 1512 1565; x_wconf 89' lang='lat' dir='ltr'><strong>erunt,</strong></span> <span class='ocrx_word' id='word_1_98' title='bbox 1540 1499 1635 1554; x_wconf 84' lang='lat' dir='ltr'><strong>sed</strong></span> <span class='ocrx_word' id='word_1_99' title='bbox 1656 1501 1853 1570; x_wconf 89' lang='lat' dir='ltr'><strong>scripta</strong></span> 
     </span>
    </p>
   </div>
   <div class='ocr_carea' id='block_1_14' title="bbox 257 1589 1853 1661">
    <p class='ocr_par' dir='ltr' id='par_1_14' title="bbox 257 1589 1853 1661">
     <span class='ocr_line' id='line_1_14' title="bbox 257 1589 1853 1661; baseline 0 -15"><span class='ocrx_word' id='word_1_100' title='bbox 257 1592 311 1647; x_wconf 90' lang='lat' dir='ltr'><strong>in</strong></span> <span class='ocrx_word' id='word_1_101' title='bbox 341 1592 490 1646; x_wconf 64' lang='lat' dir='ltr'><strong>uelis</strong></span> <span class='ocrx_word' id='word_1_102' title='bbox 520 1599 665 1658; x_wconf 85' lang='lat' dir='ltr'><strong>sunt,</strong></span> <span class='ocrx_word' id='word_1_103' title='bbox 695 1605 791 1647; x_wconf 86' lang='lat' dir='ltr'><strong>seu</strong></span> <span class='ocrx_word' id='word_1_104' title='bbox 812 1591 977 1654; x_wconf 84' lang='lat' dir='ltr'><strong>dicta,</strong></span> <span class='ocrx_word' id='word_1_105' title='bbox 1010 1606 1104 1646; x_wconf 88' lang='lat' dir='ltr'><strong>seu</strong></span> <span class='ocrx_word' id='word_1_106' title='bbox 1134 1606 1316 1661; x_wconf 81' lang='lat' dir='ltr'><strong>opera.</strong></span> <span class='ocrx_word' id='word_1_107' title='bbox 1342 1589 1550 1657; x_wconf 86' lang='lat' dir='ltr'><strong>Quibus</strong></span> <span class='ocrx_word' id='word_1_108' title='bbox 1569 1605 1699 1658; x_wconf 90' lang='lat' dir='ltr'><strong>ergo</strong></span> <span class='ocrx_word' id='word_1_109' title='bbox 1721 1604 1853 1645; x_wconf 84' lang='lat' dir='ltr'><strong>ocu—</strong></span> 
     </span>
    </p>
   </div>
   <div class='ocr_carea' id='block_1_15' title="bbox 257 1679 1853 1751">
    <p class='ocr_par' dir='ltr' id='par_1_15' title="bbox 257 1679 1853 1751">
     <span class='ocr_line' id='line_1_15' title="bbox 257 1679 1853 1751; baseline 0.001 -16"><span class='ocrx_word' id='word_1_110' title='bbox 257 1681 322 1736; x_wconf 87' lang='lat' dir='ltr'><strong>lis</strong></span> <span class='ocrx_word' id='word_1_111' title='bbox 351 1679 623 1737; x_wconf 78' lang='lat' dir='ltr'><strong>Christum</strong></span> <span class='ocrx_word' id='word_1_112' title='bbox 654 1681 987 1737; x_wconf 82' lang='lat' dir='ltr'><strong>videbimus?</strong></span> <span class='ocrx_word' id='word_1_113' title='bbox 1011 1681 1141 1736; x_wconf 86' lang='lat' dir='ltr'><strong>Nam</strong></span> <span class='ocrx_word' id='word_1_114' title='bbox 1188 1683 1231 1736; x_wconf 93' lang='lat' dir='ltr'><strong>si</strong></span> <span class='ocrx_word' id='word_1_115' title='bbox 1276 1693 1480 1751; x_wconf 82' lang='lat' dir='ltr'><strong>patrem</strong></span> <span class='ocrx_word' id='word_1_116' title='bbox 1530 1697 1636 1736; x_wconf 92' lang='lat' dir='ltr'><strong>non</strong></span> <span class='ocrx_word' id='word_1_117' title='bbox 1677 1690 1853 1751; x_wconf 84' lang='lat' dir='ltr'><strong>potest</strong></span> 
     </span>
    </p>
   </div>
   <div class='ocr_carea' id='block_1_16' title="bbox 256 1771 1851 1843">
    <p class='ocr_par' dir='ltr' id='par_1_16' title="bbox 256 1771 1851 1843">
     <span class='ocr_line' id='line_1_16' title="bbox 256 1771 1851 1843; baseline 0 -17"><span class='ocrx_word' id='word_1_118' title='bbox 256 1774 376 1842; x_wconf 85' lang='lat' dir='ltr'><strong>quis</strong></span> <span class='ocrx_word' id='word_1_119' title='bbox 407 1772 650 1840; x_wconf 87' lang='lat' dir='ltr'><strong>aspicere</strong></span> <span class='ocrx_word' id='word_1_120' title='bbox 694 1771 794 1826; x_wconf 84' lang='lat' dir='ltr'><strong>sibi</strong></span> <span class='ocrx_word' id='word_1_121' title='bbox 821 1773 1070 1828; x_wconf 86' lang='lat' dir='ltr'><strong>conscius</strong></span> <span class='ocrx_word' id='word_1_122' title='bbox 1098 1772 1299 1842; x_wconf 89' lang='lat' dir='ltr'><strong>peccati</strong></span> <span class='ocrx_word' id='word_1_123' title='bbox 1329 1773 1380 1826; x_wconf 93' lang='lat' dir='ltr'><strong>in</strong></span> <span class='ocrx_word' id='word_1_124' title='bbox 1413 1772 1584 1836; x_wconf 90' lang='lat' dir='ltr'><strong>illum,</strong></span> <span class='ocrx_word' id='word_1_125' title='bbox 1613 1787 1737 1826; x_wconf 89' lang='lat' dir='ltr'><strong>eum</strong></span> <span class='ocrx_word' id='word_1_126' title='bbox 1760 1772 1851 1843; x_wconf 90' lang='lat' dir='ltr'><strong>qui</strong></span> 
     </span>
    </p>
   </div>
   <div class='ocr_carea' id='block_1_17' title="bbox 253 1863 1850 1935">
    <p class='ocr_par' dir='ltr' id='par_1_17' title="bbox 253 1863 1850 1935">
     <span class='ocr_line' id='line_1_17' title="bbox 253 1863 1850 1935; baseline 0.003 -20"><span class='ocrx_word' id='word_1_127' title='bbox 253 1873 404 1934; x_wconf 86' lang='lat' dir='ltr'><strong>patre</strong></span> <span class='ocrx_word' id='word_1_128' title='bbox 436 1864 593 1935; x_wconf 87' lang='lat' dir='ltr'><strong>longe</strong></span> <span class='ocrx_word' id='word_1_129' title='bbox 621 1866 951 1919; x_wconf 86' lang='lat' dir='ltr'><strong>mansuetior</strong></span> <span class='ocrx_word' id='word_1_130' title='bbox 979 1874 1080 1925; x_wconf 89' lang='lat' dir='ltr'><strong>cst.</strong></span> <span class='ocrx_word' id='word_1_131' title='bbox 1113 1863 1384 1935; x_wconf 88' lang='lat' dir='ltr'><strong>quomodo</strong></span> <span class='ocrx_word' id='word_1_132' title='bbox 1412 1873 1539 1920; x_wconf 88' lang='lat' dir='ltr'><strong>tunc</strong></span> <span class='ocrx_word' id='word_1_133' title='bbox 1559 1863 1850 1934; x_wconf 86' lang='lat' dir='ltr'><strong>respicere,</strong></span> 
     </span>
    </p>
   </div>
   <div class='ocr_carea' id='block_1_18' title="bbox 253 1953 1854 2024">
    <p class='ocr_par' dir='ltr' id='par_1_18' title="bbox 253 1953 1854 2024">
     <span class='ocr_line' id='line_1_18' title="bbox 253 1953 1854 2024; baseline 0.002 -18"><span class='ocrx_word' id='word_1_134' title='bbox 253 1953 523 2024; x_wconf 91' lang='lat' dir='ltr'><strong>quomodo</strong></span> <span class='ocrx_word' id='word_1_135' title='bbox 551 1955 692 2010; x_wconf 89' lang='lat' dir='ltr'><strong>ferre</strong></span> <span class='ocrx_word' id='word_1_136' title='bbox 719 1954 1046 2024; x_wconf 79' lang='lat' dir='ltr'><strong>poterimus?</strong></span> <span class='ocrx_word' id='word_1_137' title='bbox 1071 1954 1204 2009; x_wconf 88' lang='lat' dir='ltr'><strong>Nam</strong></span> <span class='ocrx_word' id='word_1_138' title='bbox 1236 1954 1486 2009; x_wconf 84' lang='lat' dir='ltr'><strong>tribunali</strong></span> <span class='ocrx_word' id='word_1_139' title='bbox 1531 1953 1729 2009; x_wconf 65' lang='lat' dir='ltr'><strong>Christi</strong></span> <span class='ocrx_word' id='word_1_140' title='bbox 1754 1953 1854 2009; x_wconf 87' lang='lat' dir='ltr'><strong>ad-</strong></span> 
     </span>
    </p>
   </div>
   <div class='ocr_carea' id='block_1_19' title="bbox 252 2043 1853 2116">
    <p class='ocr_par' dir='ltr' id='par_1_19' title="bbox 252 2043 1853 2116">
     <span class='ocr_line' id='line_1_19' title="bbox 252 2043 1853 2116; baseline 0 -17"><span class='ocrx_word' id='word_1_141' title='bbox 252 2045 534 2110; x_wconf 75' lang='lat' dir='ltr'><strong>stabimus,</strong></span> <span class='ocrx_word' id='word_1_142' title='bbox 558 2046 906 2116; x_wconf 89' lang='lat' dir='ltr'><strong>omniumque</strong></span> <span class='ocrx_word' id='word_1_143' title='bbox 921 2054 1225 2100; x_wconf 87' lang='lat' dir='ltr'><strong>accuratum</strong></span> <span class='ocrx_word' id='word_1_144' title='bbox 1250 2044 1348 2098; x_wconf 89' lang='lat' dir='ltr'><strong>erit</strong></span> <span class='ocrx_word' id='word_1_145' title='bbox 1377 2059 1623 2099; x_wconf 82' lang='lat' dir='ltr'><strong>examen.</strong></span> <span class='ocrx_word' id='word_1_146' title='bbox 1659 2043 1715 2098; x_wconf 90' lang='lat' dir='ltr'><strong>Si</strong></span> <span class='ocrx_word' id='word_1_147' title='bbox 1733 2045 1853 2114; x_wconf 79' lang='lat' dir='ltr'><strong>quis</strong></span> 
     </span>
    </p>
   </div>
   <div class='ocr_carea' id='block_1_20' title="bbox 251 2133 1849 2206">
    <p class='ocr_par' dir='ltr' id='par_1_20' title="bbox 251 2133 1849 2206">
     <span class='ocr_line' id='line_1_20' title="bbox 251 2133 1849 2206; baseline 0.002 -20"><span class='ocrx_word' id='word_1_148' title='bbox 251 2149 380 2189; x_wconf 86' lang='lat' dir='ltr'><strong>vero</strong></span> <span class='ocrx_word' id='word_1_149' title='bbox 409 2133 650 2190; x_wconf 86' lang='lat' dir='ltr'><strong>futurum</strong></span> <span class='ocrx_word' id='word_1_150' title='bbox 671 2136 929 2205; x_wconf 90' lang='lat' dir='ltr'><strong>judicium</strong></span> <span class='ocrx_word' id='word_1_151' title='bbox 957 2153 1061 2191; x_wconf 90' lang='lat' dir='ltr'><strong>non</strong></span> <span class='ocrx_word' id='word_1_152' title='bbox 1093 2136 1284 2203; x_wconf 82' lang='lat' dir='ltr'><strong>credit,</strong></span> <span class='ocrx_word' id='word_1_153' title='bbox 1317 2136 1569 2206; x_wconf 70' lang='lat' dir='ltr'><strong>respiciat</strong></span> <span class='ocrx_word' id='word_1_154' title='bbox 1610 2135 1698 2189; x_wconf 90' lang='lat' dir='ltr'><strong>illa</strong></span> <span class='ocrx_word' id='word_1_155' title='bbox 1728 2151 1849 2206; x_wconf 68' lang='lat' dir='ltr'><strong>quae</strong></span> 
     </span>
    </p>
   </div>
   <div class='ocr_carea' id='block_1_21' title="bbox 1128 375 2649 436">
    <p class='ocr_par' dir='ltr' id='par_1_21' title="bbox 1128 375 2649 436">
     <span class='ocr_line' id='line_1_21' title="bbox 1128 375 2649 436; baseline -0.001 0"><span class='ocrx_word' id='word_1_156' title='bbox 1128 379 1196 436; x_wconf 89' lang='lat' dir='ltr'><strong>IN</strong></span> <span class='ocrx_word' id='word_1_157' title='bbox 1233 377 1639 436; x_wconf 69' lang='lat' dir='ltr'><strong>MATTIUEUM</strong></span> <span class='ocrx_word' id='word_1_158' title='bbox 1683 375 1912 433; x_wconf 82' lang='lat' dir='ltr'><strong>HOMIL.</strong></span> <span class='ocrx_word' id='word_1_159' title='bbox 1955 375 2215 432; x_wconf 75' lang='lat' dir='ltr'><strong>LXXVII.</strong></span> <span class='ocrx_word' id='word_1_160' title='bbox 2255 377 2327 435; x_wconf 91' lang='lat' dir='ltr'><strong>al.</strong></span> <span class='ocrx_word' id='word_1_161' title='bbox 2370 378 2649 436; x_wconf 79' lang='lat' dir='ltr'><strong>LXXVIII.</strong></span> 
     </span>
    </p>
   </div>
   <div class='ocr_carea' id='block_1_22' title="bbox 3461 394 3571 451">
    <p class='ocr_par' dir='ltr' id='par_1_22' title="bbox 3461 394 3571 451">
     <span class='ocr_line' id='line_1_22' title="bbox 3461 394 3571 451; baseline 0 0"><span class='ocrx_word' id='word_1_162' title='bbox 3461 394 3571 451; x_wconf 76' lang='grc' dir='ltr'><strong>τω</strong></span> 
     </span>
    </p>
   </div>
   <div class='ocr_carea' id='block_1_23' title="bbox 1966 489 3568 576">
    <p class='ocr_par' dir='ltr' id='par_1_23' title="bbox 1966 489 3568 576">
     <span class='ocr_line' id='line_1_23' title="bbox 1966 489 3568 576; baseline 0.013 -32"><span class='ocrx_word' id='word_1_163' title='bbox 1966 489 2054 544; x_wconf 91' lang='lat' dir='ltr'><strong>hic</strong></span> <span class='ocrx_word' id='word_1_164' title='bbox 2079 501 2358 561; x_wconf 87' lang='lat' dir='ltr'><strong>geruntur,</strong></span> <span class='ocrx_word' id='word_1_165' title='bbox 2388 493 2566 550; x_wconf 79' lang='lat' dir='ltr'><strong>videat</strong></span> <span class='ocrx_word' id='word_1_166' title='bbox 2595 510 2690 552; x_wconf 87' lang='lat' dir='ltr'><strong>eos</strong></span> <span class='ocrx_word' id='word_1_167' title='bbox 2713 498 2805 568; x_wconf 94' lang='lat' dir='ltr'><strong>qui</strong></span> <span class='ocrx_word' id='word_1_168' title='bbox 2835 497 2888 555; x_wconf 91' lang='lat' dir='ltr'><strong>in</strong></span> <span class='ocrx_word' id='word_1_169' title='bbox 2913 514 3153 570; x_wconf 82' lang='lat' dir='ltr'><strong>carcere,</strong></span> <span class='ocrx_word' id='word_1_170' title='bbox 3184 503 3355 576; x_wconf 86' lang='lat' dir='ltr'><strong>quiin</strong></span> <span class='ocrx_word' id='word_1_171' title='bbox 3377 510 3568 564; x_wconf 86' lang='lat' dir='ltr'><strong>metal-</strong></span> 
     </span>
    </p>
   </div>
   <div class='ocr_carea' id='block_1_24' title="bbox 1964 579 3567 672">
    <p class='ocr_par' dir='ltr' id='par_1_24' title="bbox 1964 579 3567 672">
     <span class='ocr_line' id='line_1_24' title="bbox 1964 579 3567 672; baseline 0.014 -35"><span class='ocrx_word' id='word_1_172' title='bbox 1964 579 2055 648; x_wconf 89' lang='lat' dir='ltr'><strong>lis,</strong></span> <span class='ocrx_word' id='word_1_173' title='bbox 2085 583 2175 654; x_wconf 91' lang='lat' dir='ltr'><strong>qui</strong></span> <span class='ocrx_word' id='word_1_174' title='bbox 2205 585 2257 638; x_wconf 93' lang='lat' dir='ltr'><strong>in</strong></span> <span class='ocrx_word' id='word_1_175' title='bbox 2285 597 2547 654; x_wconf 78' lang='lat' dir='ltr'><strong>stercore,</strong></span> <span class='ocrx_word' id='word_1_176' title='bbox 2596 593 2846 648; x_wconf 57' lang='lat' dir='ltr'><strong>rerniciat</strong></span> <span class='ocrx_word' id='word_1_177' title='bbox 2897 595 3283 668; x_wconf 73' lang='lat' dir='ltr'><strong>daemoniacos,</strong></span> <span class='ocrx_word' id='word_1_178' title='bbox 3325 604 3567 672; x_wconf 86' lang='lat' dir='ltr'><strong>insanos,</strong></span> 
     </span>
    </p>
   </div>
   <div class='ocr_carea' id='block_1_25' title="bbox 1964 675 3569 767">
    <p class='ocr_par' dir='ltr' id='par_1_25' title="bbox 1964 675 3569 767">
     <span class='ocr_line' id='line_1_25' title="bbox 1964 675 3569 767; baseline 0.016 -41"><span class='ocrx_word' id='word_1_179' title='bbox 1964 675 2347 732; x_wconf 86' lang='lat' dir='ltr'><strong>incurabilibus</strong></span> <span class='ocrx_word' id='word_1_180' title='bbox 2375 681 2574 736; x_wconf 92' lang='lat' dir='ltr'><strong>morbis</strong></span> <span class='ocrx_word' id='word_1_181' title='bbox 2605 683 2931 754; x_wconf 82' lang='lat' dir='ltr'><strong>laborantes,</strong></span> <span class='ocrx_word' id='word_1_182' title='bbox 2977 707 3098 745; x_wconf 84' lang='lat' dir='ltr'><strong>eum</strong></span> <span class='ocrx_word' id='word_1_183' title='bbox 3148 703 3401 765; x_wconf 81' lang='lat' dir='ltr'><strong>perpetua</strong></span> <span class='ocrx_word' id='word_1_184' title='bbox 3433 711 3569 767; x_wconf 87' lang='lat' dir='ltr'><strong>pau-</strong></span> 
     </span>
    </p>
   </div>
   <div class='ocr_carea' id='block_1_26' title="bbox 1970 771 3568 848">
    <p class='ocr_par' dir='ltr' id='par_1_26' title="bbox 1970 771 3568 848">
     <span class='ocr_line' id='line_1_26' title="bbox 1970 771 3568 848; baseline 0.016 -33"><span class='ocrx_word' id='word_1_185' title='bbox 1970 773 2183 833; x_wconf 71' lang='lat' dir='ltr'><strong>pertate</strong></span> <span class='ocrx_word' id='word_1_186' title='bbox 2202 777 2533 840; x_wconf 74' lang='lat' dir='ltr'><strong>pugnantes,</strong></span> <span class='ocrx_word' id='word_1_187' title='bbox 2559 771 2738 827; x_wconf 88' lang='lat' dir='ltr'><strong>inedia</strong></span> <span class='ocrx_word' id='word_1_188' title='bbox 2759 785 3006 844; x_wconf 81' lang='lat' dir='ltr'><strong>vexatos,</strong></span> <span class='ocrx_word' id='word_1_189' title='bbox 3036 781 3242 848; x_wconf 77' lang='lat' dir='ltr'><strong>ingenti</strong></span> <span class='ocrx_word' id='word_1_190' title='bbox 3269 783 3418 840; x_wconf 90' lang='lat' dir='ltr'><strong>luctu</strong></span> <span class='ocrx_word' id='word_1_191' title='bbox 3440 801 3568 839; x_wconf 81' lang='lat' dir='ltr'><strong>sau-</strong></span> 
     </span>
    </p>
   </div>
   <div class='ocr_carea' id='block_1_27' title="bbox 1969 855 3565 941">
    <p class='ocr_par' dir='ltr' id='par_1_27' title="bbox 1969 855 3565 941">
     <span class='ocr_line' id='line_1_27' title="bbox 1969 855 3565 941; baseline 0.015 -33"><span class='ocrx_word' id='word_1_192' title='bbox 1969 855 2165 922; x_wconf 90' lang='lat' dir='ltr'><strong>ciatos,</strong></span> <span class='ocrx_word' id='word_1_193' title='bbox 2188 860 2455 929; x_wconf 87' lang='lat' dir='ltr'><strong>captivos.</strong></span> <span class='ocrx_word' id='word_1_194' title='bbox 2481 860 2670 933; x_wconf 83' lang='lat' dir='ltr'><strong>Neque</strong></span> <span class='ocrx_word' id='word_1_195' title='bbox 2691 867 2839 922; x_wconf 89' lang='lat' dir='ltr'><strong>enim</strong></span> <span class='ocrx_word' id='word_1_196' title='bbox 2861 868 2936 922; x_wconf 92' lang='lat' dir='ltr'><strong>illi</strong></span> <span class='ocrx_word' id='word_1_197' title='bbox 2957 870 3072 924; x_wconf 70' lang='lat' dir='ltr'><strong>haec</strong></span> <span class='ocrx_word' id='word_1_198' title='bbox 3097 881 3433 941; x_wconf 89' lang='lat' dir='ltr'><strong>paterentur,</strong></span> <span class='ocrx_word' id='word_1_199' title='bbox 3459 877 3565 932; x_wconf 86' lang='lat' dir='ltr'><strong>nisi</strong></span> 
     </span>
    </p>
   </div>
   <div class='ocr_carea' id='block_1_28' title="bbox 1960 942 3563 1041">
    <p class='ocr_par' dir='ltr' id='par_1_28' title="bbox 1960 942 3563 1041">
     <span class='ocr_line' id='line_1_28' title="bbox 1960 942 3563 1041; baseline 0.019 -46"><span class='ocrx_word' id='word_1_200' title='bbox 1960 942 2096 998; x_wconf 88' lang='lat' dir='ltr'><strong>alios</strong></span> <span class='ocrx_word' id='word_1_201' title='bbox 2121 945 2212 1015; x_wconf 91' lang='lat' dir='ltr'><strong>qui</strong></span> <span class='ocrx_word' id='word_1_202' title='bbox 2238 947 2424 1002; x_wconf 90' lang='lat' dir='ltr'><strong>eadem</strong></span> <span class='ocrx_word' id='word_1_203' title='bbox 2454 965 2762 1018; x_wconf 82' lang='lat' dir='ltr'><strong>peccavere,</strong></span> <span class='ocrx_word' id='word_1_204' title='bbox 2795 956 2925 1013; x_wconf 90' lang='lat' dir='ltr'><strong>ultio</strong></span> <span class='ocrx_word' id='word_1_205' title='bbox 2945 968 2999 1014; x_wconf 89' lang='lat' dir='ltr'><strong>et</strong></span> <span class='ocrx_word' id='word_1_206' title='bbox 3017 963 3337 1032; x_wconf 84' lang='lat' dir='ltr'><strong>supplicium</strong></span> <span class='ocrx_word' id='word_1_207' title='bbox 3367 984 3563 1041; x_wconf 78' lang='lat' dir='ltr'><strong>exspe-</strong></span> 
     </span>
    </p>
   </div>
   <div class='ocr_carea' id='block_1_29' title="bbox 1962 1038 3563 1123">
    <p class='ocr_par' dir='ltr' id='par_1_29' title="bbox 1962 1038 3563 1123">
     <span class='ocr_line' id='line_1_29' title="bbox 1962 1038 3563 1123; baseline 0.021 -34"><span class='ocrx_word' id='word_1_208' title='bbox 1962 1047 2152 1091; x_wconf 82' lang='lat' dir='ltr'><strong>ctaret.</strong></span> <span class='ocrx_word' id='word_1_209' title='bbox 2181 1038 2235 1092; x_wconf 89' lang='lat' dir='ltr'><strong>Si</strong></span> <span class='ocrx_word' id='word_1_210' title='bbox 2268 1055 2396 1095; x_wconf 89' lang='lat' dir='ltr'><strong>vero</strong></span> <span class='ocrx_word' id='word_1_211' title='bbox 2440 1047 2618 1099; x_wconf 61' lang='lat' dir='ltr'><strong>caeteri</strong></span> <span class='ocrx_word' id='word_1_212' title='bbox 2651 1047 2784 1102; x_wconf 88' lang='lat' dir='ltr'><strong>nihil</strong></span> <span class='ocrx_word' id='word_1_213' title='bbox 2817 1050 2904 1107; x_wconf 88' lang='lat' dir='ltr'><strong>hic</strong></span> <span class='ocrx_word' id='word_1_214' title='bbox 2935 1055 3075 1122; x_wconf 82' lang='lat' dir='ltr'><strong>passi</strong></span> <span class='ocrx_word' id='word_1_215' title='bbox 3121 1067 3266 1123; x_wconf 89' lang='lat' dir='ltr'><strong>sunt,</strong></span> <span class='ocrx_word' id='word_1_216' title='bbox 3319 1060 3420 1118; x_wconf 90' lang='lat' dir='ltr'><strong>hoc</strong></span> <span class='ocrx_word' id='word_1_217' title='bbox 3467 1038 3563 1122; x_wconf 82' lang='lat' dir='ltr'><strong>tibi</strong></span> 
     </span>
    </p>
   </div>
   <div class='ocr_carea' id='block_1_30' title="bbox 1961 1129 3564 1227">
    <p class='ocr_par' dir='ltr' id='par_1_30' title="bbox 1961 1129 3564 1227">
     <span class='ocr_line' id='line_1_30' title="bbox 1961 1129 3564 1227; baseline 0.019 -44"><span class='ocrx_word' id='word_1_218' title='bbox 1961 1129 2169 1227; x_wconf 86' lang='lat' dir='ltr'><strong>signum</strong></span> <span class='ocrx_word' id='word_1_219' title='bbox 2192 1147 2314 1227; x_wconf 81' lang='lat' dir='ltr'><strong>esse</strong></span> <span class='ocrx_word' id='word_1_220' title='bbox 2341 1134 2522 1202; x_wconf 86' lang='lat' dir='ltr'><strong>debet,</strong></span> <span class='ocrx_word' id='word_1_221' title='bbox 2549 1139 2748 1209; x_wconf 89' lang='lat' dir='ltr'><strong>aliquid</strong></span> <span class='ocrx_word' id='word_1_222' title='bbox 2772 1144 2913 1200; x_wconf 87' lang='lat' dir='ltr'><strong>aliud</strong></span> <span class='ocrx_word' id='word_1_223' title='bbox 2939 1162 3225 1217; x_wconf 86' lang='lat' dir='ltr'><strong>superesse</strong></span> <span class='ocrx_word' id='word_1_224' title='bbox 3248 1166 3365 1222; x_wconf 91' lang='lat' dir='ltr'><strong>post</strong></span> <span class='ocrx_word' id='word_1_225' title='bbox 3387 1159 3564 1227; x_wconf 76' lang='lat' dir='ltr'><strong>profe-</strong></span> 
     </span>
    </p>
   </div>
   <div class='ocr_carea' id='block_1_31' title="bbox 1959 1223 3567 1308">
    <p class='ocr_par' dir='ltr' id='par_1_31' title="bbox 1959 1223 3567 1308">
     <span class='ocr_line' id='line_1_31' title="bbox 1959 1223 3567 1308; baseline 0.018 -31"><span class='ocrx_word' id='word_1_226' title='bbox 1959 1223 2192 1279; x_wconf 88' lang='lat' dir='ltr'><strong>ctionem</strong></span> <span class='ocrx_word' id='word_1_227' title='bbox 2214 1240 2280 1280; x_wconf 88' lang='lat' dir='ltr'><strong>ex</strong></span> <span class='ocrx_word' id='word_1_228' title='bbox 2303 1225 2403 1282; x_wconf 92' lang='lat' dir='ltr'><strong>bac</strong></span> <span class='ocrx_word' id='word_1_229' title='bbox 2429 1229 2553 1284; x_wconf 84' lang='lat' dir='ltr'><strong>vita.</strong></span> <span class='ocrx_word' id='word_1_230' title='bbox 2587 1231 2770 1303; x_wconf 85' lang='lat' dir='ltr'><strong>Neque</strong></span> <span class='ocrx_word' id='word_1_231' title='bbox 2789 1237 2930 1291; x_wconf 93' lang='lat' dir='ltr'><strong>enim</strong></span> <span class='ocrx_word' id='word_1_232' title='bbox 2960 1240 3068 1308; x_wconf 92' lang='lat' dir='ltr'><strong>ille,</strong></span> <span class='ocrx_word' id='word_1_233' title='bbox 3101 1257 3223 1298; x_wconf 87' lang='lat' dir='ltr'><strong>cum</strong></span> <span class='ocrx_word' id='word_1_234' title='bbox 3251 1248 3320 1300; x_wconf 88' lang='lat' dir='ltr'><strong>sit</strong></span> <span class='ocrx_word' id='word_1_235' title='bbox 3346 1223 3567 1305; x_wconf 30' lang='lat' dir='ltr'><strong>univer-&#39;</strong></span> 
     </span>
    </p>
   </div>
   <div class='ocr_carea' id='block_1_32' title="bbox 1960 1315 3562 1409">
    <p class='ocr_par' dir='ltr' id='par_1_32' title="bbox 1960 1315 3562 1409">
     <span class='ocr_line' id='line_1_32' title="bbox 1960 1315 3562 1409; baseline 0.022 -42"><span class='ocrx_word' id='word_1_236' title='bbox 1960 1327 2143 1409; x_wconf 75' lang='lat' dir='ltr'><strong>eorum</strong></span> <span class='ocrx_word' id='word_1_237' title='bbox 2172 1315 2333 1383; x_wconf 90' lang='lat' dir='ltr'><strong>Dens,</strong></span> <span class='ocrx_word' id='word_1_238' title='bbox 2357 1319 2492 1375; x_wconf 89' lang='lat' dir='ltr'><strong>alios</strong></span> <span class='ocrx_word' id='word_1_239' title='bbox 2521 1322 2661 1377; x_wconf 88' lang='lat' dir='ltr'><strong>ultus</strong></span> <span class='ocrx_word' id='word_1_240' title='bbox 2687 1337 2856 1394; x_wconf 83' lang='lat' dir='ltr'><strong>esset;</strong></span> <span class='ocrx_word' id='word_1_241' title='bbox 2887 1331 3021 1388; x_wconf 87' lang='lat' dir='ltr'><strong>alios</strong></span> <span class='ocrx_word' id='word_1_242' title='bbox 3053 1349 3199 1402; x_wconf 82' lang='lat' dir='ltr'><strong>vero,</strong></span> <span class='ocrx_word' id='word_1_243' title='bbox 3241 1340 3330 1409; x_wconf 77' lang='lat' dir='ltr'><strong>qui</strong></span> <span class='ocrx_word' id='word_1_244' title='bbox 3373 1342 3562 1401; x_wconf 84' lang='lat' dir='ltr'><strong>eadem</strong></span> 
     </span>
    </p>
   </div>
   <div class='ocr_carea' id='block_1_33' title="bbox 1960 1404 3561 1499">
    <p class='ocr_par' dir='ltr' id='par_1_33' title="bbox 1960 1404 3561 1499">
     <span class='ocr_line' id='line_1_33' title="bbox 1960 1404 3561 1499; baseline 0.022 -43"><span class='ocrx_word' id='word_1_245' title='bbox 1960 1404 2232 1499; x_wconf 28' lang='lat' dir='ltr'><strong>vel-etiam</strong></span> <span class='ocrx_word' id='word_1_246' title='bbox 2275 1411 2522 1477; x_wconf 86' lang='lat' dir='ltr'><strong>graviora</strong></span> <span class='ocrx_word' id='word_1_247' title='bbox 2552 1427 2768 1483; x_wconf 88' lang='lat' dir='ltr'><strong>peccata</strong></span> <span class='ocrx_word' id='word_1_248' title='bbox 2809 1420 3155 1494; x_wconf 88' lang='lat' dir='ltr'><strong>admiserant,</strong></span> <span class='ocrx_word' id='word_1_249' title='bbox 3196 1404 3414 1499; x_wconf 67' lang='lat' dir='ltr'><strong>inipune</strong></span> <span class='ocrx_word' id='word_1_250' title='bbox 3439 1450 3561 1493; x_wconf 84' lang='lat' dir='ltr'><strong>esse</strong></span> 
     </span>
    </p>
   </div>
   <div class='ocr_carea' id='block_1_34' title="bbox 1960 1496 3562 1599">
    <p class='ocr_par' dir='ltr' id='par_1_34' title="bbox 1960 1496 3562 1599">
     <span class='ocr_line' id='line_1_34' title="bbox 1960 1496 3562 1599; baseline 0.022 -50"><span class='ocrx_word' id='word_1_251' title='bbox 1960 1496 2283 1599; x_wconf 84' lang='lat' dir='ltr'><strong>reliquisset,</strong></span> <span class='ocrx_word' id='word_1_252' title='bbox 2312 1503 2413 1599; x_wconf 62' lang='lat' dir='ltr'><strong>nisi</strong></span> <span class='ocrx_word' id='word_1_253' title='bbox 2444 1509 2713 1599; x_wconf 86' lang='lat' dir='ltr'><strong>quoddam</strong></span> <span class='ocrx_word' id='word_1_254' title='bbox 2743 1512 2873 1583; x_wconf 88' lang='lat' dir='ltr'><strong>ipsis</strong></span> <span class='ocrx_word' id='word_1_255' title='bbox 2899 1519 3218 1588; x_wconf 86' lang='lat' dir='ltr'><strong>supplicium</strong></span> <span class='ocrx_word' id='word_1_256' title='bbox 3248 1496 3324 1579; x_wconf 82' lang='lat' dir='ltr'><strong>ibi</strong></span> <span class='ocrx_word' id='word_1_257' title='bbox 3359 1526 3562 1599; x_wconf 86' lang='lat' dir='ltr'><strong>irroga-</strong></span> 
     </span>
    </p>
   </div>
   <div class='ocr_carea' id='block_1_35' title="bbox 1962 1593 3561 1686">
    <p class='ocr_par' dir='ltr' id='par_1_35' title="bbox 1962 1593 3561 1686">
     <span class='ocr_line' id='line_1_35' title="bbox 1962 1593 3561 1686; baseline 0.024 -46"><span class='ocrx_word' id='word_1_258' title='bbox 1962 1597 2113 1686; x_wconf 83' lang='lat' dir='ltr'><strong>turtts</strong></span> <span class='ocrx_word' id='word_1_259' title='bbox 2141 1603 2306 1647; x_wconf 80' lang='lat' dir='ltr'><strong>esset.</strong></span> <span class='ocrx_word' id='word_1_260' title='bbox 2339 1593 2418 1650; x_wconf 84' lang='lat' dir='ltr'><strong>Ex</strong></span> <span class='ocrx_word' id='word_1_261' title='bbox 2453 1597 2537 1653; x_wconf 85' lang='lat' dir='ltr'><strong>his</strong></span> <span class='ocrx_word' id='word_1_262' title='bbox 2566 1599 2725 1670; x_wconf 79' lang='lat' dir='ltr'><strong>igitur</strong></span> <span class='ocrx_word' id='word_1_263' title='bbox 2747 1606 3048 1663; x_wconf 86' lang='lat' dir='ltr'><strong>rationibus</strong></span> <span class='ocrx_word' id='word_1_264' title='bbox 3086 1621 3140 1666; x_wconf 88' lang='lat' dir='ltr'><strong>et</strong></span> <span class='ocrx_word' id='word_1_265' title='bbox 3169 1617 3431 1686; x_wconf 74' lang='lat' dir='ltr'><strong>exemplis</strong></span> <span class='ocrx_word' id='word_1_266' title='bbox 3461 1593 3561 1678; x_wconf 64' lang='lat' dir='ltr'><strong>tios</strong></span> 
     </span>
    </p>
   </div>
   <div class='ocr_carea' id='block_1_36' title="bbox 1959 1679 3558 1780">
    <p class='ocr_par' dir='ltr' id='par_1_36' title="bbox 1959 1679 3558 1780">
     <span class='ocr_line' id='line_1_36' title="bbox 1959 1679 3558 1780; baseline 0.022 -47"><span class='ocrx_word' id='word_1_267' title='bbox 1959 1679 2105 1780; x_wconf 77' lang='lat' dir='ltr'><strong>ipsos</strong></span> <span class='ocrx_word' id='word_1_268' title='bbox 2134 1681 2480 1780; x_wconf 82' lang='lat' dir='ltr'><strong>humiliemus</strong></span> <span class='ocrx_word' id='word_1_269' title='bbox 2514 1707 2528 1747; x_wconf 90' lang='lat'><strong>:</strong></span> <span class='ocrx_word' id='word_1_270' title='bbox 2574 1703 2628 1748; x_wconf 92' lang='lat' dir='ltr'><strong>et</strong></span> <span class='ocrx_word' id='word_1_271' title='bbox 2674 1697 2762 1764; x_wconf 88' lang='lat' dir='ltr'><strong>qui</strong></span> <span class='ocrx_word' id='word_1_272' title='bbox 2811 1699 3072 1780; x_wconf 85' lang='lat' dir='ltr'><strong>judicium</strong></span> <span class='ocrx_word' id='word_1_273' title='bbox 3105 1721 3210 1760; x_wconf 93' lang='lat' dir='ltr'><strong>non</strong></span> <span class='ocrx_word' id='word_1_274' title='bbox 3243 1679 3558 1780; x_wconf 76' lang='lat' dir='ltr'><strong>credebant,</strong></span> 
     </span>
    </p>
   </div>
   <div class='ocr_carea' id='block_1_37' title="bbox 1958 1771 3558 1871">
    <p class='ocr_par' dir='ltr' id='par_1_37' title="bbox 1958 1771 3558 1871">
     <span class='ocr_line' id='line_1_37' title="bbox 1958 1771 3558 1871; baseline 0.021 -46"><span class='ocrx_word' id='word_1_275' title='bbox 1958 1771 2184 1848; x_wconf 83' lang='lat' dir='ltr'><strong>credant</strong></span> <span class='ocrx_word' id='word_1_276' title='bbox 2207 1773 2343 1871; x_wconf 76' lang='lat' dir='ltr'><strong>jam,</strong></span> <span class='ocrx_word' id='word_1_277' title='bbox 2374 1788 2428 1833; x_wconf 91' lang='lat' dir='ltr'><strong>et</strong></span> <span class='ocrx_word' id='word_1_278' title='bbox 2457 1781 2709 1871; x_wconf 81' lang='lat' dir='ltr'><strong>meliores</strong></span> <span class='ocrx_word' id='word_1_279' title='bbox 2736 1775 3062 1859; x_wconf 64' lang='lat' dir='ltr'><strong>efﬁciantur;</strong></span> <span class='ocrx_word' id='word_1_280' title='bbox 3093 1804 3149 1849; x_wconf 77' lang='lat' dir='ltr'><strong>ut</strong></span> <span class='ocrx_word' id='word_1_281' title='bbox 3179 1813 3300 1852; x_wconf 91' lang='lat' dir='ltr'><strong>cum</strong></span> <span class='ocrx_word' id='word_1_282' title='bbox 3341 1771 3558 1871; x_wconf 79' lang='lat' dir='ltr'><strong>dignam</strong></span> 
     </span>
    </p>
   </div>
   <div class='ocr_carea' id='block_1_38' title="bbox 1963 1860 3561 1942">
    <p class='ocr_par' dir='ltr' id='par_1_38' title="bbox 1963 1860 3561 1942">
     <span class='ocr_line' id='line_1_38' title="bbox 1963 1860 3561 1942; baseline 0.021 -34"><span class='ocrx_word' id='word_1_283' title='bbox 1963 1870 2134 1927; x_wconf 88' lang='lat' dir='ltr'><strong>regno</strong></span> <span class='ocrx_word' id='word_1_284' title='bbox 2179 1860 2446 1918; x_wconf 60' lang='lat' dir='ltr'><strong>caelorum</strong></span> <span class='ocrx_word' id='word_1_285' title='bbox 2492 1865 2660 1924; x_wconf 88' lang='lat' dir='ltr'><strong>vitam</strong></span> <span class='ocrx_word' id='word_1_286' title='bbox 2708 1871 3068 1942; x_wconf 77' lang='lat' dir='ltr'><strong>duxerimus,</strong></span> <span class='ocrx_word' id='word_1_287' title='bbox 3128 1879 3311 1937; x_wconf 89' lang='lat' dir='ltr'><strong>futura</strong></span> <span class='ocrx_word' id='word_1_288' title='bbox 3361 1860 3561 1940; x_wconf 67' lang='lat' dir='ltr'><strong>conse-</strong></span> 
     </span>
    </p>
   </div>
   <div class='ocr_carea' id='block_1_39' title="bbox 1959 1953 3558 2042">
    <p class='ocr_par' dir='ltr' id='par_1_39' title="bbox 1959 1953 3558 2042">
     <span class='ocr_line' id='line_1_39' title="bbox 1959 1953 3558 2042; baseline 0.021 -41"><span class='ocrx_word' id='word_1_289' title='bbox 1959 1964 2198 2042; x_wconf 77' lang='lat' dir='ltr'><strong>quaqtur</strong></span> <span class='ocrx_word' id='word_1_290' title='bbox 2243 1953 2408 2023; x_wconf 88' lang='lat' dir='ltr'><strong>bona,</strong></span> <span class='ocrx_word' id='word_1_291' title='bbox 2463 1963 2639 2030; x_wconf 89' lang='lat' dir='ltr'><strong>gratia</strong></span> <span class='ocrx_word' id='word_1_292' title='bbox 2699 1975 2755 2022; x_wconf 90' lang='lat' dir='ltr'><strong>et</strong></span> <span class='ocrx_word' id='word_1_293' title='bbox 2803 1957 3142 2042; x_wconf 82' lang='lat' dir='ltr'><strong>benignitate</strong></span> <span class='ocrx_word' id='word_1_294' title='bbox 3198 1975 3415 2032; x_wconf 89' lang='lat' dir='ltr'><strong>Domini</strong></span> <span class='ocrx_word' id='word_1_295' title='bbox 3456 1995 3558 2035; x_wconf 93' lang='lat' dir='ltr'><strong>no-</strong></span> 
     </span>
    </p>
   </div>
   <div class='ocr_carea' id='block_1_40' title="bbox 1953 2041 3556 2187">
    <p class='ocr_par' dir='ltr' id='par_1_40' title="bbox 1953 2041 3556 2187">
     <span class='ocr_line' id='line_1_40' title="bbox 1953 2041 3556 2187; baseline 0.021 -94"><span class='ocrx_word' id='word_1_296' title='bbox 1953 2042 2055 2187; x_wconf 63' lang='lat' dir='ltr'><strong>:tri</strong></span> <span class='ocrx_word' id='word_1_297' title='bbox 2083 2041 2211 2099; x_wconf 79' lang='lat' dir='ltr'><strong>Iesu</strong></span> <span class='ocrx_word' id='word_1_298' title='bbox 2245 2045 2451 2104; x_wconf 88' lang='lat' dir='ltr'><strong>Christi</strong></span> <span class='ocrx_word' id='word_1_299' title='bbox 2474 2092 2490 2117; x_wconf 95' lang='lat'><strong>,</strong></span> <span class='ocrx_word' id='word_1_300' title='bbox 2540 2055 2628 2108; x_wconf 90' lang='lat' dir='ltr'><strong>cui</strong></span> <span class='ocrx_word' id='word_1_301' title='bbox 2665 2057 2838 2127; x_wconf 87' lang='lat' dir='ltr'><strong>gloria</strong></span> <span class='ocrx_word' id='word_1_302' title='bbox 2881 2041 3167 2120; x_wconf 75' lang='lat' dir='ltr'><strong>inea-cuia</strong></span> <span class='ocrx_word' id='word_1_303' title='bbox 3203 2070 3556 2127; x_wconf 81' lang='lat' dir='ltr'><strong>saeculorum.</strong></span> 
     </span>
     <span class='ocr_line' id='line_1_41' title="bbox 2006 2149 2148 2187; baseline 0 0"><span class='ocrx_word' id='word_1_304' title='bbox 2006 2149 2148 2187; x_wconf 90' lang='lat' dir='ltr'><strong>men.</strong></span> 
     </span>
    </p>
   </div>
   <div class='ocr_carea' id='block_1_41' title="bbox 2006 2149 2148 2190">
    <p class='ocr_par' dir='ltr' id='par_1_41' title="bbox 2006 2149 2148 2190">
     <span class='ocr_line' id='line_1_42' title="bbox 2006 2149 2148 2190; baseline 0.021 -3"><span class='ocrx_word' id='word_1_305' title='bbox 2006 2149 2127 2190; x_wconf 90' lang='lat' dir='ltr'><strong>men</strong></span> <span class='ocrx_word' id='word_1_306' title='bbox 2136 2178 2148 2190; x_wconf 97' lang='lat'><strong>.</strong></span> 
     </span>
    </p>
   </div>
   <div class='ocr_carea' id='block_1_42' title="bbox 941 2267 3568 2324">
    <p class='ocr_par' dir='ltr' id='par_1_42' title="bbox 941 2267 3568 2324">
     <span class='ocr_line' id='line_1_43' title="bbox 941 2267 3568 2324; baseline 0.006 -43"><span class='ocrx_word' id='word_1_307' title='bbox 941 2267 3568 2324; x_wconf 67' lang='lat'><strong>——————————_—___———_—-_——</strong></span> 
     </span>
    </p>
   </div>
   <div class='ocr_carea' id='block_1_43' title="bbox 1332 2344 2582 2423">
    <p class='ocr_par' dir='ltr' id='par_1_43' title="bbox 1332 2344 2582 2423">
     <span class='ocr_line' id='line_1_44' title="bbox 1332 2344 2582 2423; baseline 0.011 -17"><span class='ocrx_word' id='word_1_308' title='bbox 1332 2345 1680 2406; x_wconf 85' lang='lat' dir='ltr'><strong>HOMILIA</strong></span> <span class='ocrx_word' id='word_1_309' title='bbox 1726 2344 2049 2407; x_wconf 81' lang='lat' dir='ltr'><strong>LXXVII.</strong></span> <span class='ocrx_word' id='word_1_310' title='bbox 2096 2349 2182 2413; x_wconf 85' lang='lat' dir='ltr'><strong>al.</strong></span> <span class='ocrx_word' id='word_1_311' title='bbox 2230 2352 2582 2423; x_wconf 81' lang='lat' dir='ltr'><strong>LXXVIII.</strong></span> 
     </span>
    </p>
   </div>
   <div class='ocr_carea' id='block_1_44' title="bbox 246 2487 1847 2558">
    <p class='ocr_par' dir='ltr' id='par_1_44' title="bbox 246 2487 1847 2558">
     <span class='ocr_line' id='line_1_45' title="bbox 246 2487 1847 2558; baseline -0.002 -17"><span class='ocrx_word' id='word_1_312' title='bbox 246 2487 373 2543; x_wconf 72' lang='lat' dir='ltr'><strong>Car.</strong></span> <span class='ocrx_word' id='word_1_313' title='bbox 416 2488 508 2544; x_wconf 64' lang='lat' dir='ltr'><strong>2i.</strong></span> <span class='ocrx_word' id='word_1_314' title='bbox 566 2505 616 2544; x_wconf 89' lang='lat' dir='ltr'><strong>v.</strong></span> <span class='ocrx_word' id='word_1_315' title='bbox 672 2489 762 2544; x_wconf 77' lang='lat'><strong>52.</strong></span> <span class='ocrx_word' id='word_1_316' title='bbox 803 2489 879 2543; x_wconf 79' lang='lat' dir='ltr'><strong>Ab</strong></span> <span class='ocrx_word' id='word_1_317' title='bbox 929 2490 1108 2543; x_wconf 86' lang='lat' dir='ltr'><strong>arbore</strong></span> <span class='ocrx_word' id='word_1_318' title='bbox 1138 2497 1308 2543; x_wconf 82' lang='lat' dir='ltr'><strong>autem</strong></span> <span class='ocrx_word' id='word_1_319' title='bbox 1344 2489 1428 2558; x_wconf 80' lang='lat' dir='ltr'><strong>fici</strong></span> <span class='ocrx_word' id='word_1_320' title='bbox 1464 2489 1642 2542; x_wconf 75' lang='lat' dir='ltr'><strong>discite</strong></span> <span class='ocrx_word' id='word_1_321' title='bbox 1687 2499 1847 2558; x_wconf 83' lang='lat' dir='ltr'><strong>para-</strong></span> 
     </span>
    </p>
   </div>
   <div class='ocr_carea' id='block_1_45' title="bbox 319 2580 1844 2653">
    <p class='ocr_par' dir='ltr' id='par_1_45' title="bbox 319 2580 1844 2653">
     <span class='ocr_line' id='line_1_46' title="bbox 319 2580 1844 2653; baseline -0.001 -19"><span class='ocrx_word' id='word_1_322' title='bbox 319 2580 523 2644; x_wconf 74' lang='lat' dir='ltr'><strong>balant;</strong></span> <span class='ocrx_word' id='word_1_323' title='bbox 550 2597 663 2635; x_wconf 82' lang='lat' dir='ltr'><strong>cum</strong></span> <span class='ocrx_word' id='word_1_324' title='bbox 676 2584 793 2653; x_wconf 67' lang='lat' dir='ltr'><strong>jam</strong></span> <span class='ocrx_word' id='word_1_325' title='bbox 813 2598 985 2635; x_wconf 85' lang='lat' dir='ltr'><strong>ramus</strong></span> <span class='ocrx_word' id='word_1_326' title='bbox 1003 2583 1113 2652; x_wconf 83' lang='lat' dir='ltr'><strong>ejus</strong></span> <span class='ocrx_word' id='word_1_327' title='bbox 1135 2591 1273 2635; x_wconf 83' lang='lat' dir='ltr'><strong>tener</strong></span> <span class='ocrx_word' id='word_1_328' title='bbox 1292 2583 1462 2652; x_wconf 81' lang='lat' dir='ltr'><strong>fuerit,</strong></span> <span class='ocrx_word' id='word_1_329' title='bbox 1489 2589 1535 2636; x_wconf 83' lang='lat' dir='ltr'><strong>et</strong></span> <span class='ocrx_word' id='word_1_330' title='bbox 1550 2580 1677 2648; x_wconf 83' lang='lat' dir='ltr'><strong>folia</strong></span> <span class='ocrx_word' id='word_1_331' title='bbox 1702 2588 1844 2645; x_wconf 87' lang='lat' dir='ltr'><strong>nata,</strong></span> 
     </span>
    </p>
   </div>
   <div class='ocr_carea' id='block_1_46' title="bbox 316 2673 1848 2744">
    <p class='ocr_par' dir='ltr' id='par_1_46' title="bbox 316 2673 1848 2744">
     <span class='ocr_line' id='line_1_47' title="bbox 316 2673 1848 2744; baseline -0.001 -17"><span class='ocrx_word' id='word_1_332' title='bbox 316 2673 459 2727; x_wconf 87' lang='lat' dir='ltr'><strong>scitis</strong></span> <span class='ocrx_word' id='word_1_333' title='bbox 485 2673 605 2738; x_wconf 73' lang='lat' dir='ltr'><strong>quia</strong></span> <span class='ocrx_word' id='word_1_334' title='bbox 631 2689 791 2744; x_wconf 84' lang='lat' dir='ltr'><strong>prope</strong></span> <span class='ocrx_word' id='word_1_335' title='bbox 815 2682 893 2728; x_wconf 86' lang='lat' dir='ltr'><strong>est</strong></span> <span class='ocrx_word' id='word_1_336' title='bbox 916 2684 1100 2736; x_wconf 72' lang='lat' dir='ltr'><strong>testas;</strong></span> <span class='ocrx_word' id='word_1_337' title='bbox 1134 2673 1224 2729; x_wconf 77' lang='lat'><strong>35.</strong></span> <span class='ocrx_word' id='word_1_338' title='bbox 1262 2674 1334 2726; x_wconf 90' lang='lat' dir='ltr'><strong>ita</strong></span> <span class='ocrx_word' id='word_1_339' title='bbox 1358 2683 1405 2727; x_wconf 81' lang='lat' dir='ltr'><strong>et</strong></span> <span class='ocrx_word' id='word_1_340' title='bbox 1433 2688 1536 2738; x_wconf 79' lang='lat' dir='ltr'><strong>vos,</strong></span> <span class='ocrx_word' id='word_1_341' title='bbox 1567 2689 1683 2726; x_wconf 85' lang='lat' dir='ltr'><strong>cum</strong></span> <span class='ocrx_word' id='word_1_342' title='bbox 1709 2674 1848 2726; x_wconf 73' lang='lat' dir='ltr'><strong>uide-</strong></span> 
     </span>
    </p>
   </div>
   <div class='ocr_carea' id='block_1_47' title="bbox 314 2764 1679 2835">
    <p class='ocr_par' dir='ltr' id='par_1_47' title="bbox 314 2764 1679 2835">
     <span class='ocr_line' id='line_1_48' title="bbox 314 2764 1679 2835; baseline 0.001 -18"><span class='ocrx_word' id='word_1_343' title='bbox 314 2765 429 2819; x_wconf 85' lang='lat' dir='ltr'><strong>ritis</strong></span> <span class='ocrx_word' id='word_1_344' title='bbox 450 2765 560 2818; x_wconf 71' lang='lat' dir='ltr'><strong>Ita-c</strong></span> <span class='ocrx_word' id='word_1_345' title='bbox 581 2765 774 2830; x_wconf 84' lang='lat' dir='ltr'><strong>omnia,</strong></span> <span class='ocrx_word' id='word_1_346' title='bbox 805 2766 980 2819; x_wconf 77' lang='lat' dir='ltr'><strong>scitote</strong></span> <span class='ocrx_word' id='word_1_347' title='bbox 1002 2765 1120 2835; x_wconf 81' lang='lat' dir='ltr'><strong>quia</strong></span> <span class='ocrx_word' id='word_1_348' title='bbox 1142 2779 1301 2834; x_wconf 82' lang='lat' dir='ltr'><strong>prope</strong></span> <span class='ocrx_word' id='word_1_349' title='bbox 1320 2774 1392 2817; x_wconf 82' lang='lat' dir='ltr'><strong>est</strong></span> <span class='ocrx_word' id='word_1_350' title='bbox 1413 2764 1466 2818; x_wconf 87' lang='lat' dir='ltr'><strong>in</strong></span> <span class='ocrx_word' id='word_1_351' title='bbox 1477 2765 1679 2834; x_wconf 84' lang='lat' dir='ltr'><strong>januis.</strong></span> 
     </span>
    </p>
   </div>
   <div class='ocr_carea' id='block_1_48' title="bbox 317 2854 1847 2924">
    <p class='ocr_par' dir='ltr' id='par_1_48' title="bbox 317 2854 1847 2924">
     <span class='ocr_line' id='line_1_49' title="bbox 317 2854 1847 2924; baseline -0.002 -12"><span class='ocrx_word' id='word_1_352' title='bbox 317 2855 372 2912; x_wconf 77' lang='grc' dir='ltr'>ι.</span> <span class='ocrx_word' id='word_1_353' title='bbox 411 2854 548 2923; x_wconf 84' lang='lat' dir='ltr'><strong>Quia</strong></span> <span class='ocrx_word' id='word_1_354' title='bbox 578 2854 734 2923; x_wconf 82' lang='lat' dir='ltr'><strong>dixit,</strong></span> <span class='ocrx_word' id='word_1_355' title='bbox 758 2855 946 2911; x_wconf 86' lang='lat' dir='ltr'><strong>Statim</strong></span> <span class='ocrx_word' id='word_1_356' title='bbox 973 2865 1084 2924; x_wconf 86' lang='lat' dir='ltr'><strong>post</strong></span> <span class='ocrx_word' id='word_1_357' title='bbox 1105 2855 1478 2912; x_wconf 78' lang='lat' dir='ltr'><strong>tribulationem</strong></span> <span class='ocrx_word' id='word_1_358' title='bbox 1502 2856 1700 2910; x_wconf 82' lang='lat' dir='ltr'><strong>dierum</strong></span> <span class='ocrx_word' id='word_1_359' title='bbox 1731 2856 1847 2909; x_wconf 82' lang='lat' dir='ltr'><strong>illo-</strong></span> 
     </span>
    </p>
   </div>
   <div class='ocr_carea' id='block_1_49' title="bbox 243 2945 1844 3017">
    <p class='ocr_par' dir='ltr' id='par_1_49' title="bbox 243 2945 1844 3017">
     <span class='ocr_line' id='line_1_50' title="bbox 243 2945 1844 3017; baseline -0.001 -16"><span class='ocrx_word' id='word_1_360' title='bbox 243 2961 380 3011; x_wconf 79' lang='lat' dir='ltr'><strong>runt,</strong></span> <span class='ocrx_word' id='word_1_361' title='bbox 412 2947 514 3017; x_wconf 85' lang='lat' dir='ltr'><strong>ipsi</strong></span> <span class='ocrx_word' id='word_1_362' title='bbox 541 2961 672 3003; x_wconf 90' lang='lat' dir='ltr'><strong>vero</strong></span> <span class='ocrx_word' id='word_1_363' title='bbox 710 2945 1025 3017; x_wconf 65' lang='lat' dir='ltr'><strong>quaerebant</strong></span> <span class='ocrx_word' id='word_1_364' title='bbox 1063 2956 1182 3016; x_wconf 87' lang='lat' dir='ltr'><strong>post</strong></span> <span class='ocrx_word' id='word_1_365' title='bbox 1219 2955 1475 3017; x_wconf 88' lang='lat' dir='ltr'><strong>quantum</strong></span> <span class='ocrx_word' id='word_1_366' title='bbox 1503 2947 1762 3016; x_wconf 86' lang='lat' dir='ltr'><strong>temporis</strong></span> <span class='ocrx_word' id='word_1_367' title='bbox 1793 2946 1844 3000; x_wconf 93' lang='lat' dir='ltr'><strong>id</strong></span> 
     </span>
    </p>
   </div>
   <div class='ocr_carea' id='block_1_50' title="bbox 243 3038 1844 3112">
    <p class='ocr_par' dir='ltr' id='par_1_50' title="bbox 243 3038 1844 3112">
     <span class='ocr_line' id='line_1_51' title="bbox 243 3038 1844 3112; baseline -0.002 -15"><span class='ocrx_word' id='word_1_368' title='bbox 243 3041 484 3097; x_wconf 86' lang='lat' dir='ltr'><strong>futurum</strong></span> <span class='ocrx_word' id='word_1_369' title='bbox 512 3051 678 3106; x_wconf 84' lang='lat' dir='ltr'><strong>esset,</strong></span> <span class='ocrx_word' id='word_1_370' title='bbox 702 3039 952 3112; x_wconf 83' lang='lat' dir='ltr'><strong>diemque</strong></span> <span class='ocrx_word' id='word_1_371' title='bbox 972 3042 1110 3095; x_wconf 86' lang='lat' dir='ltr'><strong>scire</strong></span> <span class='ocrx_word' id='word_1_372' title='bbox 1143 3039 1451 3110; x_wconf 88' lang='lat' dir='ltr'><strong>cupiebant,</strong></span> <span class='ocrx_word' id='word_1_373' title='bbox 1481 3039 1604 3095; x_wconf 91' lang='lat' dir='ltr'><strong>ideo</strong></span> <span class='ocrx_word' id='word_1_374' title='bbox 1631 3038 1722 3094; x_wconf 90' lang='lat' dir='ltr'><strong>ille</strong></span> <span class='ocrx_word' id='word_1_375' title='bbox 1745 3054 1844 3093; x_wconf 86' lang='lat' dir='ltr'><strong>ex-</strong></span> 
     </span>
    </p>
   </div>
   <div class='ocr_carea' id='block_1_51' title="bbox 241 3122 1847 3204">
    <p class='ocr_par' dir='ltr' id='par_1_51' title="bbox 241 3122 1847 3204">
     <span class='ocr_line' id='line_1_52' title="bbox 241 3122 1847 3204; baseline 0 -16"><span class='ocrx_word' id='word_1_376' title='bbox 241 3131 484 3203; x_wconf 87' lang='lat' dir='ltr'><strong>emplum</strong></span> <span class='ocrx_word' id='word_1_377' title='bbox 506 3132 638 3187; x_wconf 86' lang='lat' dir='ltr'><strong>licus</strong></span> <span class='ocrx_word' id='word_1_378' title='bbox 657 3122 832 3199; x_wconf 76' lang='lat' dir='ltr'><strong>aﬂ&#39;ert,</strong></span> <span class='ocrx_word' id='word_1_379' title='bbox 851 3132 1142 3188; x_wconf 85' lang='lat' dir='ltr'><strong>ostendens</strong></span> <span class='ocrx_word' id='word_1_380' title='bbox 1172 3147 1278 3187; x_wconf 92' lang='lat' dir='ltr'><strong>non</strong></span> <span class='ocrx_word' id='word_1_381' title='bbox 1306 3148 1556 3204; x_wconf 88' lang='lat' dir='ltr'><strong>magnum</strong></span> <span class='ocrx_word' id='word_1_382' title='bbox 1587 3134 1847 3188; x_wconf 78' lang='lat' dir='ltr'><strong>interesse</strong></span> 
     </span>
    </p>
   </div>
   <div class='ocr_carea' id='block_1_52' title="bbox 246 3222 1845 3295">
    <p class='ocr_par' dir='ltr' id='par_1_52' title="bbox 246 3222 1845 3295">
     <span class='ocr_line' id='line_1_53' title="bbox 246 3222 1845 3295; baseline 0 -18"><span class='ocrx_word' id='word_1_383' title='bbox 246 3223 510 3293; x_wconf 84' lang='lat' dir='ltr'><strong>temporis</strong></span> <span class='ocrx_word' id='word_1_384' title='bbox 552 3222 807 3295; x_wconf 88' lang='lat' dir='ltr'><strong>spatium,</strong></span> <span class='ocrx_word' id='word_1_385' title='bbox 855 3239 956 3280; x_wconf 91' lang='lat' dir='ltr'><strong>nec</strong></span> <span class='ocrx_word' id='word_1_386' title='bbox 992 3223 1084 3279; x_wconf 90' lang='lat' dir='ltr'><strong>diu</strong></span> <span class='ocrx_word' id='word_1_387' title='bbox 1126 3233 1309 3294; x_wconf 89' lang='lat' dir='ltr'><strong>postea</strong></span> <span class='ocrx_word' id='word_1_388' title='bbox 1351 3224 1526 3293; x_wconf 87' lang='lat' dir='ltr'><strong>ipsum</strong></span> <span class='ocrx_word' id='word_1_389' title='bbox 1559 3232 1845 3279; x_wconf 84' lang='lat' dir='ltr'><strong>venturum</strong></span> 
     </span>
    </p>
   </div>
   <div class='ocr_carea' id='block_1_53' title="bbox 241 3314 1847 3387">
    <p class='ocr_par' dir='ltr' id='par_1_53' title="bbox 241 3314 1847 3387">
     <span class='ocr_line' id='line_1_54' title="bbox 241 3314 1847 3387; baseline 0.001 -18"><span class='ocrx_word' id='word_1_390' title='bbox 241 3329 399 3372; x_wconf 80' lang='lat' dir='ltr'><strong>esse:</strong></span> <span class='ocrx_word' id='word_1_391' title='bbox 428 3315 484 3370; x_wconf 89' lang='lat' dir='ltr'><strong>id</strong></span> <span class='ocrx_word' id='word_1_392' title='bbox 511 3314 656 3386; x_wconf 92' lang='lat' dir='ltr'><strong>quod</strong></span> <span class='ocrx_word' id='word_1_393' title='bbox 684 3330 790 3370; x_wconf 93' lang='lat' dir='ltr'><strong>non</strong></span> <span class='ocrx_word' id='word_1_394' title='bbox 822 3315 983 3370; x_wconf 92' lang='lat' dir='ltr'><strong>tnodo</strong></span> <span class='ocrx_word' id='word_1_395' title='bbox 1016 3330 1111 3386; x_wconf 90' lang='lat' dir='ltr'><strong>per</strong></span> <span class='ocrx_word' id='word_1_396' title='bbox 1139 3314 1473 3387; x_wconf 85' lang='lat' dir='ltr'><strong>parabolam,</strong></span> <span class='ocrx_word' id='word_1_397' title='bbox 1522 3315 1617 3371; x_wconf 87' lang='lat' dir='ltr'><strong>sed</strong></span> <span class='ocrx_word' id='word_1_398' title='bbox 1657 3324 1713 3371; x_wconf 91' lang='lat' dir='ltr'><strong>et</strong></span> <span class='ocrx_word' id='word_1_399' title='bbox 1750 3330 1847 3384; x_wconf 90' lang='lat' dir='ltr'><strong>per</strong></span> 
     </span>
    </p>
   </div>
   <div class='ocr_carea' id='block_1_54' title="bbox 240 3403 1846 3479">
    <p class='ocr_par' dir='ltr' id='par_1_54' title="bbox 240 3403 1846 3479">
     <span class='ocr_line' id='line_1_55' title="bbox 240 3403 1846 3479; baseline 0 -19"><span class='ocrx_word' id='word_1_400' title='bbox 240 3403 344 3460; x_wconf 87' lang='lat' dir='ltr'><strong>alia</strong></span> <span class='ocrx_word' id='word_1_401' title='bbox 375 3403 521 3479; x_wconf 74' lang='lat' dir='ltr'><strong>dicta</strong></span> <span class='ocrx_word' id='word_1_402' title='bbox 566 3413 750 3474; x_wconf 86' lang='lat' dir='ltr'><strong>postea</strong></span> <span class='ocrx_word' id='word_1_403' title='bbox 782 3403 1063 3477; x_wconf 80' lang='lat' dir='ltr'><strong>significat,</strong></span> <span class='ocrx_word' id='word_1_404' title='bbox 1095 3415 1154 3460; x_wconf 91' lang='lat' dir='ltr'><strong>ut</strong></span> <span class='ocrx_word' id='word_1_405' title='bbox 1184 3420 1304 3461; x_wconf 91' lang='lat' dir='ltr'><strong>eum</strong></span> <span class='ocrx_word' id='word_1_406' title='bbox 1353 3405 1460 3460; x_wconf 88' lang='lat' dir='ltr'><strong>ait:</strong></span> <span class='ocrx_word' id='word_1_407' title='bbox 1490 3405 1682 3461; x_wconf 87' lang='lat' dir='ltr'><strong>Scitote</strong></span> <span class='ocrx_word' id='word_1_408' title='bbox 1727 3407 1846 3469; x_wconf 85' lang='lat' dir='ltr'><strong>quia</strong></span> 
     </span>
    </p>
   </div>
   <div class='ocr_carea' id='block_1_55' title="bbox 241 3495 1847 3568">
    <p class='ocr_par' dir='ltr' id='par_1_55' title="bbox 241 3495 1847 3568">
     <span class='ocr_line' id='line_1_56' title="bbox 241 3495 1847 3568; baseline -0.001 -16"><span class='ocrx_word' id='word_1_409' title='bbox 241 3511 402 3566; x_wconf 80' lang='lat' dir='ltr'><strong>prope</strong></span> <span class='ocrx_word' id='word_1_410' title='bbox 424 3505 500 3552; x_wconf 82' lang='lat' dir='ltr'><strong>est</strong></span> <span class='ocrx_word' id='word_1_411' title='bbox 524 3496 578 3551; x_wconf 80' lang='lat' dir='ltr'><strong>in</strong></span> <span class='ocrx_word' id='word_1_412' title='bbox 615 3496 818 3568; x_wconf 83' lang='lat' dir='ltr'><strong>januis.‘</strong></span> <span class='ocrx_word' id='word_1_413' title='bbox 860 3495 997 3552; x_wconf 84' lang='lat' dir='ltr'><strong>Hinc</strong></span> <span class='ocrx_word' id='word_1_414' title='bbox 1026 3495 1187 3552; x_wconf 88' lang='lat' dir='ltr'><strong>etiam</strong></span> <span class='ocrx_word' id='word_1_415' title='bbox 1217 3495 1374 3551; x_wconf 91' lang='lat' dir='ltr'><strong>aliam</strong></span> <span class='ocrx_word' id='word_1_416' title='bbox 1408 3496 1648 3566; x_wconf 80' lang='lat' dir='ltr'><strong>praedicit</strong></span> <span class='ocrx_word' id='word_1_417' title='bbox 1674 3497 1847 3568; x_wconf 90' lang='lat' dir='ltr'><strong>spiri—</strong></span> 
     </span>
    </p>
   </div>
   <div class='ocr_carea' id='block_1_56' title="bbox 243 3586 1845 3659">
    <p class='ocr_par' dir='ltr' id='par_1_56' title="bbox 243 3586 1845 3659">
     <span class='ocr_line' id='line_1_57' title="bbox 243 3586 1845 3659; baseline 0 -16"><span class='ocrx_word' id='word_1_418' title='bbox 243 3586 445 3643; x_wconf 83' lang='lat' dir='ltr'><strong>tualetn</strong></span> <span class='ocrx_word' id='word_1_419' title='bbox 474 3595 737 3654; x_wconf 55' lang='lat' dir='ltr'><strong>aestatem,</strong></span> <span class='ocrx_word' id='word_1_420' title='bbox 781 3598 836 3642; x_wconf 87' lang='lat' dir='ltr'><strong>et</strong></span> <span class='ocrx_word' id='word_1_421' title='bbox 878 3587 1310 3659; x_wconf 87' lang='lat' dir='ltr'><strong>tranquillitatem</strong></span> <span class='ocrx_word' id='word_1_422' title='bbox 1355 3598 1473 3658; x_wconf 88' lang='lat' dir='ltr'><strong>post</strong></span> <span class='ocrx_word' id='word_1_423' title='bbox 1519 3587 1679 3657; x_wconf 89' lang='lat' dir='ltr'><strong>hujus</strong></span> <span class='ocrx_word' id='word_1_424' title='bbox 1722 3589 1845 3643; x_wconf 77' lang='lat' dir='ltr'><strong>vita:</strong></span> 
     </span>
    </p>
   </div>
   <div class='ocr_carea' id='block_1_57' title="bbox 239 3676 1846 3750">
    <p class='ocr_par' dir='ltr' id='par_1_57' title="bbox 239 3676 1846 3750">
     <span class='ocr_line' id='line_1_58' title="bbox 239 3676 1846 3750; baseline -0.001 -17"><span class='ocrx_word' id='word_1_425' title='bbox 239 3677 438 3734; x_wconf 77' lang='lat' dir='ltr'><strong>fluctus</strong></span> <span class='ocrx_word' id='word_1_426' title='bbox 466 3678 555 3734; x_wconf 85' lang='lat' dir='ltr'><strong>illa</strong></span> <span class='ocrx_word' id='word_1_427' title='bbox 582 3679 669 3734; x_wconf 89' lang='lat' dir='ltr'><strong>die</strong></span> <span class='ocrx_word' id='word_1_428' title='bbox 684 3676 844 3750; x_wconf 88' lang='lat' dir='ltr'><strong>justis</strong></span> <span class='ocrx_word' id='word_1_429' title='bbox 859 3678 1116 3746; x_wconf 91' lang='lat' dir='ltr'><strong>futuram;</strong></span> <span class='ocrx_word' id='word_1_430' title='bbox 1138 3680 1505 3750; x_wconf 70' lang='lat' dir='ltr'><strong>peccatoribus</strong></span> <span class='ocrx_word' id='word_1_431' title='bbox 1521 3689 1704 3734; x_wconf 89' lang='lat' dir='ltr'><strong>contra</strong></span> <span class='ocrx_word' id='word_1_432' title='bbox 1727 3687 1846 3748; x_wconf 75' lang='lat' dir='ltr'><strong>post</strong></span> 
     </span>
    </p>
   </div>
   <div class='ocr_carea' id='block_1_58' title="bbox 239 3769 1846 3839">
    <p class='ocr_par' dir='ltr' id='par_1_58' title="bbox 239 3769 1846 3839">
     <span class='ocr_line' id='line_1_59' title="bbox 239 3769 1846 3839; baseline 0.001 -16"><span class='ocrx_word' id='word_1_433' title='bbox 239 3779 492 3825; x_wconf 67' lang='lat' dir='ltr'><strong>aestatem</strong></span> <span class='ocrx_word' id='word_1_434' title='bbox 520 3769 751 3826; x_wconf 89' lang='lat' dir='ltr'><strong>hiemem</strong></span> <span class='ocrx_word' id='word_1_435' title='bbox 784 3769 1036 3826; x_wconf 91' lang='lat' dir='ltr'><strong>indicavit</strong></span> <span class='ocrx_word' id='word_1_436' title='bbox 1059 3781 1262 3839; x_wconf 81' lang='lat' dir='ltr'><strong>postea,</strong></span> <span class='ocrx_word' id='word_1_437' title='bbox 1291 3786 1412 3826; x_wconf 91' lang='lat' dir='ltr'><strong>cum</strong></span> <span class='ocrx_word' id='word_1_438' title='bbox 1437 3770 1591 3836; x_wconf 87' lang='lat' dir='ltr'><strong>dixit,</strong></span> <span class='ocrx_word' id='word_1_439' title='bbox 1628 3769 1730 3823; x_wconf 91' lang='lat' dir='ltr'><strong>illis</strong></span> <span class='ocrx_word' id='word_1_440' title='bbox 1751 3769 1846 3824; x_wconf 88' lang='lat' dir='ltr'><strong>de-</strong></span> 
     </span>
    </p>
   </div>
   <div class='ocr_carea' id='block_1_59' title="bbox 241 3859 1840 3933">
    <p class='ocr_par' dir='ltr' id='par_1_59' title="bbox 241 3859 1840 3933">
     <span class='ocr_line' id='line_1_60' title="bbox 241 3859 1840 3933; baseline 0.001 -18"><span class='ocrx_word' id='word_1_441' title='bbox 241 3859 574 3926; x_wconf 82' lang='lat' dir='ltr'><strong>Iiciantibus,</strong></span> <span class='ocrx_word' id='word_1_442' title='bbox 604 3860 746 3917; x_wconf 86' lang='lat' dir='ltr'><strong>diem</strong></span> <span class='ocrx_word' id='word_1_443' title='bbox 775 3877 897 3917; x_wconf 86' lang='lat' dir='ltr'><strong>esse</strong></span> <span class='ocrx_word' id='word_1_444' title='bbox 921 3870 1221 3918; x_wconf 75' lang='lat' dir='ltr'><strong>venturam.</strong></span> <span class='ocrx_word' id='word_1_445' title='bbox 1255 3861 1442 3933; x_wconf 82' lang='lat' dir='ltr'><strong>Neque</strong></span> <span class='ocrx_word' id='word_1_446' title='bbox 1483 3861 1606 3917; x_wconf 89' lang='lat' dir='ltr'><strong>ideo</strong></span> <span class='ocrx_word' id='word_1_447' title='bbox 1637 3870 1840 3917; x_wconf 85' lang='lat' dir='ltr'><strong>tantum</strong></span> 
     </span>
    </p>
   </div>
   <div class='ocr_carea' id='block_1_60' title="bbox 242 3953 1842 4027">
    <p class='ocr_par' dir='ltr' id='par_1_60' title="bbox 242 3953 1842 4027">
     <span class='ocr_line' id='line_1_61' title="bbox 242 3953 1842 4027; baseline 0.001 -20"><span class='ocrx_word' id='word_1_448' title='bbox 242 3953 380 4009; x_wconf 84' lang='lat' dir='ltr'><strong>licus</strong></span> <span class='ocrx_word' id='word_1_449' title='bbox 408 3954 718 4024; x_wconf 85' lang='lat' dir='ltr'><strong>exemplum</strong></span> <span class='ocrx_word' id='word_1_450' title='bbox 749 3955 944 4025; x_wconf 87' lang='lat' dir='ltr'><strong>posuit,</strong></span> <span class='ocrx_word' id='word_1_451' title='bbox 987 3964 1044 4010; x_wconf 92' lang='lat' dir='ltr'><strong>ut</strong></span> <span class='ocrx_word' id='word_1_452' title='bbox 1089 3956 1315 4026; x_wconf 90' lang='lat' dir='ltr'><strong>spatium</strong></span> <span class='ocrx_word' id='word_1_453' title='bbox 1347 3956 1608 4026; x_wconf 90' lang='lat' dir='ltr'><strong>temporis</strong></span> <span class='ocrx_word' id='word_1_454' title='bbox 1636 3956 1842 4027; x_wconf 85' lang='lat' dir='ltr'><strong>signiti-</strong></span> 
     </span>
    </p>
   </div>
   <div class='ocr_carea' id='block_1_61' title="bbox 240 4046 1842 4116">
    <p class='ocr_par' dir='ltr' id='par_1_61' title="bbox 240 4046 1842 4116">
     <span class='ocr_line' id='line_1_62' title="bbox 240 4046 1842 4116; baseline 0.002 -16"><span class='ocrx_word' id='word_1_455' title='bbox 240 4054 424 4111; x_wconf 84' lang='lat' dir='ltr'><strong>caret;</strong></span> <span class='ocrx_word' id='word_1_456' title='bbox 455 4046 713 4116; x_wconf 86' lang='lat' dir='ltr'><strong>potuisset</strong></span> <span class='ocrx_word' id='word_1_457' title='bbox 738 4047 881 4102; x_wconf 87' lang='lat' dir='ltr'><strong>enim</strong></span> <span class='ocrx_word' id='word_1_458' title='bbox 932 4047 1039 4103; x_wconf 92' lang='lat' dir='ltr'><strong>alio</strong></span> <span class='ocrx_word' id='word_1_459' title='bbox 1065 4047 1223 4104; x_wconf 86' lang='lat' dir='ltr'><strong>modo</strong></span> <span class='ocrx_word' id='word_1_460' title='bbox 1252 4047 1382 4104; x_wconf 89' lang='lat' dir='ltr'><strong>illud</strong></span> <span class='ocrx_word' id='word_1_461' title='bbox 1411 4047 1720 4113; x_wconf 88' lang='lat' dir='ltr'><strong>declarare;</strong></span> <span class='ocrx_word' id='word_1_462' title='bbox 1748 4049 1842 4103; x_wconf 87' lang='lat' dir='ltr'><strong>sed</strong></span> 
     </span>
    </p>
   </div>
   <div class='ocr_carea' id='block_1_62' title="bbox 242 4137 1841 4195">
    <p class='ocr_par' dir='ltr' id='par_1_62' title="bbox 242 4137 1841 4195">
     <span class='ocr_line' id='line_1_63' title="bbox 242 4137 1841 4195; baseline 0 -1"><span class='ocrx_word' id='word_1_463' title='bbox 242 4146 302 4194; x_wconf 90' lang='lat' dir='ltr'><strong>ut</strong></span> <span class='ocrx_word' id='word_1_464' title='bbox 327 4137 458 4194; x_wconf 89' lang='lat' dir='ltr'><strong>inde</strong></span> <span class='ocrx_word' id='word_1_465' title='bbox 487 4153 600 4194; x_wconf 85' lang='lat' dir='ltr'><strong>rem</strong></span> <span class='ocrx_word' id='word_1_466' title='bbox 629 4139 850 4195; x_wconf 85' lang='lat' dir='ltr'><strong>omnino</strong></span> <span class='ocrx_word' id='word_1_467' title='bbox 874 4138 1101 4194; x_wconf 89' lang='lat' dir='ltr'><strong>futuram</strong></span> <span class='ocrx_word' id='word_1_468' title='bbox 1139 4139 1504 4195; x_wconf 83' lang='lat' dir='ltr'><strong>continuaret.</strong></span> <span class='ocrx_word' id='word_1_469' title='bbox 1531 4139 1680 4195; x_wconf 90' lang='lat' dir='ltr'><strong>Sicut</strong></span> <span class='ocrx_word' id='word_1_470' title='bbox 1699 4139 1841 4195; x_wconf 90' lang='lat' dir='ltr'><strong>enim</strong></span> 
     </span>
    </p>
   </div>
   <div class='ocr_carea' id='block_1_63' title="bbox 239 4231 1844 4296">
    <p class='ocr_par' dir='ltr' id='par_1_63' title="bbox 239 4231 1844 4296">
     <span class='ocr_line' id='line_1_64' title="bbox 239 4231 1844 4296; baseline 0 -7"><span class='ocrx_word' id='word_1_471' title='bbox 239 4246 472 4289; x_wconf 79' lang='lat' dir='ltr'><strong>necesse</strong></span> <span class='ocrx_word' id='word_1_472' title='bbox 499 4240 582 4286; x_wconf 87' lang='lat' dir='ltr'><strong>est</strong></span> <span class='ocrx_word' id='word_1_473' title='bbox 609 4231 709 4287; x_wconf 89' lang='lat' dir='ltr'><strong>hoc</strong></span> <span class='ocrx_word' id='word_1_474' title='bbox 731 4232 970 4296; x_wconf 89' lang='lat' dir='ltr'><strong>evenire,</strong></span> <span class='ocrx_word' id='word_1_475' title='bbox 994 4233 1066 4286; x_wconf 91' lang='lat' dir='ltr'><strong>ita</strong></span> <span class='ocrx_word' id='word_1_476' title='bbox 1092 4233 1311 4288; x_wconf 87' lang='lat' dir='ltr'><strong>etillud.</strong></span> <span class='ocrx_word' id='word_1_477' title='bbox 1334 4232 1467 4288; x_wconf 84' lang='lat' dir='ltr'><strong>Nam</strong></span> <span class='ocrx_word' id='word_1_478' title='bbox 1488 4234 1575 4288; x_wconf 88' lang='lat' dir='ltr'><strong>ubi</strong></span> <span class='ocrx_word' id='word_1_479' title='bbox 1599 4248 1710 4289; x_wconf 90' lang='lat' dir='ltr'><strong>rem</strong></span> <span class='ocrx_word' id='word_1_480' title='bbox 1729 4248 1844 4289; x_wconf 93' lang='lat' dir='ltr'><strong>om-</strong></span> 
     </span>
    </p>
   </div>
   <div class='ocr_carea' id='block_1_64' title="bbox 239 4323 1843 4393">
    <p class='ocr_par' dir='ltr' id='par_1_64' title="bbox 239 4323 1843 4393">
     <span class='ocr_line' id='line_1_65' title="bbox 239 4323 1843 4393; baseline 0 -13"><span class='ocrx_word' id='word_1_481' title='bbox 239 4324 373 4380; x_wconf 85' lang='lat' dir='ltr'><strong>nino</strong></span> <span class='ocrx_word' id='word_1_482' title='bbox 393 4323 635 4380; x_wconf 89' lang='lat' dir='ltr'><strong>futuram</strong></span> <span class='ocrx_word' id='word_1_483' title='bbox 664 4324 777 4380; x_wconf 83' lang='lat' dir='ltr'><strong>vult</strong></span> <span class='ocrx_word' id='word_1_484' title='bbox 796 4325 1187 4393; x_wconf 85' lang='lat' dir='ltr'><strong>demonstrare,</strong></span> <span class='ocrx_word' id='word_1_485' title='bbox 1211 4327 1478 4382; x_wconf 88' lang='lat' dir='ltr'><strong>naturales</strong></span> <span class='ocrx_word' id='word_1_486' title='bbox 1495 4326 1843 4381; x_wconf 86' lang='lat' dir='ltr'><strong>necessitates</strong></span> 
     </span>
    </p>
   </div>
   <div class='ocr_carea' id='block_1_65' title="bbox 239 4414 1840 4490">
    <p class='ocr_par' dir='ltr' id='par_1_65' title="bbox 239 4414 1840 4490">
     <span class='ocr_line' id='line_1_66' title="bbox 239 4414 1840 4490; baseline 0.001 -19"><span class='ocrx_word' id='word_1_487' title='bbox 239 4417 292 4472; x_wconf 90' lang='lat' dir='ltr'><strong>in</strong></span> <span class='ocrx_word' id='word_1_488' title='bbox 325 4414 570 4471; x_wconf 84' lang='lat' dir='ltr'><strong>medium</strong></span> <span class='ocrx_word' id='word_1_489' title='bbox 596 4415 773 4485; x_wconf 87' lang='lat' dir='ltr'><strong>all&#39;ert,</strong></span> <span class='ocrx_word' id='word_1_490' title='bbox 805 4427 910 4472; x_wconf 91' lang='lat' dir='ltr'><strong>tam</strong></span> <span class='ocrx_word' id='word_1_491' title='bbox 943 4417 1253 4488; x_wconf 85' lang='lat' dir='ltr'><strong>ipse,quam</strong></span> <span class='ocrx_word' id='word_1_492' title='bbox 1281 4417 1695 4490; x_wconf 84' lang='lat' dir='ltr'><strong>ipsiusimitator</strong></span> <span class='ocrx_word' id='word_1_493' title='bbox 1714 4418 1840 4472; x_wconf 90' lang='lat' dir='ltr'><strong>bea-</strong></span> 
     </span>
    </p>
   </div>
   <div class='ocr_carea' id='block_1_66' title="bbox 240 4507 1844 4580">
    <p class='ocr_par' dir='ltr' id='par_1_66' title="bbox 240 4507 1844 4580">
     <span class='ocr_line' id='line_1_67' title="bbox 240 4507 1844 4580; baseline 0.001 -18"><span class='ocrx_word' id='word_1_494' title='bbox 240 4518 325 4562; x_wconf 85' lang='lat' dir='ltr'><strong>tus</strong></span> <span class='ocrx_word' id='word_1_495' title='bbox 353 4507 579 4563; x_wconf 86' lang='lat' dir='ltr'><strong>Paulus.</strong></span> <span class='ocrx_word' id='word_1_496' title='bbox 602 4507 804 4564; x_wconf 88' lang='lat' dir='ltr'><strong>Idcirco</strong></span> <span class='ocrx_word' id='word_1_497' title='bbox 826 4509 897 4566; x_wconf 89' lang='lat' dir='ltr'><strong>de</strong></span> <span class='ocrx_word' id='word_1_498' title='bbox 918 4511 1310 4566; x_wconf 87' lang='lat' dir='ltr'><strong>resurrectione</strong></span> <span class='ocrx_word' id='word_1_499' title='bbox 1336 4511 1560 4580; x_wconf 90' lang='lat' dir='ltr'><strong>loquens</strong></span> <span class='ocrx_word' id='word_1_500' title='bbox 1585 4511 1659 4564; x_wconf 87' lang='lat' dir='ltr'><strong>ait</strong></span> <span class='ocrx_word' id='word_1_501' title='bbox 1682 4527 1696 4564; x_wconf 89' lang='lat'><strong>:</strong></span> <span class='ocrx_word' id='word_1_502' title='bbox 1722 4509 1844 4564; x_wconf 83' lang='lat' dir='ltr'><strong>Nisi</strong></span> 
     </span>
    </p>
   </div>
   <div class='ocr_carea' id='block_1_67' title="bbox 230 4600 1844 4672">
    <p class='ocr_par' dir='ltr' id='par_1_67' title="bbox 230 4600 1844 4672">
     <span class='ocr_line' id='line_1_68' title="bbox 230 4600 1844 4672; baseline 0.002 -20"><span class='ocrx_word' id='word_1_503' title='bbox 230 4615 463 4669; x_wconf 68' lang='lat' dir='ltr'><strong>granum</strong></span> <span class='ocrx_word' id='word_1_504' title='bbox 483 4600 722 4668; x_wconf 80' lang='lat' dir='ltr'><strong>frumenti</strong></span> <span class='ocrx_word' id='word_1_505' title='bbox 741 4600 925 4655; x_wconf 82' lang='lat' dir='ltr'><strong>cadens</strong></span> <span class='ocrx_word' id='word_1_506' title='bbox 944 4601 996 4654; x_wconf 88' lang='lat' dir='ltr'><strong>in</strong></span> <span class='ocrx_word' id='word_1_507' title='bbox 1013 4611 1195 4655; x_wconf 88' lang='lat' dir='ltr'><strong>terram</strong></span> <span class='ocrx_word' id='word_1_508' title='bbox 1214 4611 1464 4654; x_wconf 86' lang='lat' dir='ltr'><strong>mortuum</strong></span> <span class='ocrx_word' id='word_1_509' title='bbox 1485 4601 1659 4672; x_wconf 79' lang='lat' dir='ltr'><strong>fuerit,</strong></span> <span class='ocrx_word' id='word_1_510' title='bbox 1679 4603 1844 4672; x_wconf 81' lang='lat' dir='ltr'><strong>ipsum</strong></span> 
     </span>
    </p>
   </div>
   <div class='ocr_carea' id='block_1_68' title="bbox 235 4693 1843 4765">
    <p class='ocr_par' dir='ltr' id='par_1_68' title="bbox 235 4693 1843 4765">
     <span class='ocr_line' id='line_1_69' title="bbox 235 4693 1843 4765; baseline 0 -18"><span class='ocrx_word' id='word_1_511' title='bbox 235 4693 408 4747; x_wconf 77' lang='lat' dir='ltr'><strong>solum</strong></span> <span class='ocrx_word' id='word_1_512' title='bbox 431 4703 641 4747; x_wconf 85' lang='lat' dir='ltr'><strong>manet:</strong></span> <span class='ocrx_word' id='word_1_513' title='bbox 668 4694 712 4748; x_wconf 89' lang='lat' dir='ltr'><strong>si</strong></span> <span class='ocrx_word' id='word_1_514' title='bbox 735 4703 904 4747; x_wconf 84' lang='lat' dir='ltr'><strong>autem</strong></span> <span class='ocrx_word' id='word_1_515' title='bbox 927 4703 1178 4747; x_wconf 83' lang='lat' dir='ltr'><strong>mortuum</strong></span> <span class='ocrx_word' id='word_1_516' title='bbox 1195 4694 1367 4765; x_wconf 80' lang='lat' dir='ltr'><strong>fuerit,</strong></span> <span class='ocrx_word' id='word_1_517' title='bbox 1388 4693 1601 4748; x_wconf 86' lang='lat' dir='ltr'><strong>multum</strong></span> <span class='ocrx_word' id='word_1_518' title='bbox 1621 4694 1843 4764; x_wconf 80' lang='lat' dir='ltr'><strong>fructum</strong></span> 
     </span>
    </p>
   </div>
   <div class='ocr_carea' id='block_1_69' title="bbox 233 4783 1844 4856">
    <p class='ocr_par' dir='ltr' id='par_1_69' title="bbox 233 4783 1844 4856">
     <span class='ocr_line' id='line_1_70' title="bbox 233 4783 1844 4856; baseline 0.004 -18"><span class='ocrx_word' id='word_1_519' title='bbox 233 4784 391 4852; x_wconf 58' lang='grc' dir='ltr'><strong>σῇσι</strong></span> <span class='ocrx_word' id='word_1_520' title='bbox 423 4783 605 4856; x_wconf 84' lang='lat' dir='ltr'><strong>(Joan.</strong></span> <span class='ocrx_word' id='word_1_521' title='bbox 632 4784 702 4840; x_wconf 85' lang='lat' dir='ltr'><strong>l2</strong></span> <span class='ocrx_word' id='word_1_522' title='bbox 742 4784 834 4840; x_wconf 71' lang='lat'><strong>24.</strong></span> <span class='ocrx_word' id='word_1_523' title='bbox 857 4785 974 4856; x_wconf 82' lang='lat'><strong>25).</strong></span> <span class='ocrx_word' id='word_1_524' title='bbox 1004 4786 1136 4840; x_wconf 88' lang='lat' dir='ltr'><strong>Hinc</strong></span> <span class='ocrx_word' id='word_1_525' title='bbox 1173 4785 1396 4841; x_wconf 81' lang='lat' dir='ltr'><strong>edoctus</strong></span> <span class='ocrx_word' id='word_1_526' title='bbox 1429 4785 1619 4842; x_wconf 85' lang='lat' dir='ltr'><strong>beatus</strong></span> <span class='ocrx_word' id='word_1_527' title='bbox 1649 4787 1844 4844; x_wconf 83' lang='lat' dir='ltr'><strong>Paulus</strong></span> 
     </span>
    </p>
   </div>
   <div class='ocr_carea' id='block_1_70' title="bbox 235 4876 1845 4948">
    <p class='ocr_par' dir='ltr' id='par_1_70' title="bbox 235 4876 1845 4948">
     <span class='ocr_line' id='line_1_71' title="bbox 235 4876 1845 4948; baseline 0.001 -15"><span class='ocrx_word' id='word_1_528' title='bbox 235 4877 437 4934; x_wconf 83' lang='lat' dir='ltr'><strong>eodem</strong></span> <span class='ocrx_word' id='word_1_529' title='bbox 467 4876 634 4931; x_wconf 90' lang='lat' dir='ltr'><strong>utitur</strong></span> <span class='ocrx_word' id='word_1_530' title='bbox 657 4877 926 4948; x_wconf 89' lang='lat' dir='ltr'><strong>exemplo,</strong></span> <span class='ocrx_word' id='word_1_531' title='bbox 954 4877 1168 4948; x_wconf 87' lang='lat' dir='ltr'><strong>quando</strong></span> <span class='ocrx_word' id='word_1_532' title='bbox 1194 4877 1486 4934; x_wconf 89' lang='lat' dir='ltr'><strong>Corinthiis</strong></span> <span class='ocrx_word' id='word_1_533' title='bbox 1509 4878 1579 4933; x_wconf 91' lang='lat' dir='ltr'><strong>de</strong></span> <span class='ocrx_word' id='word_1_534' title='bbox 1604 4893 1845 4935; x_wconf 86' lang='lat' dir='ltr'><strong>resurre-</strong></span> 
     </span>
    </p>
   </div>
   <div class='ocr_carea' id='block_1_71' title="bbox 236 4968 1842 5042">
    <p class='ocr_par' dir='ltr' id='par_1_71' title="bbox 236 4968 1842 5042">
     <span class='ocr_line' id='line_1_72' title="bbox 236 4968 1842 5042; baseline -0.002 -14"><span class='ocrx_word' id='word_1_535' title='bbox 236 4971 426 5028; x_wconf 83' lang='lat' dir='ltr'><strong>ctione</strong></span> <span class='ocrx_word' id='word_1_536' title='bbox 457 4968 727 5042; x_wconf 79' lang='lat' dir='ltr'><strong>loquitur:</strong></span> <span class='ocrx_word' id='word_1_537' title='bbox 755 4985 878 5026; x_wconf 87' lang='lat' dir='ltr'><strong>nam</strong></span> <span class='ocrx_word' id='word_1_538' title='bbox 913 4971 1020 5026; x_wconf 87' lang='lat' dir='ltr'><strong>ait:</strong></span> <span class='ocrx_word' id='word_1_539' title='bbox 1047 4970 1234 5035; x_wconf 85' lang='lat' dir='ltr'><strong>Stulte,</strong></span> <span class='ocrx_word' id='word_1_540' title='bbox 1258 4969 1393 5041; x_wconf 85' lang='lat' dir='ltr'><strong>quod</strong></span> <span class='ocrx_word' id='word_1_541' title='bbox 1412 4972 1629 5025; x_wconf 81' lang='lat' dir='ltr'><strong>seminus</strong></span> <span class='ocrx_word' id='word_1_542' title='bbox 1647 4988 1746 5025; x_wconf 82' lang='lat' dir='ltr'><strong>non</strong></span> <span class='ocrx_word' id='word_1_543' title='bbox 1768 4973 1842 5025; x_wconf 81' lang='lat' dir='ltr'><strong>oi-</strong></span> 
     </span>
    </p>
   </div>
   <div class='ocr_carea' id='block_1_72' title="bbox 237 5063 1845 5137">
    <p class='ocr_par' dir='ltr' id='par_1_72' title="bbox 237 5063 1845 5137">
     <span class='ocr_line' id='line_1_73' title="bbox 237 5063 1845 5137; baseline 0.001 -16"><span class='ocrx_word' id='word_1_544' title='bbox 237 5065 506 5135; x_wconf 57' lang='lat' dir='ltr'><strong>vincatur,</strong></span> <span class='ocrx_word' id='word_1_545' title='bbox 537 5064 638 5118; x_wconf 87' lang='lat' dir='ltr'><strong>nisi</strong></span> <span class='ocrx_word' id='word_1_546' title='bbox 657 5075 914 5119; x_wconf 72' lang='lat' dir='ltr'><strong>mortuum</strong></span> <span class='ocrx_word' id='word_1_547' title='bbox 942 5065 1094 5134; x_wconf 76' lang='lat' dir='ltr'><strong>fuerit</strong></span> <span class='ocrx_word' id='word_1_548' title='bbox 1129 5065 1204 5137; x_wconf 89' lang='lat' dir='ltr'><strong>(l.</strong></span> <span class='ocrx_word' id='word_1_549' title='bbox 1237 5063 1354 5120; x_wconf 82' lang='lat' dir='ltr'><strong>Cor.</strong></span> <span class='ocrx_word' id='word_1_550' title='bbox 1384 5066 1470 5122; x_wconf 76' lang='grc'><strong>15.</strong></span> <span class='ocrx_word' id='word_1_551' title='bbox 1501 5066 1612 5135; x_wconf 75' lang='lat'><strong>36).</strong></span> <span class='ocrx_word' id='word_1_552' title='bbox 1645 5065 1845 5122; x_wconf 89' lang='lat' dir='ltr'><strong>Deinde</strong></span> 
     </span>
    </p>
   </div>
   <div class='ocr_carea' id='block_1_73' title="bbox 239 5151 1846 5224">
    <p class='ocr_par' dir='ltr' id='par_1_73' title="bbox 239 5151 1846 5224">
     <span class='ocr_line' id='line_1_74' title="bbox 239 5151 1846 5224; baseline 0.003 -17"><span class='ocrx_word' id='word_1_553' title='bbox 239 5166 310 5208; x_wconf 89' lang='lat' dir='ltr'><strong>ne</strong></span> <span class='ocrx_word' id='word_1_554' title='bbox 343 5152 465 5207; x_wconf 89' lang='lat' dir='ltr'><strong>cito</strong></span> <span class='ocrx_word' id='word_1_555' title='bbox 498 5163 687 5222; x_wconf 84' lang='lat' dir='ltr'><strong>postea</strong></span> <span class='ocrx_word' id='word_1_556' title='bbox 720 5151 1126 5224; x_wconf 85' lang='lat' dir='ltr'><strong>interrogarent</strong></span> <span class='ocrx_word' id='word_1_557' title='bbox 1148 5153 1371 5224; x_wconf 88' lang='lat' dir='ltr'><strong>quando</strong></span> <span class='ocrx_word' id='word_1_558' title='bbox 1400 5154 1453 5208; x_wconf 89' lang='lat' dir='ltr'><strong>id</strong></span> <span class='ocrx_word' id='word_1_559' title='bbox 1489 5153 1733 5209; x_wconf 83' lang='lat' dir='ltr'><strong>futurum</strong></span> <span class='ocrx_word' id='word_1_560' title='bbox 1756 5171 1846 5212; x_wconf 87' lang='lat' dir='ltr'><strong>es-</strong></span> 
     </span>
    </p>
   </div>
   <div class='ocr_carea' id='block_1_74' title="bbox 241 5244 1843 5316">
    <p class='ocr_par' dir='ltr' id='par_1_74' title="bbox 241 5244 1843 5316">
     <span class='ocr_line' id='line_1_75' title="bbox 241 5244 1843 5316; baseline 0.001 -16"><span class='ocrx_word' id='word_1_561' title='bbox 241 5251 374 5311; x_wconf 80' lang='lat' dir='ltr'><strong>set,</strong></span> <span class='ocrx_word' id='word_1_562' title='bbox 430 5245 488 5300; x_wconf 91' lang='lat' dir='ltr'><strong>in</strong></span> <span class='ocrx_word' id='word_1_563' title='bbox 554 5246 878 5300; x_wconf 89' lang='lat' dir='ltr'><strong>memoriam</strong></span> <span class='ocrx_word' id='word_1_564' title='bbox 933 5244 1070 5314; x_wconf 86' lang='lat' dir='ltr'><strong>ipsis</strong></span> <span class='ocrx_word' id='word_1_565' title='bbox 1120 5246 1381 5316; x_wconf 68' lang='lat' dir='ltr'><strong>praedicta</strong></span> <span class='ocrx_word' id='word_1_566' title='bbox 1437 5256 1702 5314; x_wconf 86' lang='lat' dir='ltr'><strong>revocat,</strong></span> <span class='ocrx_word' id='word_1_567' title='bbox 1757 5249 1843 5303; x_wconf 87' lang='lat' dir='ltr'><strong>di-</strong></span> 
     </span>
    </p>
   </div>
   <div class='ocr_carea' id='block_1_75' title="bbox 239 5333 1847 5411">
    <p class='ocr_par' dir='ltr' id='par_1_75' title="bbox 239 5333 1847 5411">
     <span class='ocr_line' id='line_1_76' title="bbox 239 5333 1847 5411; baseline 0.005 -24"><span class='ocrx_word' id='word_1_568' title='bbox 239 5347 408 5392; x_wconf 84' lang='lat' dir='ltr'><strong>cens:</strong></span> <span class='ocrx_word' id='word_1_569' title='bbox 441 5333 534 5389; x_wconf 65' lang='grc' dir='ltr'><strong>δι.</strong></span> <span class='ocrx_word' id='word_1_570' title='bbox 568 5334 729 5388; x_wconf 81' lang='lat' dir='ltr'><strong>Amen</strong></span> <span class='ocrx_word' id='word_1_571' title='bbox 773 5333 889 5390; x_wconf 82' lang='lat' dir='ltr'><strong>dico</strong></span> <span class='ocrx_word' id='word_1_572' title='bbox 925 5336 1084 5399; x_wconf 74' lang='lat' dir='ltr'><strong>vobis,</strong></span> <span class='ocrx_word' id='word_1_573' title='bbox 1132 5351 1234 5391; x_wconf 89' lang='lat' dir='ltr'><strong>non</strong></span> <span class='ocrx_word' id='word_1_574' title='bbox 1280 5338 1552 5408; x_wconf 66' lang='lat' dir='ltr'><strong>praeteribit</strong></span> <span class='ocrx_word' id='word_1_575' title='bbox 1590 5341 1847 5411; x_wconf 77' lang='lat' dir='ltr'><strong>generatio</strong></span> 
     </span>
    </p>
   </div>
   <div class='ocr_carea' id='block_1_76' title="bbox 237 5424 1848 5503">
    <p class='ocr_par' dir='ltr' id='par_1_76' title="bbox 237 5424 1848 5503">
     <span class='ocr_line' id='line_1_77' title="bbox 237 5424 1848 5503; baseline 0.006 -23"><span class='ocrx_word' id='word_1_576' title='bbox 237 5424 369 5490; x_wconf 66' lang='lat' dir='ltr'><strong>hoc,</strong></span> <span class='ocrx_word' id='word_1_577' title='bbox 403 5424 570 5479; x_wconf 74' lang='lat' dir='ltr'><strong>donec</strong></span> <span class='ocrx_word' id='word_1_578' title='bbox 584 5425 754 5479; x_wconf 79' lang='lat' dir='ltr'><strong>omnia</strong></span> <span class='ocrx_word' id='word_1_579' title='bbox 770 5424 878 5480; x_wconf 73' lang='lat' dir='ltr'><strong>licet:</strong></span> <span class='ocrx_word' id='word_1_580' title='bbox 892 5425 1038 5495; x_wconf 80' lang='lat' dir='ltr'><strong>fiant.</strong></span> <span class='ocrx_word' id='word_1_581' title='bbox 1059 5425 1186 5482; x_wconf 67' lang='lat' dir='ltr'><strong>Hac</strong></span> <span class='ocrx_word' id='word_1_582' title='bbox 1207 5431 1396 5495; x_wconf 84' lang='lat' dir='ltr'><strong>omnia,</strong></span> <span class='ocrx_word' id='word_1_583' title='bbox 1415 5446 1683 5500; x_wconf 61' lang='lat' dir='ltr'><strong>quasnam,</strong></span> <span class='ocrx_word' id='word_1_584' title='bbox 1699 5449 1848 5503; x_wconf 75' lang='lat' dir='ltr'><strong>qus:-</strong></span> 
     </span>
    </p>
   </div>
   <div class='ocr_carea' id='block_1_77' title="bbox 240 5515 1845 5595">
    <p class='ocr_par' dir='ltr' id='par_1_77' title="bbox 240 5515 1845 5595">
     <span class='ocr_line' id='line_1_78' title="bbox 240 5515 1845 5595; baseline 0.003 -21"><span class='ocrx_word' id='word_1_585' title='bbox 240 5517 337 5574; x_wconf 79' lang='lat' dir='ltr'><strong>sol</strong></span> <span class='ocrx_word' id='word_1_586' title='bbox 363 5515 503 5584; x_wconf 62' lang='lat' dir='ltr'><strong>Quae</strong></span> <span class='ocrx_word' id='word_1_587' title='bbox 540 5515 930 5588; x_wconf 73' lang='lat' dir='ltr'><strong>ierosolymam</strong></span> <span class='ocrx_word' id='word_1_588' title='bbox 972 5520 1304 5589; x_wconf 85' lang='lat' dir='ltr'><strong>spectabant,</strong></span> <span class='ocrx_word' id='word_1_589' title='bbox 1335 5520 1495 5587; x_wconf 87' lang='lat' dir='ltr'><strong>bella,</strong></span> <span class='ocrx_word' id='word_1_590' title='bbox 1529 5521 1717 5586; x_wconf 86' lang='lat' dir='ltr'><strong>fames,</strong></span> <span class='ocrx_word' id='word_1_591' title='bbox 1749 5538 1845 5595; x_wconf 82' lang='lat' dir='ltr'><strong>pe-</strong></span> 
     </span>
    </p>
   </div>
   <div class='ocr_carea' id='block_1_78' title="bbox 239 5609 1843 5685">
    <p class='ocr_par' dir='ltr' id='par_1_78' title="bbox 239 5609 1843 5685">
     <span class='ocr_line' id='line_1_79' title="bbox 239 5609 1843 5685; baseline 0.003 -20"><span class='ocrx_word' id='word_1_592' title='bbox 239 5609 359 5674; x_wconf 85' lang='lat' dir='ltr'><strong>stis,</strong></span> <span class='ocrx_word' id='word_1_593' title='bbox 396 5617 562 5664; x_wconf 73' lang='lat' dir='ltr'><strong>terrae</strong></span> <span class='ocrx_word' id='word_1_594' title='bbox 591 5616 792 5675; x_wconf 90' lang='lat' dir='ltr'><strong>motus,</strong></span> <span class='ocrx_word' id='word_1_595' title='bbox 845 5609 1289 5679; x_wconf 77' lang='lat' dir='ltr'><strong>pseudo-ebriati,</strong></span> <span class='ocrx_word' id='word_1_596' title='bbox 1316 5613 1843 5685; x_wconf 71' lang='lat' dir='ltr'><strong>pseudooprophetae,</strong></span> 
     </span>
    </p>
   </div>
   <div class='ocr_carea' id='block_1_79' title="bbox 236 5699 1846 5778">
    <p class='ocr_par' dir='ltr' id='par_1_79' title="bbox 236 5699 1846 5778">
     <span class='ocr_line' id='line_1_80' title="bbox 236 5699 1846 5778; baseline 0.002 -19"><span class='ocrx_word' id='word_1_597' title='bbox 236 5699 596 5773; x_wconf 79' lang='lat' dir='ltr'><strong>Evangelium</strong></span> <span class='ocrx_word' id='word_1_598' title='bbox 619 5701 817 5772; x_wconf 89' lang='lat' dir='ltr'><strong>ubique</strong></span> <span class='ocrx_word' id='word_1_599' title='bbox 833 5702 1259 5773; x_wconf 81' lang='lat' dir='ltr'><strong>disseminatum,</strong></span> <span class='ocrx_word' id='word_1_600' title='bbox 1291 5704 1602 5774; x_wconf 84' lang='lat' dir='ltr'><strong>seditiones,</strong></span> <span class='ocrx_word' id='word_1_601' title='bbox 1631 5716 1846 5778; x_wconf 85' lang='lat' dir='ltr'><strong>pertur-</strong></span> 
     </span>
    </p>
   </div>
   <div class='ocr_carea' id='block_1_80' title="bbox 239 5798 1838 5872">
    <p class='ocr_par' dir='ltr' id='par_1_80' title="bbox 239 5798 1838 5872">
     <span class='ocr_line' id='line_1_81' title="bbox 239 5798 1838 5872; baseline 0.003 -16"><span class='ocrx_word' id='word_1_602' title='bbox 239 5798 516 5858; x_wconf 82' lang='lat' dir='ltr'><strong>bationes,</strong></span> <span class='ocrx_word' id='word_1_603' title='bbox 563 5803 867 5867; x_wconf 60' lang='lat' dir='ltr'><strong>ceteraque</strong></span> <span class='ocrx_word' id='word_1_604' title='bbox 904 5798 1106 5867; x_wconf 83' lang='lat' dir='ltr'><strong>omnia,</strong></span> <span class='ocrx_word' id='word_1_605' title='bbox 1136 5814 1255 5870; x_wconf 63' lang='lat' dir='ltr'><strong>qua</strong></span> <span class='ocrx_word' id='word_1_606' title='bbox 1293 5798 1528 5856; x_wconf 83' lang='lat' dir='ltr'><strong>diximus</strong></span> <span class='ocrx_word' id='word_1_607' title='bbox 1575 5813 1745 5872; x_wconf 79' lang='lat' dir='ltr'><strong>usque</strong></span> <span class='ocrx_word' id='word_1_608' title='bbox 1772 5803 1838 5860; x_wconf 88' lang='lat' dir='ltr'><strong>ad</strong></span> 
     </span>
    </p>
   </div>
   <div class='ocr_carea' id='block_1_81' title="bbox 1955 2495 3565 2589">
    <p class='ocr_par' dir='ltr' id='par_1_81' title="bbox 1955 2495 3565 2589">
     <span class='ocr_line' id='line_1_82' title="bbox 1955 2495 3565 2589; baseline 0.023 -43"><span class='ocrx_word' id='word_1_609' title='bbox 1955 2495 2072 2589; x_wconf 82' lang='lat' dir='ltr'><strong>ejus</strong></span> <span class='ocrx_word' id='word_1_610' title='bbox 2100 2496 2388 2557; x_wconf 86' lang='lat' dir='ltr'><strong>adventum</strong></span> <span class='ocrx_word' id='word_1_611' title='bbox 2423 2503 2621 2562; x_wconf 88' lang='lat' dir='ltr'><strong>futura.</strong></span> <span class='ocrx_word' id='word_1_612' title='bbox 2654 2509 2937 2578; x_wconf 85' lang='lat' dir='ltr'><strong>Quomodo</strong></span> <span class='ocrx_word' id='word_1_613' title='bbox 2972 2517 3134 2588; x_wconf 88' lang='lat' dir='ltr'><strong>igitur</strong></span> <span class='ocrx_word' id='word_1_614' title='bbox 3158 2522 3254 2589; x_wconf 88' lang='lat' dir='ltr'><strong>ait,</strong></span> <span class='ocrx_word' id='word_1_615' title='bbox 3293 2523 3565 2583; x_wconf 79' lang='lat' dir='ltr'><strong>Generatio</strong></span> 
     </span>
    </p>
   </div>
   <div class='ocr_carea' id='block_1_82' title="bbox 1955 2587 3563 2688">
    <p class='ocr_par' dir='ltr' id='par_1_82' title="bbox 1955 2587 3563 2688">
     <span class='ocr_line' id='line_1_83' title="bbox 1955 2587 3563 2688; baseline 0.024 -49"><span class='ocrx_word' id='word_1_616' title='bbox 1955 2587 2102 2688; x_wconf 64' lang='lat' dir='ltr'><strong>liae?</strong></span> <span class='ocrx_word' id='word_1_617' title='bbox 2121 2590 2237 2688; x_wconf 83' lang='lat' dir='ltr'><strong>Non</strong></span> <span class='ocrx_word' id='word_1_618' title='bbox 2265 2593 2333 2650; x_wconf 88' lang='lat' dir='ltr'><strong>de</strong></span> <span class='ocrx_word' id='word_1_619' title='bbox 2359 2605 2486 2654; x_wconf 91' lang='lat' dir='ltr'><strong>tunc</strong></span> <span class='ocrx_word' id='word_1_620' title='bbox 2508 2601 2808 2661; x_wconf 87' lang='lat' dir='ltr'><strong>viventibus</strong></span> <span class='ocrx_word' id='word_1_621' title='bbox 2829 2587 3081 2679; x_wconf 79' lang='lat' dir='ltr'><strong>loquitur,</strong></span> <span class='ocrx_word' id='word_1_622' title='bbox 3113 2614 3209 2670; x_wconf 85' lang='lat' dir='ltr'><strong>sed</strong></span> <span class='ocrx_word' id='word_1_623' title='bbox 3235 2587 3303 2673; x_wconf 85' lang='lat' dir='ltr'><strong>de</strong></span> <span class='ocrx_word' id='word_1_624' title='bbox 3333 2634 3563 2688; x_wconf 83' lang='lat' dir='ltr'><strong>genera-</strong></span> 
     </span>
    </p>
   </div>
   <div class='ocr_carea' id='block_1_83' title="bbox 1954 2682 3560 2771">
    <p class='ocr_par' dir='ltr' id='par_1_83' title="bbox 1954 2682 3560 2771">
     <span class='ocr_line' id='line_1_84' title="bbox 1954 2682 3560 2771; baseline 0.024 -39"><span class='ocrx_word' id='word_1_625' title='bbox 1954 2682 2100 2738; x_wconf 84' lang='lat' dir='ltr'><strong>tione</strong></span> <span class='ocrx_word' id='word_1_626' title='bbox 2131 2684 2396 2754; x_wconf 82' lang='lat' dir='ltr'><strong>ﬂdelium;</strong></span> <span class='ocrx_word' id='word_1_627' title='bbox 2429 2693 2568 2749; x_wconf 89' lang='lat' dir='ltr'><strong>solet</strong></span> <span class='ocrx_word' id='word_1_628' title='bbox 2595 2697 2738 2752; x_wconf 90' lang='lat' dir='ltr'><strong>enim</strong></span> <span class='ocrx_word' id='word_1_629' title='bbox 2769 2705 3176 2771; x_wconf 90' lang='lat' dir='ltr'><strong>generationem</strong></span> <span class='ocrx_word' id='word_1_630' title='bbox 3218 2682 3389 2765; x_wconf 42' lang='lat' dir='ltr'><strong>nou&#39;a</strong></span> <span class='ocrx_word' id='word_1_631' title='bbox 3420 2720 3560 2768; x_wconf 82' lang='lat' dir='ltr'><strong>tem-</strong></span> 
     </span>
    </p>
   </div>
   <div class='ocr_carea' id='block_1_84' title="bbox 1954 2777 3562 2862">
    <p class='ocr_par' dir='ltr' id='par_1_84' title="bbox 1954 2777 3562 2862">
     <span class='ocr_line' id='line_1_85' title="bbox 1954 2777 3562 2862; baseline 0.022 -37"><span class='ocrx_word' id='word_1_632' title='bbox 1954 2787 2085 2841; x_wconf 89' lang='lat' dir='ltr'><strong>pore</strong></span> <span class='ocrx_word' id='word_1_633' title='bbox 2111 2777 2306 2846; x_wconf 89' lang='lat' dir='ltr'><strong>solum,</strong></span> <span class='ocrx_word' id='word_1_634' title='bbox 2330 2781 2424 2836; x_wconf 90' lang='lat' dir='ltr'><strong>sed</strong></span> <span class='ocrx_word' id='word_1_635' title='bbox 2456 2785 2617 2840; x_wconf 89' lang='lat' dir='ltr'><strong>etiam</strong></span> <span class='ocrx_word' id='word_1_636' title='bbox 2649 2803 2679 2842; x_wconf 92' lang='lat' dir='ltr'><strong>a</strong></span> <span class='ocrx_word' id='word_1_637' title='bbox 2716 2791 2993 2862; x_wconf 88' lang='lat' dir='ltr'><strong>religionis</strong></span> <span class='ocrx_word' id='word_1_638' title='bbox 3016 2806 3068 2851; x_wconf 94' lang='lat' dir='ltr'><strong>et</strong></span> <span class='ocrx_word' id='word_1_639' title='bbox 3093 2797 3216 2854; x_wconf 68' lang='lat' dir='ltr'><strong>vitae</strong></span> <span class='ocrx_word' id='word_1_640' title='bbox 3239 2802 3445 2859; x_wconf 89' lang='lat' dir='ltr'><strong>ratione</strong></span> <span class='ocrx_word' id='word_1_641' title='bbox 3459 2821 3562 2860; x_wconf 84' lang='lat' dir='ltr'><strong>an-</strong></span> 
     </span>
    </p>
   </div>
   <div class='ocr_carea' id='block_1_85' title="bbox 1956 2875 3564 2960">
    <p class='ocr_par' dir='ltr' id='par_1_85' title="bbox 1956 2875 3564 2960">
     <span class='ocr_line' id='line_1_86' title="bbox 1956 2875 3564 2960; baseline 0.022 -44"><span class='ocrx_word' id='word_1_642' title='bbox 1956 2875 2144 2960; x_wconf 75' lang='lat' dir='ltr'><strong>notare</strong></span> <span class='ocrx_word' id='word_1_643' title='bbox 2165 2885 2178 2934; x_wconf 92' lang='lat'><strong>;</strong></span> <span class='ocrx_word' id='word_1_644' title='bbox 2201 2878 2256 2923; x_wconf 91' lang='lat' dir='ltr'><strong>ut</strong></span> <span class='ocrx_word' id='word_1_645' title='bbox 2279 2875 2494 2938; x_wconf 86' lang='lat' dir='ltr'><strong>quando</strong></span> <span class='ocrx_word' id='word_1_646' title='bbox 2520 2877 2681 2941; x_wconf 89' lang='lat' dir='ltr'><strong>dicit:</strong></span> <span class='ocrx_word' id='word_1_647' title='bbox 2711 2879 2838 2936; x_wconf 71' lang='lat' dir='ltr'><strong>[hac</strong></span> <span class='ocrx_word' id='word_1_648' title='bbox 2856 2895 2929 2940; x_wconf 89' lang='lat' dir='ltr'><strong>est</strong></span> <span class='ocrx_word' id='word_1_649' title='bbox 2945 2892 3204 2958; x_wconf 81' lang='lat' dir='ltr'><strong>generatio</strong></span> <span class='ocrx_word' id='word_1_650' title='bbox 3228 2898 3564 2960; x_wconf 75' lang='lat' dir='ltr'><strong>quwrentimn</strong></span> 
     </span>
    </p>
   </div>
   <div class='ocr_carea' id='block_1_86' title="bbox 1954 2958 3560 3053">
    <p class='ocr_par' dir='ltr' id='par_1_86' title="bbox 1954 2958 3560 3053">
     <span class='ocr_line' id='line_1_87' title="bbox 1954 2958 3560 3053; baseline 0.019 -41"><span class='ocrx_word' id='word_1_651' title='bbox 1954 2958 2230 3053; x_wconf 64' lang='lat' dir='ltr'><strong>Dominum</strong></span> <span class='ocrx_word' id='word_1_652' title='bbox 2268 2961 2440 3034; x_wconf 86' lang='lat' dir='ltr'><strong>(Psal.</strong></span> <span class='ocrx_word' id='word_1_653' title='bbox 2474 2966 2564 3023; x_wconf 75' lang='lat'><strong>23.</strong></span> <span class='ocrx_word' id='word_1_654' title='bbox 2609 2971 2665 3040; x_wconf 87' lang='lat'><strong>6)</strong></span> <span class='ocrx_word' id='word_1_655' title='bbox 2707 2975 2896 3044; x_wconf 90' lang='lat' dir='ltr'><strong>:quod</strong></span> <span class='ocrx_word' id='word_1_656' title='bbox 2947 2993 3075 3050; x_wconf 90' lang='lat' dir='ltr'><strong>ergo</strong></span> <span class='ocrx_word' id='word_1_657' title='bbox 3117 2958 3277 3051; x_wconf 81' lang='lat' dir='ltr'><strong>supra</strong></span> <span class='ocrx_word' id='word_1_658' title='bbox 3325 2985 3560 3053; x_wconf 87' lang='lat' dir='ltr'><strong>dicebat,</strong></span> 
     </span>
    </p>
   </div>
   <div class='ocr_carea' id='block_1_87' title="bbox 1955 3051 3565 3140">
    <p class='ocr_par' dir='ltr' id='par_1_87' title="bbox 1955 3051 3565 3140">
     <span class='ocr_line' id='line_1_88' title="bbox 1955 3051 3565 3140; baseline 0.019 -36"><span class='ocrx_word' id='word_1_659' title='bbox 1955 3051 2168 3126; x_wconf 81' lang='lat' dir='ltr'><strong>Oportet</strong></span> <span class='ocrx_word' id='word_1_660' title='bbox 2210 3058 2344 3110; x_wconf 83' lang='lat' dir='ltr'><strong>enim</strong></span> <span class='ocrx_word' id='word_1_661' title='bbox 2385 3061 2558 3114; x_wconf 84' lang='lat' dir='ltr'><strong>omnia</strong></span> <span class='ocrx_word' id='word_1_662' title='bbox 2595 3064 2742 3131; x_wconf 76' lang='lat' dir='ltr'><strong>ﬁeri;</strong></span> <span class='ocrx_word' id='word_1_663' title='bbox 2785 3081 2850 3123; x_wconf 88' lang='lat' dir='ltr'><strong>ac</strong></span> <span class='ocrx_word' id='word_1_664' title='bbox 2893 3084 3129 3140; x_wconf 86' lang='lat' dir='ltr'><strong>rursum,</strong></span> <span class='ocrx_word' id='word_1_665' title='bbox 3188 3051 3565 3134; x_wconf 71' lang='lat' dir='ltr'><strong>Pra&#39;dicabilttr</strong></span> 
     </span>
    </p>
   </div>
   <div class='ocr_carea' id='block_1_88' title="bbox 1948 3144 3566 3235">
    <p class='ocr_par' dir='ltr' id='par_1_88' title="bbox 1948 3144 3566 3235">
     <span class='ocr_line' id='line_1_89' title="bbox 1948 3144 3566 3235; baseline 0.018 -35"><span class='ocrx_word' id='word_1_666' title='bbox 1948 3144 2287 3218; x_wconf 82' lang='lat' dir='ltr'><strong>Evangelium</strong></span> <span class='ocrx_word' id='word_1_667' title='bbox 2305 3169 2322 3205; x_wconf 92' lang='lat'><strong><em>:</em></strong></span> <span class='ocrx_word' id='word_1_668' title='bbox 2343 3152 2430 3207; x_wconf 91' lang='lat' dir='ltr'><strong>hic</strong></span> <span class='ocrx_word' id='word_1_669' title='bbox 2451 3168 2666 3224; x_wconf 90' lang='lat' dir='ltr'><strong>quoque</strong></span> <span class='ocrx_word' id='word_1_670' title='bbox 2696 3155 2964 3229; x_wconf 79' lang='lat' dir='ltr'><strong>signiﬁcat</strong></span> <span class='ocrx_word' id='word_1_671' title='bbox 2991 3165 3201 3235; x_wconf 90' lang='lat' dir='ltr'><strong>dicens,</strong></span> <span class='ocrx_word' id='word_1_672' title='bbox 3233 3169 3358 3226; x_wconf 59' lang='lat' dir='ltr'><strong>Haec</strong></span> <span class='ocrx_word' id='word_1_673' title='bbox 3387 3175 3566 3228; x_wconf 90' lang='lat' dir='ltr'><strong>omni-</strong></span> 
     </span>
    </p>
   </div>
   <div class='ocr_carea' id='block_1_89' title="bbox 1958 3239 3558 3326">
    <p class='ocr_par' dir='ltr' id='par_1_89' title="bbox 1958 3239 3558 3326">
     <span class='ocr_line' id='line_1_90' title="bbox 1958 3239 3558 3326; baseline 0.023 -37"><span class='ocrx_word' id='word_1_674' title='bbox 1958 3253 2028 3289; x_wconf 94' lang='lat' dir='ltr'><strong>no</strong></span> <span class='ocrx_word' id='word_1_675' title='bbox 2055 3239 2308 3294; x_wconf 86' lang='lat' dir='ltr'><strong>evenient</strong></span> <span class='ocrx_word' id='word_1_676' title='bbox 2357 3244 2558 3312; x_wconf 89' lang='lat' dir='ltr'><strong>omnia,</strong></span> <span class='ocrx_word' id='word_1_677' title='bbox 2604 3258 2660 3303; x_wconf 90' lang='lat' dir='ltr'><strong>et</strong></span> <span class='ocrx_word' id='word_1_678' title='bbox 2704 3255 2982 3320; x_wconf 88' lang='lat' dir='ltr'><strong>generatio</strong></span> <span class='ocrx_word' id='word_1_679' title='bbox 3027 3257 3305 3326; x_wconf 82' lang='lat' dir='ltr'><strong>ﬁdelium,</strong></span> <span class='ocrx_word' id='word_1_680' title='bbox 3351 3280 3380 3320; x_wconf 91' lang='lat' dir='ltr'><strong>a</strong></span> <span class='ocrx_word' id='word_1_681' title='bbox 3410 3266 3558 3325; x_wconf 90' lang='lat' dir='ltr'><strong>nullo</strong></span> 
     </span>
    </p>
   </div>
   <div class='ocr_carea' id='block_1_90' title="bbox 1953 3330 3561 3414">
    <p class='ocr_par' dir='ltr' id='par_1_90' title="bbox 1953 3330 3561 3414">
     <span class='ocr_line' id='line_1_91' title="bbox 1953 3330 3561 3414; baseline 0.02 -31"><span class='ocrx_word' id='word_1_682' title='bbox 1953 3330 2333 3399; x_wconf 76' lang='lat' dir='ltr'><strong>pnedictorum</strong></span> <span class='ocrx_word' id='word_1_683' title='bbox 2362 3335 2584 3393; x_wconf 88' lang='lat' dir='ltr'><strong>discissa</strong></span> <span class='ocrx_word' id='word_1_684' title='bbox 2610 3381 2626 3402; x_wconf 91' lang='lat'><strong>,</strong></span> <span class='ocrx_word' id='word_1_685' title='bbox 2655 3347 3029 3412; x_wconf 86' lang='lat' dir='ltr'><strong>permanebit;</strong></span> <span class='ocrx_word' id='word_1_686' title='bbox 3077 3350 3186 3405; x_wconf 90' lang='lat' dir='ltr'><strong>imo</strong></span> <span class='ocrx_word' id='word_1_687' title='bbox 3214 3354 3378 3411; x_wconf 89' lang='lat' dir='ltr'><strong>etiam</strong></span> <span class='ocrx_word' id='word_1_688' title='bbox 3403 3356 3561 3414; x_wconf 73' lang='lat' dir='ltr'><strong>iero-</strong></span> 
     </span>
    </p>
   </div>
   <div class='ocr_carea' id='block_1_91' title="bbox 1953 3424 3561 3516">
    <p class='ocr_par' dir='ltr' id='par_1_91' title="bbox 1953 3424 3561 3516">
     <span class='ocr_line' id='line_1_92' title="bbox 1953 3424 3561 3516; baseline 0.021 -40"><span class='ocrx_word' id='word_1_689' title='bbox 1953 3424 2159 3516; x_wconf 82' lang='lat' dir='ltr'><strong>solytna</strong></span> <span class='ocrx_word' id='word_1_690' title='bbox 2207 3427 2440 3496; x_wconf 88' lang='lat' dir='ltr'><strong>peribit,</strong></span> <span class='ocrx_word' id='word_1_691' title='bbox 2497 3439 2550 3486; x_wconf 90' lang='lat' dir='ltr'><strong>et</strong></span> <span class='ocrx_word' id='word_1_692' title='bbox 2598 3431 2911 3492; x_wconf 66' lang='lat' dir='ltr'><strong>Iudaeorum</strong></span> <span class='ocrx_word' id='word_1_693' title='bbox 2941 3456 3130 3512; x_wconf 87' lang='lat' dir='ltr'><strong>magna</strong></span> <span class='ocrx_word' id='word_1_694' title='bbox 3180 3461 3306 3516; x_wconf 89' lang='lat' dir='ltr'><strong>pars</strong></span> <span class='ocrx_word' id='word_1_695' title='bbox 3354 3451 3561 3515; x_wconf 53' lang='lat' dir='ltr'><strong>delt-bi.</strong></span> 
     </span>
    </p>
   </div>
   <div class='ocr_carea' id='block_1_92' title="bbox 1953 3515 3558 3614">
    <p class='ocr_par' dir='ltr' id='par_1_92' title="bbox 1953 3515 3558 3614">
     <span class='ocr_line' id='line_1_93' title="bbox 1953 3515 3558 3614; baseline 0.021 -47"><span class='ocrx_word' id='word_1_696' title='bbox 1953 3522 2057 3571; x_wconf 86' lang='lat' dir='ltr'><strong>tur.</strong></span> <span class='ocrx_word' id='word_1_697' title='bbox 2089 3515 2235 3572; x_wconf 91' lang='lat' dir='ltr'><strong>lIanc</strong></span> <span class='ocrx_word' id='word_1_698' title='bbox 2258 3534 2386 3574; x_wconf 90' lang='lat' dir='ltr'><strong>vero</strong></span> <span class='ocrx_word' id='word_1_699' title='bbox 2409 3521 2540 3577; x_wconf 90' lang='lat' dir='ltr'><strong>nihil</strong></span> <span class='ocrx_word' id='word_1_700' title='bbox 2566 3528 2861 3595; x_wconf 85' lang='lat' dir='ltr'><strong>superabit,</strong></span> <span class='ocrx_word' id='word_1_701' title='bbox 2888 3548 2995 3587; x_wconf 92' lang='lat' dir='ltr'><strong>non</strong></span> <span class='ocrx_word' id='word_1_702' title='bbox 3020 3515 3212 3605; x_wconf 78' lang='lat' dir='ltr'><strong>fames,</strong></span> <span class='ocrx_word' id='word_1_703' title='bbox 3239 3555 3345 3596; x_wconf 90' lang='lat' dir='ltr'><strong>non</strong></span> <span class='ocrx_word' id='word_1_704' title='bbox 3371 3547 3558 3614; x_wconf 86' lang='lat' dir='ltr'><strong>pestis,</strong></span> 
     </span>
    </p>
   </div>
   <div class='ocr_carea' id='block_1_93' title="bbox 1951 3617 3558 3701">
    <p class='ocr_par' dir='ltr' id='par_1_93' title="bbox 1951 3617 3558 3701">
     <span class='ocr_line' id='line_1_94' title="bbox 1951 3617 3558 3701; baseline 0.021 -41"><span class='ocrx_word' id='word_1_705' title='bbox 1951 3623 2057 3662; x_wconf 90' lang='lat' dir='ltr'><strong>non</strong></span> <span class='ocrx_word' id='word_1_706' title='bbox 2088 3617 2246 3666; x_wconf 75' lang='lat' dir='ltr'><strong>teme</strong></span> <span class='ocrx_word' id='word_1_707' title='bbox 2271 3623 2449 3669; x_wconf 87' lang='lat' dir='ltr'><strong>motus</strong></span> <span class='ocrx_word' id='word_1_708' title='bbox 2473 3657 2488 3681; x_wconf 93' lang='lat'><strong>,</strong></span> <span class='ocrx_word' id='word_1_709' title='bbox 2521 3633 2627 3673; x_wconf 92' lang='lat' dir='ltr'><strong>non</strong></span> <span class='ocrx_word' id='word_1_710' title='bbox 2655 3620 2920 3679; x_wconf 90' lang='lat' dir='ltr'><strong>bellorum</strong></span> <span class='ocrx_word' id='word_1_711' title='bbox 2961 3630 3414 3701; x_wconf 88' lang='lat' dir='ltr'><strong>perturbationes,</strong></span> <span class='ocrx_word' id='word_1_712' title='bbox 3451 3654 3558 3693; x_wconf 90' lang='lat' dir='ltr'><strong>non</strong></span> 
     </span>
    </p>
   </div>
   <div class='ocr_carea' id='block_1_94' title="bbox 1951 3701 3560 3798">
    <p class='ocr_par' dir='ltr' id='par_1_94' title="bbox 1951 3701 3560 3798">
     <span class='ocr_line' id='line_1_95' title="bbox 1951 3701 3560 3798; baseline 0.021 -46"><span class='ocrx_word' id='word_1_713' title='bbox 1951 3701 2370 3771; x_wconf 55' lang='lat' dir='ltr'><strong>pseudo-ebriati</strong></span> <span class='ocrx_word' id='word_1_714' title='bbox 2391 3748 2406 3774; x_wconf 95' lang='lat'><strong>,</strong></span> <span class='ocrx_word' id='word_1_715' title='bbox 2449 3723 2552 3764; x_wconf 93' lang='lat' dir='ltr'><strong>non</strong></span> <span class='ocrx_word' id='word_1_716' title='bbox 2583 3714 3094 3788; x_wconf 66' lang='lat' dir='ltr'><strong>pseudo-prophetia</strong></span> <span class='ocrx_word' id='word_1_717' title='bbox 3119 3765 3134 3786; x_wconf 91' lang='lat'><strong>,</strong></span> <span class='ocrx_word' id='word_1_718' title='bbox 3165 3740 3272 3780; x_wconf 91' lang='lat' dir='ltr'><strong>non</strong></span> <span class='ocrx_word' id='word_1_719' title='bbox 3305 3726 3560 3798; x_wconf 78' lang='lat' dir='ltr'><strong>decepto-</strong></span> 
     </span>
    </p>
   </div>
   <div class='ocr_carea' id='block_1_95' title="bbox 1950 3797 3553 3890">
    <p class='ocr_par' dir='ltr' id='par_1_95' title="bbox 1950 3797 3553 3890">
     <span class='ocr_line' id='line_1_96' title="bbox 1950 3797 3553 3890; baseline 0.017 -42"><span class='ocrx_word' id='word_1_720' title='bbox 1950 3808 2060 3860; x_wconf 88' lang='lat' dir='ltr'><strong>rcs,</strong></span> <span class='ocrx_word' id='word_1_721' title='bbox 2088 3810 2197 3890; x_wconf 82' lang='lat' dir='ltr'><strong>non</strong></span> <span class='ocrx_word' id='word_1_722' title='bbox 2221 3797 2374 3890; x_wconf 80' lang='lat' dir='ltr'><strong>iiqui</strong></span> <span class='ocrx_word' id='word_1_723' title='bbox 2409 3801 2659 3870; x_wconf 90' lang='lat' dir='ltr'><strong>tradent,</strong></span> <span class='ocrx_word' id='word_1_724' title='bbox 2691 3821 2798 3863; x_wconf 89' lang='lat' dir='ltr'><strong>non</strong></span> <span class='ocrx_word' id='word_1_725' title='bbox 2831 3809 2865 3863; x_wconf 92' lang='lat' dir='ltr'><strong>ii</strong></span> <span class='ocrx_word' id='word_1_726' title='bbox 2897 3811 2987 3879; x_wconf 90' lang='lat' dir='ltr'><strong>qui</strong></span> <span class='ocrx_word' id='word_1_727' title='bbox 3016 3812 3348 3874; x_wconf 85' lang='lat' dir='ltr'><strong>oll&#39;endiculo</strong></span> <span class='ocrx_word' id='word_1_728' title='bbox 3372 3797 3553 3890; x_wconf 86' lang='lat' dir='ltr'><strong>erunt,</strong></span> 
     </span>
    </p>
   </div>
   <div class='ocr_carea' id='block_1_96' title="bbox 1951 3886 3562 3969">
    <p class='ocr_par' dir='ltr' id='par_1_96' title="bbox 1951 3886 3562 3969">
     <span class='ocr_line' id='line_1_97' title="bbox 1951 3886 3562 3969; baseline 0.018 -29"><span class='ocrx_word' id='word_1_729' title='bbox 1951 3902 2057 3942; x_wconf 89' lang='lat' dir='ltr'><strong>nou</strong></span> <span class='ocrx_word' id='word_1_730' title='bbox 2087 3886 2200 3944; x_wconf 80' lang='lat' dir='ltr'><strong>falsi</strong></span> <span class='ocrx_word' id='word_1_731' title='bbox 2244 3889 2438 3948; x_wconf 78' lang='lat' dir='ltr'><strong>fratres</strong></span> <span class='ocrx_word' id='word_1_732' title='bbox 2463 3910 2480 3960; x_wconf 92' lang='lat'><strong>;</strong></span> <span class='ocrx_word' id='word_1_733' title='bbox 2508 3911 2616 3950; x_wconf 92' lang='lat' dir='ltr'><strong>non</strong></span> <span class='ocrx_word' id='word_1_734' title='bbox 2643 3896 2763 3952; x_wconf 76' lang='lat' dir='ltr'><strong>alia:</strong></span> <span class='ocrx_word' id='word_1_735' title='bbox 2794 3899 3001 3958; x_wconf 84' lang='lat' dir='ltr'><strong>similes</strong></span> <span class='ocrx_word' id='word_1_736' title='bbox 3029 3909 3372 3965; x_wconf 84' lang='lat' dir='ltr'><strong>teutationes.</strong></span> <span class='ocrx_word' id='word_1_737' title='bbox 3405 3886 3562 3969; x_wconf 80' lang='lat' dir='ltr'><strong>Dein-</strong></span> 
     </span>
    </p>
   </div>
   <div class='ocr_carea' id='block_1_97' title="bbox 1950 3979 3558 4061">
    <p class='ocr_par' dir='ltr' id='par_1_97' title="bbox 1950 3979 3558 4061">
     <span class='ocr_line' id='line_1_98' title="bbox 1950 3979 3558 4061; baseline 0.017 -28"><span class='ocrx_word' id='word_1_738' title='bbox 1950 3979 2018 4035; x_wconf 89' lang='lat' dir='ltr'><strong>de</strong></span> <span class='ocrx_word' id='word_1_739' title='bbox 2045 3979 2191 4051; x_wconf 86' lang='lat' dir='ltr'><strong>ipsos</strong></span> <span class='ocrx_word' id='word_1_740' title='bbox 2220 3985 2390 4056; x_wconf 87' lang='lat' dir='ltr'><strong>magis</strong></span> <span class='ocrx_word' id='word_1_741' title='bbox 2415 3985 2482 4042; x_wconf 91' lang='lat' dir='ltr'><strong>ad</strong></span> <span class='ocrx_word' id='word_1_742' title='bbox 2513 3987 2672 4044; x_wconf 85' lang='lat' dir='ltr'><strong>iidem</strong></span> <span class='ocrx_word' id='word_1_743' title='bbox 2700 3991 2976 4050; x_wconf 87' lang='lat' dir='ltr'><strong>adducens</strong></span> <span class='ocrx_word' id='word_1_744' title='bbox 3005 3999 3080 4053; x_wconf 89' lang='lat' dir='ltr'><strong>ait</strong></span> <span class='ocrx_word' id='word_1_745' title='bbox 3113 4017 3125 4053; x_wconf 91' lang='lat'><strong>:</strong></span> <span class='ocrx_word' id='word_1_746' title='bbox 3158 4001 3250 4056; x_wconf 79' lang='lat'><strong>35.</strong></span> <span class='ocrx_word' id='word_1_747' title='bbox 3283 4002 3478 4060; x_wconf 67' lang='lat' dir='ltr'><strong>Catum</strong></span> <span class='ocrx_word' id='word_1_748' title='bbox 3509 4017 3558 4061; x_wconf 83' lang='lat' dir='ltr'><strong>et</strong></span> 
     </span>
    </p>
   </div>
   <div class='ocr_carea' id='block_1_98' title="bbox 1951 4076 3553 4164">
    <p class='ocr_par' dir='ltr' id='par_1_98' title="bbox 1951 4076 3553 4164">
     <span class='ocr_line' id='line_1_99' title="bbox 1951 4076 3553 4164; baseline 0.017 -40"><span class='ocrx_word' id='word_1_749' title='bbox 1951 4081 2085 4125; x_wconf 85' lang='lat' dir='ltr'><strong>terra</strong></span> <span class='ocrx_word' id='word_1_750' title='bbox 2131 4076 2454 4145; x_wconf 83' lang='lat' dir='ltr'><strong>transibunt,</strong></span> <span class='ocrx_word' id='word_1_751' title='bbox 2503 4080 2653 4136; x_wconf 78' lang='lat' dir='ltr'><strong>verba</strong></span> <span class='ocrx_word' id='word_1_752' title='bbox 2701 4095 2873 4141; x_wconf 78' lang='lat' dir='ltr'><strong>autem</strong></span> <span class='ocrx_word' id='word_1_753' title='bbox 2921 4105 3035 4144; x_wconf 84' lang='lat' dir='ltr'><strong>mea</strong></span> <span class='ocrx_word' id='word_1_754' title='bbox 3086 4107 3187 4146; x_wconf 88' lang='lat' dir='ltr'><strong>non</strong></span> <span class='ocrx_word' id='word_1_755' title='bbox 3238 4095 3553 4164; x_wconf 77' lang='lat' dir='ltr'><strong>transibunt,</strong></span> 
     </span>
    </p>
   </div>
   <div class='ocr_carea' id='block_1_99' title="bbox 1952 4165 3558 4246">
    <p class='ocr_par' dir='ltr' id='par_1_99' title="bbox 1952 4165 3558 4246">
     <span class='ocr_line' id='line_1_100' title="bbox 1952 4165 3558 4246; baseline 0.017 -28"><span class='ocrx_word' id='word_1_756' title='bbox 1952 4165 2053 4220; x_wconf 90' lang='lat' dir='ltr'><strong>hoc</strong></span> <span class='ocrx_word' id='word_1_757' title='bbox 2079 4177 2181 4233; x_wconf 87' lang='lat' dir='ltr'><strong>est,</strong></span> <span class='ocrx_word' id='word_1_758' title='bbox 2222 4169 2454 4226; x_wconf 74' lang='lat' dir='ltr'><strong>Facilius</strong></span> <span class='ocrx_word' id='word_1_759' title='bbox 2481 4183 2563 4229; x_wconf 89' lang='lat' dir='ltr'><strong>est</strong></span> <span class='ocrx_word' id='word_1_760' title='bbox 2587 4185 2645 4229; x_wconf 93' lang='lat' dir='ltr'><strong>ut</strong></span> <span class='ocrx_word' id='word_1_761' title='bbox 2675 4176 2791 4232; x_wconf 70' lang='lat' dir='ltr'><strong>haec</strong></span> <span class='ocrx_word' id='word_1_762' title='bbox 2818 4178 2888 4234; x_wconf 89' lang='lat' dir='ltr'><strong>ita</strong></span> <span class='ocrx_word' id='word_1_763' title='bbox 2920 4181 3070 4236; x_wconf 86' lang='lat' dir='ltr'><strong>llrma</strong></span> <span class='ocrx_word' id='word_1_764' title='bbox 3115 4193 3171 4239; x_wconf 87' lang='lat' dir='ltr'><strong>et</strong></span> <span class='ocrx_word' id='word_1_765' title='bbox 3211 4186 3429 4243; x_wconf 90' lang='lat' dir='ltr'><strong>immota</strong></span> <span class='ocrx_word' id='word_1_766' title='bbox 3463 4190 3558 4246; x_wconf 82' lang='lat' dir='ltr'><strong>de-</strong></span> 
     </span>
    </p>
   </div>
   <div class='ocr_carea' id='block_1_100' title="bbox 1951 4258 3558 4346">
    <p class='ocr_par' dir='ltr' id='par_1_100' title="bbox 1951 4258 3558 4346">
     <span class='ocr_line' id='line_1_101' title="bbox 1951 4258 3558 4346; baseline 0.016 -35"><span class='ocrx_word' id='word_1_767' title='bbox 1951 4258 2162 4316; x_wconf 88' lang='lat' dir='ltr'><strong>leantur</strong></span> <span class='ocrx_word' id='word_1_768' title='bbox 2185 4301 2200 4326; x_wconf 92' lang='lat'><strong>,</strong></span> <span class='ocrx_word' id='word_1_769' title='bbox 2232 4277 2393 4332; x_wconf 89' lang='lat' dir='ltr'><strong>quam</strong></span> <span class='ocrx_word' id='word_1_770' title='bbox 2423 4273 2478 4318; x_wconf 93' lang='lat' dir='ltr'><strong>ut</strong></span> <span class='ocrx_word' id='word_1_771' title='bbox 2528 4281 2593 4321; x_wconf 86' lang='lat' dir='ltr'><strong>ex</strong></span> <span class='ocrx_word' id='word_1_772' title='bbox 2624 4269 2803 4326; x_wconf 85' lang='lat' dir='ltr'><strong>verbis</strong></span> <span class='ocrx_word' id='word_1_773' title='bbox 2846 4273 2984 4328; x_wconf 89' lang='lat' dir='ltr'><strong>meis</strong></span> <span class='ocrx_word' id='word_1_774' title='bbox 3015 4276 3292 4346; x_wconf 81' lang='lat' dir='ltr'><strong>quidpiam</strong></span> <span class='ocrx_word' id='word_1_775' title='bbox 3324 4281 3558 4337; x_wconf 81' lang='lat' dir='ltr'><strong>excidat.</strong></span> 
     </span>
    </p>
   </div>
   <div class='ocr_carea' id='block_1_101' title="bbox 1949 4351 3564 4438">
    <p class='ocr_par' dir='ltr' id='par_1_101' title="bbox 1949 4351 3564 4438">
     <span class='ocr_line' id='line_1_102' title="bbox 1949 4351 3564 4438; baseline 0.017 -35"><span class='ocrx_word' id='word_1_776' title='bbox 1949 4351 2048 4418; x_wconf 89' lang='lat' dir='ltr'><strong>Qui</strong></span> <span class='ocrx_word' id='word_1_777' title='bbox 2079 4367 2207 4407; x_wconf 89' lang='lat' dir='ltr'><strong>vero</strong></span> <span class='ocrx_word' id='word_1_778' title='bbox 2251 4355 2602 4420; x_wconf 88' lang='lat' dir='ltr'><strong>contradicit.</strong></span> <span class='ocrx_word' id='word_1_779' title='bbox 2635 4362 2814 4415; x_wconf 90' lang='lat' dir='ltr'><strong>omnia</strong></span> <span class='ocrx_word' id='word_1_780' title='bbox 2857 4377 3108 4422; x_wconf 83' lang='lat' dir='ltr'><strong>accurate</strong></span> <span class='ocrx_word' id='word_1_781' title='bbox 3152 4371 3458 4438; x_wconf 79' lang='lat' dir='ltr'><strong>examinet;</strong></span> <span class='ocrx_word' id='word_1_782' title='bbox 3506 4385 3564 4429; x_wconf 91' lang='lat' dir='ltr'><strong>et</strong></span> 
     </span>
    </p>
   </div>
   <div class='ocr_carea' id='block_1_102' title="bbox 1949 4452 3557 4541">
    <p class='ocr_par' dir='ltr' id='par_1_102' title="bbox 1949 4452 3557 4541">
     <span class='ocr_line' id='line_1_103' title="bbox 1949 4452 3557 4541; baseline 0.013 -39"><span class='ocrx_word' id='word_1_783' title='bbox 1949 4463 2072 4503; x_wconf 92' lang='lat' dir='ltr'><strong>cum</strong></span> <span class='ocrx_word' id='word_1_784' title='bbox 2100 4465 2220 4505; x_wconf 84' lang='lat' dir='ltr'><strong>vera</strong></span> <span class='ocrx_word' id='word_1_785' title='bbox 2248 4465 2370 4506; x_wconf 91' lang='lat' dir='ltr'><strong>esse</strong></span> <span class='ocrx_word' id='word_1_786' title='bbox 2401 4452 2663 4510; x_wconf 84' lang='lat' dir='ltr'><strong>invenerit</strong></span> <span class='ocrx_word' id='word_1_787' title='bbox 2695 4455 2973 4529; x_wconf 85' lang='lat' dir='ltr'><strong>(inveniet</strong></span> <span class='ocrx_word' id='word_1_788' title='bbox 3003 4464 3148 4518; x_wconf 89' lang='lat' dir='ltr'><strong>enim</strong></span> <span class='ocrx_word' id='word_1_789' title='bbox 3177 4465 3317 4521; x_wconf 90' lang='lat' dir='ltr'><strong>haud</strong></span> <span class='ocrx_word' id='word_1_790' title='bbox 3348 4467 3557 4541; x_wconf 72' lang='lat' dir='ltr'><strong>dubie),</strong></span> 
     </span>
    </p>
   </div>
   <div class='ocr_carea' id='block_1_103' title="bbox 1950 4544 3559 4632">
    <p class='ocr_par' dir='ltr' id='par_1_103' title="bbox 1950 4544 3559 4632">
     <span class='ocr_line' id='line_1_104' title="bbox 1950 4544 3559 4632; baseline 0.016 -38"><span class='ocrx_word' id='word_1_791' title='bbox 1950 4555 2016 4595; x_wconf 86' lang='lat' dir='ltr'><strong>ex</strong></span> <span class='ocrx_word' id='word_1_792' title='bbox 2068 4544 2462 4609; x_wconf 62' lang='lat' dir='ltr'><strong>praeteritorum</strong></span> <span class='ocrx_word' id='word_1_793' title='bbox 2509 4559 2704 4605; x_wconf 85' lang='lat' dir='ltr'><strong>eventu</strong></span> <span class='ocrx_word' id='word_1_794' title='bbox 2755 4551 2952 4609; x_wconf 90' lang='lat' dir='ltr'><strong>futuris</strong></span> <span class='ocrx_word' id='word_1_795' title='bbox 2996 4557 3182 4612; x_wconf 91' lang='lat' dir='ltr'><strong>credat</strong></span> <span class='ocrx_word' id='word_1_796' title='bbox 3225 4563 3559 4632; x_wconf 87' lang='lat' dir='ltr'><strong>:omniaque</strong></span> 
     </span>
    </p>
   </div>
   <div class='ocr_carea' id='block_1_104' title="bbox 1950 4640 3557 4716">
    <p class='ocr_par' dir='ltr' id='par_1_104' title="bbox 1950 4640 3557 4716">
     <span class='ocr_line' id='line_1_105' title="bbox 1950 4640 3557 4716; baseline 0.017 -28"><span class='ocrx_word' id='word_1_797' title='bbox 1950 4645 2201 4692; x_wconf 87' lang='lat' dir='ltr'><strong>accurate</strong></span> <span class='ocrx_word' id='word_1_798' title='bbox 2227 4640 2532 4705; x_wconf 88' lang='lat' dir='ltr'><strong>examinet,</strong></span> <span class='ocrx_word' id='word_1_799' title='bbox 2565 4642 2873 4716; x_wconf 91' lang='lat' dir='ltr'><strong>videbitque</strong></span> <span class='ocrx_word' id='word_1_800' title='bbox 2901 4663 3083 4705; x_wconf 90' lang='lat' dir='ltr'><strong>rerum</strong></span> <span class='ocrx_word' id='word_1_801' title='bbox 3112 4652 3315 4708; x_wconf 86' lang='lat' dir='ltr'><strong>exitum</strong></span> <span class='ocrx_word' id='word_1_802' title='bbox 3339 4658 3557 4715; x_wconf 87' lang='lat' dir='ltr'><strong>veritati</strong></span> 
     </span>
    </p>
   </div>
   <div class='ocr_carea' id='block_1_105' title="bbox 1952 4730 3564 4807">
    <p class='ocr_par' dir='ltr' id='par_1_105' title="bbox 1952 4730 3564 4807">
     <span class='ocr_line' id='line_1_106' title="bbox 1952 4730 3564 4807; baseline 0.015 -25"><span class='ocrx_word' id='word_1_803' title='bbox 1952 4730 2249 4801; x_wconf 68' lang='lat' dir='ltr'><strong>prophetia:</strong></span> <span class='ocrx_word' id='word_1_804' title='bbox 2292 4733 2451 4790; x_wconf 81' lang='lat' dir='ltr'><strong>fidem</strong></span> <span class='ocrx_word' id='word_1_805' title='bbox 2493 4734 2800 4794; x_wconf 90' lang='lat' dir='ltr'><strong>facientem.</strong></span> <span class='ocrx_word' id='word_1_806' title='bbox 2833 4741 3110 4800; x_wconf 86' lang='lat' dir='ltr'><strong>Elementa</strong></span> <span class='ocrx_word' id='word_1_807' title='bbox 3151 4757 3331 4802; x_wconf 77' lang='lat' dir='ltr'><strong>autem</strong></span> <span class='ocrx_word' id='word_1_808' title='bbox 3364 4750 3419 4805; x_wconf 88' lang='lat' dir='ltr'><strong>itt</strong></span> <span class='ocrx_word' id='word_1_809' title='bbox 3449 4767 3564 4807; x_wconf 88' lang='lat' dir='ltr'><strong>me-</strong></span> 
     </span>
    </p>
   </div>
   <div class='ocr_carea' id='block_1_106' title="bbox 1951 4823 3558 4914">
    <p class='ocr_par' dir='ltr' id='par_1_106' title="bbox 1951 4823 3558 4914">
     <span class='ocr_line' id='line_1_107' title="bbox 1951 4823 3558 4914; baseline 0.014 -37"><span class='ocrx_word' id='word_1_810' title='bbox 1951 4823 2042 4879; x_wconf 92' lang='lat' dir='ltr'><strong>dio</strong></span> <span class='ocrx_word' id='word_1_811' title='bbox 2073 4825 2287 4894; x_wconf 80' lang='lat' dir='ltr'><strong>posuit.</strong></span> <span class='ocrx_word' id='word_1_812' title='bbox 2340 4836 2451 4882; x_wconf 92' lang='lat' dir='ltr'><strong>tum</strong></span> <span class='ocrx_word' id='word_1_813' title='bbox 2482 4837 2541 4884; x_wconf 88' lang='lat' dir='ltr'><strong>ut</strong></span> <span class='ocrx_word' id='word_1_814' title='bbox 2588 4830 2925 4903; x_wconf 79' lang='lat' dir='ltr'><strong>signiﬁcaret</strong></span> <span class='ocrx_word' id='word_1_815' title='bbox 2974 4838 3110 4893; x_wconf 66' lang='lat' dir='ltr'><strong>caelo</strong></span> <span class='ocrx_word' id='word_1_816' title='bbox 3154 4850 3206 4895; x_wconf 89' lang='lat' dir='ltr'><strong>et</strong></span> <span class='ocrx_word' id='word_1_817' title='bbox 3240 4851 3381 4897; x_wconf 90' lang='lat' dir='ltr'><strong>terra</strong></span> <span class='ocrx_word' id='word_1_818' title='bbox 3417 4858 3558 4914; x_wconf 70' lang='lat' dir='ltr'><strong>prte-</strong></span> 
     </span>
    </p>
   </div>
   <div class='ocr_carea' id='block_1_107' title="bbox 1950 4917 3563 4993">
    <p class='ocr_par' dir='ltr' id='par_1_107' title="bbox 1950 4917 3563 4993">
     <span class='ocr_line' id='line_1_108' title="bbox 1950 4917 3563 4993; baseline 0.015 -25"><span class='ocrx_word' id='word_1_819' title='bbox 1950 4917 2269 4973; x_wconf 88' lang='lat' dir='ltr'><strong>stantiorem</strong></span> <span class='ocrx_word' id='word_1_820' title='bbox 2302 4917 2600 4976; x_wconf 83' lang='lat' dir='ltr'><strong>Ecclesiam</strong></span> <span class='ocrx_word' id='word_1_821' title='bbox 2633 4937 2787 4991; x_wconf 83' lang='lat' dir='ltr'><strong>esse;</strong></span> <span class='ocrx_word' id='word_1_822' title='bbox 2814 4937 2924 4982; x_wconf 90' lang='lat' dir='ltr'><strong>tum</strong></span> <span class='ocrx_word' id='word_1_823' title='bbox 2958 4937 3016 4984; x_wconf 78' lang='grc' dir='ltr'><strong>ιιι</strong></span> <span class='ocrx_word' id='word_1_824' title='bbox 3039 4946 3097 4986; x_wconf 85' lang='lat' dir='ltr'><strong>se</strong></span> <span class='ocrx_word' id='word_1_825' title='bbox 3129 4933 3366 4990; x_wconf 87' lang='lat' dir='ltr'><strong>universi</strong></span> <span class='ocrx_word' id='word_1_826' title='bbox 3393 4937 3563 4993; x_wconf 84' lang='lat' dir='ltr'><strong>Crea-</strong></span> 
     </span>
    </p>
   </div>
   <div class='ocr_carea' id='block_1_108' title="bbox 1953 5013 3561 5087">
    <p class='ocr_par' dir='ltr' id='par_1_108' title="bbox 1953 5013 3561 5087">
     <span class='ocr_line' id='line_1_109' title="bbox 1953 5013 3561 5087; baseline 0.014 -24"><span class='ocrx_word' id='word_1_827' title='bbox 1953 5021 2121 5065; x_wconf 88' lang='lat' dir='ltr'><strong>torem</strong></span> <span class='ocrx_word' id='word_1_828' title='bbox 2175 5013 2506 5069; x_wconf 80' lang='lat' dir='ltr'><strong>ostenderet.</strong></span> <span class='ocrx_word' id='word_1_829' title='bbox 2567 5016 2701 5084; x_wconf 88' lang='lat' dir='ltr'><strong>Quia</strong></span> <span class='ocrx_word' id='word_1_830' title='bbox 2767 5019 2912 5075; x_wconf 88' lang='lat' dir='ltr'><strong>enim</strong></span> <span class='ocrx_word' id='word_1_831' title='bbox 2967 5022 3036 5078; x_wconf 91' lang='lat' dir='ltr'><strong>de</strong></span> <span class='ocrx_word' id='word_1_832' title='bbox 3090 5030 3561 5087; x_wconf 87' lang='lat' dir='ltr'><strong>consummatione</strong></span> 
     </span>
    </p>
   </div>
   <div class='ocr_carea' id='block_1_109' title="bbox 1950 5101 3557 5180">
    <p class='ocr_par' dir='ltr' id='par_1_109' title="bbox 1950 5101 3557 5180">
     <span class='ocr_line' id='line_1_110' title="bbox 1950 5101 3557 5180; baseline 0.013 -23"><span class='ocrx_word' id='word_1_833' title='bbox 1950 5101 2243 5171; x_wconf 89' lang='lat' dir='ltr'><strong>disseruit,</strong></span> <span class='ocrx_word' id='word_1_834' title='bbox 2267 5120 2388 5175; x_wconf 77' lang='lat' dir='ltr'><strong>qua:</strong></span> <span class='ocrx_word' id='word_1_835' title='bbox 2411 5121 2497 5162; x_wconf 88' lang='lat' dir='ltr'><strong>res</strong></span> <span class='ocrx_word' id='word_1_836' title='bbox 2527 5122 2557 5162; x_wconf 93' lang='lat' dir='ltr'><strong>a</strong></span> <span class='ocrx_word' id='word_1_837' title='bbox 2583 5109 2766 5165; x_wconf 90' lang='lat' dir='ltr'><strong>multis</strong></span> <span class='ocrx_word' id='word_1_838' title='bbox 2793 5127 2898 5167; x_wconf 91' lang='lat' dir='ltr'><strong>non</strong></span> <span class='ocrx_word' id='word_1_839' title='bbox 2927 5114 3186 5180; x_wconf 84' lang='lat' dir='ltr'><strong>creditur,</strong></span> <span class='ocrx_word' id='word_1_840' title='bbox 3214 5117 3334 5174; x_wconf 89' lang='lat' dir='ltr'><strong>ideo</strong></span> <span class='ocrx_word' id='word_1_841' title='bbox 3363 5123 3557 5178; x_wconf 74' lang='lat' dir='ltr'><strong>caelum</strong></span> 
     </span>
    </p>
   </div>
   <div class='ocr_carea' id='block_1_110' title="bbox 1949 5198 3533 5272">
    <p class='ocr_par' dir='ltr' id='par_1_110' title="bbox 1949 5198 3533 5272">
     <span class='ocr_line' id='line_1_111' title="bbox 1949 5198 3533 5272; baseline 0.013 -21"><span class='ocrx_word' id='word_1_842' title='bbox 1949 5204 2005 5251; x_wconf 90' lang='lat' dir='ltr'><strong>et</strong></span> <span class='ocrx_word' id='word_1_843' title='bbox 2029 5205 2226 5253; x_wconf 88' lang='lat' dir='ltr'><strong>terram</strong></span> <span class='ocrx_word' id='word_1_844' title='bbox 2251 5198 2301 5252; x_wconf 92' lang='lat' dir='ltr'><strong>in</strong></span> <span class='ocrx_word' id='word_1_845' title='bbox 2326 5199 2561 5256; x_wconf 86' lang='lat' dir='ltr'><strong>medium</strong></span> <span class='ocrx_word' id='word_1_846' title='bbox 2588 5201 2832 5272; x_wconf 86' lang='lat' dir='ltr'><strong>adduxit,</strong></span> <span class='ocrx_word' id='word_1_847' title='bbox 2858 5206 3182 5266; x_wconf 76' lang='lat' dir='ltr'><strong>ineffabilem</strong></span> <span class='ocrx_word' id='word_1_848' title='bbox 3205 5227 3357 5268; x_wconf 84' lang='lat' dir='ltr'><strong>suam</strong></span> <span class='ocrx_word' id='word_1_849' title='bbox 3377 5225 3533 5271; x_wconf 85' lang='lat' dir='ltr'><strong>ostett</strong></span> 
     </span>
    </p>
   </div>
   <div class='ocr_carea' id='block_1_111' title="bbox 1951 5290 3558 5372">
    <p class='ocr_par' dir='ltr' id='par_1_111' title="bbox 1951 5290 3558 5372">
     <span class='ocr_line' id='line_1_112' title="bbox 1951 5290 3558 5372; baseline 0.012 -28"><span class='ocrx_word' id='word_1_850' title='bbox 1951 5290 2085 5346; x_wconf 91' lang='lat' dir='ltr'><strong>dens</strong></span> <span class='ocrx_word' id='word_1_851' title='bbox 2107 5294 2426 5362; x_wconf 87' lang='lat' dir='ltr'><strong>potentiam,</strong></span> <span class='ocrx_word' id='word_1_852' title='bbox 2457 5303 2514 5350; x_wconf 88' lang='lat' dir='ltr'><strong>et</strong></span> <span class='ocrx_word' id='word_1_853' title='bbox 2537 5311 2726 5366; x_wconf 84' lang='lat' dir='ltr'><strong>magna</strong></span> <span class='ocrx_word' id='word_1_854' title='bbox 2749 5314 2871 5355; x_wconf 91' lang='lat' dir='ltr'><strong>cum</strong></span> <span class='ocrx_word' id='word_1_855' title='bbox 2899 5311 3167 5372; x_wconf 82' lang='lat' dir='ltr'><strong>potestate</strong></span> <span class='ocrx_word' id='word_1_856' title='bbox 3187 5321 3247 5362; x_wconf 86' lang='lat' dir='ltr'><strong>se</strong></span> <span class='ocrx_word' id='word_1_857' title='bbox 3270 5306 3558 5364; x_wconf 89' lang='lat' dir='ltr'><strong>Dominum</strong></span> 
     </span>
    </p>
   </div>
   <div class='ocr_carea' id='block_1_112' title="bbox 1951 5382 3559 5460">
    <p class='ocr_par' dir='ltr' id='par_1_112' title="bbox 1951 5382 3559 5460">
     <span class='ocr_line' id='line_1_113' title="bbox 1951 5382 3559 5460; baseline 0.012 -23"><span class='ocrx_word' id='word_1_858' title='bbox 1951 5382 2186 5439; x_wconf 89' lang='lat' dir='ltr'><strong>universi</strong></span> <span class='ocrx_word' id='word_1_859' title='bbox 2216 5384 2498 5441; x_wconf 87' lang='lat' dir='ltr'><strong>declarans</strong></span> <span class='ocrx_word' id='word_1_860' title='bbox 2524 5405 2537 5440; x_wconf 88' lang='lat'><strong>:</strong></span> <span class='ocrx_word' id='word_1_861' title='bbox 2569 5386 2805 5460; x_wconf 88' lang='lat' dir='ltr'><strong>hincque</strong></span> <span class='ocrx_word' id='word_1_862' title='bbox 2830 5393 2914 5447; x_wconf 90' lang='lat' dir='ltr'><strong>vel</strong></span> <span class='ocrx_word' id='word_1_863' title='bbox 2940 5393 3232 5452; x_wconf 87' lang='lat' dir='ltr'><strong>admodum</strong></span> <span class='ocrx_word' id='word_1_864' title='bbox 3261 5397 3559 5455; x_wconf 86' lang='lat' dir='ltr'><strong>dubitanti-</strong></span> 
     </span>
    </p>
   </div>
   <div class='ocr_carea' id='block_1_113' title="bbox 1952 5476 3558 5552">
    <p class='ocr_par' dir='ltr' id='par_1_113' title="bbox 1952 5476 3558 5552">
     <span class='ocr_line' id='line_1_114' title="bbox 1952 5476 3558 5552; baseline 0.01 -21"><span class='ocrx_word' id='word_1_865' title='bbox 1952 5477 2051 5532; x_wconf 91' lang='lat' dir='ltr'><strong>bus</strong></span> <span class='ocrx_word' id='word_1_866' title='bbox 2079 5476 2221 5532; x_wconf 88' lang='lat' dir='ltr'><strong>dicta</strong></span> <span class='ocrx_word' id='word_1_867' title='bbox 2259 5493 2354 5532; x_wconf 87' lang='lat' dir='ltr'><strong>sua</strong></span> <span class='ocrx_word' id='word_1_868' title='bbox 2385 5477 2491 5535; x_wconf 83' lang='lat' dir='ltr'><strong>fide</strong></span> <span class='ocrx_word' id='word_1_869' title='bbox 2511 5478 2670 5552; x_wconf 84' lang='lat' dir='ltr'><strong>digna</strong></span> <span class='ocrx_word' id='word_1_870' title='bbox 2723 5482 2979 5539; x_wconf 89' lang='lat' dir='ltr'><strong>reddens.</strong></span> <span class='ocrx_word' id='word_1_871' title='bbox 3019 5486 3108 5543; x_wconf 78' lang='lat'><strong>36.</strong></span> <span class='ocrx_word' id='word_1_872' title='bbox 3157 5487 3237 5543; x_wconf 87' lang='lat' dir='ltr'><strong>De</strong></span> <span class='ocrx_word' id='word_1_873' title='bbox 3281 5491 3364 5545; x_wconf 84' lang='lat' dir='ltr'><strong>die</strong></span> <span class='ocrx_word' id='word_1_874' title='bbox 3392 5501 3558 5547; x_wconf 82' lang='lat' dir='ltr'><strong>autem</strong></span> 
     </span>
    </p>
   </div>
   <div class='ocr_carea' id='block_1_114' title="bbox 1950 5569 3557 5654">
    <p class='ocr_par' dir='ltr' id='par_1_114' title="bbox 1950 5569 3557 5654">
     <span class='ocr_line' id='line_1_115' title="bbox 1950 5569 3557 5654; baseline 0.011 -32"><span class='ocrx_word' id='word_1_875' title='bbox 1950 5569 2044 5624; x_wconf 87' lang='lat' dir='ltr'><strong>illa</strong></span> <span class='ocrx_word' id='word_1_876' title='bbox 2068 5577 2114 5624; x_wconf 80' lang='lat' dir='ltr'><strong>et</strong></span> <span class='ocrx_word' id='word_1_877' title='bbox 2141 5569 2268 5623; x_wconf 80' lang='lat' dir='ltr'><strong>hora</strong></span> <span class='ocrx_word' id='word_1_878' title='bbox 2294 5570 2466 5626; x_wconf 78' lang='lat' dir='ltr'><strong>nullus</strong></span> <span class='ocrx_word' id='word_1_879' title='bbox 2489 5573 2628 5627; x_wconf 72' lang='lat' dir='ltr'><strong>navit</strong></span> <span class='ocrx_word' id='word_1_880' title='bbox 2648 5614 2664 5640; x_wconf 91' lang='lat'><strong>,</strong></span> <span class='ocrx_word' id='word_1_881' title='bbox 2709 5591 2870 5649; x_wconf 79' lang='lat' dir='ltr'><strong>neque</strong></span> <span class='ocrx_word' id='word_1_882' title='bbox 2895 5580 3068 5650; x_wconf 77' lang='lat' dir='ltr'><strong>angeli</strong></span> <span class='ocrx_word' id='word_1_883' title='bbox 3099 5581 3362 5650; x_wconf 71' lang='lat' dir='ltr'><strong>calorum,</strong></span> <span class='ocrx_word' id='word_1_884' title='bbox 3397 5601 3557 5654; x_wconf 81' lang='lat' dir='ltr'><strong>neque</strong></span> 
     </span>
    </p>
   </div>
   <div class='ocr_carea' id='block_1_115' title="bbox 1954 5657 3549 5747">
    <p class='ocr_par' dir='ltr' id='par_1_115' title="bbox 1954 5657 3549 5747">
     <span class='ocr_line' id='line_1_116' title="bbox 1954 5657 3549 5747; baseline 0.013 -34"><span class='ocrx_word' id='word_1_885' title='bbox 1954 5657 2169 5715; x_wconf 49' lang='lat' dir='ltr'><strong>Filius!</strong></span> <span class='ocrx_word' id='word_1_886' title='bbox 2187 5703 2202 5729; x_wconf 93' lang='lat'><strong>,</strong></span> <span class='ocrx_word' id='word_1_887' title='bbox 2235 5661 2334 5717; x_wconf 86' lang='lat' dir='ltr'><strong>nisi</strong></span> <span class='ocrx_word' id='word_1_888' title='bbox 2357 5661 2500 5719; x_wconf 87' lang='lat' dir='ltr'><strong>solus</strong></span> <span class='ocrx_word' id='word_1_889' title='bbox 2525 5663 2699 5721; x_wconf 79' lang='lat' dir='ltr'><strong>Pater.</strong></span> <span class='ocrx_word' id='word_1_890' title='bbox 2729 5667 2882 5736; x_wconf 88' lang='lat' dir='ltr'><strong>Quod</strong></span> <span class='ocrx_word' id='word_1_891' title='bbox 2912 5684 3043 5742; x_wconf 85' lang='lat' dir='ltr'><strong>ergo</strong></span> <span class='ocrx_word' id='word_1_892' title='bbox 3063 5671 3233 5741; x_wconf 84' lang='lat' dir='ltr'><strong>dixit,</strong></span> <span class='ocrx_word' id='word_1_893' title='bbox 3271 5673 3444 5747; x_wconf 72' lang='lat' dir='ltr'><strong>Neque</strong></span> <span class='ocrx_word' id='word_1_894' title='bbox 3463 5695 3549 5735; x_wconf 75' lang='lat' dir='ltr'><strong>an-</strong></span> 
     </span>
    </p>
   </div>
   <div class='ocr_carea' id='block_1_116' title="bbox 2019 5810 3094 5885">
    <p class='ocr_par' dir='ltr' id='par_1_116' title="bbox 2019 5810 3094 5885">
     <span class='ocr_line' id='line_1_117' title="bbox 2019 5810 3094 5885; baseline 0.007 -23"><span class='ocrx_word' id='word_1_895' title='bbox 2019 5812 2034 5844; x_wconf 87' lang='grc'>¹</span> <span class='ocrx_word' id='word_1_896' title='bbox 2061 5810 2261 5873; x_wconf 75' lang='lat' dir='ltr'><strong>Quidam</strong></span> <span class='ocrx_word' id='word_1_897' title='bbox 2281 5812 2491 5877; x_wconf 84' lang='lat' dir='ltr'><strong>habent,</strong></span> <span class='ocrx_word' id='word_1_898' title='bbox 2513 5828 2665 5885; x_wconf 74' lang='lat' dir='ltr'><strong>neque</strong></span> <span class='ocrx_word' id='word_1_899' title='bbox 2692 5815 2844 5869; x_wconf 73' lang='lat' dir='ltr'><strong>tilias</strong></span> <span class='ocrx_word' id='word_1_900' title='bbox 2868 5816 3094 5872; x_wconf 80' lang='lat' dir='ltr'><strong>hominis.</strong></span> 
     </span>
    </p>
   </div>
  </div>
