4174 6332
657 365 763 419 703

661 481 790 550 geli,
819 476 1059 548 reprimit
1082 488 1206 538 eos,
1252 487 1319 527 ne
1357 469 1565 524 discere
1608 467 1850 535 quatrant
1873 457 1925 550 id
1954 458 2096 550 quod
2135 466 2233 506 an-

663 547 762 639 geli
795 547 1066 627 nesciunt;
1099 579 1218 619 cum
1250 571 1427 616 autem
1457 559 1592 612 dicit
1612 597 1629 622 ,
1669 551 1846 621 Neque
1877 547 2074 610 Filius,
2107 557 2232 613 pro-

669 660 815 713 hibet
846 670 951 712 non
980 654 1140 710 modo
1187 668 1254 707 ne
1279 651 1487 705 discant
1511 688 1528 714 ,
1575 645 1668 701 sed
1692 644 1849 697 etiam
1878 654 1946 694 ne
1972 640 2231 706 quaerant.

667 747 818 813 Quod
844 748 983 800 enim
1014 746 1106 799 illo
1143 744 1322 797 animo
1346 741 1396 795 id
1427 739 1658 802 dixerit,
1687 734 1827 793 vide.
1853 730 1974 801 quia
2007 736 2124 797 post
2153 740 2242 780 re-

670 837 1054 892 surrectionem
1104 835 1223 887 illos
1268 832 1587 886 curiosiores
1627 839 1747 881 esse
1774 821 1945 886 vidit,
1971 815 2240 889 quomodo

666 928 996 996 represserit.
1051 925 1200 980 Nunc
1239 925 1381 978 enim
1429 921 1588 974 multa
1644 919 2029 982 innumeraque
2086 910 2240 979 signa

668 1018 834 1080 dixit;
870 1027 994 1072 tunc
1036 1030 1162 1070 vero
1201 1012 1509 1081 simpliciter
1532 1051 1547 1072 ,
1579 1007 1696 1062 Non
1726 1015 1796 1059 est
1837 1012 2052 1057 uestrum
2099 1013 2244 1052 nosse

670 1118 896 1178 tempore
924 1108 998 1161 sel
1023 1115 1269 1158 momenta
1293 1106 1310 1173 (
1333 1104 1440 1156 Act.
1475 1103 1524 1155 l.
1555 1098 1630 1171 7).
1662 1095 1858 1152 Deinde
1885 1109 1950 1148 ne
1981 1092 2239 1154 dicerent,

669 1199 805 1267 Quia
835 1200 1153 1258 dubitamus,
1187 1195 1501 1265 negligimur
1525 1233 1539 1253 ,
1569 1203 1738 1258 neque
1768 1186 1867 1240 hac
1893 1199 1951 1239 re
1980 1180 2123 1249 digni
2155 1194 2244 1234 su-

671 1303 789 1342 mus
809 1287 832 1339 l
854 1289 961 1352 ait,
996 1287 1123 1353 Quae
1150 1284 1302 1338 Pater
1326 1282 1490 1353 posuit
1532 1280 1586 1332 in
1624 1294 1716 1332 sua
1745 1282 2007 1346 potestate.
2041 1271 2243 1339 Magna:

673 1378 866 1446 quippe
888 1376 985 1446 ipsi
1011 1389 1155 1428 cura:
1196 1374 1290 1425 fuit
1317 1372 1432 1425 illos
1460 1369 1752 1430 honorare,
1795 1362 2030 1431 nihilque
2060 1360 2244 1413 occul-

675 1476 791 1520 tare
820 1465 966 1534 ipsis.
993 1463 1223 1534 Ideoque
1267 1461 1410 1515 Patri
1454 1457 1578 1512 illud
1607 1455 1808 1518 tribuit,
1842 1452 1964 1507 hinc
1992 1466 2102 1505 rem
2129 1460 2241 1504 tre-

673 1557 916 1610 mendam
938 1553 1243 1613 ostendens,
1269 1549 1659 1621 prohibensque
1687 1561 1752 1601 ne
1784 1545 1869 1598 illa
1897 1543 1964 1597 de
1990 1557 2048 1597 re
2075 1543 2246 1596 inter-

673 1653 942 1717 rogarent.
975 1644 1083 1700 Nisi
1109 1647 1252 1698 enim
1283 1641 1410 1695 illud
1438 1642 1505 1694 ita
1533 1642 1601 1692 sit
1621 1679 1635 1701 ,
1682 1647 1734 1690 et
1764 1637 1808 1690 si
1837 1650 1963 1689 vere
1989 1633 2156 1687 Filius
2191 1629 2244 1685 id

675 1738 920 1806 ignorat,
949 1735 1284 1805 quandonam
1315 1731 1365 1784 id
1400 1731 1569 1785 sciet?
1597 1744 1662 1782 an
1708 1725 2026 1781 nobiscum?
2056 1722 2248 1791 Ecquis

678 1826 778 1880 hoc
807 1825 1042 1879 dixerit?
1074 1824 1279 1877 Patrem
1308 1823 1450 1875 clare
1475 1821 1651 1883 novit,
1672 1829 1724 1873 et
1751 1827 1858 1871 tam
1887 1815 2060 1879 clare,
2087 1827 2246 1882 quam

680 1917 837 1971 Pater
866 1916 1011 1969 novit
1039 1914 1250 1976 Filium,
1271 1926 1322 1965 et
1350 1912 1489 1965 diem
1517 1911 1660 1963 illam
1695 1905 1992 1977 ignorabit?
2019 1903 2246 1960 Przcter-

675 2023 738 2062 ea
768 2004 989 2075 Spiritus
1032 2004 1292 2072 investigat
1319 2003 1468 2054 etiam
1499 1999 1753 2069 profunda
1779 1995 1876 2048 Dei
1904 1997 1922 2064 (
1949 1995 1999 2048 1.
2029 1992 2146 2048 Cor.
2191 1991 2246 2045 Ξ.

684 2096 824 2166 10);
859 2095 950 2149 ille
992 2109 1119 2148 vero
1160 2108 1228 2148 ne
1259 2102 1468 2160 tempus
1510 2089 1724 2158 quidem
1772 2085 1957 2156 judicii
2007 2081 2249 2139 noverit‘l

677 2185 786 2241 Sed
835 2185 933 2240 scit
975 2193 1028 2238 et
1062 2181 1328 2253 quomodo
1366 2180 1606 2250 judicare
1652 2183 1898 2246 Oporteat
1935 2175 1952 2206 ⁸
1984 2182 2037 2228 et
2057 2186 2248 2226 arcana

682 2274 1041 2344 singulorum;
1072 2271 1211 2342 quod
1238 2281 1415 2325 autem
1456 2268 1610 2338 longe
1643 2266 1864 2321 inferius
1890 2273 2002 2328 est,
2033 2261 2085 2318 id
2110 2261 2250 2332 igne.

680 2376 892 2421 raturas
933 2363 1086 2420 erat?
1131 2361 1442 2431 Quomodo,
1475 2360 1519 2415 si
1566 2358 1750 2412 Omnia
1780 2373 1869 2426 per
1917 2356 2082 2425 ipsum
2116 2354 2252 2423 facta

679 2466 831 2523 sunt,
860 2465 909 2510 et
937 2457 1045 2510 sine
1069 2455 1181 2522 ipso
1206 2455 1397 2523 factum
1420 2460 1496 2505 est
1538 2450 1669 2503 nihil
1699 2447 1877 2520 (Joan.
1922 2448 1973 2501 1.
2001 2447 2080 2516 3),
2109 2445 2251 2500 diem

683 2547 826 2602 illam
859 2544 1165 2617 ignoravit?
1193 2542 1321 2597 Nam
1344 2542 1434 2612 qui
1465 2539 1656 2596 stccula
1700 2538 1826 2594 fecit
1846 2578 1862 2603 ,
1889 2552 2017 2592 sane
2044 2535 2170 2591 fecit
2201 2543 2254 2590 et

681 2647 953 2707 tempora;
1003 2637 1050 2691 si
1098 2643 1333 2703 tempora
1358 2672 1374 2700 ,
1405 2634 1571 2688 etiam
1619 2629 1762 2685 diem
1791 2646 1805 2683 :
1835 2626 2101 2700 quomodo
2127 2641 2253 2696 ergo

680 2743 840 2799 quam
891 2727 1013 2782 fecit
1041 2724 1286 2796 ignorat?

749 2816 802 2872 Ξ.
835 2817 901 2872 Et
923 2831 1018 2871 vos
1061 2814 1273 2885 quidem
1309 2813 1423 2882 ejus
1459 2826 1665 2881 quoque
1709 2809 2055 2865 substantiam
2087 2822 2247 2862 nosse

684 2907 858 2962 dicitis
879 2905 976 2978 (a),
1004 2914 1058 2959 et
1084 2904 1270 2959 Filium
1297 2917 1467 2971 neque
1490 2900 1631 2955 diem
1664 2900 1800 2955 scire
1828 2899 2003 2961 vultis,
2036 2896 2248 2963 Filium,

681 2999 770 3068 qui
815 3011 1026 3066 semper
1048 3004 1131 3050 est
1172 2993 1224 3049 in
1254 2992 1370 3047 sinu
1404 2991 1572 3046 Patris
1591 3032 1605 3052 ,
1636 3004 1952 3058 quamquam
1982 2989 2149 3057 major
2173 2997 2256 3042 est

683 3088 777 3142 illa
799 3087 1090 3140 subsuntia
1115 3098 1272 3152 quam
1302 3081 1417 3137 dies
1436 3122 1450 3144 ,
1481 3081 1588 3135 imo
1615 3079 1865 3134 intinities
1894 3079 2080 3147 major.
2107 3076 2252 3144 Quo-

686 3178 844 3233 modo
869 3177 1026 3247 igitur
1046 3176 1169 3230 dum
1199 3173 1249 3229 id
1279 3173 1416 3244 quod
1442 3172 1612 3241 majus
1632 3180 1713 3226 est
1743 3170 1892 3225 vobis
1918 3169 2164 3233 tribuitis,
2188 3184 2255 3224 ne

683 3269 736 3323 id
774 3267 987 3338 quidem
1024 3264 1165 3335 quod
1208 3266 1382 3318 minus
1422 3271 1505 3318 est
1549 3261 1683 3315 Filio
1710 3260 2000 3315 conceditis
2025 3302 2038 3321 ,
2067 3259 2131 3312 In
2160 3275 2257 3328 quo

682 3369 798 3414 sunt
822 3358 1098 3413 absconditi
1137 3372 1306 3410 omnes
1338 3355 1557 3409 thesauri
1592 3355 1852 3422 sapientia
1877 3362 1924 3407 et
1963 3353 2259 3424 cognitionis

685 3451 823 3522 (Col.
847 3450 902 3505 2.
936 3454 988 3517 3)
1005 3450 1029 3502 τ
1049 3448 1152 3504 Sed
1181 3463 1352 3518 neque
1380 3461 1474 3501 vos
1501 3446 1648 3501 scitis
1667 3461 1784 3516 qua
1808 3447 1878 3501 sit
1904 3445 1994 3500 Dei
2016 3445 2262 3500 substan-

687 3545 790 3606 tia,
820 3541 1024 3598 etiamsi
1052 3540 1245 3596 millies
1279 3538 1331 3594 id
1371 3539 1553 3593 insane
1574 3536 1868 3602 afﬁrmetis,
1902 3553 2072 3608 neque
2098 3537 2261 3593 Filius

687 3635 828 3690 diem
857 3635 1082 3705 ignorat,
1109 3630 1203 3687 sed
1232 3630 1397 3702 probe
1426 3629 1572 3685 novit
1599 3628 1761 3684 illam.
1787 3629 1910 3684 Ideo
1935 3644 2055 3684 cum
2083 3630 2257 3684 omnia

685 3728 925 3791 dixisset,
956 3734 1010 3782 et
1033 3733 1305 3794 tempora,
1333 3731 1387 3778 et
1411 3729 1699 3786 momenta,
1731 3730 1786 3776 et
1811 3722 1875 3776 ad
1908 3722 2049 3790 ipsas
2071 3721 2260 3790 ianuas

687 3817 924 3873 duxisset
955 3815 1114 3886 (nam
1141 3814 1215 3869 ait
1239 3853 1257 3881 ,
1287 3812 1456 3882 Prope
1475 3821 1548 3866 est
1569 3812 1622 3866 in
1635 3808 1844 3882 januis)
1865 3853 1880 3877 ,
1909 3810 2048 3866 diem
2077 3812 2256 3865 tacuit.

689 3907 817 3963 Nam
845 3907 887 3961 si
913 3906 1052 3961 diem
1083 3915 1136 3960 et
1160 3902 1346 3958 horam
1373 3905 1606 3970 quaeras,
1638 3917 1742 3955 non
1777 3899 1961 3956 audies
1984 3915 2014 3956 a
2045 3916 2150 3963 me,
2183 3901 2263 3955 in-

688 4000 841 4069 quit;
873 3998 952 4051 sin
985 4005 1220 4064 tempora
1247 4002 1300 4049 et
1337 3992 1480 4046 initia
1506 4033 1522 4058 ,
1557 3992 1684 4046 nihil
1708 3992 1895 4046 celabo
1918 4033 1934 4055 ,
1965 3991 2058 4048 sed
2085 3993 2262 4046 omnia

691 4092 783 4144 tibi
829 4096 1072 4143 accurate
1109 4086 1302 4141 dicam.
1340 4085 1491 4151 Quod
1543 4085 1685 4140 enim
1725 4101 1832 4140 non
1876 4087 2111 4155 ignorem
2151 4086 2260 4156 jam

692 4180 874 4236 multis
895 4177 1126 4243 ostendi,
1151 4177 1317 4243 spatia
1345 4184 1642 4243 temporum
1671 4184 1723 4228 ct
1743 4190 1862 4245 quas
1890 4185 2113 4230 ventura
2141 4187 2265 4233 sunt

690 4269 868 4323 tttltllin
899 4267 1003 4322 dixi
1031 4309 1045 4331 ,
1068 4269 1333 4336 etiamque
1370 4273 1624 4334 quantum
1667 4265 1737 4320 sit
1774 4266 2038 4322 interstitii
2067 4269 2134 4321 ab
2164 4267 2266 4325 hoc

691 4370 931 4428 tempore
954 4372 1120 4427 usque
1138 4356 1203 4411 ad
1225 4356 1366 4412 diem
1389 4356 1556 4411 illam.
1576 4355 1687 4412 lloc
1703 4356 1843 4411 enim
1868 4357 2112 4425 parabola
2136 4359 2265 4416 ficus

691 4449 995 4513 declaravit,
1023 4455 1079 4501 et
1109 4462 1273 4516 usque
1299 4446 1364 4500 ad
1397 4448 1507 4514 ipsa
1535 4446 1714 4500 limina
1737 4455 1790 4501 te
1815 4446 2030 4512 adduxi;
2059 4443 2197 4519 quod
2221 4451 2266 4505 si

687 4539 875 4610 januas
903 4553 1006 4591 non
1032 4536 1125 4593 tibi
1149 4537 1351 4605 aperui,
1371 4536 1470 4590 hoc
1490 4551 1698 4606 quoque
1723 4537 1791 4591 ad
1819 4536 2098 4592 utilitatem
2123 4548 2263 4594 tuam
2302 4582 2304 4585 .

697 4630 852 4686 facio.
876 4629 946 4685 Ut
968 4645 1094 4683 vero
1116 4629 1328 4682 aliunde
1351 4626 1547 4688 discas.
1573 4641 1676 4680 non
1703 4643 1768 4682 ex
1801 4629 2094 4697 ignorantia
2125 4630 2266 4685 illius

687 4737 813 4778 esse
841 4719 981 4790 quod
1008 4719 1181 4786 sileat,
1203 4718 1321 4774 vide
1344 4717 1613 4787 quomodo
1636 4731 1757 4772 cum
1783 4718 2098 4788 supradictis
2124 4720 2265 4776 aliud

691 4825 904 4880 quoque
931 4810 1134 4878 signum
1161 4808 1391 4874 adjiciat.
1416 4807 1504 4863 ‘58.
1537 4809 1681 4862 Sicut
1706 4819 1874 4862 autem
1912 4819 2052 4864 eram
2080 4812 2132 4865 in
2160 4812 2268 4867 die-

693 4900 782 4954 bus
821 4898 934 4953 Noe
980 4897 1290 4952 comedentes
1343 4906 1392 4951 et
1442 4896 1658 4952 bibentes
1680 4941 1695 4962 ,
1731 4899 1969 4954 nubentes
2005 4911 2052 4954 et
2087 4903 2269 4972 nuptui

691 4990 974 5052 tradentes,
1005 5004 1160 5058 usque
1185 4986 1255 5040 ad
1281 4986 1411 5040 diem
1434 5025 1454 5052 ,
1471 5003 1570 5057 qua
1597 4988 1847 5059 ingressus
1865 4999 1939 5045 est
1967 4989 2080 5045 Noe
2102 4993 2155 5045 in
2183 5009 2266 5046 ar-

691 5097 802 5135 cam
819 5119 841 5148 ,
861 5079 948 5135 39.
982 5088 1026 5133 et
1050 5095 1153 5133 non
1180 5087 1515 5149 cognoverunt
1533 5118 1549 5142 ,
1575 5078 1733 5134 donec
1751 5080 1881 5134 venit
1911 5081 2152 5136 diluvium
2171 5125 2185 5146 ,
2217 5093 2266 5137 et

689 5171 892 5225 abstulit
919 5186 1087 5224 omnes
1108 5185 1127 5224 :
1147 5170 1220 5225 sic
1254 5169 1348 5224 erit
1389 5176 1434 5222 et
1469 5167 1708 5223 aduentus
1736 5167 1864 5225 Filii
1899 5172 2136 5228 hominis.
2171 5173 2265 5231 His

689 5275 851 5330 porro
873 5262 1161 5317 declaravit
1181 5277 1241 5317 se
1261 5267 1479 5332 repente
1493 5269 1550 5315 et
1573 5276 1678 5316 non
1694 5274 2050 5333 exspectatnm
2071 5259 2263 5322 ventu-

688 5369 811 5413 rum
836 5365 953 5409 esse
974 5395 990 5420 ,
1020 5352 1146 5408 dum
1173 5353 1323 5409 multi
1358 5353 1409 5407 in
1433 5351 1641 5409 deliciis
1670 5363 1846 5409 erunt.
1872 5353 2024 5421 Quod
2053 5368 2106 5413 et
2131 5358 2265 5414 Pau-

757 5533 775 5595 '_
800 5538 945 5590 vum,
969 5536 1015 5595 et
1036 5530 1267 5594 quomodo
1289 5529 1563 5595 diiudicare
1584 5537 1815 5595 oporteat.

753 5593 932 5666 (aint?
954 5591 1189 5666 mm.
1213 5591 1354 5666 Paci
1391 5591 1503 5643 ιιίδι
1542 5591 1746 5666 tissimi
1782 5600 1947 5666 eos"?
1984 5595 2260 5666 incussos

693 5667 775 5717 qui
799 5653 1103 5704 dicebant’se
1127 5653 1332 5715 perinde
1349 5667 1490 5707 nosse
1505 5653 1820 5706 substantiam
1834 5654 1949 5718 Dei,
1967 5663 2116 5719 atque
2125 5653 2265 5712 Deus

694 5718 799 5779 ipse
815 5713 943 5766 illam
958 5723 1179 5767 noverat.

1448 353 1504 409 S.
1543 343 1818 406 JOANNIS
1853 331 2325 400 CHRYSOSTOMI
2363 332 2680 390 ARCIIIEP.
2719 332 3250 391 CONSTANTINOP.

3825 326 3932 384 τοι

2342 448 2424 505 lus
2459 449 2538 506 sic
2577 448 2856 518 descripsit
2883 464 2902 502 :
2931 447 3055 503 Cunt
3093 461 3265 516 paceni
3295 444 3468 498 dicunt
3492 450 3540 496 et
3568 441 3884 496 seem-italus
3903 481 3921 506 ,

2345 556 2464 599 tunc
2492 543 2777 617 repentinus
2796 544 2948 598 instat
2974 545 3199 596 interitus
3221 543 3297 609 (ι.
3325 537 3501 592 Thess.
3525 537 3574 594 5.
3607 537 3697 604 3i)
3722 553 3737 600 ;
3765 551 3929 605 quam

2344 636 2763 704 inexspectatum
2790 632 3064 689 declamas
3088 631 3298 686 dicebat
3323 649 3337 684 :
3362 629 3503 683 Sicut
3533 627 3682 680 dolor
3706 628 3758 678 in
3785 635 3931 677 utero

2346 727 2566 780 habenti.
2593 726 2872 794 Quomodo
2900 741 3026 795 ergo
3051 724 3181 778 dicit
3204 763 3220 785 .
3253 721 3374 775 Post
3401 721 3775 774 tribulationem
3815 719 3928 770 die-

2345 835 2459 872 rum
2484 819 2685 872 illorum
2716 814 2928 886 (Matth.
2951 816 3044 871 ει.
3063 815 3198 884 29)ἳ
3227 814 3354 867 Nam
3389 814 3432 866 si
3460 811 3685 876 deliciae,
3716 819 3770 865 et
3801 825 3925 879 pax.

2345 919 2400 962 et
2424 909 2698 971 securitas,
2727 917 2784 960 ut
2810 907 2938 961 dicit
2966 905 3180 970 Paulus,
3207 905 3475 974 quomodo
3503 901 3648 962 dicit,
3685 899 3811 955 Post
3832 902 3918 953 tri-

2345 992 2648 1046 bulationem
2679 992 2871 1045 dierum
2895 990 3136 1043 illorum!
3161 987 3216 1044 Si
3245 989 3451 1042 deliciae
3474 1027 3488 1052 ,
3517 987 3785 1056 quomodo
3829 987 3932 1039 tri-

2345 1081 2585 1136 bulatio?
2617 1081 2828 1135 Delicim
2852 1091 2907 1134 et
2934 1095 3032 1149 pax
3061 1090 3182 1134 sunt
3209 1080 3273 1134 iis
3301 1077 3390 1147 qui
3432 1078 3578 1132 nullo
3613 1092 3774 1132 sensu
3803 1085 3937 1130 sunt

2347 1171 2541 1226 allecti.
2569 1171 2855 1242 Propterea
2888 1185 2994 1224 non
3018 1170 3150 1224 dixit
3174 1212 3187 1233 ,
3218 1170 3442 1238 Quando
3484 1184 3585 1239 pax
3625 1168 3766 1232 erit,
3795 1166 3889 1222 sed
3912 1209 3930 1233 ,

2352 1262 2566 1328 Quando
2605 1278 2778 1331 pacem
2802 1271 2848 1316 et
2871 1272 3186 1315 securitatem
3218 1263 3404 1324 dicent,
3433 1260 3776 1315 stoliditatem
3811 1260 3935 1316 illo-

2349 1368 2464 1406 rum
2495 1351 2815 1416 ostendens;
2841 1353 2976 1406 sicut
3007 1352 3081 1405 illi
3111 1353 3162 1405 in
3192 1362 3430 1421 tempore
3448 1349 3581 1410 Noe.
3615 1351 3704 1420 qui
3732 1350 3785 1403 in
3813 1359 3938 1402 tan-

2350 1442 2417 1496 tis
2442 1441 2614 1506 malis,
2645 1441 2850 1496 deliciis
2875 1455 3091 1512 operam
3124 1441 3317 1496 dabant
3346 1461 3359 1495 :
3383 1450 3436 1495 at
3462 1455 3567 1494 non
3596 1441 3720 1494 item
3749 1440 3879 1505 justi
3911 1478 3929 1506 ,

2349 1533 2439 1604 qui
2480 1533 2533 1587 in
2575 1534 2829 1588 aerumnis
2857 1542 2914 1588 et
2943 1547 3173 1587 mosrore
3198 1531 3567 1586 versabantur.
3599 1530 3736 1585 [line
3765 1530 3932 1598 signi-

2350 1627 2556 1691 ticatur,
2583 1625 2900 1680 adveniente
2929 1625 3277 1688 Antichristo,
3306 1624 3516 1692 iniquos
3546 1633 3600 1676 et
3624 1636 3718 1677 eos
3746 1623 3834 1692 qui
3861 1621 3934 1677 de

2350 1716 2522 1771 salute
2548 1730 2644 1770 sua
2671 1715 3048 1785 desperabunt,
3078 1715 3318 1784 turpibus
3344 1713 3700 1782 voluptatibus
3733 1727 3790 1766 se
3815 1727 3938 1766 amo

2353 1805 2488 1875 plius
2513 1805 2786 1860 dedituros
2815 1819 2958 1860 esse.
2986 1803 3135 1858 Tunc
3165 1803 3442 1873 ingluvies,
3469 1803 3892 1856 comessationes
3915 1843 3934 1867 ,

2352 1898 2665 1952 ebrietates.
2714 1897 3048 1968 Quapropter
3099 1896 3344 1964 exemplo
3391 1895 3555 1949 utitur
3593 1894 3935 1965 congruenti.

2351 1984 2483 2040 Nam
2509 1986 2953 2057 quemadmodum
2971 2000 3095 2040 cum
3114 1999 3234 2040 arca
3263 1983 3428 2049 ﬁeret,
3465 1999 3570 2039 non
3602 1984 3935 2050 credebant,

2353 2077 2563 2148 inquit,
2595 2076 2690 2132 sed
2738 2078 2862 2131 licet
2906 2090 3028 2132 arca
3077 2075 3128 2130 in
3159 2075 3335 2132 medio
3377 2077 3543 2146 posita
3575 2073 3750 2130 futura
3792 2077 3938 2131 mala

2354 2170 2728 2239 prammtiaret
2753 2211 2766 2233 ,
2803 2170 2878 2223 illi
2905 2168 3145 2224 videntes
3180 2183 3300 2224 eam
3329 2210 3344 2235 ,
3387 2171 3456 2225 ita
3503 2169 3896 2225 deliciabantur
3919 2211 3936 2236 ,

2353 2261 2502 2331 quasi
2534 2259 2667 2315 nihil
2696 2261 2818 2315 mali
2847 2259 3079 2316 futurum
3108 2271 3250 2317 esset
3274 2279 3287 2314 :
3313 2262 3391 2316 sic
3418 2269 3471 2317 et
3496 2276 3638 2316 nunc
3664 2261 3943 2316 Antichri-

2353 2361 2468 2408 stus
2493 2354 2798 2424 apparebit,
2826 2365 2945 2425 post
2970 2369 3126 2424 quem
3151 2354 3570 2415 consummatio.
3599 2363 3656 2409 et
3682 2369 3855 2424 pinnae
3886 2357 3941 2411 in

2353 2448 2813 2502 consummatione
2867 2445 3094 2511 futuras,
3146 2445 3402 2516 supplicia
3447 2445 3800 2502 intoleranda.
3857 2446 3942 2502 Illi

2356 2554 2516 2604 vero,
2539 2540 2628 2609 qui
2667 2540 2917 2609 nequitiae
2957 2539 3213 2594 ebrietate
3248 2540 3387 2609 capti
3417 2549 3574 2594 erunt
3594 2579 3612 2602 ,
3639 2555 3707 2594 ne
3733 2551 3943 2594 metum

2355 2631 2570 2699 quidem
2611 2630 2907 2686 futurorum
2954 2631 3204 2685 sentient.
3233 2631 3358 2685 Ideo
3399 2631 3473 2684 ait
3508 2631 3736 2686 Paulus:
3773 2629 3946 2684 Veluti

2356 2720 2501 2773 dolor
2523 2721 2576 2774 in
2601 2730 2744 2774 utero
2768 2720 2970 2774 habenti
2991 2719 3067 2792 (l.
3091 2719 3268 2775 Thess.
3283 2721 3337 2776 5.
3355 2720 3436 2792 ὅ),
3454 2721 3532 2775 sic
3549 2720 3654 2774 illis
3676 2720 3944 2775 terribilia

2356 2821 2410 2867 et
2434 2812 2766 2868 intoleranda
2792 2812 3036 2869 aderunt.
3063 2813 3172 2868 Cur
3192 2822 3368 2869 autem
3396 2811 3753 2868 Sodomorum
3795 2813 3945 2868 mala

2356 2917 2463 2958 non
2488 2902 2658 2958 dixit?
2682 2901 2994 2959 Universale
3022 2904 3234 2960 volebat
3261 2905 3564 2975 exemplum
3594 2918 3906 2974 preponere
3925 2947 3943 2969 .

2355 2994 2497 3064 quod
2544 3005 2823 3065 postquam
2871 2996 3178 3065 praedictum
3222 2993 3396 3053 fuerat
3436 3010 3544 3052 non
3592 2996 3948 3052 credebatur.

2359 3083 2561 3139 Idcirco
2581 3085 2702 3156 quia
2731 3086 2968 3156 plerique
2989 3087 3164 3142 futura
3194 3101 3298 3142 non
3325 3086 3568 3155 credunt,
3601 3102 3665 3142 ex
3701 3088 3950 3157 praeteri-

2360 3175 2427 3231 tis
2464 3175 2575 3245 ipsa
2616 3175 2928 3242 conﬁrmat,
2953 3178 3294 3248 animumque
3334 3180 3566 3248 ipsorum
3611 3189 3948 3236 commovet.

2361 3265 2439 3320 Ad
2479 3268 2591 3322 haec
2625 3267 2752 3322 illud
2777 3268 2938 3324 etiam
2979 3268 3275 3324 ostenditur
3304 3289 3317 3324 :
3345 3270 3514 3339 ipsum
3542 3285 3736 3340 nempe
3765 3271 3949 3340 priora

2360 3373 2572 3429 quoque
2624 3357 2879 3416 fecisse‘.
2909 3361 3033 3416 Post
3071 3359 3187 3416 haec
3230 3360 3372 3416 aliud
3409 3363 3616 3432 signum
3663 3363 3906 3418 ostendit
3930 3406 3948 3429 ,

2360 3449 2548 3516 quibus
2577 3449 2822 3504 omnibus
2850 3451 3015 3521 signis
3051 3451 3301 3521 probatur
3325 3453 3496 3521 ipsum
3527 3469 3631 3508 non
3663 3455 3951 3525 ignorasse

2361 3539 2502 3594 diem
2519 3541 2680 3595 illam.
2697 3541 2848 3609 Quod
2868 3553 3042 3600 autem
3058 3553 3143 3600 est
3160 3544 3402 3615 signum?
3417 3546 3505 3601 ιο.
3527 3544 3667 3601 Tunc
3683 3547 3786 3602 duo
3801 3557 3954 3602 erunt

2362 3630 2414 3684 in
2441 3648 2563 3701 agro
2584 3673 2598 3694 ,
2627 3649 2758 3687 unus
2783 3645 3096 3701 assumetur,
3120 3644 3166 3689 et
3189 3635 3318 3690 alter
3343 3637 3648 3705 relinquetur
3669 3654 3689 3692 :
3708 3638 3800 3692 ιι.
3833 3640 3954 3696 dna

2363 3727 2601 3778 molentes
2642 3725 2693 3779 in
2727 3725 2892 3792 mola,
2926 3742 3028 3782 una
3054 3737 3367 3795 assumetur,
3395 3738 3440 3784 et
3481 3747 3585 3784 una
3611 3731 3947 3801 relinquetur.

2363 3817 2452 3871 42.
2495 3816 2706 3888 Vigilate
2728 3834 2865 3890 ergo,
2888 3820 3006 3889 quia
3029 3822 3228 3875 nescitis
3247 3837 3348 3889 qua
3367 3821 3491 3875 hora
3520 3821 3771 3878 Dominus
3790 3835 3956 3880 uester

2364 3918 2596 3964 uenturus
2624 3913 2706 3963 sit.
2748 3910 2872 3966 Haec
2907 3913 3081 3966 omnia
3111 3896 3426 3982 argumento
3459 3922 3583 3969 sunt
3625 3915 3801 3984 ipsum
3841 3932 3956 3973 non

2367 4002 2614 4070 ignorare
2637 4045 2651 4065 .
2692 4002 3084 4076 discipulosque
3125 4007 3194 4060 ab
3231 4006 3610 4077 interrogando
3646 4007 3953 4066 deterrere.

2369 4091 2490 4147 Ideo
2520 4095 2650 4148 dixit
2689 4106 2744 4151 et
2779 4096 2894 4152 dies
2920 4097 3051 4163 Noe,
3082 4109 3156 4164 et,
3183 4096 3303 4153 Duo
3330 4099 3384 4153 in
3418 4116 3542 4170 agro
3561 4101 3604 4166 ³,
3631 4102 3954 4171 ostendens,

2369 4182 2538 4252 ipsum
2561 4185 2636 4239 sic
2662 4186 3099 4258 inexspectatum,
3129 4188 3230 4243 illis
3253 4189 3384 4244 nihil
3405 4190 3734 4256 curantibus,
3762 4203 3956 4247 ventu-

2369 4292 2483 4330 rum
2514 4293 2670 4342 esse;
2707 4291 2788 4347 et,
2832 4280 2961 4334 Duae
3002 4281 3271 4347 metentes,
3301 4282 3351 4336 id
3383 4282 3520 4352 quod
3547 4283 3709 4337 etiam
3749 4285 3955 4358 nullam

2369 4370 2775 4426 sollicitudinem
2807 4371 3035 4427 exhibet.
3065 4372 3145 4427 Ad
3174 4373 3306 4435 ham,
3331 4373 3471 4444 quod
3499 4382 3552 4429 et
3577 4376 3742 4436 servi,
3774 4388 3830 4432 et
3858 4377 3956 4431 dc-

2370 4463 2520 4527 mini,
2552 4472 2605 4517 et
2629 4472 2963 4518 assumantur
2991 4473 3043 4518 et
3071 4463 3473 4534 relinquantur;
3501 4465 3586 4535 qui
3616 4465 3668 4519 in
3695 4467 3831 4532 otio,
3862 4468 3957 4539 qui

2372 4552 2422 4604 in
2452 4553 2652 4617 labore,
2679 4569 2743 4606 ex
2769 4552 2868 4608 hac
2894 4563 2948 4608 et
2974 4569 3038 4610 ex
3066 4555 3170 4610 alia
3199 4554 3453 4624 dignitate
3482 4574 3495 4610 :
3521 4555 3658 4611 sicut
3686 4557 3740 4613 in
3771 4557 3958 4616 Veteri

2369 4657 2580 4711 quoque
2617 4641 2886 4711 Scriptura
2912 4643 3126 4708 dicitur,
3159 4646 3202 4698 Α
3239 4645 3441 4699 sedente
3464 4647 3515 4699 in
3544 4646 3670 4700 solio
3699 4664 3862 4718 usque
3891 4651 3959 4703 ad

2369 4733 2616 4802 captivam
2641 4749 2756 4804 qua
2782 4735 2834 4788 in
2867 4737 3001 4789 mola
3033 4744 3103 4790 est
3131 4734 3341 4805 (Exod.
3381 4736 3469 4791 Η.
3510 4737 3544 4791 5
3565 4734 3621 4808 )._
3641 4736 3776 4806 Quia
3807 4718 3959 4796 enim

2370 4824 2519 4889 dixit,
2550 4824 2741 4881 divites
2763 4827 2980 4884 diﬂlcile
3007 4829 3182 4884 salvos
3212 4828 3347 4897 ﬁeri,
3369 4830 3620 4895 ostendit,
3652 4846 3832 4902 neque
3859 4832 3960 4890 hos

2370 4929 2555 4969 omnes
2579 4917 2839 4985 perituros
2866 4933 3005 4986 esse,
3034 4934 3205 4991 neque
3230 4935 3490 4990 pauperes
3513 4935 3699 4977 omnes
3725 4925 3960 4981 salutem

2369 5018 2822 5078 consequuturos,
2867 5010 2959 5065 sed
3007 5027 3074 5066 ex
3120 5013 3358 5083 utrisque
3399 5013 3655 5083 quosdam
3704 5018 3919 5072 servari
3945 5058 3964 5082 ,

2370 5096 2625 5167 quosdam
2666 5098 2859 5168 perire.
2896 5100 3112 5156 Videtur
3144 5111 3322 5158 autem
3367 5102 3496 5158 mihi
3531 5103 3836 5174 significare
3867 5104 3962 5161 ad-

2369 5200 2582 5245 ventum
2612 5192 2661 5245 in
2685 5201 2838 5247 nocte
2859 5191 3088 5247 futurum
3109 5207 3250 5248 esse.
3275 5193 3407 5249 Illud
3427 5193 3569 5248 enim
3595 5195 3756 5250 etiam
3779 5195 3964 5253 Lucas

2369 5280 2518 5351 (Cap.
2550 5284 2634 5338 i7.
2667 5283 2769 5354 δι)
2808 5282 2958 5338 dicit.
2987 5281 3173 5339 Viden'
3209 5284 3475 5354 quomodo
3498 5283 3676 5339 omnia
3697 5299 3962 5342 accurate

2370 5375 2556 5432 novit?
2594 5377 2822 5444 Deinde,
2855 5394 2922 5434 ne
2951 5378 3359 5449 interrogarent,
3383 5376 3654 5448 subjunxit
3683 5395 3697 5431 :
3736 5375 3965 5450 Vigilat:

2433 5596 2451 5662 ξ
2478 5595 2648 5662 Morel.
2667 5597 2812 5656 addit,
2837 5603 2882 5648 et
2897 5609 3006 5660 quis
3021 5597 3186 5662 futura
3206 5601 3334 5649 sunt.

2433 5659 2454 5688 ³
2476 5657 2619 5727 savii.
2636 5659 2687 5708 in
2725 5666 2884 5727 textu,
3048 5658 3098 5727 in
3130 5657 3266 5720 lecto,
3291 5659 3431 5712 etsic
3452 5660 3771 5727 ηριαι-ιωι
3794 5658 3954 5716 lor-el

2375 5726 2427 5771 et
2443 5720 2582 5771 savil.
2607 5723 2657 5772 in
2680 5723 2917 5786 margine,
2941 5719 3038 5772 duo
3057 5720 3110 5775 in
3128 5719 3264 5786 agro.
