4174 6332
267 446 371 502 705

268 579 404 636 ergo.
430 561 548 632 quia
569 561 769 616 nescitis
792 571 890 628 qua
917 560 1038 609 liora
1059 551 1303 606 Dominus
1317 557 1474 604 uester
1500 554 1740 636 venturus
1764 541 1850 636 sit.

267 627 384 711 Ndn
413 627 568 717 dixit,
595 627 811 711 Nescio,
840 645 958 712 sed,
993 642 1232 698 Nescitis.
1259 639 1393 694 Cum
1433 637 1575 692 enim
1608 634 1751 702 ipsos
1789 627 1854 684 ad

266 743 412 798 illam
442 756 578 813 pene
607 739 792 794 horam
821 736 1128 792 deduxisset
1156 739 1229 786 eL
1246 726 1609 783 constituisset
1627 763 1641 785 ,
1673 732 1855 775 rursus

265 833 333 888 ab
361 832 737 902 interrogando
765 836 972 892 avocat,
1001 823 1142 894 quod
1168 822 1298 877 velit
1323 820 1468 889 ipsos
1496 828 1708 884 semper
1735 825 1855 867 esse

265 925 541 980 sollicitos.
585 924 872 992 Pmpterea
902 917 1052 982 dicit,
1092 913 1325 985 Vigilate,
1353 909 1642 965 ostendens
1670 921 1730 962 se
1757 905 1855 961 hac

264 1013 335 1070 de
358 1028 521 1068 causa
548 1013 730 1069 dicere
754 1009 1009 1066 noluisse.
1039 1008 1126 1062 45,
1152 1004 1294 1059 Illud
1315 1012 1481 1056 autem
1507 1001 1701 1066 scitote,
1725 1014 1854 1069 quo-

263 1108 404 1160 niam
428 1107 473 1160 si
499 1107 648 1161 sciret
673 1101 1036 1175 paterfamilias
1055 1115 1154 1168 qua
1179 1097 1303 1150 liora
1331 1098 1414 1167 fur
1441 1103 1681 1148 venturus
1704 1100 1851 1156 esset,

263 1197 498 1266 vigilaret
523 1194 711 1264 utique,
735 1203 781 1248 et
801 1210 901 1248 non
921 1193 1104 1246 sineret
1126 1187 1326 1260 perfodi
1345 1187 1380 1240 d
1397 1201 1552 1239 tntum
1574 1199 1739 1237 suam.
1762 1182 1851 1236 44.

265 1287 395 1342 Ideo
432 1297 480 1341 et
520 1303 607 1341 vos
647 1295 801 1340 estote
831 1283 1031 1354 parati,
1061 1281 1180 1352 quia
1205 1294 1304 1348 qua
1332 1278 1459 1330 liora
1490 1291 1591 1329 non
1625 1273 1813 1343 putatis
1836 1313 1853 1340 ,

265 1378 436 1433 Filius
466 1379 681 1432 hominis
717 1378 898 1432 veniet.
930 1376 1214 1442 Propterea
1249 1371 1414 1436 dicit,
1445 1369 1557 1437 Qua
1588 1368 1716 1423 hora
1746 1381 1854 1422 non

264 1470 588 1538 exspectatis
613 1463 786 1524 veniet
812 1508 825 1529 ,
858 1475 916 1520 ut
942 1464 1200 1520 sollicitos
1225 1461 1412 1518 reddat
1439 1470 1494 1515 et
1521 1458 1731 1514 virtutis
1759 1474 1853 1514 co-

265 1559 437 1613 lenda:
467 1559 753 1614 studiosos.
783 1555 915 1612 Illud
942 1565 1117 1610 autem
1144 1553 1244 1609 sibi
1274 1552 1406 1617 vult,
1433 1550 1485 1606 Si
1516 1551 1715 1606 scirent
1744 1549 1856 1618 ple-

264 1649 420 1719 rique
449 1649 692 1704 homines
719 1647 1056 1720 quandonam
1084 1647 1190 1700 sint
1216 1644 1494 1712 morituri,
1523 1644 1851 1715 diligentiam

263 1753 415 1795 suam
441 1740 581 1794 circa
613 1739 755 1793 illam
776 1739 967 1795 horam
992 1737 1010 1768 ¹
1038 1736 1381 1794 exhiberem.

335 1831 388 1886 '5.
425 1829 526 1884 Cur
544 1827 777 1884 Christus
797 1828 910 1882 vita
929 1827 1171 1896 cujusque
1190 1826 1342 1894 ﬁnem
1362 1823 1608 1878 incertum
1627 1823 1850 1894 reliquit.

262 1908 332 1961 4—
361 1919 439 1976 Ne
466 1920 627 1990 igitur
653 1919 722 1975 de
749 1919 837 1974 illa
866 1918 976 1973 sola
1015 1915 1226 1974 solliciti
1262 1923 1441 1969 essent
1460 1955 1476 1980 ,
1507 1928 1678 1984 neque
1701 1927 1852 1968 eom-

263 2026 480 2065 munem
503 2011 644 2065 illam
667 2010 829 2074 diem,
855 2023 1028 2078 neque
1052 2006 1311 2076 cujusque
1333 2004 1517 2058 horam
1538 2003 1849 2068 declaravit,

262 2115 318 2158 ut
347 2119 562 2173 semper
587 2104 731 2158 illam
759 2110 1154 2171 exspectarent,
1181 2111 1499 2167 semperque
1524 2095 1716 2151 eodem
1739 2105 1854 2150 stu-

258 2195 352 2250 diu
390 2205 733 2260 tenerentur;
776 2191 895 2247 ideo
934 2192 1191 2260 cujusque
1227 2188 1350 2242 vitae
1390 2186 1549 2242 linem
1588 2186 1849 2242 incertum

259 2284 494 2353 reliquit.
527 2283 723 2337 Deinde
747 2290 932 2352 aperte
957 2296 1014 2334 se
1038 2278 1315 2333 Dominum
1345 2284 1515 2338 vocat,
1539 2290 1713 2346 neque
1733 2291 1852 2330 υῐυ·

256 2391 418 2446 quam
448 2375 520 2430 ita
549 2376 692 2430 clare
718 2373 947 2429 dixerat.
976 2372 1073 2426 llic
1101 2378 1280 2424 autem
1309 2368 1528 2423 videtur
1546 2368 1674 2423 mihi
1705 2368 1850 2424 desi-

256 2469 354 2524 des
376 2482 618 2536 carpere,
647 2466 737 2536 qui
767 2479 870 2519 non
899 2473 1098 2518 tantam
1135 2459 1390 2517 adhibent
1419 2461 1610 2515 animae
1640 2459 1850 2516 tuenda

256 2573 461 2620 curam.
485 2566 736 2629 quantam
760 2556 902 2611 circa
933 2554 1185 2624 pecunias
1208 2559 1510 2606 monstrant
1530 2551 1562 2605 ii
1588 2552 1676 2622 qui
1702 2549 1852 2606 fures

257 2657 524 2706 metuunt.
552 2646 684 2702 Nam
713 2646 764 2700 bi
794 2646 837 2700 si
870 2645 988 2700 illos
1015 2650 1364 2713 exspectent,
1401 2642 1656 2713 vigilant,
1688 2642 1848 2696 nibil-

255 2755 362 2812 que
382 2756 445 2795 ex
471 2737 761 2794 reconditis
779 2738 959 2792 sinunt
981 2735 1176 2791 auferri
1203 2752 1217 2790 :
1239 2749 1337 2789 vos
1355 2743 1555 2800 autem,
1577 2735 1674 2789 etsi
1700 2746 1849 2789 certo

254 2832 440 2886 sciatis
467 2841 747 2886 venturum
777 2829 925 2883 illum
951 2842 1092 2894 esse,
1118 2841 1225 2882 non
1255 2826 1502 2896 vigilatis,
1533 2826 1721 2896 inquit,
1749 2840 1850 2882 nec

253 2923 429 2993 parati
473 2922 638 2986 estis,
682 2935 750 2974 ne
796 2919 913 2974 sine
951 2917 1338 2989 prteparatione
1381 2919 1504 2971 hinc
1537 2916 1847 2975 discedatis.

253 3017 593 3086 Quapropter
610 3029 731 3068 cum
753 3011 988 3083 pernicie
1006 3011 1382 3065 dormientium
1401 3009 1518 3065 dies
1539 3011 1627 3065 ille
1648 3010 1843 3065 veniet.

253 3105 717 3173 Quemadmodum
747 3105 888 3159 enim
917 3103 1005 3158 ille
1032 3102 1076 3156 si
1104 3102 1267 3158 sciret
1292 3100 1412 3156 lurti
1445 3109 1654 3171 tempus
1672 3144 1688 3170 ,
1717 3102 1844 3157 illud

253 3197 445 3251 vitaret
471 3213 486 3249 :
514 3195 592 3250 sic
621 3204 676 3249 et
699 3209 827 3262 vos,
855 3195 898 3250 si
931 3194 1098 3264 parati
1129 3192 1318 3247 essetis
1337 3233 1351 3257 ,
1381 3191 1701 3263 etl‘ugeretis.
1741 3194 1844 3248 De-

250 3287 376 3343 inde
395 3287 519 3357 quia
543 3286 726 3356 judicii
753 3285 1079 3340 mentionem
1105 3284 1250 3346 fecit,
1275 3283 1339 3337 ad
1363 3283 1608 3339 doctores
1629 3284 1842 3339 demum

250 3391 555 3432 sermonem
577 3377 859 3441 convertit,
880 3391 944 3430 ac
965 3375 1031 3429 de
1055 3375 1329 3444 suppliciis
1352 3383 1404 3428 et
1429 3375 1663 3444 pra-unis
1685 3375 1842 3430 verba

248 3468 397 3534 facit,
424 3479 479 3522 et
505 3482 626 3524 cum
658 3469 828 3538 primo
856 3467 1023 3522 bonos
1050 3473 1416 3529 memorasset,
1448 3465 1499 3518 itt
1533 3475 1844 3535 peccatores

246 3559 466 3621 desinit,
494 3573 558 3612 ac
583 3559 829 3614 timorem
862 3558 1122 3612 incutiens
1143 3559 1163 3588 ³
1194 3557 1354 3611 tinem
1385 3557 1594 3611 dicendi
1623 3557 1768 3611 facit.

333 3648 504 3704 Verbis
530 3648 718 3704 Christi
744 3649 935 3715 Deique
959 3650 1012 3702 in
1040 3649 1262 3702 medium
1287 3647 1539 3714 adductis,
1567 3665 1679 3720 quat
1698 3651 1842 3719 igno-

247 3741 469 3795 rantiam
511 3757 724 3812 arguere
771 3741 1039 3804 uidentur;
1082 3740 1363 3811 explicatur
1399 3756 1554 3809 quare
1593 3742 1666 3794 sic
1705 3740 1842 3796 Deus

245 3831 520 3887 identidem
542 3833 608 3886 sit
631 3831 848 3886 locutus.
875 3860 944 3872 -—-
969 3831 1167 3886 Idcirco
1199 3832 1369 3900 primo
1393 3830 1524 3885 dicit
1555 3848 1568 3883 :
1595 3831 1686 3886 45.
1715 3831 1840 3899 Quis

244 3939 365 3993 ergo
391 3928 464 3978 est
493 3922 658 3992 ﬁdelis
685 3938 857 3976 servus
885 3930 929 3976 et
970 3921 1221 3990 prudens,
1252 3936 1397 3990 quem
1435 3921 1691 3974 constituit
1739 3921 1842 3976 Do-

247 4017 415 4071 minus
443 4016 552 4086 ejus
577 4031 731 4086 super
766 4015 1014 4084 familiam
1050 4029 1197 4068 suam
1221 4053 1237 4080 ,
1265 4022 1319 4066 ut
1344 4014 1426 4067 det
1459 4011 1565 4067 illis
1593 4013 1760 4067 cibum
1783 4013 1839 4068 in

245 4119 471 4178 tempore
488 4109 516 4162 2
541 4108 632 4162 tu.
662 4105 852 4160 Beatus
879 4123 1052 4161 seruus
1079 4105 1195 4170 ille,
1222 4121 1369 4175 quem
1457 4115 1578 4154 cum
1641 4103 1835 4158 venerit

251 4199 510 4253 Dominus
531 4243 547 4265 ,
607 4198 849 4253 invenerit
873 4198 944 4252 sic
971 4197 1257 4267 facientem.
1292 4196 1382 4250 47.
1413 4194 1572 4251 Amen
1610 4197 1724 4250 dico
1748 4213 1837 4252 vo-

243 4292 319 4343 bis
339 4330 354 4352 ,
383 4305 535 4360 super
573 4290 742 4343 omnia
769 4291 898 4344 bona
932 4305 1026 4343 sua
1065 4289 1330 4343 constituet
1364 4305 1497 4342 eum.
1526 4286 1721 4357 Quatso
1750 4299 1802 4345 te
1819 4332 1835 4357 ,

242 4396 370 4434 unm
415 4380 519 4435 hoc
556 4381 851 4450 ignorantis
888 4380 1011 4435 est?
1041 4378 1098 4436 Si
1134 4381 1277 4435 enim
1306 4380 1429 4451 quia
1455 4380 1626 4446 dixit,
1662 4379 1839 4452 Neque

244 4473 415 4527 Filius
444 4473 580 4527 norit
603 4513 618 4537 ,
648 4473 820 4543 ipsum
863 4476 1111 4542 ignorare
1142 4472 1277 4528 dicis
1310 4490 1325 4528 :
1353 4474 1476 4544 quia
1507 4473 1681 4538 dixit,
1711 4474 1837 4541 Quis

242 4576 315 4619 est
339 4581 482 4636 ergo,
509 4563 635 4636 quid
656 4565 892 4621 dixeris?
913 4581 979 4621 an
1007 4566 1154 4620 illum
1184 4565 1431 4636 ignorare
1456 4565 1639 4622 dices?
1663 4567 1833 4623 Absit.

241 4657 321 4713 Ne
358 4655 575 4724 quidem
613 4671 680 4712 ex
720 4665 902 4714 mente
944 4657 1112 4726 captis
1149 4657 1413 4727 quispiam
1454 4656 1556 4712 hoc
1592 4657 1786 4712 dixerit
1818 4675 1832 4714 :

241 4748 455 4802 etiamsi
495 4747 565 4802 ibi
603 4761 821 4803 causam
863 4746 1101 4816 proferre
1130 4747 1434 4816 possimus,
1467 4745 1556 4801 hic
1579 4761 1708 4802 vero
1733 4751 1835 4802 mi-

243 4839 412 4893 nime.
445 4837 580 4906 Quid
611 4846 788 4892 autem
817 4852 938 4891 cum
968 4836 1124 4902 dicit,
1152 4836 1338 4903 Petre,
1367 4853 1511 4891 amas
1537 4853 1617 4890 me
1645 4837 1833 4910 (Jonn.

240 4930 334 4985 21.
372 4930 504 4999 l5)?
529 4946 654 4985 num
682 4929 811 4986 illud
837 4944 1047 5000 quoque
1077 4928 1398 4999 ignorabat?
1421 4937 1515 4984 aut
1539 4945 1662 4984 cum
1687 4930 1836 4997 dicit,

247 5025 348 5079 Ubi
389 5025 623 5096 posuistis
664 5039 778 5078 eum
816 5021 991 5093 (Ibid.
1034 5023 1119 5077 Il.
1149 5021 1303 5092 34)?
1347 5021 1458 5076 Imo
1486 5032 1541 5077 et
1580 5022 1736 5077 Pater
1763 5023 1840 5078 sic

243 5115 392 5186 loqui
418 5114 861 5184 deprehenditur.
897 5113 1027 5168 Nam
1068 5125 1120 5169 et
1160 5113 1274 5184 ipse
1300 5116 1378 5168 ait
1408 5132 1421 5168 :
1449 5114 1648 5177 Adam,
1678 5115 1764 5168 ubi
1789 5132 1840 5170 es

242 5207 399 5278 (Gen.
429 5206 482 5262 3.
510 5205 612 5276 9)?
641 5214 729 5269 et,
762 5205 966 5259 Clamor
1006 5205 1349 5259 Sodomorum
1379 5206 1743 5276 multiplicatus
1768 5216 1841 5261 est

240 5298 386 5368 apud
410 5312 510 5350 me.
538 5295 858 5350 Descendens
878 5297 1032 5368 igitur
1051 5296 1245 5360 videbo,
1274 5296 1318 5350 si
1344 5297 1620 5350 secundum
1651 5298 1839 5349 clamc-

240 5407 349 5446 rem
391 5404 586 5454 eorum,
614 5389 702 5456 qui
730 5390 861 5442 venit
886 5389 955 5441 ad
983 5405 1079 5452 me,
1110 5387 1342 5458 faciunt;
1371 5390 1412 5441 si
1439 5398 1607 5441 autent
1633 5405 1756 5451 non,
1783 5397 1838 5442 ut

241 5496 544 5550 cognoscam
570 5479 732 5552 (Ibid.
758 5479 844 5535 18.
869 5478 960 5534 20.
985 5479 1098 5548 21).
1129 5479 1194 5533 Et
1217 5480 1338 5533 alibi
1366 5480 1439 5533 ait
1467 5497 1480 5534 :
1507 5478 1567 5533 Si
1592 5479 1724 5547 forte
1746 5495 1840 5533 au-

243 5574 426 5639 diunt,
453 5573 496 5627 si
525 5574 657 5643 forte
681 5571 965 5642 intelligant
987 5571 1195 5641 (Ezech.
1224 5571 1278 5625 2.
1310 5573 1385 5641 5).
1417 5573 1481 5627 Et
1511 5572 1561 5625 in
1599 5571 1839 5643 Evange-

243 5665 317 5720 liu
337 5705 355 5731 ,
392 5664 542 5719 Forte
569 5661 926 5719 reverebantur
960 5662 1154 5718 Filium
1194 5681 1356 5719 meum
1389 5663 1552 5736 (Luc.
1583 5663 1671 5720 ΞΟ.
1708 5667 1834 5738 15).

307 5834 322 5863 ⁸
350 5829 446 5880 Alii
487 5832 663 5880 habent
690 5827 842 5886 diem,
863 5840 973 5890 pro,
993 5826 1179 5876 Iwram.

307 5895 327 5925 ⁸
351 5892 468 5953 Alii,
501 5899 544 5946 et
568 5892 766 5944 utilitati
789 5892 1055 5945 consulem.

1180 434 1244 490 IN
1283 426 1694 490 MATTHJEUM
1737 423 1965 480 IIOMII..
2011 422 2266 478 LXXVII.
2307 423 2378 478 al.
2420 415 2697 473 LXXVIII.

3457 415 3564 472 τοῦ

1964 536 2094 603 Quae
2123 537 2299 590 omnia
2331 534 2646 603 ignorantia:
2673 533 2831 588 verba
2858 541 3029 588 erant.
3053 530 3251 588 Verum
3278 544 3382 584 non
3411 528 3564 600 igno-

1961 641 2085 680 rans
2117 625 2231 682 ha‘c
2261 625 2467 679 dicebat
2493 667 2506 690 ,
2538 624 2633 680 sed
2662 636 2720 679 ut
2752 625 2817 678 iis
2842 639 2960 694 qua:
2986 637 3122 690 opus
3152 630 3306 677 erant
3341 619 3558 693 prospi-

1959 729 2108 772 ceret
2138 735 2149 771 :
2180 718 2232 772 in
2263 718 2488 781 Adamo,
2520 728 2576 772 ut
2609 728 2725 785 post
2755 725 3030 786 peccatum
3058 715 3207 769 illum
3234 714 3300 768 ad
3330 728 3561 769 excusa-

1962 810 2160 863 tionem
2195 807 2504 868 iuduceret;
2539 809 2589 861 in
2629 808 2922 863 Sodomitis
2942 848 2957 873 ,
2992 815 3050 862 ut
3079 821 3177 861 nos
3205 805 3422 862 doceret
3451 821 3561 860 non

1961 901 2106 972 prius
2137 903 2459 956 sententiam
2487 916 2612 955 esse
2643 899 2940 965 ferendam,
2970 914 3129 969 quam
3158 899 3302 968 ipsis
3329 914 3414 954 res
3443 913 3554 967 per-

1960 992 2328 1062 spiceremus;
2362 992 2414 1045 in
2461 989 2720 1061 propheta
2750 999 2930 1044 autem
2967 989 3036 1043 ita
3079 988 3335 1059 loquitur.
3363 1003 3430 1042 ne
3461 1003 3552 1057 pn-

1961 1090 2072 1134 tent
2097 1081 2327 1151 imperiti
2351 1096 2380 1134 a
2406 1081 2751 1150 prmdictione
2776 1079 3148 1134 necessitatem
3171 1077 3457 1145 quamdam
3481 1079 3563 1133 in-

1961 1173 2086 1249 ferri
2119 1189 2225 1228 non
2253 1173 2534 1228 obcdiendi
2561 1190 2575 1237 ;
2607 1174 2658 1227 in
2698 1171 2947 1242 parabola
2972 1177 3154 1228 autem
3176 1170 3474 1240 Evangelii,
3505 1179 3563 1241 ut

1961 1267 2211 1321 ostendat
2241 1267 2543 1336 oportuisse
2587 1266 2706 1320 illos
2746 1265 2939 1319 Filium
2971 1277 3126 1318 suum
3167 1263 3446 1326 revereri;
3479 1261 3564 1317 hic

1961 1371 2123 1421 vero,
2160 1372 2227 1412 ne
2266 1357 2529 1411 curiosius
2568 1357 2870 1426 inquirant,
2921 1363 2975 1409 et
3023 1364 3080 1409 ut
3121 1353 3370 1410 ostendat
3417 1353 3563 1407 illam

1959 1449 2318 1518 cognitionem
2360 1447 2648 1501 admodum
2695 1461 2816 1501 esse
2861 1461 3036 1500 raram
3067 1453 3124 1500 et
3156 1445 3468 1515 pretiosam.
3502 1443 3566 1498 Et

1958 1538 2080 1594 vide
2114 1547 2365 1610 quantam
2397 1538 2750 1609 ignorantiam
2793 1538 2897 1594 hoc
2936 1536 3156 1593 verbum
3189 1537 3447 1592 indicaret
3474 1577 3488 1600 ,
3522 1537 3566 1590 si

1961 1627 2107 1684 illum
2154 1630 2424 1700 ignoraret
2466 1646 2625 1701 quem
2667 1631 2963 1684 constituit.
2998 1628 3129 1683 Nam
3172 1629 3316 1684 illum
3350 1628 3562 1683 beatum

1960 1722 2210 1789 prtcdicat
2244 1739 2256 1775 :
2290 1721 2479 1778 Beatus
2508 1723 2673 1790 enim,
2709 1723 2898 1791 inquit,
2928 1739 3100 1776 seruus
3125 1722 3248 1786 ille;
3281 1737 3455 1792 neque
3481 1721 3564 1775 di-

1955 1813 2050 1873 cit.
2079 1816 2198 1884 quis
2225 1815 2312 1870 ille
2333 1816 2402 1870 sit
2432 1833 2444 1868 :
2477 1831 2598 1870 nam
2631 1815 2727 1882 ait,
2759 1815 2886 1881 Quis
2913 1816 3046 1869 enim
3070 1823 3164 1874 est.
3194 1832 3343 1884 quem
3371 1815 3563 1868 consti-

1959 1916 2062 1960 tuet
2103 1907 2340 1963 dominus
2379 1910 2541 1962 suus?
2565 1919 2652 1975 et,
2684 1907 2872 1962 Beatus
2912 1908 3340 1977 quemjnveuerit
3367 1907 3439 1961 sic
3476 1910 3561 1979 fa-

1957 1997 2187 2051 cientem.
2243 1999 2366 2053 llare
2407 2008 2584 2053 autetn
2632 2013 2739 2054 non
2779 1999 2847 2053 de
2885 2000 3125 2068 pecuniis
3170 2007 3373 2053 tantum
3418 1999 3559 2055 dicta

1957 2098 2111 2156 sunt,
2143 2089 2236 2145 sed
2266 2091 2424 2144 etiam
2451 2091 2518 2144 de
2546 2089 2715 2147 verbo
2744 2099 2798 2145 et
2826 2091 2893 2146 de
2923 2091 3153 2156 virtute,
3185 2090 3254 2145 de
3281 2090 3472 2146 donis‘
3503 2101 3559 2147 et

1955 2179 2354 2249 dispensatione
2385 2183 2576 2251 cuique
2607 2182 2916 2236 commissa.
2953 2181 3078 2236 llam
3106 2181 3355 2251 parabola
3387 2183 3559 2254 magi-

1955 2271 2208 2326 stratibus
2235 2288 2447 2342 quoque
2470 2273 2670 2342 optime
2696 2281 2988 2341 competat.-
3016 2271 3253 2342 Quisque
3268 2273 3417 2328 enim
3445 2288 3560 2328 om~

1956 2362 2064 2425 nia,
2091 2378 2210 2432 quae
2241 2377 2336 2417 sua
2366 2372 2511 2429 sunt,
2539 2362 2604 2417 ad
2628 2378 2972 2418 communem
3001 2364 3283 2417 utilitatem
3309 2362 3560 2419 conferre

1954 2451 2133 2507 debet.
2160 2452 2284 2508 Sive
2305 2451 2622 2524 sapientiam
2650 2452 2869 2520 habeas,
2899 2453 3012 2509 sive
3045 2453 3421 2524 principatum,
3445 2453 3561 2511 sive

1953 2545 2168 2602 divitias
2187 2587 2201 2613 ,
2231 2546 2344 2601 sive
2368 2546 2579 2617 quidvis
2608 2546 2752 2601 aliud
2773 2588 2788 2611 ,
2821 2561 2889 2600 ne
2913 2546 2981 2601 ad
3010 2547 3394 2602 detrimentum
3424 2561 3561 2603 con-

1953 2651 2254 2706 servorum,
2284 2654 2418 2693 neve
2447 2638 2513 2693 ad
2541 2639 2833 2710 perniciem
2861 2638 2933 2692 sit
2960 2648 3125 2692 tuam.
3159 2637 3280 2693 Ideo
3307 2639 3468 2695 ambo
3490 2639 3560 2695 ab

1955 2729 2046 2784 illo
2075 2730 2334 2800 requirit,
2364 2740 2417 2784 et
2448 2729 2784 2799 prudentiam
2813 2739 2868 2784 et
2901 2729 3081 2785 Iidem.
3112 2729 3246 2785 Nam
3281 2742 3559 2800 peccatum

1952 2819 2022 2873 ab
2042 2821 2274 2876 amentia
2297 2821 2556 2891 originem
2589 2819 2755 2874 ducit.
2786 2819 3022 2874 Fidelem
3054 2821 3201 2874 illtnn
3230 2831 3406 2882 vocat.
3433 2821 3559 2892 quia

1953 2927 2017 2966 ex
2049 2912 2206 2966 rebus
2231 2912 2433 2967 domini
2464 2912 2592 2966 nihil
2621 2911 2702 2965 vel
2734 2911 2785 2965 in
2816 2926 2929 2966 rem
2961 2925 3114 2966 suam
3145 2912 3445 2978 convertit,
3474 2913 3557 2968 vel

1953 3018 2232 3073 perperam
2260 3003 2513 3075 expendit
2537 3019 2552 3069 ;
2584 3003 2898 3073 prudentem
2926 3017 3053 3057 vero
3073 3045 3086 3067 ,
3115 3002 3238 3072 quia
3269 3003 3370 3058 sibi
3400 3018 3554 3059 com-

1953 3096 2112 3149 missa
2144 3106 2199 3149 ut
2229 3111 2325 3167 par
2350 3103 2468 3150 erat
2492 3095 2908 3149 administravit.
2941 3093 3180 3165 Utraque
3203 3095 3346 3150 enim
3372 3111 3430 3151 re
3456 3111 3556 3151 no-

1949 3186 2032 3239 bis
2069 3201 2206 3256 opus
2242 3196 2361 3252 est,
2392 3201 2461 3242 ne
2498 3185 2704 3241 scilicet
2733 3201 2853 3255 qua:
2882 3186 3083 3240 domini
3123 3195 3249 3241 sunt
3279 3185 3436 3242 nobis
3461 3202 3552 3242 ra-

1949 3277 2197 3348 piamus,
2226 3287 2280 3332 et
2324 3287 2383 3332 ut
2422 3287 2723 3347 opportune
2768 3277 2861 3345 illa
2899 3275 3292 3347 dispensemus.
3332 3274 3466 3334 Nam
3503 3278 3553 3333 si

1949 3372 2176 3427 alterum
2218 3371 2392 3438 absit,
2423 3372 2651 3426 alterum
2681 3370 2964 3427 claudicat.
3007 3370 3062 3427 Si
3108 3370 3282 3426 Ildelis
3320 3371 3420 3437 sit,
3454 3387 3557 3429 nec

1949 3465 2155 3520 foretur
2173 3507 2189 3532 ,
2217 3463 2310 3519 sed
2338 3465 2611 3535 superﬂue
2636 3463 2702 3519 ad
2731 3463 2864 3518 nihil
2906 3462 3036 3517 utile
3067 3462 3339 3532 expendat
3365 3462 3505 3519 bona
3529 3504 3547 3530 ,

1948 3572 2200 3627 magnum
2223 3569 2304 3612 cat
2331 3547 2610 3627 peceatum
2636 3571 2651 3620 ;
2685 3556 2730 3610 si
2760 3555 2893 3610 sciat
2920 3563 3065 3610 recte
3086 3553 3424 3625 dispensare,
3453 3554 3550 3608 sed

1946 3649 2168 3714 luretur,
2204 3663 2390 3704 rursus
2420 3662 2524 3703 non
2570 3648 2683 3703 leve
2721 3646 2927 3701 crimen
2966 3653 3068 3701 est.
3107 3644 3235 3700 ﬂare
3270 3643 3554 3700 audiamus

1947 3742 2035 3812 qui
2067 3741 2340 3811 pecuniosi
2373 3756 2576 3794 sumus.
2605 3739 2720 3795 Non
2746 3739 2891 3795 enim
2914 3737 3166 3793 doctores
3189 3746 3392 3793 tantum
3419 3738 3554 3794 allo-

1946 3834 2146 3904 quitur,
2174 3833 2270 3887 sed
2299 3832 2460 3889 etiam
2492 3831 2711 3886 divites.
2743 3829 2996 3900 Utrisque
3025 3829 3168 3884 enim
3199 3828 3398 3883 divitiae
3422 3844 3554 3884 con-

1945 3924 2165 3978 credita:
2195 3933 2360 3989 sunt;
2393 3921 2705 3978 doctoribus
2738 3922 2838 3976 ill-.12
2863 3936 2983 3989 qua:
3022 3921 3192 3991 magis
3230 3922 3554 3977 necessaria:

1944 4023 2104 4081 sunt;
2134 4014 2286 4069 vobis
2314 4029 2393 4068 ea:
2418 4029 2539 4085 qua:
2570 4013 2792 4068 minoris
2817 4021 2943 4066 sunt
2973 4012 3150 4081 pretii.
3184 4009 3272 4077 Si,
3298 4011 3425 4065 dum
3454 4011 3554 4067 do-

1942 4116 2122 4162 ctores
2152 4107 2352 4176 majora
2384 4107 2732 4177 dispergunt,
2764 4121 2859 4160 vos
2887 4121 2954 4159 ne
2985 4105 3036 4158 in
3067 4104 3303 4159 minimis
3329 4104 3548 4174 quidem

1943 4201 2119 4255 velitis
2148 4200 2522 4257 liberalitatem
2554 4199 2851 4264 exhibere;
2881 4198 2989 4252 imo
3013 4213 3118 4252 non
3148 4197 3546 4260 liberalitatem,

1944 4291 2038 4346 sed
2078 4302 2286 4361 gratum
2333 4292 2573 4346 animum
2609 4292 2629 4361 (
2646 4305 2767 4344 nam
2798 4289 2970 4344 aliena
3001 4287 3177 4358 datis)
3202 4330 3217 4352 ,
3245 4304 3364 4359 qua:
3396 4288 3553 4344 vobis

1942 4384 2046 4438 erit
2083 4381 2368 4439 defensio?
2404 4383 2509 4439 Sed
2560 4382 2772 4438 interim
2795 4423 2810 4448 ,
2846 4391 2970 4436 ante
3010 4381 3330 4451 supplicium
3362 4396 3550 4436 corum

1942 4476 2031 4546 qui
2062 4475 2201 4530 male
2231 4484 2543 4544 operantur,
2575 4474 2692 4543 ejus
2725 4472 2815 4542 qui
2857 4470 3025 4542 probe
3063 4487 3122 4525 se
3151 4472 3318 4542 gessit
3348 4485 3552 4526 merce-

1941 4570 2064 4625 dem
2087 4569 2366 4624 audiamus
2391 4588 2404 4623 :
2428 4569 2585 4622 Amen
2612 4567 2726 4620 dico
2746 4565 2904 4630 vobis,
2928 4581 3082 4634 super
3105 4564 3275 4618 omnia
3306 4564 3437 4617 bona
3456 4581 3551 4619 sua

1941 4661 2211 4715 constituet
2238 4676 2376 4715 eum.
2408 4659 2542 4727 Quid
2575 4659 2695 4712 huic
2721 4657 2910 4712 honori
2940 4671 3036 4726 par
3061 4670 3182 4710 esse
3207 4655 3409 4726 possit?
3428 4671 3550 4726 quae

1941 4753 2115 4808 oratio
2159 4752 2295 4807 hanc
2334 4751 2646 4821 dignitatem
2674 4790 2688 4815 ,
2718 4749 2858 4804 hanc
2902 4748 3288 4803 beatitudinem
3331 4749 3550 4818 assequi

1944 4846 2132 4914 possit,
2166 4843 2382 4914 quando
2407 4843 2660 4897 caelorum
2688 4841 2826 4907 Rex,
2856 4841 3008 4910 cujus
3047 4849 3172 4894 sunt
3211 4839 3416 4905 omnia,
3448 4839 3548 4895 ho-

1945 4937 2142 4992 minem
2186 4952 2349 5006 super
2391 4936 2570 4990 omnia
2620 4934 2758 4988 bona
2805 4949 2900 4987 sua
2941 4930 3279 4986 constituet?
3313 4929 3551 5002 Ideoque

1949 5023 2272 5088 prudentem
2303 5022 2483 5091 ipsum
2509 5032 2689 5088 vocat,
2724 5024 2851 5091 quia
2888 5021 3042 5075 novit
3077 5036 3275 5091 magna
3305 5035 3404 5089 pro
3424 5040 3551 5094 par-

1948 5118 2032 5172 vis
2057 5133 2164 5171 nor.
2191 5117 2503 5182 dimittere;
2527 5115 2621 5172 sed
2652 5132 2776 5171 cum
2807 5116 2897 5172 hic
2925 5126 3297 5186 temperanter
3318 5119 3550 5190 egisset,

1947 5212 2120 5267 caelos
2147 5222 2526 5282 consequutus
2555 5213 2662 5266 est!

2012 5301 2068 5357 4.
2097 5299 2332 5366 Deinde,
2364 5297 2415 5354 id
2441 5298 2583 5368 quod
2615 5312 2832 5366 semper
2860 5294 2984 5351 facit
3005 5336 3021 5364 ,
3054 5311 3161 5352 non
3201 5313 3266 5353 ex
3309 5299 3546 5368 reposito

1941 5392 2098 5448 bonis
2127 5391 2372 5462 praemio,
2396 5389 2490 5444 sed
2521 5405 2587 5444 ex
2619 5387 3040 5444 comminatione
3082 5403 3255 5459 pinnas
3288 5389 3548 5461 improbis

1941 5495 2139 5554 parata:
2176 5483 2473 5537 auditorem
2520 5480 2742 5551 corrigit
2773 5499 2787 5534 :
2819 5479 3048 5549 ideoque
3091 5481 3368 5549 subjunin
3402 5498 3416 5535 :
3452 5483 3545 5537 48.

1943 5578 2004 5633 Si
2031 5587 2194 5631 autem
2217 5577 2400 5630 dixerit
2424 5592 2638 5644 nequam
2665 5590 2836 5628 servus
2858 5573 2944 5627 ille
2963 5574 3015 5627 in
3035 5579 3188 5626 corde
3209 5590 3322 5639 suo,
3345 5572 3547 5629 Tardat

1941 5671 2174 5722 dominus
2201 5685 2341 5722 meus
2366 5669 2561 5729 venire,
2591 5666 2677 5720 49.
2706 5674 2753 5717 et
2783 5664 3024 5735 inceperit
3053 5665 3312 5719 verberare
3342 5682 3545 5720 conser-

1940 5779 2024 5816 vos
2049 5780 2182 5820 suos,
2215 5763 2484 5815 comederit
2510 5770 2678 5813 autent
2713 5770 2760 5812 et
2786 5760 2964 5813 biberit
2994 5776 3107 5813 cum
3134 5761 3284 5814 ebriis
3305 5776 3327 5814 .°
3345 5763 3434 5815 5t).
3460 5777 3545 5813 oe-

1935 5855 2175 5968 “;Hmc,
2198 5856 2256 5908 de
2280 5856 2439 5920 donis,
2462 5870 2512 5906 tu
2555 5872 2655 5909 uno
2700 5856 2872 5909 codice
2908 5860 3110 5912 desunt.
3143 5861 3206 5912 Υ.
3231 5859 3377 5913 Field
3393 5861 3458 5912 ad
3478 5875 3531 5927 ρ.
