4174 6332
605 464 706 521 707

605 574 708 627 niet
734 569 962 624 dominus
986 564 1111 623 seni
1138 564 1275 620 illius
1297 564 1348 619 in
1377 562 1458 619 die
1478 577 1578 632 qua
1605 575 1704 613 non
1728 563 2009 625 exspectat,
2041 561 2090 606 et
2114 550 2166 604 in

607 666 730 717 hora
755 677 855 733 qua
881 677 980 715 non
1004 659 1171 727 novit,
1200 657 1287 715 5i.
1316 666 1363 711 et
1390 656 1575 710 diuidet
1602 669 1714 707 eum
1732 692 1749 718 ,
1779 662 1822 704 et
1849 658 2037 718 partem
2066 645 2173 715 ejus

605 770 717 808 eum
741 753 1014 823 hypocritis
1042 760 1208 816 ponet.
1239 748 1319 803 Ibi
1341 749 1434 802 erit
1463 748 1610 817 ﬂetus
1637 755 1682 798 et
1719 742 1903 798 stridor
1929 739 2170 793 dentium.

602 846 657 900 Si
687 845 807 916 quis
834 859 961 898 vero
989 843 1184 900 dixerit
1215 859 1231 898 :
1258 840 1446 896 Viden‘
1473 855 1590 909 qua:
1628 837 1876 907 cogitatio
1911 831 2168 894 subierit,

601 935 742 1003 quod
779 933 894 990 dies
924 935 1007 989 ilta
1048 949 1153 988 non
1192 941 1314 988 nota
1343 930 1523 986 esset?
1554 927 1739 982 Tentat
1769 926 1908 980 enim
1939 923 2174 975 dominus

602 1039 777 1088 meus,
821 1023 989 1093 inquit
1019 1042 1032 1076 :
1063 1021 1499 1092 respondebimus
1533 1017 1687 1073 :Non
1728 1015 1868 1085 quod
1909 1013 2024 1068 dies
2065 1025 2171 1065 non

603 1124 726 1168 nota
750 1124 911 1177 esset,
935 1113 1025 1167 sed
1046 1111 1186 1181 quod
1213 1110 1479 1181 improbus
1499 1110 1568 1164 sit
1591 1121 1794 1172 servus,
1820 1105 1870 1160 id
1891 1104 2167 1159 accidisse.

603 1203 732 1260 Nam
757 1220 850 1258 cur
877 1203 1184 1274 prudentem
1213 1211 1267 1256 et
1292 1201 1501 1256 ﬁdelem
1530 1215 1624 1270 par
1645 1197 1890 1269 cogitatio
1919 1210 2021 1250 non
2046 1193 2170 1248 sub-

603 1295 704 1348 iit?
728 1295 854 1360 Cur,
886 1296 1067 1358 miser,
1093 1293 1217 1364 quia
1255 1292 1427 1347 tardat
1453 1292 1732 1356 duminus,
1763 1287 1985 1359 sperasti
2026 1287 2172 1341 illum

604 1401 886 1456 numquam
914 1384 1236 1456 venturum?
1261 1399 1356 1438 cur
1381 1399 1483 1436 non
1510 1382 1764 1436 sollicitut
1793 1379 1888 1435 es?
1915 1379 2048 1433 Hinc
2079 1377 2175 1449 igi-

604 1487 690 1533 tur
708 1478 980 1542 discimus,
1004 1492 1107 1531 non
1131 1475 1340 1531 tardare
1365 1475 1669 1530 Dominum.
1694 1472 1815 1527 “(Et
1835 1472 2029 1542 quippe
2054 1485 2175 1524 sen-

605 1567 765 1622 tentia
797 1581 898 1620 non
923 1566 1140 1629 domini,
1170 1566 1263 1621 sed
1298 1565 1520 1635 improbi
1549 1563 1687 1618 servi
1715 1571 1834 1626 est;
1867 1561 2096 1629 ideoque
2122 1560 2174 1613 in

603 1657 804 1712 crimen
834 1666 1068 1712 vocatur.
1097 1655 1213 1710 Non
1253 1655 1462 1709 tardare
1498 1655 1640 1708 enim
1680 1651 1802 1706 audi
1841 1651 2059 1704 Paulum
2089 1648 2174 1703 di-

603 1757 812 1802 centem
845 1765 858 1800 :
891 1746 1136 1800 Dominus
1165 1762 1320 1816 prape
1346 1753 1453 1810 est,
1484 1742 1614 1798 nihil
1646 1742 1850 1797 solliciti
1877 1741 1983 1795 sitis
2011 1738 2175 1811 (Phi-

604 1837 732 1906 lipp.
763 1837 816 1891 4.
845 1836 897 1891 5.
926 1835 979 1902 6)
1009 1851 1024 1901 ;
1055 1845 1128 1900 et,
1163 1835 1260 1902 Qui
1291 1845 1524 1890 uenturus
1550 1845 1621 1887 est
1647 1834 1804 1887 ueniet
1824 1874 1838 1896 ,
1866 1841 1913 1885 et
1941 1848 2039 1885 non
2065 1839 2173 1882 tar-

604 1929 742 1983 dabit
770 1925 964 1999 (Hebr.
995 1926 1080 1981 10.
1113 1926 1180 1980 57
1206 1932 1241 1994 ).
1272 1925 1349 1980 Tu
1389 1939 1516 1980 vero
1551 1940 1669 1994 qua:
1699 1933 1992 1992 sequuntur
2015 1920 2136 1976 audi
2157 1961 2173 1985 ,

605 2027 658 2073 et
685 2019 830 2073 disce
854 2032 1010 2086 quam
1020 2017 1328 2089 frequenter
1341 2015 1735 2084 ignorationem
1750 2013 1854 2070 diei
1873 2013 1926 2069 in
1944 2021 2176 2068 mentem

609 2115 860 2174 revocet,
893 2109 1065 2163 servis
1103 2106 1390 2162 ostendens
1422 2105 1473 2161 id
1505 2104 1634 2160 utile
1663 2119 1783 2160 esse
1806 2143 1822 2169 ,
1854 2114 1906 2158 et
1932 2102 2178 2158 sufﬁcere

607 2211 663 2256 ut
693 2202 808 2256 illos
839 2215 869 2253 a
898 2212 1088 2255 somno
1114 2199 1306 2253 excitet
1328 2205 1385 2252 et
1409 2197 1594 2266 erigat.
1627 2193 1763 2262 Quid
1802 2193 1944 2248 enim
1971 2192 2016 2246 si
2047 2191 2176 2246 nihil

606 2293 818 2362 quidam
848 2290 970 2346 inde
996 2266 1192 2346 luctati
1209 2289 1368 2345 sunt?
1397 2287 1579 2359 Neque
1599 2287 1741 2342 enim
1763 2285 1830 2341 ab
1852 2284 1970 2340 aliis
1990 2284 2180 2355 juvan-

606 2385 745 2440 tibus
785 2383 911 2455 quid
953 2383 1223 2452 assequoti
1264 2390 1388 2437 sunt
1415 2399 1430 2435 :
1462 2392 1693 2437 attamen
1739 2379 1826 2435 hic
1864 2393 1968 2433 non
2007 2385 2180 2432 cessat

606 2490 727 2544 quac
751 2489 842 2528 sua
871 2485 995 2528 sunt
1022 2473 1212 2528 lacere.
1242 2473 1375 2540 Quid
1401 2487 1549 2542 ergo,
1579 2472 1803 2542 inquies,
1835 2470 1884 2523 in
1911 2468 2180 2539 sequenti~

607 2564 742 2619 lius?
773 2563 942 2618 Veniet
965 2581 1064 2636 qua
1089 2565 1169 2617 die
1196 2581 1295 2618 non
1322 2573 1589 2634 exspectat,
1616 2573 1663 2617 et
1687 2564 1812 2617 hora
1834 2579 1933 2633 qua
1959 2563 2178 2633 ignorat,

607 2664 662 2712 et
689 2665 920 2710 extrema
956 2655 1054 2724 ipsi
1097 2654 1309 2710 inferet.
1341 2654 1504 2710 Vides
1540 2654 1809 2725 quomodo
1847 2653 1949 2708 hoc
1987 2653 2181 2722 ubique

610 2755 837 2817 repetat,
869 2746 1281 2816 ignorantiaeqee
1313 2745 1586 2800 utilitatem
1626 2751 1907 2809 monstret,
1935 2744 2012 2797 sic
2035 2743 2182 2798 solli-

609 2836 746 2890 citos
769 2850 979 2905 semper
1007 2835 1274 2890 reddens?
1303 2835 1413 2890 Hoc
1441 2836 1581 2891 enim
1607 2842 1690 2890 est
1716 2833 1856 2905 quod
1889 2833 2054 2903 magis
2082 2847 2178 2887 cu-

609 2941 727 2997 rat,
755 2940 814 2984 ut
841 2944 1054 2998 semper
1079 2929 1350 3000 vigilemus
1375 2947 1388 2982 :
1418 2937 1471 2984 et
1495 2929 1616 3000 quia
1651 2943 1864 2997 semper
1892 2927 1943 2981 in
1973 2925 2179 2981 deliciis

610 3019 886 3088 cedimus,
935 3020 987 3075 in
1029 3019 1416 3076 calamitatibus
1456 3034 1585 3074 vero
1621 3018 2018 3088 resipiscimus,
2058 3015 2181 3072 ideo

611 3111 806 3183 ubique
843 3110 944 3167 hoc
971 3109 1133 3175 dicit,
1163 3109 1374 3181 quando
1413 3110 1621 3165 remissi
1657 3110 1959 3180 inertesque
1994 3121 2181 3164 sumus

611 3214 739 3260 tunc
756 3203 891 3259 mala
913 3202 1173 3260 accidere.
1197 3203 1273 3257 Ac
1298 3201 1739 3273 quemadmodum
1767 3195 1924 3273 supra
1949 3215 2044 3272 per
2067 3199 2180 3256 Noe

611 3294 716 3350 hoc
737 3293 1021 3351 declaravit
1044 3310 1060 3348 :
1086 3294 1162 3351 sic
1181 3301 1234 3350 et
1257 3292 1340 3350 hic
1360 3293 1452 3362 ait,
1474 3292 1606 3350 Cum
1627 3307 1815 3349 servus
1841 3293 1930 3350 ille
1951 3293 2178 3351 inebriao

611 3397 726 3452 tur,
757 3401 877 3443 cum
907 3388 1186 3451 verberat.
1218 3395 1343 3442 tunc
1375 3385 1691 3458 supplicium
1717 3395 1800 3441 est
1827 3384 2177 3441 intolerabile.

611 3477 805 3533 Verum
849 3492 917 3533 ne
959 3477 1273 3548 supplicium
1314 3477 1413 3547 ipsi
1449 3476 1770 3532 destinatum
1807 3473 2180 3542 solummodo,

611 3569 704 3625 sed
731 3568 861 3624 illud
888 3569 1044 3623 etiam
1070 3567 1466 3624 consideremus
1483 3608 1499 3634 ,
1529 3582 1599 3623 ne
1624 3565 1760 3622 forte
1788 3575 1844 3624 et
1868 3566 1967 3639 ipsi
1993 3565 2179 3622 eadem

609 3669 826 3731 agentes
853 3658 903 3714 id
935 3674 1041 3715 non
1069 3658 1425 3716 advertatnus.

682 3748 1062 3820 Eleemosynam
1098 3748 1432 3804 commendat.
1460 3778 1532 3790 --
1561 3747 1773 3804 Etenim
1815 3747 1937 3803 huic
1975 3744 2182 3802 similes

608 3849 733 3895 sunt
762 3840 832 3894 illi
863 3839 950 3908 qui
983 3839 1233 3908 pecunias
1263 3838 1554 3922 habentes,
1579 3838 1761 3910 egenis
1799 3852 1903 3894 non
1941 3836 2180 3907 largiun-

609 3941 695 3987 tur
722 3949 736 3986 :
762 3931 806 3986 si
832 3929 1044 4001 quidem
1072 3938 1126 3985 et
1154 3938 1207 3985 tu
1235 3931 1580 4001 pecuniarum
1613 3938 1818 3984 tuarum
1846 3927 2181 3997 dispensator

607 4035 667 4077 es
690 4063 705 4086 ,
737 4036 840 4075 non
880 4021 1055 4076 minus
1092 4037 1248 4090 quam
1280 4021 1325 4075 is
1351 4021 1441 4092 qui
1481 4021 1732 4077 Ecclesia:
1775 4021 1911 4076 bona
1950 4017 2182 4074 admini-

609 4120 761 4167 strat.
789 4110 860 4168 Ut
897 4112 1039 4166 enim
1084 4112 1170 4167 hic
1209 4127 1271 4166 ea
1313 4127 1432 4183 quae
1468 4127 1497 4166 a
1536 4112 1687 4167 vobis
1723 4125 1822 4180 pro
1865 4110 2184 4180 pauperibus

609 4211 822 4274 erogata
859 4212 984 4259 sunt
1004 4217 1152 4267 ,non
1188 4189 1364 4273 potest
1398 4217 1496 4273 pro
1523 4201 1690 4258 lubito
1716 4211 1770 4258 et
1799 4211 2000 4257 temere
2026 4215 2182 4271 spar-

609 4307 737 4363 gere
758 4334 775 4359 ,
806 4293 925 4362 quia
971 4293 1022 4347 in
1072 4308 1359 4364 pauperum
1393 4294 1532 4349 datae
1566 4301 1689 4348 sunt
1716 4292 2024 4348 alimentum
2058 4310 2071 4347 :
2104 4292 2184 4348 sic

613 4398 710 4438 nec
735 4391 790 4438 tu
822 4392 929 4438 tua.
959 4383 1179 4438 Etiamsi
1204 4385 1346 4439 enim
1377 4393 1650 4455 paternam
1675 4384 1946 4454 acceperis
1973 4383 2184 4438 heredi-

610 4483 770 4530 tatem
790 4514 805 4540 ,
837 4483 995 4546 atque
1020 4475 1098 4531 sic
1127 4476 1302 4530 omnia
1343 4486 1429 4531 tua
1475 4475 1745 4546 possideas
1778 4492 1793 4530 :
1823 4484 2056 4531 attamen
2088 4474 2182 4532 Dei

608 4575 733 4620 sunt
758 4565 872 4620 lucc
895 4566 1092 4620 omnia.
1120 4566 1259 4622 Sane
1286 4582 1404 4638 qua:
1432 4577 1486 4622 tu
1509 4565 1702 4623 dedisti
1732 4567 1812 4622 vis
1835 4575 2082 4622 accurate
2104 4566 2185 4622 di-

611 4656 850 4725 spensari
873 4671 888 4710 :
911 4670 1087 4711 annon
1112 4665 1263 4727 putas
1288 4658 1456 4713 Deum
1480 4673 1574 4713 sua
1602 4673 1631 4713 a
1657 4658 1810 4714 nobis
1836 4661 2039 4729 majore
2060 4675 2181 4716 cum

609 4747 939 4803 vehementia
965 4749 1332 4818 repetiturum,
1363 4749 1458 4806 sed
1485 4749 1588 4805 illis
1614 4758 1813 4806 temere
1843 4752 2184 4821 pereuntibus

612 4838 664 4892 id
690 4837 958 4894 laturum?
983 4838 1100 4894 Non
1127 4840 1196 4893 ita
1229 4853 1314 4895 res
1336 4854 1394 4896 se
1423 4839 1602 4904 habet,
1631 4854 1735 4894 non
1764 4840 1835 4894 ita
1861 4849 2028 4896 certe.
2052 4839 2183 4896 Nam

613 4927 730 4984 lucc
755 4927 875 4985 ideo
899 4929 1039 4999 apud
1070 4939 1121 4986 te
1152 4930 1396 5002 reliquit,
1429 4942 1488 4987 ut
1514 4931 1610 4986 des
1634 4946 1810 4988 esum
1839 4933 1940 4988 illis
1967 4934 2020 4988 in
2051 4943 2186 4990 tem-

611 5035 741 5090 pore
779 5030 1097 5090 opportuno.
1136 5021 1270 5091 Quid
1312 5033 1396 5078 est
1419 5025 1526 5090 ,‘in
1565 5034 1805 5095 tempore
1843 5026 2186 5098 opportuno?

613 5110 805 5180 Egenis
825 5152 840 5178 ,
873 5111 1247 5168 esurientibus.
1280 5113 1427 5170 Sicut
1455 5116 1613 5192 igitur
1642 5126 1698 5171 tu
1725 5131 1984 5173 conservo
2008 5117 2076 5172 ad
2103 5116 2187 5170 di-

609 5201 966 5271 spensandum
1003 5203 1196 5259 dedisti
1221 5246 1236 5271 ,
1263 5205 1354 5261 sic'
1380 5207 1632 5262 Do'uinus
1661 5216 1713 5264 te
1741 5207 1852 5263 vult
1886 5216 1942 5263 ut
1981 5222 2076 5278 par
2103 5217 2188 5264 est

611 5293 932 5365 expendere.
961 5293 1106 5359 Ideo,
1129 5309 1250 5350 cum
1278 5297 1445 5366 possit
1465 5297 1693 5363 auferre,
1713 5298 1964 5370 relinquit
1984 5306 2182 5367 tamen,

613 5396 670 5439 ut
695 5385 900 5440 virtutis
926 5386 1238 5442 exercenda:
1263 5387 1599 5444 occasionem
1639 5389 1866 5455 habeas;
1896 5397 2058 5461 utque
2085 5405 2184 5446 cu-

611 5475 780 5530 rando
809 5485 865 5531 ut
889 5478 1023 5533 alter
1050 5480 1216 5534 altero
1242 5490 1462 5549 egeret,
1500 5490 1734 5536 mutuam
1772 5481 2045 5539 caritatem
2075 5481 2184 5539 fer—

613 5569 904 5625 ventiorem
931 5570 1196 5627 redderet.
1221 5571 1299 5626 Tu
1326 5587 1452 5629 vero
1476 5581 1755 5644 postquam
1783 5556 2053 5644 accepisti,
2076 5589 2183 5630 non

608 5660 782 5716 solum
811 5668 916 5716 non
943 5659 1059 5728 das,
1089 5663 1181 5717 sed
1209 5665 1367 5718 etiam
1393 5666 1661 5721 verberas.
1686 5665 1839 5734 Quod
1864 5666 1910 5722 si
1933 5681 2037 5722 non
2058 5666 2186 5724 dare

605 5748 762 5819 culpa
789 5759 890 5817 est,
917 5767 1035 5822 qua:
1062 5747 1215 5808 venia
1241 5757 1344 5810 erit
1371 5756 1708 5813 verberanti?

675 5842 731 5899 5.
773 5841 884 5899 lluc
909 5855 1087 5900 autem
1113 5844 1244 5902 mihi
1268 5847 1443 5904 dicere
1467 5847 1673 5905 videtur
1692 5850 1745 5906 itt
1765 5851 2186 5908 contumeliosos

1446 447 1504 502 s.
1542 444 1820 504 JOANNIS
1855 433 2328 500 cnnvsosront
2367 416 2684 490 ancntsp.
2725 423 3263 489 consummas.

3763 427 3867 486 108

2279 555 2333 603 et
2353 559 2593 616 rapaces,
2611 544 2980 600 vehementem
3004 543 3271 598 intentans
3288 539 3710 604 accusationem,
3727 540 3870 610 quod

2278 651 2373 692 eos
2403 636 2686 690 verberent
2721 647 2857 704 quos
2898 634 3044 688 alere
3076 630 3212 702 jussi
3241 642 3386 686 sunt.
3431 629 3654 686 Videtur
3689 639 3869 686 autem

2279 725 2408 782 mihi
2437 726 2523 780 hic
2548 723 2666 781 illos
2689 723 3032 780 subindicare
3053 722 3141 794 qui
3165 738 3216 778 _n
3243 721 3448 776 deliciis
3469 724 3632 775 vitam
3671 731 3870 791 agunt;

2281 834 2402 873 nam
2430 817 2646 872 delicias
2675 828 2862 885 magna
2884 822 3156 883 exspectat
3181 826 3334 883 paena
3359 809 3654 878 :Consedat,
3678 811 3807 882 inqu
3833 821 3872 875 t,

2279 917 2324 963 et
2348 907 2479 962 bibat
2498 922 2611 961 eum
2633 905 2802 971 ebriis,
2827 903 3029 958 ventris
3050 902 3340 974 ingluviem
3365 902 3732 958 subiudieaos.
3758 902 3873 956 Non

2278 1004 2420 1058 enim
2452 1001 2570 1056 ideo
2597 999 2847 1069 accepisti
2871 1037 2888 1063 ,
2924 1006 2984 1053 ut
3015 996 3318 1063 delicieris,
3347 995 3442 1052 sed
3480 1006 3540 1052 ut
3566 996 3872 1070 eleemosy-

2282 1106 2404 1149 nam
2430 1106 2636 1163 eroges.
2661 1090 2798 1146 Num
2825 1099 2911 1146 tua
2941 1099 2992 1146 te
3013 1100 3169 1162 putas
3196 1089 3430 1145 habere?
3450 1089 3754 1159 Pauperum
3779 1087 3872 1144 tibi

2282 1184 2417 1239 bona
2445 1181 2746 1240 concredita
2772 1189 2917 1245 sunt,
2944 1181 3152 1236 etiamsi
3181 1181 3446 1237 hereditas
3472 1186 3691 1250 paterna
3719 1175 3864 1245 sint;

2277 1274 2485 1330 etiamsi
2529 1289 2594 1328 ex
2624 1273 2782 1342 iustis
2809 1271 3078 1326 laboribus
3109 1280 3270 1340 partae
3297 1271 3406 1324 sint
3433 1284 3586 1339 Opes.
3614 1272 3812 1325 Annon
3840 1285 3872 1325 ι

2280 1376 2334 1422 te
2364 1367 2504 1421 Deus
2535 1365 2628 1419 has
2666 1363 2878 1420 auferre
2905 1361 3118 1433 potuit?
3144 1361 3249 1418 Sed
3280 1363 3401 1417 ideo
3436 1376 3541 1415 non
3571 1361 3747 1417 aufert
3767 1403 3781 1423 ,
3813 1369 3874 1418 ut

2281 1468 2336 1511 tu
2365 1455 2535 1526 possis
2557 1469 2682 1524 erga
2710 1468 2910 1524 egenos
2935 1453 3303 1508 liberalitatem
3329 1467 3603 1508 exercere.
3634 1453 3714 1508 Tu
3743 1467 3873 1508 vero

2278 1549 2405 1604 mihi
2454 1549 2722 1620 perpende
2744 1588 2760 1614 ,
2790 1547 3060 1618 quomodo
3090 1548 3142 1603 in
3168 1547 3416 1602 omnibus
3451 1546 3722 1618 parabolis
3751 1547 3872 1603 illos

2278 1641 2473 1711 plectat
2495 1683 2510 1701 .
2538 1640 2628 1710 qui
2665 1639 2857 1710 Opibus
2895 1639 3005 1695 suis
3042 1637 3108 1693 ad
3137 1653 3335 1708 egenos
3363 1638 3583 1694 alendus
3609 1654 3716 1693 non
3749 1647 3874 1693 sunt

2277 1731 2379 1786 usi.
2414 1731 2593 1801 Neque
2618 1731 2759 1785 enim
2788 1730 3021 1800 virgines
3062 1729 3169 1784 illae
3205 1729 3377 1785 aliena
3415 1737 3708 1799 rapuerunt
3731 1771 3746 1793 ,
3774 1729 3869 1786 sed

2281 1838 2374 1878 sua
2403 1837 2508 1878 non
2529 1822 2733 1893 largitze
2756 1833 2915 1885 sunt;
2945 1837 3118 1891 neque
3145 1823 3190 1876 is
3212 1822 3303 1892 qui
3343 1821 3831 1879 talentumdel'odit
3850 1863 3869 1892 ,

2278 1915 2450 1971 aliena
2494 1916 2724 1981 invasit,
2761 1915 2855 1970 sed
2899 1914 3025 1969 illud
3065 1929 3174 1968 non
3210 1913 3532 1984 duplicavit;
3574 1931 3752 1986 neque
3777 1917 3868 1987 qui

2277 2006 2577 2062 esurientes
2607 2005 2900 2076 negligunt,
2933 2003 3055 2059 ideo
3080 2004 3391 2074 puniuntur,
3415 2003 3558 2075 quod
3583 2005 3758 2061 aliena
3783 2021 3870 2062 ra-

2280 2101 2523 2171 puerint,
2550 2102 2644 2157 sed
2673 2101 2811 2172 quod
2841 2117 2934 2158 sua
2965 2117 3070 2158 non
3096 2102 3480 2173 disperserint;
3509 2102 3867 2173 quemadmo-

2278 2190 2405 2245 dum
2443 2201 2500 2246 et
2536 2191 2622 2248 hic
2660 2205 2864 2248 servus.
2898 2193 3192 2248 Audiamus
3217 2193 3377 2265 igitur
3405 2203 3667 2265 quotquot
3695 2193 3868 2249 vcntn’

2279 2283 2632 2354 indulgemus,
2663 2293 2923 2356 quotquot
2949 2286 2999 2340 in
3027 2284 3200 2341 lautas
3225 2301 3410 2344 Cinnas
3440 2287 3699 2358 pecunias
3723 2287 3871 2342 insu-

2281 2374 2493 2443 mimus,
2516 2390 2634 2446 qute
2658 2391 2764 2432 non
2796 2387 3013 2443 nostra,
3047 2377 3140 2435 sed
3171 2393 3460 2448 egenorum
3487 2387 3630 2435 sunt.
3665 2379 3745 2434 Ne
3774 2393 3869 2451 po-

2284 2474 2364 2520 tes
2392 2465 2532 2518 euim
2562 2466 2684 2537 quia
2715 2481 2809 2536 per
2839 2468 3056 2523 multam
3089 2469 3508 2525 misericordiam
3550 2469 3665 2524 [nec
3696 2479 3754 2524 ut
3784 2481 3869 2525 tua

2282 2553 2411 2610 dare
2433 2556 2614 2624 jussus
2641 2571 2718 2620 es,
2747 2557 2868 2612 ideo
2898 2558 3012 2612 haec
3036 2571 3158 2614 esse
3188 2567 3295 2614 tua.
3324 2559 3440 2614 Tibi
3471 2559 3865 2625 commodavit,

2285 2655 2341 2700 ut
2366 2646 2532 2716 probe
2569 2664 2725 2718 agere
2771 2663 2972 2718 posses.
3020 2649 3097 2704 Ne
3129 2658 3214 2704 tua
3251 2650 3410 2720 igitur
3434 2649 3562 2705 dare
3588 2661 3642 2706 te
3669 2659 3862 2720 putes,

2282 2737 2408 2793 dum
2441 2739 2540 2809 ipsi
2567 2755 2660 2794 sua
2692 2740 2922 2810 largiris.
2951 2740 3132 2812 Neque
3161 2743 3302 2798 enim
3334 2744 3379 2798 si
3407 2751 3462 2798 tu
3489 2744 3720 2816 cuipiam
3748 2760 3868 2800 mu-

2282 2835 2372 2882 tuo
2397 2828 2576 2898 dares,
2606 2841 2664 2887 ut
2692 2831 2961 2902 prolectus
2987 2833 3113 2890 inde
3138 2834 3330 2891 lucrari
3361 2846 3579 2907 posset,
3615 2837 3869 2913 pecunias

2282 2918 2402 2974 illas
2425 2920 2490 2976 ad
2522 2921 2692 2991 ipsum
2730 2925 2996 2993 pertinere
3019 2925 3248 2982 diceres.
3278 2925 3367 2983 Sic
3403 2927 3495 2982 tibi
3535 2927 3675 2983 Deus
3705 2942 3868 2999 pecu-

2280 3010 2423 3066 niam
2459 3010 2710 3074 tradidit.
2743 3022 2800 3067 ut
2825 3014 3013 3069 caelum
3051 3029 3220 3072 emas.
3251 3015 3329 3072 Ne
3355 3033 3484 3088 ergo
3521 3018 3868 3090 benignitatis

2281 3101 2641 3172 magnitudine
2688 3103 2856 3158 utaris
2898 3113 2958 3160 ut
3001 3105 3267 3176 ingnium
3309 3107 3562 3164 exhibeas
3603 3111 3862 3166 animum.

2279 3187 2462 3258 Cogita
2489 3206 2648 3262 quam
2677 3192 2910 3263 Optabile
2943 3205 3061 3250 erat
3098 3205 3218 3262 post
3248 3196 3506 3268 baptisma
3536 3199 3606 3255 ad
3638 3201 3864 3258 eluenda

2279 3284 2500 3344 peccata
2535 3289 2732 3332 novam
2765 3274 3002 3344 reperire
3040 3275 3206 3330 viam.
3245 3272 3310 3331 Ni
3339 3275 3595 3342 dixisset,
3627 3275 3708 3329 Da
3731 3275 3864 3329 elec-

2280 3386 2574 3442 mosynam,
2593 3378 2727 3440 quot
2748 3369 2999 3425 homines
3014 3369 3214 3424 dicturi
3231 3378 3410 3436 erant,
3432 3369 3650 3426 Utinam
3676 3386 3867 3440 posse-

2281 3479 2405 3520 mus
2429 3463 2675 3536 pecuniis
2695 3477 2728 3518 a
2753 3461 2951 3519 futuris
2973 3478 3071 3519 nos
3094 3464 3253 3520 malis
3272 3462 3543 3519 redimere
3567 3464 3581 3518 i
3611 3459 3716 3518 Sed
3732 3463 3861 3534 quia

2281 3564 2458 3626 potest
2484 3555 2622 3623 ileri,
2645 3570 2841 3611 rursus
2862 3554 3044 3625 supini
3070 3555 3276 3626 iacent.
3297 3553 3402 3610 Sed
3425 3554 3521 3620 do,
3545 3553 3782 3625 inquies.
3797 3551 3866 3609 Et

2282 3647 2412 3718 quid
2429 3646 2858 3705 illudiNondum
2884 3655 3092 3702 tantum
3111 3646 3332 3714 dedisti,
3349 3656 3614 3717 quantum
3634 3645 3727 3700 illa
3750 3659 3875 3699 mu-

2281 3740 2384 3796 lier
2407 3756 2530 3814 quae
2545 3741 2685 3798 duos
2709 3741 2953 3812 erogavit
2974 3740 3192 3808 obolos;
3211 3754 3320 3796 non
3342 3738 3649 3802 dimidiam,
3665 3741 3775 3794 imo
3796 3751 3867 3792 ne

2287 3823 2560 3875 minnnam
2581 3823 2795 3892 quidem
2823 3833 3028 3893 partem
3049 3825 3064 3854 ¹
3084 3823 3137 3878 in
3157 3823 3551 3893 comparatione
3575 3821 3750 3888 illius;
3771 3820 3870 3878 sed

2283 3913 2447 3969 multa
2486 3912 2540 3970 in
2577 3923 2820 3983 sumptus
2863 3913 3078 3970 inutiles
3125 3912 3440 3985 profundis,
3479 3914 3532 3969 in
3579 3913 3826 3970 convivia
3849 3955 3868 3980 ,

2284 4006 2614 4070 ebrietatem,
2644 4014 3041 4075 extremamque
3070 4006 3361 4076 ingluviem
3391 4023 3405 4059 :
3437 4019 3578 4060 nunc
3604 4006 3870 4072 inritans,

2286 4110 2427 4151 nunc
2450 4095 2729 4160 invitatus;
2759 4110 2900 4151 nunc
2918 4096 3210 4163 consumis,
3237 4109 3377 4152 nunc
3396 4096 3531 4152 alios
3549 4110 3872 4152 consumere

2285 4187 2460 4256 cogis;
2504 4185 2577 4242 ita
2616 4194 2676 4242 ut
2711 4185 2976 4257 duplicem
3007 4185 3101 4242 tibi
3141 4199 3298 4257 pares
3332 4186 3624 4242 cruciatum
3647 4226 3665 4254 ,
3700 4185 3771 4242 ab
3807 4187 3874 4244 iis

2285 4290 2404 4345 qua
2446 4286 2500 4330 tu
2539 4272 2704 4342 lacis,
2735 4284 2789 4332 et
2828 4276 2897 4333 ab
2938 4275 3005 4332 iis
3039 4290 3161 4347 quae
3203 4285 3257 4332 te
3287 4284 3504 4332 auctore
3528 4275 3619 4332 alii
3648 4275 3874 4334 faciunt.

2288 4363 2420 4423 Vide
2452 4379 2582 4439 ergo
2625 4365 2768 4422 hunc
2809 4364 3064 4422 famulum
3099 4366 3292 4423 eadem
3327 4367 3396 4422 de
3435 4383 3494 4423 re
3518 4379 3830 4424 accusatum
3854 4410 3872 4436 ,

2284 4455 2531 4521 Contulit,
2559 4455 2750 4527 inquit,
2773 4467 2822 4510 et
2843 4455 2964 4510 bibit
2986 4472 3102 4510 cum
3127 4455 3294 4511 ebriis.
3321 4455 3505 4526 Neque
3532 4457 3673 4512 enim
3693 4457 3877 4514 ebrios

2288 4555 2493 4604 tantum
2517 4588 2535 4616 ,
2576 4547 2673 4603 sed
2711 4555 2767 4603 et
2804 4546 3014 4603 illorum
3044 4546 3222 4603 socios
3259 4546 3520 4616 supplicio
3556 4546 3790 4615 afﬁciet;
3819 4560 3880 4606 et

2282 4637 2404 4709 jure
2432 4637 2648 4709 quidem
2674 4655 2689 4693 :
2715 4653 2836 4694 nam
2877 4648 2933 4694 et
2967 4638 3172 4708 seipsos
3197 4645 3582 4708 corrumpunt,
3608 4645 3666 4694 et
3692 4639 3877 4707 proxi-

2287 4746 2497 4788 morum
2525 4731 2756 4788 salutem
2784 4730 3078 4802 negligant.
3121 4728 3262 4785 Nihil
3291 4741 3466 4786 autem
3497 4730 3566 4785 ita
3597 4730 3768 4786 Deum
3798 4731 3876 4786 ir-

2287 4823 2448 4889 ritat,
2489 4831 2548 4878 ut
2583 4823 2629 4880 si
2668 4821 2895 4893 proximi
2935 4835 3024 4877 res
3061 4821 3413 4891 negligantur.
3455 4819 3794 4895 Quapropter
3821 4830 3879 4876 ut

2289 4914 2423 4970 iram
2454 4927 2604 4969 suam
2632 4913 2934 4982 exprimat,
2958 4911 3184 4968 discindi
3209 4926 3422 4967 servum
3449 4911 3625 4982 jussit.
3669 4911 3880 4968 idcirco

2289 5005 2565 5062 caritatem
2591 5004 2970 5074 discipulorum
3008 5018 3227 5059 suorum
3263 5012 3520 5060 tesseram
3545 5003 3684 5058 dixit
3708 5018 3830 5059 esse
3860 5021 3877 5059 :

2288 5099 2411 5169 quia
2435 5111 2652 5154 necesse
2669 5098 2890 5152 omnino
2917 5105 3001 5151 est
3025 5094 3333 5167 diligentem
3353 5109 3441 5151 res
3461 5094 3642 5151 dilecti
3663 5109 3880 5156 curare.

2292 5188 2438 5245 Hanc
2475 5189 2632 5260 igitur
2667 5186 2805 5242 viam
2851 5197 3128 5242 teneamus
3158 5203 3172 5239 :
3205 5200 3329 5242 nam
3371 5185 3487 5240 hare
3523 5186 3757 5241 maxime
3798 5198 3885 5243 est

2289 5297 2408 5352 qua:
2433 5281 2501 5334 ad
2536 5279 2724 5335 caelum
2755 5277 2899 5333 ducit
2921 5319 2935 5342 ,
2963 5291 3082 5348 qua:
3111 5277 3308 5334 Christi
3345 5276 3642 5334 imitatores
3669 5276 3840 5333 elueit
3865 5319 3881 5344 ,

2291 5385 2409 5441 quae
2440 5369 2549 5425 Deo
2574 5368 2775 5424 similes
2808 5366 3002 5423 reddit.
3049 5365 3185 5423 Vide
3213 5380 3343 5438 ergo
3368 5380 3527 5438 quam
3559 5371 3881 5424 necessaria

2291 5461 2400 5516 sint
2438 5459 2520 5514 ba:
2559 5459 2783 5514 virtutes
2807 5499 2824 5525 ,
2854 5471 2974 5529 quae
3011 5457 3162 5527 juxta
3200 5457 3340 5512 viam
3365 5455 3503 5512 hanc
3537 5457 3880 5513 tabernacula

2292 5557 2601 5623 posuerunt.
2625 5549 2681 5605 Si
2709 5550 2879 5618 placet
2907 5556 3084 5603 autem
3109 5587 3125 5611 ,
3161 5547 3277 5602 illas
3303 5547 3608 5618 diligentius
3631 5547 3882 5617 explere6

2277 5659 2430 5722 mus,
2463 5652 2520 5701 et
2545 5642 2838 5701 secundum
2867 5641 2962 5698 Dei
2994 5641 3246 5712 placitum
3272 5640 3590 5698 sententiam
3616 5639 3877 5698 luamus.

2279 5791 2372 5900 de;
2387 5786 2518 5852 Haec,
2543 5801 2636 5840 non
2683 5783 2964 5850 dimidiam,
2987 5800 3131 5839 0mm.
3175 5787 3521 5854 ﬂor.,ilontr.,
3547 5793 3603 5839 et
3626 5798 3755 5836 unus
3773 5798 3861 5837 eo-
