4174 6332
196 373 294 428 709

187 498 299 549 Sint
320 509 449 564 ergo
474 496 490 526 ⁸
512 493 632 549 dum
655 491 723 547 ad
753 491 915 546 vitam
938 487 1192 558 optimam
1218 487 1333 551 vim,
1359 498 1582 554 quarum
1610 481 1776 535 altera

188 590 441 642 viatorem
460 585 738 643 dumtaxat
767 583 992 653 probum
1022 579 1236 643 reddat;
1269 577 1436 631 altera
1463 575 1622 630 etiam
1655 587 1780 642 pro—

185 685 404 738 ximum.
455 680 848 747 Videamusque
887 690 1130 745 quaenam
1169 674 1237 728 sit
1275 671 1598 742 perfectior,
1630 678 1685 725 et
1709 670 1777 723 ad

185 775 394 828 virtutis
435 773 647 827 culmen
675 784 774 824 nos
798 769 976 824 ducat.
1019 765 1110 821 Ille
1137 774 1283 821 certe
1312 764 1402 834 qui
1430 777 1524 818 sua
1569 771 1777 817 tantum

187 874 352 927 curat,
383 880 412 918 a
441 863 607 919 Paulo
629 861 922 930 saepissime
942 859 1220 928 culpatur;
1248 872 1368 910 cum
1395 872 1423 909 a
1447 855 1612 910 Paulo
1633 854 1775 920 dico,

185 969 212 1006 a
239 953 455 1008 Christo
484 952 759 1022 intelligc;
789 951 940 1006 illum
971 964 1097 1004 vero
1125 948 1213 1018 qui
1242 947 1470 1017 proximi
1498 961 1585 1001 res
1603 954 1775 1009 curat,
1808 1017 1812 1020 ~

185 1046 429 1100 laudibus
453 1054 506 1100 et
532 1044 748 1104 coronis
774 1051 1016 1097 exornat.
1050 1039 1316 1096 Ubinam?
1345 1037 1481 1093 Audi
1509 1035 1779 1108 quomodo

186 1136 328 1199 huic,
353 1135 620 1206 quomodo
641 1135 716 1189 illi
741 1134 1006 1203 loquatur.
1033 1131 1196 1186 Nemo
1218 1130 1352 1200 quod
1377 1147 1526 1186 suum
1549 1140 1621 1184 est
1642 1143 1780 1199 qua:-

184 1237 282 1290 rat,
318 1228 406 1280 sed
432 1225 568 1296 quod
591 1236 668 1281 est
690 1225 908 1296 proximi
937 1224 1278 1294 unusquisque
1301 1223 1346 1291 (1
1363 1260 1376 1273 .
1405 1221 1525 1276 Cor.
1551 1220 1639 1276 10.
1661 1219 1776 1290 24).

188 1319 376 1372 Viden‘
403 1318 673 1388 quomodo
701 1317 927 1372 alterum
956 1317 1112 1386 ejccit
1136 1357 1152 1383 ,
1185 1316 1411 1370 alterum
1440 1314 1683 1370 induxit?
1710 1312 1780 1369 Et

181 1425 418 1471 rursum,
443 1408 792 1479 Unusquisque
811 1417 1029 1461 vestrum
1051 1408 1282 1477 proximo
1304 1407 1499 1476 placeat
1519 1407 1571 1460 in
1593 1405 1780 1460 bonum

180 1502 250 1554 ad
274 1502 666 1571 ludiﬁcationem
700 1499 719 1570 (
745 1498 896 1554 Rom.
925 1499 1011 1555 15.
1039 1499 1075 1552 2
1098 1500 1140 1571 ).
1169 1498 1372 1555 Deinde
1395 1498 1635 1569 sequitur
1665 1498 1780 1554 laus

182 1595 471 1650 ineﬂ‘abilis
504 1609 625 1650 cum
655 1593 1018 1648 admonitione
1053 1593 1358 1664 conjuncta.
1395 1592 1533 1646 Nam
1558 1603 1604 1648 et
1632 1592 1780 1647 Chri~

180 1697 288 1741 stus
317 1705 419 1741 non
448 1689 543 1742 sibi
571 1688 672 1757 ipsi
703 1686 893 1757 placuit
921 1685 971 1754 (l
982 1686 1084 1740 bid.
1114 1703 1160 1740 υ.
1187 1686 1267 1756 5).
1297 1686 1412 1742 Jam
1443 1687 1573 1741 satis
1599 1695 1782 1741 essent

181 1783 266 1833 ba:
296 1781 580 1835 sententia:
614 1779 682 1833 ad
715 1779 986 1835 victoriam
1013 1778 1361 1835 asserendam
1393 1797 1406 1833 :
1436 1789 1493 1834 ut
1520 1788 1696 1834 tamen
1727 1778 1780 1834 id

179 1872 374 1941 majori
400 1871 614 1926 cumulo
640 1871 730 1925 liat
749 1911 764 1938 ,
796 1871 1073 1926 videamus
1101 1886 1219 1941 quae
1247 1886 1312 1926 ex
1343 1870 1500 1926 bonis
1528 1871 1780 1941 operibus

181 1962 237 2017 in
265 1963 422 2018 nobis
450 1964 831 2028 terminentur,
857 1979 975 2034 quae
995 1979 1124 2018 vero
1143 1979 1172 2018 a
1197 1963 1352 2019 nobis
1373 1964 1427 2018 in
1449 1964 1582 2020 alios
1606 1975 1780 2020 trans-

180 2068 331 2113 eant.
359 2058 612 2128 Jejunare
639 2059 817 2129 igitur,
851 2058 996 2112 humi
1023 2058 1253 2123 cubare,
1284 2059 1643 2130 virginitatem
1667 2074 1782 2114 ser-

181 2167 312 2206 vare
357 2162 518 2222 atque
559 2153 981 2217 continentiam,
1030 2151 1162 2222 ipsis
1205 2152 1612 2208 observantibus
1655 2164 1781 2208 sunt

178 2243 363 2307 utilia;
398 2259 516 2313 qua:
546 2259 674 2298 vero
708 2259 740 2299 a
771 2245 923 2298 nobis
956 2245 1008 2298 in
1042 2243 1312 2313 proximos
1349 2253 1628 2299 transeunt
1654 2255 1781 2300 sunt

179 2335 548 2406 cleemosyna,
572 2335 832 2402 doctrina,
855 2337 1069 2391 caritas.
1100 2337 1197 2391 Hic
1219 2338 1381 2393 etiam
1408 2338 1529 2392 andi
1558 2338 1779 2394 Paulum

180 2425 456 2481 dicentem
487 2444 501 2480 :
532 2426 594 2482 Si
627 2428 795 2482 omnia
821 2445 938 2500 quae
963 2429 1120 2483 habeo
1153 2430 1205 2483 in
1235 2430 1371 2483 cibos
1398 2447 1678 2501 pauperum
1702 2432 1782 2485 di-

179 2517 431 2572 stribuant
452 2560 465 2582 ,
498 2520 542 2573 si
565 2537 749 2590 corpus
774 2536 936 2574 meum
966 2522 1164 2575 tradam
1191 2533 1246 2576 ut
1272 2531 1489 2586 uratur,
1523 2525 1783 2578 caritatem

178 2620 354 2663 autem
379 2626 481 2663 non
510 2611 749 2676 habeam,
784 2612 913 2666 nihil
943 2612 1066 2666 mihi
1092 2613 1295 2683 prodest
1323 2613 1398 2684 (1.
1435 2613 1551 2668 Cor.
1581 2615 1667 2668 13.
1698 2615 1778 2684 5).

257 2701 312 2753 6.
348 2697 585 2754 Proximi
605 2702 932 2771 cedi/icationi
951 2705 1121 2757 omnia
1144 2706 1514 2773 postponenda.
1549 2705 1783 2777 Virgines

182 2798 349 2862 fututa:
372 2797 486 2849 ideo
513 2812 576 2850 ea:
605 2797 828 2851 thalamo
858 2799 1076 2852 exclusa:
1095 2839 1108 2864 ,
1140 2800 1257 2868 quia
1288 2800 1655 2871 eleemosynam
1683 2818 1786 2856 non

180 2889 454 2943 dederant.
483 2919 556 2930 ——
587 2889 771 2946 Viden’
807 2891 1082 2946 caritatem
1127 2908 1221 2959 per
1247 2907 1305 2947 se
1336 2892 1612 2961 Splendide
1643 2909 1783 2962 prte-

180 2977 417 3034 dicatam
448 2989 499 3035 et
521 2983 866 3036 coronatam?
893 2981 995 3037 Sed
1024 2984 1067 3036 si
1096 2983 1265 3051 placet
1295 2984 1449 3039 tertio
1473 2986 1788 3054 congredia-

186 3087 329 3129 mur.
365 3072 500 3129 Hinc
529 3074 665 3129 alius
693 3084 976 3143 statuatur,
1004 3079 1090 3146 qui
1117 3077 1342 3148 jejunet,
1370 3079 1458 3148 qui
1486 3081 1786 3135 castitatem

185 3178 405 3231 servet,
437 3168 526 3237 qui
559 3169 868 3239 martyrium
897 3169 1122 3235 subeat,
1156 3181 1210 3227 et
1239 3169 1585 3226 comburatur
1609 3214 1622 3238 ,
1652 3174 1787 3228 alius

184 3273 319 3313 vero
356 3258 425 3312 ad
465 3257 870 3315 ardilicationcm
912 3262 1139 3331 proximi
1178 3268 1490 3336 martyrium
1535 3265 1784 3334 diﬂ'erat,

187 3368 289 3409 nec
317 3353 480 3408 modo
511 3356 825 3425 martyrium
855 3353 1066 3410 dill‘erat
1086 3398 1100 3422 ,
1134 3357 1227 3412 sed
1259 3357 1376 3413 sine
1403 3360 1660 3431 martyrio
1690 3359 1787 3416 de-

185 3445 344 3502 cedat
376 3464 388 3500 :
417 3447 538 3516 quis
578 3455 701 3516 post
741 3447 1017 3502 decessum
1059 3464 1127 3503 ex
1170 3448 1272 3504 hac
1300 3450 1408 3504 vita
1448 3451 1789 3522 praestantior

184 3539 331 3593 erit?
378 3537 496 3593 Non
542 3540 701 3609 longo
742 3539 830 3596 hic
872 3555 1006 3609 opus
1044 3551 1126 3596 est
1163 3557 1414 3597 sermone
1440 3585 1454 3608 ,
1489 3559 1588 3598 nec
1629 3543 1789 3616 longa

187 3631 483 3687 verborum
511 3632 861 3698 circuitione;
904 3633 1057 3688 adest
1083 3634 1224 3688 enim
1257 3634 1445 3690 beatus
1471 3635 1668 3690 I’aulus
1696 3636 1786 3707 qui

186 3723 510 3778 sententiam
539 3723 693 3788 ferat,
722 3735 774 3780 et
801 3723 943 3779 dicat
968 3744 980 3779 :
1003 3725 1226 3780 Dissolvi
1251 3735 1297 3780 et
1324 3744 1435 3780 cum
1463 3727 1660 3782 Christo
1685 3745 1790 3783 esse

187 3819 368 3872 melius
393 3829 465 3872 est
485 3835 503 3870 :
531 3820 584 3872 in
612 3835 763 3872 carne
791 3830 958 3872 autem
987 3836 1296 3888 permanere,
1329 3832 1535 3890 propter
1565 3837 1652 3875 vos
1680 3837 1790 3873 ma-

186 3910 265 3979 gis
295 3911 633 3962 necessarium
662 3920 733 3963 est
765 3909 1039 3982 (Philipp.
1072 3913 1120 3965 1.
1154 3912 1243 3966 25.
1272 3912 1341 3967 21
1366 3915 1404 3983 ).
1442 3915 1608 3968 Audis
1639 3913 1786 3968 illum

186 3999 599 4054 aediﬁcationem
639 4001 861 4074 proximi
897 4002 1063 4071 pluris
1098 4001 1277 4059 facere
1301 4045 1316 4070 ,
1347 4021 1502 4075 quam
1532 4006 1597 4061 ad
1627 4007 1787 4062 Chri-

185 4100 330 4144 stum
378 4091 682 4160 prolicisci?
715 4092 844 4147 Illud
872 4093 1012 4147 cnim
1042 4097 1273 4151 maxime
1303 4106 1384 4151 est
1425 4115 1543 4154 cum
1575 4100 1787 4158 Christo

187 4197 352 4249 csse,
401 4183 516 4252 ejus
557 4182 733 4240 facere
771 4185 1132 4253 voluntatem;
1178 4189 1420 4244 voluntas
1464 4202 1640 4247 autem
1670 4194 1787 4263 ejus

186 4275 463 4344 praecipue
509 4282 628 4341 cst,
676 4286 732 4329 ut
777 4278 1003 4346 proximi
1049 4280 1330 4334 utilitatem
1373 4298 1549 4339 cures.
1599 4285 1693 4340 Vis
1734 4295 1789 4342 et

187 4376 436 4435 quartam
478 4365 988 4424 demonstrationem
1028 4370 1288 4426 alierum?
1330 4373 1519 4441 Petre,
1564 4379 1605 4430 si
1646 4395 1788 4434 antas

186 4473 305 4523 uie,
338 4458 545 4527 inquit,
578 4475 727 4528 pasce
754 4477 866 4515 oves
897 4478 1030 4516 meas
1063 4462 1256 4534 (Joan.
1287 4464 1373 4520 2!.
1413 4467 1515 4539 15)
1544 4487 1554 4519 :
1586 4480 1788 4526 etcum

186 4547 350 4602 tertio
375 4548 548 4616 ipsum
578 4551 996 4621 interrogasset,
1028 4552 1129 4610 hoc
1157 4571 1275 4611 esse
1307 4557 1441 4613 dixit
1467 4562 1665 4616 amoris
1698 4577 1791 4617 aro

187 4651 526 4710 gumentum.
567 4642 753 4714 Neque
792 4645 856 4700 ad
901 4647 1207 4704 sacerdotes
1253 4659 1455 4706 tantum
1497 4653 1547 4706 id
1589 4654 1788 4711 dictum

190 4730 326 4794 luit,
371 4735 466 4786 sed
508 4733 577 4787 ad
617 4742 857 4814 nostrum
896 4739 1168 4808 singulos,
1202 4743 1395 4810 quibus
1426 4746 1506 4799 vel
1536 4747 1788 4822 minimus

184 4825 321 4893 grex
349 4827 670 4882 connnissus
697 4830 784 4882 sit.
818 4829 894 4885 Ne
921 4834 1062 4886 enim
1089 4835 1232 4904 quod
1266 4852 1459 4905 parvus
1484 4840 1583 4908 sit,
1613 4842 1787 4912 ipsum

183 4915 458 4984 despicias
488 4937 499 4970 :
533 4937 652 4974 nam
691 4919 846 4976 Pater
869 4941 1028 4988 meus,
1060 4927 1248 4998 inquit,
1277 4934 1580 5003 complacuit
1608 4938 1661 4989 in
1687 4938 1789 4992 illis

183 5008 206 5076 (
237 5006 363 5060 Luc.
403 5010 489 5064 I2.
521 5011 590 5066 52
613 5010 651 5081 ).
688 5015 890 5085 Singuli
922 5029 1162 5075 nostrum
1190 5038 1343 5078 ovem
1376 5026 1607 5095 habent;
1652 5031 1792 5087 hanc

183 5097 259 5153 ad
284 5102 656 5157 convenientia
683 5120 876 5175 pascua
905 5109 1120 5164 ducant.
1156 5112 1222 5166 Et
1245 5115 1324 5168 vir
1344 5131 1376 5172 e
1403 5118 1540 5173 lecto
1561 5135 1788 5191 surgens

185 5204 264 5283 ne
289 5189 429 5283 aliud
456 5203 689 5264 quaerat,
723 5213 876 5267 quam
909 5209 967 5254 ut
995 5202 1121 5271 quid
1161 5203 1319 5260 faciat
1349 5209 1432 5263 vel
1471 5210 1612 5266 dicat
1637 5189 1789 5283 ,vquo

183 5279 261 5334 ad
292 5282 547 5352 majorem
579 5287 825 5356 pietatem
852 5289 1070 5348 domum
1099 5303 1154 5350 et
1187 5295 1440 5365 familiam
1469 5313 1608 5374 agat.
1644 5279 1792 5365 Uxor

261 5439 278 5468 ³
303 5438 468 5490 Morel.
494 5441 645 5503 addit,
670 5443 770 5494 tibi.

1113 374 1175 429 IN
1213 369 1622 429 MATTIL‘EUM
1665 367 1893 423 IIOMIL
1939 368 2192 423 LXXVII.
2236 370 2306 424 aI.
2353 369 2634 425 LXXVIII.

3387 368 3491 424 710

1885 495 2098 551 quoque
2133 481 2352 537 domum
2380 485 2683 548 custodiat;
2725 483 2822 539 sed
2864 497 2974 554 pm
3006 482 3105 538 hac
3132 485 3292 540 aliam
3322 488 3492 547 magis

1885 575 2244 629 necessariam
2271 575 2686 631 sollicitudinem
2719 577 2916 632 habeat
2936 618 2950 642 ,
2977 579 3250 646 quomodo
3279 593 3342 634 ea
3369 595 3490 648 qua:

1883 668 1951 721 ad
1996 683 2217 738 regnum
2256 669 2509 724 cmlorum
2551 680 2797 740 speetant
2826 678 2934 725 tota
2976 670 3174 726 familia
3214 683 3487 741 Operetur.

1885 759 1941 813 Si
1984 761 2125 813 enim
2171 760 2225 814 in
2268 761 2428 816 rebus
2467 762 2846 828 saecularibus,
2880 772 3169 832 antequam
3200 764 3493 818 domestica

1885 849 2233 919 diSponamus
2257 893 2274 918 ,
2306 866 2430 922 quae
2461 852 2672 921 publice
2703 853 2936 924 persolvi
2976 853 3175 910 debent
3201 870 3451 910 curamus
3476 895 3492 920 ,

1886 956 1954 994 ne
1994 939 2078 996 his
2119 943 2379 1012 neglectis
2417 945 2753 1010 vinciamur,
2789 946 2843 1000 in
2883 944 3060 1000 furum
3103 946 3410 1013 trahamur,
3441 958 3497 1001 et

1885 1033 2153 1090 dedecore
2181 1053 2374 1106 magno
2400 1037 2699 1094 afficiamur
2728 1058 2741 1093 :
2771 1039 2941 1095 multo
2967 1041 3137 1110 magis
3166 1043 3217 1095 in
3245 1043 3497 1111 spiritua-

1886 1127 2026 1183 libus
2050 1128 2100 1183 id
2121 1144 2311 1184 curare
2332 1141 2567 1199 oportet,
2595 1144 2649 1185 ut
2674 1132 2822 1201 prius
2843 1115 2962 1202 qua:
2986 1134 3099 1205 regi
3122 1134 3496 1190 universorum
3535 1206 3537 1208 η

1885 1217 1996 1272 Deo
2025 1218 2292 1274 debentur
2330 1222 2748 1290 persolvantur;
2797 1230 2855 1278 ut.
2895 1239 2965 1278 ne
3001 1239 3068 1279 eo
3109 1223 3372 1280 ducamur
3405 1227 3496 1282 ubi

1885 1307 2084 1364 stridor
2108 1308 2371 1366 dentium.
2412 1311 2519 1366 llas
2547 1327 2855 1383 quaeramus
2894 1314 3124 1370 virtutes
3148 1356 3162 1380 ,
3193 1332 3312 1386 qua:
3343 1318 3497 1373 nobis

1885 1399 2147 1454 salutares
2186 1411 2239 1455 et
2286 1404 2532 1471 proximo
2566 1404 2824 1473 perutiles
2859 1416 3005 1460 sunt.
3053 1405 3200 1462 Talis
3233 1417 3316 1464 est
3354 1409 3496 1467 elec-

1886 1504 2109 1561 mosyna
2131 1533 2146 1557 ,
2189 1493 2311 1548 talis
2347 1495 2550 1560 oratio;
2595 1494 2703 1550 imo
2733 1511 2862 1551 vero
2897 1497 3012 1552 hmc
3047 1499 3114 1553 ab
3152 1500 3238 1554 illa
3273 1501 3415 1557 vires
3444 1515 3500 1558 et

1884 1582 1994 1636 alas
2041 1585 2253 1661 accipit.
2315 1583 2618 1653 Orationes,
2654 1590 2858 1659 inquit,
2893 1600 3027 1654 tuw,
3063 1603 3110 1646 et
3169 1583 3500 1666 clecmosyna:

1887 1677 2225 1730 ascenderunt
2253 1679 2306 1731 in
2330 1683 2626 1736 memet-iam
2651 1685 2702 1736 in
2726 1696 2995 1753 conspectu
3019 1683 3115 1742 Dei
3138 1689 3277 1759 (Act.
3308 1691 3392 1746 10.
3419 1693 3497 1762 4).

1887 1765 2002 1819 Non
2051 1767 2212 1823 modo
2253 1770 2464 1837 oratio,
2495 1771 2589 1826 sed
2635 1773 2798 1828 etiam
2836 1775 3100 1845 jejunium
3148 1779 3273 1835 inde
3303 1797 3501 1837 nervos

1885 1861 2098 1933 accipit.
2133 1863 2191 1918 Si
2221 1865 2424 1936 absque
2451 1867 2796 1941 eleemosyna
2821 1871 3054 1940 jejunes,
3082 1873 3131 1928 id
3167 1891 3265 1942 pro
3290 1876 3500 1945 jejunio

1887 1969 1992 2008 non
2039 1955 2304 2022 habetur;
2339 1959 2434 2016 sed
2476 1960 2782 2030 lmjusmodi
2829 1964 2992 2022 homo
3020 1982 3214 2025 vorace
3242 1973 3497 2042 quopiam

1886 2055 1940 2100 et
1969 2047 2266 2103 temulento
2292 2049 2528 2106 deterior
2556 2063 2641 2108 est
2663 2095 2676 2118 ,
2713 2064 2967 2127 tantoque
2997 2057 3264 2124 deterior,
3298 2075 3500 2133 quanto

1885 2137 2176 2194 crudelitas
2199 2140 2406 2197 deliciis
2432 2143 2584 2214 pejor
2605 2153 2708 2200 est.
2743 2147 2805 2201 Et
2829 2163 2925 2202 cur
2951 2149 3018 2205 de
3038 2151 3246 2221 jejunio
3271 2155 3500 2226 loquor?

1888 2228 2110 2285 Etiamsi
2135 2241 2316 2287 castus
2338 2235 2432 2300 sis,
2458 2237 2557 2291 etsi
2582 2237 2938 2308 virginitatem
2962 2257 3168 2306 serves,
3194 2248 3238 2300 si
3263 2247 3503 2306 cleemo-

1887 2333 2074 2391 synam
2104 2338 2210 2378 non
2243 2325 2390 2380 eolas
2417 2367 2431 2389 ,
2464 2336 2612 2382 extra
2646 2329 2940 2386 thalamum
2965 2337 3149 2403 sponsi
3184 2353 3265 2392 es.
3295 2341 3501 2406 Quam-

1889 2426 2048 2480 quam
2074 2413 2200 2483 quid
2231 2415 2522 2487 virginitati
2553 2433 2668 2488 par,
2703 2437 2819 2491 qum
2849 2440 3024 2494 neque
3052 2427 3104 2480 in
3137 2427 3286 2484 Novo
3315 2433 3502 2489 Testa-

1888 2515 2072 2559 mento
2095 2507 2163 2561 ob
2180 2509 2524 2564 eminentiam
2549 2526 2701 2566 suam
2732 2513 2848 2584 lege
2871 2527 3065 2573 statuta
3088 2520 3184 2575 iuit
3204 2523 3225 2576 ?
3247 2525 3500 2582 Attamm

1889 2594 1980 2649 illa
2006 2597 2237 2667 ejicitur,
2264 2601 2364 2656 nisi
2392 2603 2734 2672 conjunctam
2767 2606 2961 2662 habeat
2991 2611 3392 2684 eleemosynam
3444 2619 3501 2674 Si

1891 2703 2053 2758 porro
2079 2691 2332 2763 virgines,
2360 2696 2503 2765 quod
2529 2697 2674 2751 illam
2700 2715 2806 2753 non
2829 2710 2910 2755 sat
2939 2703 3162 2774 largiter
3182 2709 3498 2777 coluissem,

1892 2783 2177 2850 ejiciantur
2199 2828 2212 2851 ,
2242 2789 2360 2857 quis
2401 2792 2597 2860 poterit
2622 2792 2709 2846 illa
2748 2793 3039 2854 destitutus
3067 2802 3277 2857 veniam
3308 2820 3504 2862 conse-

1891 2876 2022 2946 qui?
2060 2877 2230 2934 Ncmo
2261 2897 2389 2937 sane
2412 2926 2428 2951 ,
2459 2885 2551 2940 sed
2579 2901 2702 2942 eum
2730 2888 2818 2958 qui
2859 2890 3006 2948 illam
3036 2910 3142 2950 non
3169 2898 3298 2953 colit
3327 2904 3504 2970 perire

1894 2985 2114 3039 prorsus
2140 2988 2361 3030 necesse
2387 2985 2486 3031 est.
2516 2977 2648 3031 Nam
2678 2980 2724 3033 si
2753 2981 2805 3034 in
2833 2984 3370 3048 smcularibusncmo
3398 2997 3504 3052 sibi

1895 3062 1995 3133 ipsi
2027 3065 2176 3130 vivit,
2208 3068 2302 3122 sed
2330 3069 2516 3123 artifex
2538 3113 2552 3137 ,
2589 3073 2744 3127 miles
2765 3115 2778 3138 ,
2814 3078 3051 3147 agricola
3073 3123 3087 3144 ,
3116 3096 3403 3155 mercator,
3432 3092 3501 3146 ad

1895 3153 1966 3220 id,
1998 3163 2139 3226 quod
2171 3158 2398 3226 publica:
2427 3162 2638 3218 utilitati
2667 3173 2720 3219 et
2744 3171 3030 3225 commodo
3053 3175 3290 3242 confert,
3322 3153 3505 3236 scide-

1895 3245 2029 3300 dunt
2058 3265 2071 3298 :
2099 3249 2270 3303 multo
2299 3253 2469 3320 magis
2501 3253 2550 3306 in
2593 3255 2960 3324 spiritualibus
3001 3261 3053 3317 id
3083 3264 3499 3329 observandum.

1895 3337 2029 3394 Illud
2065 3350 2148 3396 est
2192 3344 2422 3398 maxime
2453 3346 2635 3402 vivere
2666 3366 2680 3402 :
2707 3365 2827 3404 cum
2856 3364 3043 3410 contra
3073 3357 3117 3410 is
3143 3360 3233 3428 qui
3264 3361 3363 3419 sibi
3401 3365 3504 3436 ipsi

1898 3442 2105 3488 tantum
2138 3434 2294 3499 vivit,
2320 3451 2614 3508 omnesque
2641 3438 2867 3512 deSpicit
2888 3485 2902 3510 ,
2930 3445 3132 3503 inutilis
3159 3462 3212 3505 et
3242 3434 3499 3523 superva-

1895 3532 2092 3579 ca‘neus
2122 3526 2209 3593 sit,
2241 3543 2346 3582 non
2377 3527 2559 3595 homo,
2585 3547 2759 3602 neque
2785 3539 2997 3605 generis
3020 3543 3214 3596 nostri.
3238 3544 3374 3612 Quid
3404 3548 3504 3619 igi-

1895 3625 1982 3671 tur
2008 3619 2112 3673 erit
2137 3660 2151 3684 ,
2185 3619 2395 3690 inquies
2417 3664 2431 3688 ,
2463 3622 2510 3677 si
2545 3639 2662 3679 mea
2693 3626 2985 3698 despiciam
3010 3672 3028 3698 ,
3063 3633 3237 3690 aliena
3269 3653 3454 3695 curem
3480 3642 3503 3694 ’ἒ

1894 3708 2009 3764 Non
2044 3721 2217 3780 potest
2248 3721 2395 3769 certe
2419 3757 2432 3780 ,
2468 3730 2573 3770 non
2597 3726 2782 3790 potest
2808 3721 2896 3789 qui
2927 3723 3156 3782 aliorum
3189 3738 3286 3785 res’
3304 3744 3459 3785 curat
3485 3774 3500 3795 ,

1895 3816 2019 3856 suas
2047 3802 2334 3875 negligere.
2372 3805 2471 3872 Qui
2500 3808 2642 3861 enim
2671 3798 2902 3865 aliorum
2925 3829 3013 3869 res
3033 3827 3203 3885 curat,
3230 3821 3498 3877 neminem

1896 3894 2117 3948 oil'endit
2141 3937 2153 3958 ,
2187 3911 2376 3951 omnes
2405 3898 2727 3967 miseratur,
2766 3911 2822 3958 et
2849 3897 2946 3973 pro
2975 3907 3110 3963 virili
3139 3910 3326 3979 juvat;
3367 3917 3501 3972 nihil

1897 3985 1987 4040 ille
2026 3987 2236 4057 rapiet,
2270 4004 2377 4043 non
2421 3989 2684 4046 iurabitur
2708 4035 2722 4059 ,
2757 4011 2862 4049 non
2905 3997 3098 4053 falsum
3130 4003 3496 4062 testimonium

1894 4075 2035 4134 dicet
2068 4097 2081 4133 :
2110 4080 2177 4135 ab
2207 4081 2352 4135 omni
2384 4083 2673 4140 abstinebit
2698 4089 2932 4156 nequitia
2958 4133 2971 4153 ,
3002 4106 3218 4149 omnem
3248 4098 3499 4161 virtutem

1895 4171 2280 4240 amplectetur,
2329 4190 2428 4244 pro
2471 4177 2700 4232 inimicis
2741 4182 3081 4248 precabitur,
3125 4185 3502 4247 insidiantibus

1895 4261 1995 4318 sibi
2028 4263 2345 4321 beneficium
2377 4270 2688 4338 praesumit;
2724 4275 2922 4327 nemini
2954 4279 3376 4348 conviciahitur,
3411 4303 3506 4341 ne-

1897 4357 2025 4411 mini
2058 4357 2340 4416 malcdicet
2361 4404 2374 4426 ,
2405 4363 2614 4419 etiamsi
2656 4365 2935 4422 innumera
2963 4370 3146 4426 audiat
3170 4375 3457 4435 maledicta
3488 4426 3501 4446 ,

1897 4448 1989 4503 sed
2037 4449 2150 4506 haec
2181 4454 2474 4521 apostolica
2503 4457 2665 4510 verba
2698 4459 2935 4528 proferet
2963 4478 2977 4516 :
3009 4462 3137 4527 Quis
3171 4467 3465 4536 inﬁrmatur
3491 4519 3504 4540 ,

1898 4551 1942 4592 et
1967 4558 2057 4610 ego
2080 4559 2180 4596 non
2203 4544 2436 4612 inﬁrmor
2453 4547 2479 4600 .9
2501 4549 2612 4613 quis
2638 4549 3043 4618 scandalizatur,
3071 4566 3116 4611 et
3140 4573 3230 4629 ego
3256 4547 3357 4614 rion
3382 4579 3509 4617 uror

1898 4632 1975 4703 (2.
2001 4631 2121 4690 Cor.
2147 4636 2236 4691 11.
2264 4635 2398 4709 29)?
2429 4637 2484 4693 Si
2516 4654 2645 4695 vero
2671 4653 2852 4698 nostra
2883 4661 3222 4715 qumramus,
3252 4669 3359 4708 non
3393 4672 3509 4709 om-

1899 4727 2027 4781 nino
2062 4726 2131 4783 de
2167 4729 2359 4785 alienis
2395 4732 2721 4788 curabimus.
2764 4734 2863 4797 His
2893 4739 3144 4796 omnibus
3169 4758 3376 4801 morem
3412 4763 3504 4817 ge-

1896 4830 2081 4874 rentes
2106 4830 2160 4875 et
2191 4824 2429 4891 persuasi
2452 4866 2464 4887 ,
2497 4839 2603 4879 non
2635 4841 2793 4895 posse
2819 4843 2920 4884 nos
2947 4831 3171 4887 salutem
3203 4841 3461 4910 consequi
3497 4883 3512 4907 ,

1896 4911 1997 4965 nisi
2017 4926 2358 4968 communem
2387 4916 2668 4971 utilitatem
2698 4929 3024 4989 spectemus,
3052 4924 3191 4981 hunc
3216 4927 3504 4988 discissum

1894 5007 2140 5062 videntes
2168 5051 2180 5072 ,
2216 5009 2471 5080 illumque
2509 5013 2713 5080 pariter
2740 5016 2832 5085 qui
2871 5017 3128 5075 talentum
3170 5022 3465 5081 sulfoderat
3488 5072 3502 5093 ,

1898 5098 2040 5152 illam
2070 5100 2248 5167 potius
2273 5101 2532 5172 eligamus
2555 5104 2716 5172 viam,
2747 5114 2803 5160 ut
2828 5117 2883 5162 et
2904 5109 3066 5164 vitam
3096 5121 3352 5171 azternam
3377 5133 3508 5173 con-

1897 5205 2186 5260 sequamur
2215 5210 2228 5246 :
2255 5210 2415 5262 quam
2459 5196 2662 5250 utinam
2693 5213 2883 5255 omnes
2913 5204 3308 5272 nanciscamur,
3335 5215 3504 5280 gratia

1895 5292 1948 5336 et
1980 5283 2309 5352 benignitate
2347 5285 2560 5342 Domini
2600 5292 2770 5345 nostri
2797 5291 2926 5349 Jesu
2955 5293 3193 5364 Christi,
3222 5300 3307 5356 cui
3338 5302 3504 5373 gloria

1898 5375 1950 5427 in
1984 5375 2179 5430 sa-cula
2211 5378 2552 5434 szcculorum.
2587 5381 2780 5438 Amen.

1264 5664 2427 5742 WWQSQEas-zm—

501 5895 779 5958 l’arnoc.
819 5898 935 5956 (iu.
988 5899 1201 5961 Ll'lll.

3088 5905 3160 5962 16
