4174 6332
693 444 786 500 πι
1457 427 1513 483 S.
1548 421 1828 482 'JOA'NNIS
1861 409 2331 477 CHRYSOSTOMI
2369 404 2684 469 ARCHIEP.
2723 396 3254 460 CONSTANTINOP.
3849 383 3950 441 7Ιὲ

695 514 3953 591 ΜΜ-Μ

1740 631 2085 695 HOMILIA
2130 621 2478 686 LXXVIII.
2525 618 2609 680 al.
2654 613 2949 676 LXXIX.

2373 773 2513 820 runt.
2564 757 2861 828 Lampades
2915 767 3091 810 autem
3142 752 3229 807 hic
3273 749 3403 805 dicit
3431 748 3604 816 ipsum
3632 741 3955 814 virginitatis

2372 858 2590 919 donum,
2613 847 2908 905 sanctitatis
2935 847 3266 916 puritatem;
3294 841 3468 894 oleum
3495 852 3624 892 vero
3655 834 3957 904 benignita-

2377 957 2520 1008 tem,
2579 943 3010 1010 eleemosynam,
3075 934 3334 989 auxilium
3396 931 3578 1000 egenis
3636 927 3955 997 prmstitum.

2374 1039 2428 1092 5.
2461 1035 2660 1088 Moram
2695 1041 2858 1085 autem
2883 1029 3095 1099 faciente
3120 1040 3304 1097 sponso
3328 1066 3344 1090 ,
3369 1023 3761 1076 dorntitacerunt
3787 1033 3959 1071 omnes

2377 1136 2423 1181 et
2481 1124 2813 1177 dormierunt.
2863 1118 2961 1173 Hic
3006 1116 3241 1171 ostendit
3281 1127 3384 1168 non
3429 1125 3650 1182 parvum
3692 1107 3960 1176 temporis

2376 1218 2604 1288 spatium
2653 1213 2989 1282 interjectum
3014 1253 3031 1278 ,
3063 1209 3351 1277 discipulos
3391 1204 3664 1260 abducens
3695 1216 3763 1255 ne
3791 1214 3961 1269 expe-

2377 1319 2520 1366 ctent
2537 1322 2756 1377 regnum
2777 1305 2891 1374 ejus
2914 1305 3090 1359 statim
3107 1309 3386 1356 venturum
3402 1311 3541 1352 esse.
3567 1293 3699 1348 Nam
3723 1293 3822 1346 hoc
3836 1305 3966 1360 Spe-

694 797 825 851 CM‘.
848 793 940 848 25.
970 807 1024 844 v.
1058 790 1109 844 i.
1136 787 1278 842 Tunc
1329 783 1488 840 simile
1521 783 1613 843 erit
1654 794 1861 850 regnum
1891 776 2128 831 caelorum
2170 772 2260 825 dc-

764 901 869 939 ccm
897 881 1186 952 virginibus,
1211 893 1322 945 qua
1346 875 1644 943 accipientes
1677 866 1935 937 lampades
1965 879 2100 922 suas.
2135 863 2264 914 exie-

763 989 880 1032 runt
900 975 1094 1028 obviam
1115 985 1315 1040 sponso.
1347 969 1402 1021 2.
1433 966 1664 1032 Quinque
1679 972 1846 1014 autem
1874 968 2014 1012 erant
2040 954 2263 1022 pruden-

766 1079 837 1123 tes
864 1079 909 1121 et
929 1067 1142 1133 quinque
1187 1065 1358 1132 fatue,
1384 1060 1436 1113 ’5.
1479 1072 1590 1127 qua:
1617 1071 1714 1107 non
1747 1056 2044 1119 acceperunt
2075 1047 2265 1101 (tl-mm.

766 1163 820 1214 4.
871 1157 1150 1212 Prudentes
1189 1167 1302 1206 vero
1347 1156 1644 1218 acceperunt
1689 1145 1852 1198 oleum
1896 1140 1948 1193 in
1987 1152 2118 1192 uasis
2166 1136 2270 1188 suis

768 1268 886 1305 cum
933 1245 1248 1316 lampadibus
1297 1242 1423 1296 suis.
1475 1240 1528 1294 5.
1596 1237 1792 1290 Moram
1844 1243 2010 1286 autem
2060 1229 2273 1298 faciente

771 1354 953 1412 sponso
974 1381 987 1404 ,
1011 1346 1115 1392 etc.
1154 1335 1254 1406 (a).

771 1499 825 1551 l.
857 1493 1114 1549 Parabola
1149 1489 1210 1543 de
1255 1486 1531 1558 uirginibus
1573 1499 1685 1536 cum
1711 1481 1825 1557 aliis
1857 1476 2132 1532 secundum
2155 1472 2273 1542 quid

703 1586 946 1641 similibus
962 1592 1302 1651 comparatur,
1327 1576 1504 1630 deinde
1528 1575 1843 1636 explanatur.
1858 1568 2006 1622 Nihil
2019 1568 2126 1620 sine
2150 1564 2276 1616 elec-

701 1676 1151 1749 ntosynaprodest.
1182 1673 1318 1726 Mors
1343 1685 1564 1724 somnus.
1590 1665 1788 1719 Futura
1807 1658 2121 1717 resurrectio.
2147 1655 2198 1709 Ν
2205 1656 2278 1708 ul-

708 1773 784 1826 lus
883 1770 967 1824 die
992 1768 1171 1834 iudicii
1208 1775 1466 1833 patronus.
1498 1791 1566 1800 -—
1593 1759 1686 1813 lia:
1715 1756 1980 1826 parabolae
2027 1750 2188 1820 priori
2215 1748 2280 1802 de

709 1863 852 1917 fideli
878 1875 1034 1916 servo
1063 1867 1115 1913 et
1143 1857 1210 1911 de
1239 1853 1482 1923 improbo
1502 1893 1517 1917 ,
1546 1849 1802 1920 qui'bona
1831 1844 2031 1901 domini
2059 1842 2282 1897 devora-

713 1957 807 2017 vit,
842 1955 1042 2009 similes
1063 1958 1204 2004 sunt.
1236 1949 1471 2015 Quatuor
1496 1946 1638 1998 enim
1667 1947 1790 1996 sunt
1815 1939 1879 1993 ad
1903 1953 2012 1991 rem
2041 1934 2281 1991 eamdem

701 2046 839 2100 licet
868 2045 1081 2098 dixerso
1123 2039 1277 2093 modo
1327 2037 1637 2096 hortantes;
1693 2032 1810 2085 dico
1840 2038 2016 2082 autem
2067 2026 2183 2079 illas
2219 2024 2286 2077 de

715 2137 1048 2201 eleemosvna
1097 2129 1358 2200 eroganda
1386 2170 1401 2194 ,
1431 2143 1492 2181 ac
1535 2126 1601 2180 de
1629 2123 1874 2194 proximo
1901 2135 1996 2190 pro
2040 2117 2287 2172 facultate

718 2224 1146 2295 nostrajuvando
1172 2264 1184 2285 ,
1212 2222 1360 2290 quasi
1390 2234 1494 2272 non
1540 2217 1800 2287 possimus
1828 2212 1932 2266 alio
1957 2208 2115 2266 modo
2149 2207 2290 2262 salu-

720 2330 825 2372 tem
854 2314 1126 2384 consequi.
1156 2313 1259 2368 Sed
1303 2312 1354 2363 in
1383 2310 1486 2363 illis
1505 2307 1718 2377 quidem
1747 2304 2065 2375 generaliter
2094 2301 2160 2355 de
2186 2299 2289 2353 uti-

720 2411 860 2463 litate
886 2403 1101 2470 quavis,
1132 2417 1291 2471 quam
1314 2412 1595 2470 possumus
1639 2395 1892 2464 proximo
1924 2401 2175 2462 praestare
2199 2405 2213 2453 ;
2237 2388 2293 2442 in

707 2497 970 2569 parabota
1010 2509 1145 2547 vero
1191 2493 1258 2546 de
1301 2491 1590 2561 virginibus
1617 2488 1685 2542 de
1712 2486 2058 2555 eleemOsyna
2089 2483 2201 2536 sive
2230 2481 2296 2534 de

721 2587 962 2666 pecunia:
1003 2584 1281 2654 largitione
1329 2584 1519 2651 agitur,
1565 2589 1620 2632 et
1663 2577 1875 2646 quidem
1929 2571 2298 2628 vehementius

722 2676 957 2744 quamln
977 2676 1249 2746 superiore
1279 2671 1548 2744 parabola.
1579 2669 1689 2722 Illic
1710 2670 1850 2723 enim
1882 2665 2290 2735 percutientem,

705 2766 1019 2832 ebriosum,
1037 2765 1344 2834 dominique
1368 2763 1502 2816 bona
1524 2759 1871 2828 dissipantem
1888 2766 1941 2810 et
1964 2753 2294 2824 perdentem,

721 2861 985 2930 supplicio
1017 2854 1174 2912 allicit
1202 2871 1218 2919 ;
1260 2853 1347 2908 hic
1387 2867 1514 2908 vero
1539 2850 1696 2904 etiam
1736 2863 1857 2903 eum
1883 2847 1970 2916 qui
2001 2843 2298 2914 proximum

861 2953 1033 3022 juvat,
1066 2961 1235 3017 neque
1257 2943 1471 3014 largiter
1489 2943 1669 3012 egenis
1691 2926 2100 2992 sna'distribuit.
2126 2933 2297 3001 Virgi-

731 3062 826 3100 nes
842 3045 1017 3100 oleum
1037 3037 1562 3111 quidem-habebant,
1591 3033 1682 3088 sed
1707 3047 1810 3086 non
1835 3031 2128 3099 copiosum,
2157 3026 2306 3081 ideo-

725 3151 838 3205 que
863 3133 1170 3204 puniuntur.
1217 3127 1328 3183 Eur
1362 3141 1491 3195 ergo
1516 3124 1613 3179 sub
1641 3137 1864 3191 persona
1888 3121 2151 3190 virginum
2172 3117 2307 3174 hanc

737 3225 939 3295 profert
998 3217 1340 3290 parabolam,
1386 3229 1495 3270 nec
1529 3214 1967 3284 qualemcumque
2029 3223 2307 3276 personam

736 3311 1020 3368 adhibuit?
1046 3309 1226 3378 Magna
1257 3306 1325 3360 de
1351 3305 1648 3376 virginitate
1689 3302 1897 3356 dixerat
1934 3319 1948 3354 :
1987 3298 2121 3354 Sunt
2153 3314 2312 3351 eunu-

738 3404 840 3467 chi,
873 3401 961 3471 qui
999 3400 1188 3468 seipsos
1241 3405 1581 3449 castraverunt
1614 3402 1816 3462 propter
1843 3407 2049 3462 regnum
2075 3386 2314 3443 ctelorum

743 3493 956 3569 (Matth.
986 3489 1075 3546 i9.
1108 3486 1199 3558 Η)
1223 3529 1238 3554 ,
1265 3496 1334 3550 et,
1395 3486 1492 3553 Qui
1521 3493 1679 3554 potest
1700 3499 1878 3551 capere
1901 3524 1916 3549 ,
1945 3483 2133 3551 capiat.
2167 3481 2315 3534 Alio-

742 3585 868 3655 quin
891 3596 1016 3637 vero
1062 3577 1263 3634 sciebat
1311 3578 1591 3645 plerosque
1631 3587 1872 3642 magnam
1901 3572 1969 3626 de
1999 3571 2082 3625 illa
2107 3572 2316 3639 opinio-

735 3691 873 3743 nem
900 3674 1118 3730 habere.
1147 3670 1279 3725 Nam
1308 3684 1393 3724 res
1424 3677 1505 3723 est
1547 3678 1732 3722 natura
1759 3681 1854 3720 sua
1881 3665 2042 3720 ardua
2064 3706 2078 3729 ,
2111 3673 2170 3718 ut
2197 3663 2318 3718 inde

747 3771 918 3840 palam
949 3777 1052 3833 est,
1076 3764 1216 3836 quod
1243 3765 1296 3819 in
1323 3761 1494 3818 veteri
1525 3761 1639 3830 lege
1673 3774 1741 3813 ne
1772 3758 1938 3813 sancti
1967 3757 2180 3828 quidem
2203 3772 2313 3810 ma-

748 3864 942 3932 gnique
968 3860 1067 3914 viri
1111 3858 1253 3913 illam
1285 3854 1612 3911 exercuerim
1637 3895 1652 3917 ,
1685 3859 1739 3906 et
1766 3852 1815 3904 in
1852 3866 1992 3905 nova
2020 3851 2158 3904 nulla
2185 3849 2318 3920 legis

752 3955 1072 4011 necessitate
1093 3950 1361 4020 jubeatur.
1392 3947 1575 4013 Neque
1615 3945 1762 4000 enim‘
1785 3944 1888 4000 hoc
1913 3945 2194 4014 praecepit;
2227 3942 2321 3998 sed

751 4045 1078 4103 audientium
1120 4040 1340 4097 arbitrio
1379 4038 1506 4092 illud
1549 4037 1777 4106 reliquit.
1814 4035 2041 4090 ‘ldeoait
2072 4034 2267 4088 Paulus
2308 4051 2322 4087 :

755 4142 835 4195 De
879 4135 1151 4207 uirginibus
1203 4139 1374 4184 autem
1422 4136 1725 4197 praeceptum
1765 4125 1969 4178 Domini
2023 4141 2124 4178 non
2172 4124 2327 4176 habeo

754 4234 841 4308 (l.
871 4230 991 4287 Cor.
1017 4229 1068 4281 7.
1101 4225 1174 4281 25
1194 4223 1240 4295 ).
1269 4220 1453 4278 laudo
1481 4220 1694 4290 quidem
1721 4217 1851 4272 illud
1879 4225 2201 4280 servantem,
2234 4215 2328 4270 sed

757 4307 1024 4380 nolentem
1055 4332 1162 4372 non
1188 4329 1343 4384 cogo,
1369 4327 1539 4380 neque
1569 4317 1896 4381 praeceptum
1925 4309 1976 4363 id
2009 4308 2165 4364 facio.
2195 4307 2326 4377 Quia

757 4417 915 4486 igitur
942 4423 1129 4481 magna
1159 4420 1246 4462 res
1274 4412 1409 4467 erat,
1439 4412 1492 4457 et
1519 4403 1573 4457 in
1597 4417 1785 4473 magna
1825 4401 1963 4471 apud
2004 4401 2198 4456 multos
2219 4409 2333 4454 erat

757 4505 1186 4563 existimatione;
1229 4513 1298 4554 ne
1335 4497 1454 4567 quis
1501 4495 1643 4549 illam
1683 4510 1932 4560 servans,
1962 4495 2115 4564 quasi
2158 4494 2332 4548 omnia

763 4603 1066 4656 servasset,
1094 4593 1235 4648 circa
1282 4597 1473 4643 caetera
1519 4586 1788 4656 negligens
1817 4595 1977 4648 esset,
2010 4587 2145 4640 hanc
2187 4584 2337 4653 ponit

765 4687 1089 4757 parabolam,
1117 4697 1236 4753 qua:
1263 4680 1487 4737 suadere
1511 4678 1679 4749 possit
1699 4718 1714 4739 ,
1738 4677 2092 4747 virginitatem
2121 4677 2332 4746 aliaque

765 4781 903 4832 bona
923 4775 1121 4837 omnia,
1151 4773 1506 4842 deemosynas
1529 4769 1788 4824 fructibus
1809 4783 1996 4832 vacua,
2021 4783 2139 4822 cum
2171 4766 2336 4820 forni—

771 4866 1042 4922 catoribns
1066 4862 1184 4932 ejici
1233 4870 1330 4917 :et
1369 4861 1714 4916 inhumanum
1757 4857 2338 4926 immisericordemque

765 4963 890 5014 eum
909 4955 1013 5010 illis
1038 4951 1283 5008 collocari
1312 4968 1326 5008 :
1350 4951 1506 5020 idque
1523 4950 1642 5020 jure
1672 4950 1862 5005 merito
1885 4950 1938 5002 ιε
1967 4948 2053 5003 ille
2070 4949 2210 5004 enim
2224 4963 2344 5002 cor-

764 5055 957 5112 porum
1012 5052 1199 5094 amore
1244 5037 1422 5092 victus
1474 5045 1596 5099 est,
1653 5034 1817 5090 fatuae
1872 5041 2051 5088 autem
2106 5033 2348 5103 virgines

759 5146 956 5190 amore
1018 5127 1397 5200 pecuniarum.
1469 5124 1587 5179 Non
1643 5132 1728 5179 est
1799 5131 1982 5177 autem
2050 5138 2348 5192 corporum

757 5232 818 5277 et
868 5212 1225 5292 pecuniarum
1273 5233 1374 5288 par
1431 5216 1747 5287 cupiditas;
1794 5218 1889 5273 sed
1944 5215 2126 5270 acrior
2177 5217 2349 5270 multo

763 5330 830 5369 ac
878 5313 1166 5372 violentior
1219 5324 1534 5382 corporum.
1581 5310 1814 5376 Quanto
1863 5319 2045 5365 autem
2098 5309 2346 5363 imbecil-

763 5405 869 5458 lior
896 5414 979 5459 est
1011 5404 1286 5467 inimicus,
1321 5411 1474 5458 tanto
1507 5403 1686 5457 minus
1714 5403 1831 5457 illa:
1863 5417 1986 5472 qua:
2012 5401 2168 5456 victae
2198 5413 2344 5464 sunt,

763 5498 980 5552 veniam
1017 5505 1327 5562 merentur;
1361 5497 1593 5566 ideoque
1623 5495 1802 5551 fatuas
1829 5496 1950 5550 illas
1989 5502 2144 5549 vocat
2170 5534 2184 5557 ,
2217 5496 2345 5563 quia

764 5589 960 5659 majori
990 5601 1245 5658 superato
1268 5591 1471 5653 labore,
1501 5603 1594 5657 per
1617 5588 1878 5642 minorem
1904 5596 2074 5642 totum
2103 5587 2350 5657 perdide-

827 5697 921 5767 [ln
947 5695 1122 5767 Morel.
1145 5695 1432 5767 legitur.....
1458 5709 1565 5766 cum
1593 5692 1968 5767 fornicatoribus
1986 5693 2162 5767 ejiciet
2187 5693 2347 5745 immi-

763 5756 1112 5830 sericordibus,
1140 5755 1283 5830 idque
1293 5756 1409 5830 jure
1431 5755 1850 5830 merito,homissi‘s.
1859 5755 2190 5830 interpositis.

828 5826 896 5891 tu)
921 5822 981 5891 ln_
999 5822 1188 5891 aliquot
1204 5817 1467 5891 ’Codircibus
1487 5821 1596 5870 haec
1615 5818 1872 5891 Evangelii
1892 5817 2189 5891 lectiogante
2213 5817 2350 5891 prin-

968 5882 1186 5932 homilize
1210 5882 1367 5942 posita
1394 5886 1537 5944 longe
1565 5883 1775 5947 amplior
1799 5882 2022 5931 etl‘ertur.
2039 5882 2135 5932 Ct‘r.
2164 5883 2342 5930 Adnot.

2378 1401 2567 1456 rabant
2583 1441 2596 1465 ,
2635 1398 2856 1467 ideoque
2883 1393 3188 1463 frequenter
3216 1390 3336 1444 illos
3363 1387 3431 1442 ab
3453 1387 3553 1440 hoc
3579 1400 3675 1454 spe
3701 1390 3965 1438 removet.

2380 1491 2463 1548 Ad
2484 1491 2598 1544 hair.
2617 1487 2745 1542 illud
2761 1501 2971 1557 quoque
2985 1481 3303 1545 subindicat,
3320 1486 3545 1532 mortem
3558 1489 3680 1530 esse
3697 1486 3966 1528 somnum.

2383 1585 2729 1643 Dorntierunt.
2755 1581 2944 1650 inquit.
2966 1577 3016 1634 6.
3051 1575 3223 1629 Media
3243 1582 3409 1626 autent
3423 1578 3567 1624 nocte
3595 1569 3780 1622 clamor
3805 1570 3972 1634 factus

2387 1687 2477 1732 est.
2502 1676 2594 1730 νει
2620 1676 2670 1727 in
2702 1671 2957 1743 parabola
2989 1669 3219 1728 insistit;
3247 1665 3330 1719 vel
3355 1661 3518 1717 docet
3545 1667 3708 1714 nocte
3737 1656 3973 1712 futuram

2385 1767 2833 1825 resurrectionem
2856 1777 2993 1819 esse.
3027 1760 3326 1815 Clamorem
3357 1754 3514 1810 etiam
3539 1749 3737 1808 Paulus
3769 1761 3978 1803 mento-

2389 1872 2492 1926 rat,
2524 1861 2708 1914 dicens
2743 1877 2756 1912 :
2789 1855 2855 1909 In
2889 1857 3060 1925 jussu,
3091 1853 3144 1904 in
3196 1866 3312 1903 voce
3353 1842 3644 1915 archangeli
3665 1883 3683 1909 ,
3711 1843 3764 1894 in
3799 1841 3981 1894 ultima

2391 1955 2506 2007 tuba
2549 1950 2808 2005 descendet
2851 1949 2913 2001 de
2942 1947 3065 1999 ctelo
3099 1943 3190 2012 (l.
3229 1939 3404 1994 Thess.
3435 1938 3490 1992 4.
3538 1934 3666 2001 l6).
3715 1932 3852 2000 Quid
3880 1932 3980 1986 sibi

2393 2047 2574 2100 volunt
2603 2043 2760 2107 tuine,
2785 2040 2909 2110 quid
2936 2037 3177 2093 clamor?
3211 2033 3442 2104 Sponsus
3466 2028 3617 2084 venit.
3651 2027 3704 2080 7.
3736 2023 3866 2080 Cum
3893 2041 3983 2076 or—

2393 2154 2508 2191 nass
2529 2150 2592 2188 ‘rtl
2619 2149 2738 2205 ergo
2764 2130 3047 2201 lampades,
3085 2128 3138 2181 8.
3168 2125 3323 2194 fatua
3347 2117 3656 2192 sapientibus
3701 2118 3940 2170 dixerunt
3963 2130 3985 2166 τ

2398 2231 2523 2284 Date
2552 2227 2692 2282 nobis
2713 2225 2775 2278 de
2797 2224 2907 2278 oleo
2933 2232 3116 2275 vestro.
3160 2217 3393 2273 Rursum
3437 2213 3555 2269 illas
3583 2210 3756 2266 fatuas
3783 2219 3941 2262 vocat
3967 2248 3987 2264 ..

2399 2320 2686 2376 ostendens
2715 2314 2851 2370 nihil
2885 2311 3098 2368 stultius
3118 2324 3240 2365 esse
3264 2308 3329 2363 iis
3352 2307 3442 2377 qui
3469 2305 3555 2359 hic
3598 2302 3852 2373 pecunias
3872 2303 3987 2354 co!-

2401 2412 2568 2480 ligunt
2593 2451 2606 2473 ,
2640 2418 2696 2462 et
2735 2403 2861 2458 nudi
2895 2402 3019 2456 illuc.
3051 2399 3287 2464 abeunt,
3336 2396 3422 2451 ubi
3455 2394 3606 2448 nobis
3661 2391 3994 2460 benignitate

2409 2500 2584 2571 magis
2618 2498 2756 2569 Opus
2794 2507 2914 2562 est,
2956 2494 3236 2562 multoque
3277 2489 3398 2543 oleo
3428 2490 3470 2544 ⁸.
3511 2487 3628 2540 Non
3686 2484 3810 2538 ideo
3855 2490 3981 2536 tan-

2408 2601 2524 2649 tum
2553 2589 2758 2655 stulta,
2777 2587 2871 2643 sed
2898 2585 3044 2656 quod
3077 2578 3415 2652 expectarint
3446 2591 3505 2632 se
3534 2576 3646 2630 illic
3671 2574 3855 2629 oleum
3885 2585 3983 2625 ac—

2404 2693 2648 2753 Capturas
2668 2693 2788 2734 esse
2808 2686 2860 2732 et
2879 2675 3019 2744 quod
3044 2669 3410 2740 intempestive
3431 2668 3772 2739 quasierint:
3811 2679 3972 2734 quam
3986 2694 3999 2704 -

2403 2788 2560 2845 quam
2591 2770 2724 2826 nihil
2766 2767 3047 2824 humanius
3087 2764 3192 2819 illis
3241 2761 3556 2833 virginibus,
3613 2773 3732 2829 quze
3787 2756 3891 2812 hac
3947 2757 3999 2810 iu

2406 2874 2556 2935 parte
2583 2861 2814 2918 maxime
2843 2858 3146 2928 conSpicum
3175 2854 3410 2910 fuerunt.
3434 2851 3618 2920 Neque
3643 2859 3816 2904 totum
3844 2857 4002 2918 pete-

2409 2957 2537 3011 bant
2580 2972 2592 3006 :
2646 2952 2777 3006 Date
2820 2951 2960 3004 nobis
2993 2948 3058 3002 de
3104 2947 3215 3000 oleo
3266 2952 3464 3008 uestro;
3520 2942 4004 3009 necessitatemque

2409 3043 2779 3102 ostendebant.
2796 3040 3034 3095 dicentes
3056 3056 3069 3092 :
3091 3036 3380 3106 Lampades
3401 3044 3586 3089 nostra
3611 3033 4001 3103 extinguatur.

2409 3134 2515 3194 Sed
2541 3135 2585 3188 si
2607 3132 2766 3189 etiam
2795 3130 3064 3200 repulsam
3092 3127 3360 3182 tulerunt:
3391 3138 3454 3179 ac
3484 3138 3658 3192 neque
3680 3121 4004 3180 humanitas

2414 3239 2596 3281 earum
2625 3239 2654 3277 a
2681 3222 2876 3292 quibus
2914 3218 3184 3288 petebant,
3215 3230 3389 3285 neque
3438 3212 3714 3284 petitionis
3752 3209 4009 3266 facilitas.

2417 3333 2591 3386 neque
2621 3314 2934 3378 necessitas,
2965 3310 3238 3382 quidpiam
3269 3309 3642 3378 impetrarunt.
3664 3303 3868 3359 Verum
3886 3300 4015 3370 quid

2421 3409 2542 3464 inde
2568 3404 2866 3462 discimus"!
2889 3402 3169 3457 Neminem
3197 3399 3305 3454 illic
3332 3397 3504 3460 nobis,
3529 3409 3665 3466 quos
3693 3407 3863 3463 opera
3888 3406 4014 3462 pro-

2423 3502 2694 3566 diderunt,
2720 3496 3177 3553 anxilio'futurum
3199 3509 3213 3560 ;
3238 3507 3347 3549 non
3377 3490 3507 3562 quid
3524 3490 3716 3556 nolint,
3745 3489 3843 3544 sed
3874 3487 4018 3559 quod

2423 3594 2530 3650 non
2553 3592 2774 3664 possint.
2819 3590 2953 3644 Nam
2982 3597 3034 3643 et
3077 3587 3180 3640 illa:
3223 3584 3292 3639 ad
3325 3583 3651 3654 impossibile
3679 3580 4018 3651 confugiunt.

2424 3689 2535 3744 lloe
2549 3695 2604 3740 et
2621 3687 2807 3740 beatus
2825 3680 3089 3736 Abraham
3109 3676 3340 3733 ostendit
3357 3675 3540 3732 dicens
3560 3690 3574 3726 :
3601 3673 3852 3744 Magnum
3869 3673 4024 3725 chaos

2425 3784 2554 3836 inter
2579 3796 2664 3834 vos
2691 3787 2739 3833 et
2785 3793 2877 3830 nos
2903 3784 3014 3840 est,
3046 3781 3102 3827 ut
3127 3789 3189 3827 ne
3215 3769 3435 3825 volentes
3483 3767 3684 3839 quidem
3713 3767 4026 3837 pertransire

2430 3876 2622 3946 possint
2649 3873 2796 3944 (Luc.
2831 3869 2919 3925 ιϐ.
2964 3869 3080 3938 26).
3116 3868 3170 3924 9.
3208 3866 3287 3921 Ite
3311 3876 3478 3920 autent
3523 3865 3592 3918 ad
3625 3866 3897 3919 uendentes
3923 3906 3938 3927 ,
3981 3873 4028 3917 ct

2431 3968 2592 4021 emite.
2634 3965 2732 4032 Qui
2785 3961 3117 4018 vendentes?
3166 3960 3455 4028 Pauperes.
3515 3957 3742 4013 Ubinam
3779 3957 3897 4012 illi?
3933 3956 4030 4011 llic

2433 4068 2583 4113 erant
2613 4074 2624 4109 :
2659 4056 2744 4124 his
2769 4068 3008 4125 quaerere
3034 4052 3333 4123 oportebat,
3364 4065 3537 4120 neque
3562 4050 3613 4104 in
3649 4060 3894 4119 tempore
3910 4050 4026 4104 illo.

2505 4150 2560 4203 2.
2591 4147 2776 4203 Viden'
2803 4145 3072 4216 quomodo
3101 4144 3190 4199 liat
3218 4143 3372 4198 nobis
3399 4157 3464 4196 ex
3495 4143 3818 4212 pauperibus
3861 4158 4031 4214 nego-

2440 4244 2623 4299 tiatio?
2646 4243 2699 4297 Si
2732 4241 2828 4297 hos
2854 4240 3136 4295 sustuleris
3153 4280 3169 4304 ,
3203 4255 3449 4310 magnam
3485 4238 3672 4293 salutis
3694 4252 3846 4307 spem
3872 4235 4034 4293 nobis

2439 4334 2734 4389 sustuleris.
2784 4331 2905 4386 Ideo
2952 4330 3039 4386 hic
3087 4339 3300 4399 oportet
3324 4331 3497 4385 oleum
3523 4328 3794 4398 colligere,
3838 4337 3898 4381 ut
3927 4327 4035 4382 illic

2440 4426 2590 4480 nobis
2611 4424 2740 4478 utile
2769 4424 2858 4488 sit,
2892 4437 3011 4477 cum
3046 4429 3256 4491 tempus
3282 4434 3378 4475 nos
3409 4419 3703 4475 vocaverit.
3734 4417 3853 4472 Non
3877 4419 4032 4473 enim

2441 4527 2650 4585 tempus
2675 4514 2959 4585 colligendi
2987 4513 3116 4568 illud
3146 4523 3227 4569 est
3252 4530 3265 4566 :
3299 4513 3392 4568 sed
3413 4511 3514 4588 hoc
3537 4521 3766 4582 tempus.
3797 4509 3878 4566 Ne
3901 4525 4037 4581 ergo

2440 4625 2566 4676 Opes
2594 4617 2711 4661 tuas
2741 4605 2934 4659 frustra
2961 4602 3239 4674 impendas
3262 4604 3313 4656 in
3342 4601 3665 4668 delicias,.in
3695 4615 3887 4655 vanam
3915 4600 4039 4671 glo-

2443 4701 2596 4754 riam.
2630 4698 2792 4753 Multo
2821 4697 3016 4766 quippe
3045 4695 3166 4751 oleo
3195 4694 3287 4748 tibi
3330 4694 3437 4756 illic
3463 4709 3598 4762 opus
3641 4702 3744 4749 est.
3785 4692 3914 4748 Hae
3941 4707 4042 4747 an-

2443 4792 2648 4845 dientes
2671 4789 2772 4843 ῑιιτε
2802 4773 3046 4843 abierunt
3070 4828 3084 4851 ,
3121 4785 3214 4842 sed
3241 4785 3371 4840 nihil
3403 4784 3649 4840 utilitatis
3679 4795 4038 4853 acceperunt.

2446 4883 2557 4938 Hoc
2606 4895 2770 4952 porro
2817 4881 2892 4934 ait
2939 4887 3031 4934 aut
3073 4878 3127 4933 in
3167 4877 3419 4949 parabola
3449 4878 3722 4944 insistens,
3781 4877 4041 4948 illamque

2446 4981 2663 5036 texens;
2709 4978 2799 5025 aut
2827 4979 2884 5025 ut
2907 4969 3174 5033 ostendat,
3220 4968 3430 5024 etiamsi
3458 4967 3678 5023 humani
3716 4969 3888 5023 simus
3911 4979 4044 5039 post

2449 5066 2724 5121 decessum
2749 5074 2989 5119 nostrum
3005 5103 3022 5128 .
3049 5077 3150 5118 nos
3176 5062 3310 5117 nihil
3332 5060 3455 5117 inde
3480 5060 3698 5118 subsidii
3724 5072 4043 5131 accepturos

2450 5158 2516 5213 ad
2545 5157 2862 5228 supplicium
2891 5153 3274 5226 effugiendum.
3310 5153 3492 5223 Itaque
3534 5150 3670 5208 nihil
3692 5152 3798 5207 illis
3820 5153 4044 5223 pmtlcit

2450 5248 2680 5304 studium
2705 5263 2719 5310 ;
2743 5248 2861 5316 quia
2881 5244 3096 5300 non’hic
3117 5245 3325 5300 iverunt
3348 5244 3415 5299 ad
3435 5242 3751 5309 vendentes,
3779 5244 3872 5298 sed
3897 5243 4042 5310 illic;

2451 5355 2623 5410 neque
2649 5338 2798 5392 diviti
2848 5335 3068 5409 profuit,
3097 5335 3312 5407 quando
3339 5335 3411 5390 ita
3440 5337 3704 5391 humanus
3741 5335 3919 5391 evasit
3939 5377 3954 5398 ,
3989 5349 4044 5391 ut

2451 5431 2613 5487 etiam
2637 5427 2704 5484 de
2729 5427 2976 5482 amnibus
3001 5426 3115 5482 suis
3141 5426 3398 5482 sollicitus
3425 5435 3594 5482 esset.
3619 5426 3754 5482 Nam
3784 5426 3834 5482 is
3859 5429 3953 5497 qui
3979 5428 4042 5481 ad

2453 5520 2649 5574 ostium
2666 5519 2934 5588 jacentem
2956 5517 3288 5588 ,prmteribat,
3318 5531 3412 5572 eos
3431 5557 3448 5582 ,
3475 5531 3613 5586 quos
3642 5532 3933 5588 numquam
3967 5517 4045 5570 vi~

2454 5613 2626 5677 derat,
2659 5626 2724 5665 ex
2767 5610 3018 5680 periculis
3048 5619 3104 5665 et
3127 5623 3194 5665 ex
3222 5608 3463 5679 gehenna
3489 5609 3699 5680 eripere
3722 5608 3965 5674 festinat,
4000 5620 4046 5664 et

2457 5711 2610 5775 rogat
2636 5700 2773 5757 mitti
2798 5700 3077 5773 quosdam,
3100 5700 3188 5773 qui
3219 5701 3272 5756 id
3296 5701 3400 5758 illis
3422 5702 3742 5759 annuntient
3773 5701 3931 5773 (Luc.
3968 5701 4046 5758 t6.

2523 5931 2539 5961 ι
2571 5928 2606 5975 υ
2617 5941 2710 5976 nus
2743 5925 2896 5974 habet
2920 5924 3165 5983 multaque
3189 5918 3547 5970 misericordia.
