  <div class='ocr_page' id='page_1' title='image "/cluster/home/n/w/nwhite01/storage/ocr_20150623/58/pst.000005712571/256.png"; bbox 0 0 4174 6332; ppageno 0'>
   <div class='ocr_carea' id='block_1_1' title="bbox 222 355 319 410">
    <p class='ocr_par' dir='ltr' id='par_1_1' title="bbox 222 355 319 410">
     <span class='ocr_line' id='line_1_1' title="bbox 222 355 319 410; baseline 0 0"><span class='ocrx_word' id='word_1_1' title='bbox 222 355 319 410; x_wconf 77' lang='grc'><strong>715</strong></span> 
     </span>
    </p>
   </div>
   <div class='ocr_carea' id='block_1_2' title="bbox 217 458 1804 533">
    <p class='ocr_par' dir='ltr' id='par_1_2' title="bbox 217 458 1804 533">
     <span class='ocr_line' id='line_1_2' title="bbox 217 458 1804 533; baseline -0.009 -9"><span class='ocrx_word' id='word_1_2' title='bbox 217 470 328 533; x_wconf 69' lang='lat'><strong>28).</strong></span> <span class='ocrx_word' id='word_1_3' title='bbox 374 468 620 521; x_wconf 82' lang='lat' dir='ltr'><strong>Attamen</strong></span> <span class='ocrx_word' id='word_1_4' title='bbox 667 462 798 516; x_wconf 98' lang='lat' dir='ltr'><strong>nihil</strong></span> <span class='ocrx_word' id='word_1_5' title='bbox 846 461 934 515; x_wconf 89' lang='lat' dir='ltr'><strong>ille</strong></span> <span class='ocrx_word' id='word_1_6' title='bbox 963 460 1086 514; x_wconf 91' lang='lat' dir='ltr'><strong>hinc</strong></span> <span class='ocrx_word' id='word_1_7' title='bbox 1131 460 1262 514; x_wconf 90' lang='lat' dir='ltr'><strong>lucri</strong></span> <span class='ocrx_word' id='word_1_8' title='bbox 1293 458 1516 520; x_wconf 84' lang='lat' dir='ltr'><strong>retulit;</strong></span> <span class='ocrx_word' id='word_1_9' title='bbox 1550 466 1605 510; x_wconf 93' lang='lat' dir='ltr'><strong>ut</strong></span> <span class='ocrx_word' id='word_1_10' title='bbox 1631 472 1804 525; x_wconf 83' lang='lat' dir='ltr'><strong>neque</strong></span> 
     </span>
    </p>
   </div>
   <div class='ocr_carea' id='block_1_3' title="bbox 217 549 1809 630">
    <p class='ocr_par' dir='ltr' id='par_1_3' title="bbox 217 549 1809 630">
     <span class='ocr_line' id='line_1_3' title="bbox 217 549 1809 630; baseline -0.008 -15"><span class='ocrx_word' id='word_1_11' title='bbox 217 560 463 630; x_wconf 79' lang='lat' dir='ltr'><strong>virgines.</strong></span> <span class='ocrx_word' id='word_1_12' title='bbox 485 556 772 624; x_wconf 90' lang='lat' dir='ltr'><strong>Postquam</strong></span> <span class='ocrx_word' id='word_1_13' title='bbox 794 553 933 607; x_wconf 86' lang='lat' dir='ltr'><strong>enim</strong></span> <span class='ocrx_word' id='word_1_14' title='bbox 962 553 1044 606; x_wconf 89' lang='lat' dir='ltr'><strong>his</strong></span> <span class='ocrx_word' id='word_1_15' title='bbox 1069 551 1264 606; x_wconf 90' lang='lat' dir='ltr'><strong>auditis</strong></span> <span class='ocrx_word' id='word_1_16' title='bbox 1291 551 1558 612; x_wconf 81' lang='lat' dir='ltr'><strong>abierunt,</strong></span> <span class='ocrx_word' id='word_1_17' title='bbox 1584 549 1670 605; x_wconf 77' lang='grc'><strong>10.</strong></span> <span class='ocrx_word' id='word_1_18' title='bbox 1709 549 1809 604; x_wconf 62' lang='grc' dir='ltr'><em>νεα</em></span> 
     </span>
    </p>
   </div>
   <div class='ocr_carea' id='block_1_4' title="bbox 217 645 1829 722">
    <p class='ocr_par' dir='ltr' id='par_1_4' title="bbox 217 645 1829 722">
     <span class='ocr_line' id='line_1_4' title="bbox 217 645 1829 722; baseline -0.006 -17"><span class='ocrx_word' id='word_1_19' title='bbox 217 655 284 705; x_wconf 85' lang='lat' dir='ltr'><strong>nit</strong></span> <span class='ocrx_word' id='word_1_20' title='bbox 311 665 524 722; x_wconf 77' lang='lat' dir='ltr'><strong>sponsus</strong></span> <span class='ocrx_word' id='word_1_21' title='bbox 549 665 569 712; x_wconf 87' lang='lat'><strong>,&#39;</strong></span> <span class='ocrx_word' id='word_1_22' title='bbox 598 658 644 702; x_wconf 82' lang='lat' dir='ltr'><strong>et</strong></span> <span class='ocrx_word' id='word_1_23' title='bbox 665 663 778 717; x_wconf 69' lang='lat' dir='ltr'><strong>quia</strong></span> <span class='ocrx_word' id='word_1_24' title='bbox 805 654 995 714; x_wconf 65' lang='lat' dir='ltr'><strong>paratas</strong></span> <span class='ocrx_word' id='word_1_25' title='bbox 1038 653 1200 709; x_wconf 79' lang='lat' dir='ltr'><strong>eram,</strong></span> <span class='ocrx_word' id='word_1_26' title='bbox 1231 645 1540 698; x_wconf 75' lang='lat' dir='ltr'><strong>intraverant</strong></span> <span class='ocrx_word' id='word_1_27' title='bbox 1570 659 1685 696; x_wconf 76' lang='lat' dir='ltr'><strong>cum</strong></span> <span class='ocrx_word' id='word_1_28' title='bbox 1712 659 1829 708; x_wconf 83' lang='lat' dir='ltr'><strong>eo-;.</strong></span> 
     </span>
    </p>
   </div>
   <div class='ocr_carea' id='block_1_5' title="bbox 214 743 1801 812">
    <p class='ocr_par' dir='ltr' id='par_1_5' title="bbox 214 743 1801 812">
     <span class='ocr_line' id='line_1_5' title="bbox 214 743 1801 812; baseline -0.003 -10"><span class='ocrx_word' id='word_1_29' title='bbox 214 749 293 804; x_wconf 71' lang='lat' dir='ltr'><strong>hic</strong></span> <span class='ocrx_word' id='word_1_30' title='bbox 315 761 440 803; x_wconf 78' lang='lat' dir='ltr'><strong>vero</strong></span> <span class='ocrx_word' id='word_1_31' title='bbox 457 746 692 802; x_wconf 75' lang='lat' dir='ltr'><strong>exclusa:</strong></span> <span class='ocrx_word' id='word_1_32' title='bbox 719 755 862 799; x_wconf 90' lang='lat' dir='ltr'><strong>sunt.</strong></span> <span class='ocrx_word' id='word_1_33' title='bbox 887 744 1014 798; x_wconf 88' lang='lat' dir='ltr'><strong>Post</strong></span> <span class='ocrx_word' id='word_1_34' title='bbox 1043 743 1241 799; x_wconf 91' lang='lat' dir='ltr'><strong>multos</strong></span> <span class='ocrx_word' id='word_1_35' title='bbox 1269 744 1502 806; x_wconf 87' lang='lat' dir='ltr'><strong>labores,</strong></span> <span class='ocrx_word' id='word_1_36' title='bbox 1535 752 1654 812; x_wconf 89' lang='lat' dir='ltr'><strong>post</strong></span> <span class='ocrx_word' id='word_1_37' title='bbox 1676 743 1801 798; x_wconf 83' lang='lat' dir='ltr'><strong>infi-</strong></span> 
     </span>
    </p>
   </div>
   <div class='ocr_carea' id='block_1_6' title="bbox 211 835 1803 909">
    <p class='ocr_par' dir='ltr' id='par_1_6' title="bbox 211 835 1803 909">
     <span class='ocr_line' id='line_1_6' title="bbox 211 835 1803 909; baseline -0.003 -14"><span class='ocrx_word' id='word_1_38' title='bbox 211 844 348 895; x_wconf 85' lang='lat' dir='ltr'><strong>nitos</strong></span> <span class='ocrx_word' id='word_1_39' title='bbox 389 837 634 899; x_wconf 85' lang='lat' dir='ltr'><strong>sudores,</strong></span> <span class='ocrx_word' id='word_1_40' title='bbox 686 846 808 909; x_wconf 63' lang='lat' dir='ltr'><strong>post</strong></span> <span class='ocrx_word' id='word_1_41' title='bbox 855 845 1129 891; x_wconf 75' lang='lat' dir='ltr'><strong>certamen</strong></span> <span class='ocrx_word' id='word_1_42' title='bbox 1186 835 1316 889; x_wconf 91' lang='lat' dir='ltr'><strong>illud</strong></span> <span class='ocrx_word' id='word_1_43' title='bbox 1360 835 1712 900; x_wconf 77' lang='lat' dir='ltr'><strong>intolerabile,</strong></span> <span class='ocrx_word' id='word_1_44' title='bbox 1749 843 1803 891; x_wconf 88' lang='lat' dir='ltr'><strong>et</strong></span> 
     </span>
    </p>
   </div>
   <div class='ocr_carea' id='block_1_7' title="bbox 211 930 1798 1006">
    <p class='ocr_par' dir='ltr' id='par_1_7' title="bbox 211 930 1798 1006">
     <span class='ocr_line' id='line_1_7' title="bbox 211 930 1798 1006; baseline -0.001 -17"><span class='ocrx_word' id='word_1_45' title='bbox 211 945 403 1004; x_wconf 68' lang='lat' dir='ltr'><strong>Imprea</strong></span> <span class='ocrx_word' id='word_1_46' title='bbox 429 947 549 1006; x_wconf 73' lang='lat' dir='ltr'><strong>qua:</strong></span> <span class='ocrx_word' id='word_1_47' title='bbox 568 941 756 986; x_wconf 78' lang='lat' dir='ltr'><strong>contra</strong></span> <span class='ocrx_word' id='word_1_48' title='bbox 787 930 1048 987; x_wconf 89' lang='lat' dir='ltr'><strong>furentem</strong></span> <span class='ocrx_word' id='word_1_49' title='bbox 1085 942 1328 987; x_wconf 85' lang='lat' dir='ltr'><strong>naturam</strong></span> <span class='ocrx_word' id='word_1_50' title='bbox 1356 942 1665 998; x_wconf 78' lang='lat' dir='ltr'><strong>erexerant,</strong></span> <span class='ocrx_word' id='word_1_51' title='bbox 1698 948 1798 1002; x_wconf 81' lang='grc' dir='ltr'><strong>ρυ·</strong></span> 
     </span>
    </p>
   </div>
   <div class='ocr_carea' id='block_1_8' title="bbox 207 1021 1799 1092">
    <p class='ocr_par' dir='ltr' id='par_1_8' title="bbox 207 1021 1799 1092">
     <span class='ocr_line' id='line_1_8' title="bbox 207 1021 1799 1092; baseline 0.001 -14"><span class='ocrx_word' id='word_1_52' title='bbox 207 1026 336 1080; x_wconf 86' lang='lat' dir='ltr'><strong>dore</strong></span> <span class='ocrx_word' id='word_1_53' title='bbox 359 1023 575 1078; x_wconf 78' lang='lat' dir='ltr'><strong>suffusa:</strong></span> <span class='ocrx_word' id='word_1_54' title='bbox 595 1037 715 1077; x_wconf 91' lang='lat' dir='ltr'><strong>cum</strong></span> <span class='ocrx_word' id='word_1_55' title='bbox 737 1023 984 1077; x_wconf 80' lang='lat' dir='ltr'><strong>extinctis</strong></span> <span class='ocrx_word' id='word_1_56' title='bbox 1009 1022 1343 1091; x_wconf 76' lang='lat' dir='ltr'><strong>lampadibus</strong></span> <span class='ocrx_word' id='word_1_57' title='bbox 1361 1021 1597 1077; x_wconf 87' lang='lat' dir='ltr'><strong>demisso</strong></span> <span class='ocrx_word' id='word_1_58' title='bbox 1623 1024 1799 1092; x_wconf 92' lang='lat' dir='ltr'><strong>capite</strong></span> 
     </span>
    </p>
   </div>
   <div class='ocr_carea' id='block_1_9' title="bbox 209 1115 1795 1186">
    <p class='ocr_par' dir='ltr' id='par_1_9' title="bbox 209 1115 1795 1186">
     <span class='ocr_line' id='line_1_9' title="bbox 209 1115 1795 1186; baseline -0.002 -13"><span class='ocrx_word' id='word_1_59' title='bbox 209 1117 546 1173; x_wconf 71' lang='lat' dir='ltr'><strong>recedebant.</strong></span> <span class='ocrx_word' id='word_1_60' title='bbox 575 1115 715 1170; x_wconf 86' lang='lat' dir='ltr'><strong>Nihil</strong></span> <span class='ocrx_word' id='word_1_61' title='bbox 735 1115 875 1181; x_wconf 82' lang='lat' dir='ltr'><strong>enim</strong></span> <span class='ocrx_word' id='word_1_62' title='bbox 899 1115 1182 1170; x_wconf 83' lang='lat' dir='ltr'><strong>obscurius</strong></span> <span class='ocrx_word' id='word_1_63' title='bbox 1201 1124 1282 1170; x_wconf 90' lang='lat' dir='ltr'><strong>est</strong></span> <span class='ocrx_word' id='word_1_64' title='bbox 1306 1131 1468 1186; x_wconf 86' lang='lat' dir='ltr'><strong>quam</strong></span> <span class='ocrx_word' id='word_1_65' title='bbox 1492 1115 1795 1186; x_wconf 74' lang='lat' dir='ltr'><strong>virginitas,</strong></span> 
     </span>
    </p>
   </div>
   <div class='ocr_carea' id='block_1_10' title="bbox 207 1206 1796 1280">
    <p class='ocr_par' dir='ltr' id='par_1_10' title="bbox 207 1206 1796 1280">
     <span class='ocr_line' id='line_1_10' title="bbox 207 1206 1796 1280; baseline -0.001 -16"><span class='ocrx_word' id='word_1_66' title='bbox 207 1210 544 1280; x_wconf 84' lang='lat' dir='ltr'><strong>eleemosyna</strong></span> <span class='ocrx_word' id='word_1_67' title='bbox 571 1221 766 1263; x_wconf 82' lang='lat' dir='ltr'><strong>carens</strong></span> <span class='ocrx_word' id='word_1_68' title='bbox 791 1206 806 1239; x_wconf 85' lang='lat'>&#39;</span> <span class='ocrx_word' id='word_1_69' title='bbox 834 1223 849 1236; x_wconf 88' lang='grc'><strong>·</strong></span> <span class='ocrx_word' id='word_1_70' title='bbox 878 1206 959 1267; x_wconf 88' lang='lat' dir='ltr'><strong>sio</strong></span> <span class='ocrx_word' id='word_1_71' title='bbox 971 1206 1124 1262; x_wconf 89' lang='lat' dir='ltr'><strong>multi</strong></span> <span class='ocrx_word' id='word_1_72' title='bbox 1149 1206 1323 1262; x_wconf 79' lang='lat' dir='ltr'><strong>solent</strong></span> <span class='ocrx_word' id='word_1_73' title='bbox 1343 1207 1796 1262; x_wconf 79' lang='lat' dir='ltr'><strong>immisericordes</strong></span> 
     </span>
    </p>
   </div>
   <div class='ocr_carea' id='block_1_11' title="bbox 207 1294 1792 1366">
    <p class='ocr_par' dir='ltr' id='par_1_11' title="bbox 207 1294 1792 1366">
     <span class='ocr_line' id='line_1_11' title="bbox 207 1294 1792 1366; baseline -0.003 -12"><span class='ocrx_word' id='word_1_74' title='bbox 207 1313 400 1356; x_wconf 79' lang='lat' dir='ltr'><strong>vocare</strong></span> <span class='ocrx_word' id='word_1_75' title='bbox 441 1298 776 1353; x_wconf 85' lang='lat' dir='ltr'><strong>tenebrosos.</strong></span> <span class='ocrx_word' id='word_1_76' title='bbox 823 1297 924 1354; x_wconf 87' lang='lat' dir='ltr'><strong>Ubi</strong></span> <span class='ocrx_word' id='word_1_77' title='bbox 981 1311 1111 1366; x_wconf 81' lang='lat' dir='ltr'><strong>ergo</strong></span> <span class='ocrx_word' id='word_1_78' title='bbox 1156 1296 1476 1366; x_wconf 75' lang='lat' dir='ltr'><strong>virginitatis</strong></span> <span class='ocrx_word' id='word_1_79' title='bbox 1502 1294 1713 1352; x_wconf 80' lang='lat' dir='ltr'><strong>utilitas</strong></span> <span class='ocrx_word' id='word_1_80' title='bbox 1747 1299 1792 1364; x_wconf 79' lang='lat'><strong>’,</strong></span> 
     </span>
    </p>
   </div>
   <div class='ocr_carea' id='block_1_12' title="bbox 206 1386 1795 1460">
    <p class='ocr_par' dir='ltr' id='par_1_12' title="bbox 206 1386 1795 1460">
     <span class='ocr_line' id='line_1_12' title="bbox 206 1386 1795 1460; baseline -0.001 -17"><span class='ocrx_word' id='word_1_81' title='bbox 206 1389 416 1457; x_wconf 83' lang='lat' dir='ltr'><strong>quando</strong></span> <span class='ocrx_word' id='word_1_82' title='bbox 441 1403 541 1445; x_wconf 90' lang='lat' dir='ltr'><strong>nec</strong></span> <span class='ocrx_word' id='word_1_83' title='bbox 571 1402 826 1460; x_wconf 88' lang='lat' dir='ltr'><strong>sponsum</strong></span> <span class='ocrx_word' id='word_1_84' title='bbox 847 1386 1062 1458; x_wconf 88' lang='lat' dir='ltr'><strong>quidem</strong></span> <span class='ocrx_word' id='word_1_85' title='bbox 1085 1386 1354 1452; x_wconf 87' lang='lat' dir='ltr'><strong>viderunt,</strong></span> <span class='ocrx_word' id='word_1_86' title='bbox 1389 1401 1489 1441; x_wconf 91' lang='lat' dir='ltr'><strong>nec</strong></span> <span class='ocrx_word' id='word_1_87' title='bbox 1518 1387 1795 1457; x_wconf 79' lang='lat' dir='ltr'><strong>pulsantes</strong></span> 
     </span>
    </p>
   </div>
   <div class='ocr_carea' id='block_1_13' title="bbox 203 1477 1790 1552">
    <p class='ocr_par' dir='ltr' id='par_1_13' title="bbox 203 1477 1790 1552">
     <span class='ocr_line' id='line_1_13' title="bbox 203 1477 1790 1552; baseline -0.003 -17"><span class='ocrx_word' id='word_1_88' title='bbox 203 1481 396 1552; x_wconf 86' lang='lat' dir='ltr'><strong>aliquid</strong></span> <span class='ocrx_word' id='word_1_89' title='bbox 427 1481 798 1548; x_wconf 85' lang='lat' dir='ltr'><strong>impetrarunt,</strong></span> <span class='ocrx_word' id='word_1_90' title='bbox 830 1478 922 1533; x_wconf 89' lang='lat' dir='ltr'><strong>sed</strong></span> <span class='ocrx_word' id='word_1_91' title='bbox 947 1479 1088 1532; x_wconf 90' lang='lat' dir='ltr'><strong>illam</strong></span> <span class='ocrx_word' id='word_1_92' title='bbox 1118 1477 1408 1533; x_wconf 86' lang='lat' dir='ltr'><strong>terribilem</strong></span> <span class='ocrx_word' id='word_1_93' title='bbox 1439 1477 1661 1533; x_wconf 78' lang='lat' dir='ltr'><strong>audiere</strong></span> <span class='ocrx_word' id='word_1_94' title='bbox 1694 1493 1790 1531; x_wconf 89' lang='lat' dir='ltr'><strong>vo-</strong></span> 
     </span>
    </p>
   </div>
   <div class='ocr_carea' id='block_1_14' title="bbox 201 1567 1790 1638">
    <p class='ocr_par' dir='ltr' id='par_1_14' title="bbox 201 1567 1790 1638">
     <span class='ocr_line' id='line_1_14' title="bbox 201 1567 1790 1638; baseline -0.003 -10"><span class='ocrx_word' id='word_1_95' title='bbox 201 1588 338 1638; x_wconf 85' lang='lat' dir='ltr'><strong>cem,</strong></span> <span class='ocrx_word' id='word_1_96' title='bbox 378 1573 458 1627; x_wconf 59' lang='grc' dir='ltr'><strong>ιε.</strong></span> <span class='ocrx_word' id='word_1_97' title='bbox 483 1571 646 1633; x_wconf 84' lang='lat' dir='ltr'><strong>Abite,</strong></span> <span class='ocrx_word' id='word_1_98' title='bbox 672 1571 837 1623; x_wconf 89' lang='lat' dir='ltr'><strong>nescio</strong></span> <span class='ocrx_word' id='word_1_99' title='bbox 867 1585 953 1622; x_wconf 84' lang='lat' dir='ltr'><strong>vos</strong></span> <span class='ocrx_word' id='word_1_100' title='bbox 972 1568 998 1622; x_wconf 80' lang='lat'><strong>.’</strong></span> <span class='ocrx_word' id='word_1_101' title='bbox 1028 1567 1161 1623; x_wconf 91' lang='lat' dir='ltr'><strong>Cum</strong></span> <span class='ocrx_word' id='word_1_102' title='bbox 1186 1577 1366 1622; x_wconf 88' lang='lat' dir='ltr'><strong>atttem</strong></span> <span class='ocrx_word' id='word_1_103' title='bbox 1399 1567 1488 1622; x_wconf 89' lang='lat' dir='ltr'><strong>ille</strong></span> <span class='ocrx_word' id='word_1_104' title='bbox 1512 1569 1611 1622; x_wconf 90' lang='lat' dir='ltr'><strong>hoc</strong></span> <span class='ocrx_word' id='word_1_105' title='bbox 1640 1569 1790 1624; x_wconf 79' lang='lat' dir='ltr'><strong>dixe-</strong></span> 
     </span>
    </p>
   </div>
   <div class='ocr_carea' id='block_1_15' title="bbox 204 1658 1788 1729">
    <p class='ocr_par' dir='ltr' id='par_1_15' title="bbox 204 1658 1788 1729">
     <span class='ocr_line' id='line_1_15' title="bbox 204 1658 1788 1729; baseline -0.004 -12"><span class='ocrx_word' id='word_1_106' title='bbox 204 1663 285 1727; x_wconf 86' lang='lat' dir='ltr'><strong>rit,</strong></span> <span class='ocrx_word' id='word_1_107' title='bbox 316 1662 450 1717; x_wconf 83' lang='lat' dir='ltr'><strong>nihil</strong></span> <span class='ocrx_word' id='word_1_108' title='bbox 480 1659 623 1714; x_wconf 86' lang='lat' dir='ltr'><strong>aliud</strong></span> <span class='ocrx_word' id='word_1_109' title='bbox 652 1675 813 1729; x_wconf 90' lang='lat' dir='ltr'><strong>quam</strong></span> <span class='ocrx_word' id='word_1_110' title='bbox 835 1658 1078 1729; x_wconf 89' lang='lat' dir='ltr'><strong>gehenna</strong></span> <span class='ocrx_word' id='word_1_111' title='bbox 1105 1658 1428 1729; x_wconf 87' lang='lat' dir='ltr'><strong>relinquitur</strong></span> <span class='ocrx_word' id='word_1_112' title='bbox 1448 1669 1502 1712; x_wconf 88' lang='lat' dir='ltr'><strong>et</strong></span> <span class='ocrx_word' id='word_1_113' title='bbox 1534 1659 1788 1713; x_wconf 85' lang='lat' dir='ltr'><strong>intolera-</strong></span> 
     </span>
    </p>
   </div>
   <div class='ocr_carea' id='block_1_16' title="bbox 205 1749 1788 1823">
    <p class='ocr_par' dir='ltr' id='par_1_16' title="bbox 205 1749 1788 1823">
     <span class='ocr_line' id='line_1_16' title="bbox 205 1749 1788 1823; baseline -0.002 -16"><span class='ocrx_word' id='word_1_114' title='bbox 205 1756 306 1810; x_wconf 88' lang='lat' dir='ltr'><strong>hile</strong></span> <span class='ocrx_word' id='word_1_115' title='bbox 326 1753 679 1823; x_wconf 88' lang='lat' dir='ltr'><strong>supplicium;</strong></span> <span class='ocrx_word' id='word_1_116' title='bbox 709 1753 816 1805; x_wconf 91' lang='lat' dir='ltr'><strong>imo</strong></span> <span class='ocrx_word' id='word_1_117' title='bbox 841 1751 1000 1806; x_wconf 90' lang='lat' dir='ltr'><strong>etiam</strong></span> <span class='ocrx_word' id='word_1_118' title='bbox 1029 1750 1133 1804; x_wconf 88' lang='lat' dir='ltr'><strong>hoc</strong></span> <span class='ocrx_word' id='word_1_119' title='bbox 1171 1749 1372 1805; x_wconf 87' lang='lat' dir='ltr'><strong>dictum</strong></span> <span class='ocrx_word' id='word_1_120' title='bbox 1402 1750 1645 1819; x_wconf 87' lang='lat' dir='ltr'><strong>gehenna</strong></span> <span class='ocrx_word' id='word_1_121' title='bbox 1677 1753 1788 1818; x_wconf 87' lang='lat' dir='ltr'><strong>ipsa</strong></span> 
     </span>
    </p>
   </div>
   <div class='ocr_carea' id='block_1_17' title="bbox 201 1843 1784 1918">
    <p class='ocr_par' dir='ltr' id='par_1_17' title="bbox 201 1843 1784 1918">
     <span class='ocr_line' id='line_1_17' title="bbox 201 1843 1784 1918; baseline -0.003 -18"><span class='ocrx_word' id='word_1_122' title='bbox 201 1845 412 1918; x_wconf 75' lang='lat' dir='ltr'><strong>gravius</strong></span> <span class='ocrx_word' id='word_1_123' title='bbox 435 1857 536 1900; x_wconf 90' lang='lat' dir='ltr'><strong>est.</strong></span> <span class='ocrx_word' id='word_1_124' title='bbox 561 1845 673 1899; x_wconf 84' lang='lat' dir='ltr'><strong>Iloc</strong></span> <span class='ocrx_word' id='word_1_125' title='bbox 703 1844 863 1899; x_wconf 86' lang='lat' dir='ltr'><strong>etiam</strong></span> <span class='ocrx_word' id='word_1_126' title='bbox 893 1843 1027 1898; x_wconf 80' lang='lat' dir='ltr'><strong>dixit</strong></span> <span class='ocrx_word' id='word_1_127' title='bbox 1049 1843 1393 1913; x_wconf 86' lang='lat' dir='ltr'><strong>cperantibus</strong></span> <span class='ocrx_word' id='word_1_128' title='bbox 1419 1845 1784 1913; x_wconf 74' lang='lat' dir='ltr'><strong>iniquitatem:</strong></span> 
     </span>
    </p>
   </div>
   <div class='ocr_carea' id='block_1_18' title="bbox 205 1933 1785 2007">
    <p class='ocr_par' dir='ltr' id='par_1_18' title="bbox 205 1933 1785 2007">
     <span class='ocr_line' id='line_1_18' title="bbox 205 1933 1785 2007; baseline -0.004 -15"><span class='ocrx_word' id='word_1_129' title='bbox 205 1939 284 1992; x_wconf 74' lang='grc'><strong>15.</strong></span> <span class='ocrx_word' id='word_1_130' title='bbox 327 1935 538 2007; x_wconf 82' lang='lat' dir='ltr'><strong>Vigilate</strong></span> <span class='ocrx_word' id='word_1_131' title='bbox 565 1936 732 2006; x_wconf 83' lang='lat' dir='ltr'><strong>itaque</strong></span> <span class='ocrx_word' id='word_1_132' title='bbox 758 1974 774 1998; x_wconf 94' lang='lat'><strong>,</strong></span> <span class='ocrx_word' id='word_1_133' title='bbox 828 1935 947 2002; x_wconf 83' lang='lat' dir='ltr'><strong>quia</strong></span> <span class='ocrx_word' id='word_1_134' title='bbox 989 1934 1190 1986; x_wconf 77' lang='lat' dir='ltr'><strong>nescitis</strong></span> <span class='ocrx_word' id='word_1_135' title='bbox 1225 1933 1358 1987; x_wconf 88' lang='lat' dir='ltr'><strong>diem</strong></span> <span class='ocrx_word' id='word_1_136' title='bbox 1400 1949 1559 2002; x_wconf 83' lang='lat' dir='ltr'><strong>neque</strong></span> <span class='ocrx_word' id='word_1_137' title='bbox 1586 1933 1785 1985; x_wconf 79' lang='lat' dir='ltr'><strong>lteram.</strong></span> 
     </span>
    </p>
   </div>
   <div class='ocr_carea' id='block_1_19' title="bbox 203 2024 1787 2098">
    <p class='ocr_par' dir='ltr' id='par_1_19' title="bbox 203 2024 1787 2098">
     <span class='ocr_line' id='line_1_19' title="bbox 203 2024 1787 2098; baseline -0.001 -16"><span class='ocrx_word' id='word_1_138' title='bbox 203 2028 381 2083; x_wconf 69' lang='lat' dir='ltr'><strong>\‘idcn&#39;</strong></span> <span class='ocrx_word' id='word_1_139' title='bbox 425 2041 584 2098; x_wconf 89' lang='lat' dir='ltr'><strong>quam</strong></span> <span class='ocrx_word' id='word_1_140' title='bbox 615 2026 921 2096; x_wconf 87' lang='lat' dir='ltr'><strong>frequenter</strong></span> <span class='ocrx_word' id='word_1_141' title='bbox 951 2025 1034 2080; x_wconf 92' lang='lat' dir='ltr'><strong>his</strong></span> <span class='ocrx_word' id='word_1_142' title='bbox 1080 2026 1256 2080; x_wconf 84' lang='lat' dir='ltr'><strong>verbis</strong></span> <span class='ocrx_word' id='word_1_143' title='bbox 1288 2026 1464 2088; x_wconf 86' lang='lat' dir='ltr'><strong>liniat,</strong></span> <span class='ocrx_word' id='word_1_144' title='bbox 1498 2024 1787 2080; x_wconf 86' lang='lat' dir='ltr'><strong>ostendens</strong></span> 
     </span>
    </p>
   </div>
   <div class='ocr_carea' id='block_1_20' title="bbox 201 2115 1784 2190">
    <p class='ocr_par' dir='ltr' id='par_1_20' title="bbox 201 2115 1784 2190">
     <span class='ocr_line' id='line_1_20' title="bbox 201 2115 1784 2190; baseline -0.001 -18"><span class='ocrx_word' id='word_1_145' title='bbox 201 2121 543 2190; x_wconf 80' lang='lat' dir='ltr'><strong>ignorantiam</strong></span> <span class='ocrx_word' id='word_1_146' title='bbox 574 2119 747 2172; x_wconf 68' lang='lat' dir='ltr'><strong>exitus</strong></span> <span class='ocrx_word' id='word_1_147' title='bbox 772 2133 836 2172; x_wconf 81' lang='lat' dir='ltr'><strong>ex</strong></span> <span class='ocrx_word' id='word_1_148' title='bbox 877 2117 976 2171; x_wconf 90' lang='lat' dir='ltr'><strong>hac</strong></span> <span class='ocrx_word' id='word_1_149' title='bbox 1003 2117 1109 2170; x_wconf 83' lang='lat' dir='ltr'><strong>vita</strong></span> <span class='ocrx_word' id='word_1_150' title='bbox 1138 2116 1325 2171; x_wconf 90' lang='lat' dir='ltr'><strong>utilem</strong></span> <span class='ocrx_word' id='word_1_151' title='bbox 1358 2132 1478 2171; x_wconf 87' lang='lat' dir='ltr'><strong>esse</strong></span> <span class='ocrx_word' id='word_1_152' title='bbox 1503 2117 1525 2168; x_wconf 88' lang='lat'><strong>?</strong></span> <span class='ocrx_word' id='word_1_153' title='bbox 1557 2115 1784 2172; x_wconf 89' lang='lat' dir='ltr'><strong>Ubinam</strong></span> 
     </span>
    </p>
   </div>
   <div class='ocr_carea' id='block_1_21' title="bbox 198 2207 1787 2280">
    <p class='ocr_par' dir='ltr' id='par_1_21' title="bbox 198 2207 1787 2280">
     <span class='ocr_line' id='line_1_21' title="bbox 198 2207 1787 2280; baseline -0.001 -18"><span class='ocrx_word' id='word_1_154' title='bbox 198 2220 316 2264; x_wconf 78' lang='lat' dir='ltr'><strong>sunt</strong></span> <span class='ocrx_word' id='word_1_155' title='bbox 346 2208 419 2264; x_wconf 91' lang='lat' dir='ltr'><strong>illi</strong></span> <span class='ocrx_word' id='word_1_156' title='bbox 442 2223 538 2280; x_wconf 81' lang='lat' dir='ltr'><strong>per</strong></span> <span class='ocrx_word' id='word_1_157' title='bbox 566 2217 728 2262; x_wconf 86' lang='lat' dir='ltr'><strong>totam</strong></span> <span class='ocrx_word' id='word_1_158' title='bbox 756 2209 916 2261; x_wconf 88' lang='lat' dir='ltr'><strong>vitam</strong></span> <span class='ocrx_word' id='word_1_159' title='bbox 940 2207 1173 2270; x_wconf 88' lang='lat' dir='ltr'><strong>desides,</strong></span> <span class='ocrx_word' id='word_1_160' title='bbox 1207 2208 1447 2277; x_wconf 87' lang='lat' dir='ltr'><strong>quicum</strong></span> <span class='ocrx_word' id='word_1_161' title='bbox 1475 2208 1787 2270; x_wconf 84' lang='lat' dir='ltr'><strong>incusantur</strong></span> 
     </span>
    </p>
   </div>
   <div class='ocr_carea' id='block_1_22' title="bbox 197 2297 1786 2368">
    <p class='ocr_par' dir='ltr' id='par_1_22' title="bbox 197 2297 1786 2368">
     <span class='ocr_line' id='line_1_22' title="bbox 197 2297 1786 2368; baseline -0.003 -15"><span class='ocrx_word' id='word_1_162' title='bbox 197 2318 226 2353; x_wconf 74' lang='grc' dir='ltr'><strong>ει</strong></span> <span class='ocrx_word' id='word_1_163' title='bbox 262 2301 414 2356; x_wconf 90' lang='lat' dir='ltr'><strong>nobis</strong></span> <span class='ocrx_word' id='word_1_164' title='bbox 451 2299 676 2354; x_wconf 88' lang='lat' dir='ltr'><strong>dicunt:</strong></span> <span class='ocrx_word' id='word_1_165' title='bbox 718 2299 902 2353; x_wconf 78' lang='lat' dir='ltr'><strong>Mortis</strong></span> <span class='ocrx_word' id='word_1_166' title='bbox 929 2307 1170 2368; x_wconf 83' lang='lat' dir='ltr'><strong>tempore</strong></span> <span class='ocrx_word' id='word_1_167' title='bbox 1211 2300 1395 2368; x_wconf 82' lang='lat' dir='ltr'><strong>egenis</strong></span> <span class='ocrx_word' id='word_1_168' title='bbox 1450 2297 1786 2368; x_wconf 85' lang='lat' dir='ltr'><strong>relinquam?</strong></span> 
     </span>
    </p>
   </div>
   <div class='ocr_carea' id='block_1_23' title="bbox 198 2390 1786 2455">
    <p class='ocr_par' dir='ltr' id='par_1_23' title="bbox 198 2390 1786 2455">
     <span class='ocr_line' id='line_1_23' title="bbox 198 2390 1786 2455; baseline -0.001 -9"><span class='ocrx_word' id='word_1_169' title='bbox 198 2393 422 2446; x_wconf 82' lang='lat' dir='ltr'><strong>Audiant</strong></span> <span class='ocrx_word' id='word_1_170' title='bbox 450 2392 566 2446; x_wconf 76' lang='lat' dir='ltr'><strong>lucc</strong></span> <span class='ocrx_word' id='word_1_171' title='bbox 597 2392 776 2455; x_wconf 85' lang='lat' dir='ltr'><strong>verba,</strong></span> <span class='ocrx_word' id='word_1_172' title='bbox 808 2400 860 2445; x_wconf 90' lang='lat' dir='ltr'><strong>et</strong></span> <span class='ocrx_word' id='word_1_173' title='bbox 881 2391 1251 2446; x_wconf 87' lang='lat' dir='ltr'><strong>emendentur.</strong></span> <span class='ocrx_word' id='word_1_174' title='bbox 1287 2390 1420 2445; x_wconf 82' lang='lat' dir='ltr'><strong>Nam</strong></span> <span class='ocrx_word' id='word_1_175' title='bbox 1453 2393 1504 2445; x_wconf 92' lang='lat' dir='ltr'><strong>in</strong></span> <span class='ocrx_word' id='word_1_176' title='bbox 1538 2391 1628 2448; x_wconf 90' lang='lat' dir='ltr'><strong>illo</strong></span> <span class='ocrx_word' id='word_1_177' title='bbox 1651 2400 1786 2445; x_wconf 87' lang='lat' dir='ltr'><strong>tem-</strong></span> 
     </span>
    </p>
   </div>
   <div class='ocr_carea' id='block_1_24' title="bbox 197 2484 1785 2555">
    <p class='ocr_par' dir='ltr' id='par_1_24' title="bbox 197 2484 1785 2555">
     <span class='ocr_line' id='line_1_24' title="bbox 197 2484 1785 2555; baseline -0.001 -14"><span class='ocrx_word' id='word_1_178' title='bbox 197 2501 320 2553; x_wconf 88' lang='lat' dir='ltr'><strong>pore</strong></span> <span class='ocrx_word' id='word_1_179' title='bbox 342 2485 495 2539; x_wconf 89' lang='lat' dir='ltr'><strong>multi</strong></span> <span class='ocrx_word' id='word_1_180' title='bbox 519 2485 567 2538; x_wconf 89' lang='lat' dir='ltr'><strong>id</strong></span> <span class='ocrx_word' id='word_1_181' title='bbox 587 2501 691 2538; x_wconf 91' lang='lat' dir='ltr'><strong>non</strong></span> <span class='ocrx_word' id='word_1_182' title='bbox 717 2493 1023 2554; x_wconf 89' lang='lat' dir='ltr'><strong>potuerunt,</strong></span> <span class='ocrx_word' id='word_1_183' title='bbox 1049 2484 1225 2540; x_wconf 90' lang='lat' dir='ltr'><strong>subito</strong></span> <span class='ocrx_word' id='word_1_184' title='bbox 1250 2485 1487 2554; x_wconf 85' lang='lat' dir='ltr'><strong>abrepti,</strong></span> <span class='ocrx_word' id='word_1_185' title='bbox 1514 2500 1612 2540; x_wconf 84' lang='lat' dir='ltr'><strong>nec</strong></span> <span class='ocrx_word' id='word_1_186' title='bbox 1628 2484 1785 2555; x_wconf 86' lang='lat' dir='ltr'><strong>quid-</strong></span> 
     </span>
    </p>
   </div>
   <div class='ocr_carea' id='block_1_25' title="bbox 195 2574 1778 2644">
    <p class='ocr_par' dir='ltr' id='par_1_25' title="bbox 195 2574 1778 2644">
     <span class='ocr_line' id='line_1_25' title="bbox 195 2574 1778 2644; baseline 0.001 -18"><span class='ocrx_word' id='word_1_187' title='bbox 195 2592 344 2644; x_wconf 83' lang='lat' dir='ltr'><strong>quam</strong></span> <span class='ocrx_word' id='word_1_188' title='bbox 375 2576 488 2630; x_wconf 88' lang='lat' dir='ltr'><strong>suis</strong></span> <span class='ocrx_word' id='word_1_189' title='bbox 521 2574 587 2630; x_wconf 91' lang='lat' dir='ltr'><strong>de</strong></span> <span class='ocrx_word' id='word_1_190' title='bbox 637 2589 884 2644; x_wconf 79' lang='lat' dir='ltr'><strong>Suprema</strong></span> <span class='ocrx_word' id='word_1_191' title='bbox 933 2574 1206 2628; x_wconf 88' lang='lat' dir='ltr'><strong>voluntate</strong></span> <span class='ocrx_word' id='word_1_192' title='bbox 1248 2575 1486 2630; x_wconf 88' lang='lat' dir='ltr'><strong>indicare</strong></span> <span class='ocrx_word' id='word_1_193' title='bbox 1535 2583 1778 2644; x_wconf 90' lang='lat' dir='ltr'><strong>potuere.</strong></span> 
     </span>
    </p>
   </div>
   <div class='ocr_carea' id='block_1_26' title="bbox 195 2667 1781 2739">
    <p class='ocr_par' dir='ltr' id='par_1_26' title="bbox 195 2667 1781 2739">
     <span class='ocr_line' id='line_1_26' title="bbox 195 2667 1781 2739; baseline 0.002 -19"><span class='ocrx_word' id='word_1_194' title='bbox 195 2667 312 2722; x_wconf 69' lang='lat' dir='ltr'><strong>llaec</strong></span> <span class='ocrx_word' id='word_1_195' title='bbox 341 2668 521 2736; x_wconf 85' lang='lat' dir='ltr'><strong>itaque</strong></span> <span class='ocrx_word' id='word_1_196' title='bbox 543 2668 791 2736; x_wconf 87' lang='lat' dir='ltr'><strong>parabola</strong></span> <span class='ocrx_word' id='word_1_197' title='bbox 827 2668 967 2721; x_wconf 88' lang='lat' dir='ltr'><strong>circa</strong></span> <span class='ocrx_word' id='word_1_198' title='bbox 1015 2667 1411 2739; x_wconf 87' lang='lat' dir='ltr'><strong>elcemosynam</strong></span> <span class='ocrx_word' id='word_1_199' title='bbox 1445 2667 1587 2722; x_wconf 84' lang='lat' dir='ltr'><strong>illam</strong></span> <span class='ocrx_word' id='word_1_200' title='bbox 1621 2683 1781 2737; x_wconf 79' lang='lat' dir='ltr'><strong>pecu-</strong></span> 
     </span>
    </p>
   </div>
   <div class='ocr_carea' id='block_1_27' title="bbox 195 2758 1777 2829">
    <p class='ocr_par' dir='ltr' id='par_1_27' title="bbox 195 2758 1777 2829">
     <span class='ocr_line' id='line_1_27' title="bbox 195 2758 1777 2829; baseline 0.004 -21"><span class='ocrx_word' id='word_1_201' title='bbox 195 2758 408 2812; x_wconf 85' lang='lat' dir='ltr'><strong>niariam</strong></span> <span class='ocrx_word' id='word_1_202' title='bbox 436 2758 580 2813; x_wconf 79' lang='lat' dir='ltr'><strong>dicta</strong></span> <span class='ocrx_word' id='word_1_203' title='bbox 623 2766 743 2814; x_wconf 91' lang='lat' dir='ltr'><strong>est:</strong></span> <span class='ocrx_word' id='word_1_204' title='bbox 775 2774 892 2829; x_wconf 71' lang='lat' dir='ltr'><strong>qua:</strong></span> <span class='ocrx_word' id='word_1_205' title='bbox 919 2767 1096 2814; x_wconf 87' lang='lat' dir='ltr'><strong>autem</strong></span> <span class='ocrx_word' id='word_1_206' title='bbox 1128 2760 1265 2813; x_wconf 89' lang='lat' dir='ltr'><strong>hanc</strong></span> <span class='ocrx_word' id='word_1_207' title='bbox 1295 2761 1557 2828; x_wconf 80' lang='lat' dir='ltr'><strong>sequitur,</strong></span> <span class='ocrx_word' id='word_1_208' title='bbox 1590 2770 1777 2815; x_wconf 87' lang='lat' dir='ltr'><strong>contra</strong></span> 
     </span>
    </p>
   </div>
   <div class='ocr_carea' id='block_1_28' title="bbox 193 2853 1772 2924">
    <p class='ocr_par' dir='ltr' id='par_1_28' title="bbox 193 2853 1772 2924">
     <span class='ocr_line' id='line_1_28' title="bbox 193 2853 1772 2924; baseline -0.001 -17"><span class='ocrx_word' id='word_1_209' title='bbox 193 2853 387 2922; x_wconf 82' lang='lat' dir='ltr'><strong>eosqui</strong></span> <span class='ocrx_word' id='word_1_210' title='bbox 410 2868 517 2907; x_wconf 88' lang='lat' dir='ltr'><strong>on</strong></span> <span class='ocrx_word' id='word_1_211' title='bbox 546 2854 803 2921; x_wconf 87' lang='lat' dir='ltr'><strong>pecuniis,</strong></span> <span class='ocrx_word' id='word_1_212' title='bbox 827 2869 931 2907; x_wconf 91' lang='lat' dir='ltr'><strong>non</strong></span> <span class='ocrx_word' id='word_1_213' title='bbox 958 2854 1144 2912; x_wconf 85' lang='lat' dir='ltr'><strong>verbo.</strong></span> <span class='ocrx_word' id='word_1_214' title='bbox 1176 2870 1279 2909; x_wconf 90' lang='lat' dir='ltr'><strong>non</strong></span> <span class='ocrx_word' id='word_1_215' title='bbox 1308 2854 1632 2924; x_wconf 88' lang='lat' dir='ltr'><strong>patrocinio,</strong></span> <span class='ocrx_word' id='word_1_216' title='bbox 1667 2868 1772 2907; x_wconf 90' lang='lat' dir='ltr'><strong>non</strong></span> 
     </span>
    </p>
   </div>
   <div class='ocr_carea' id='block_1_29' title="bbox 192 2944 1773 3014">
    <p class='ocr_par' dir='ltr' id='par_1_29' title="bbox 192 2944 1773 3014">
     <span class='ocr_line' id='line_1_29' title="bbox 192 2944 1773 3014; baseline 0.004 -20"><span class='ocrx_word' id='word_1_217' title='bbox 192 2944 289 2996; x_wconf 88' lang='lat' dir='ltr'><strong>alio</strong></span> <span class='ocrx_word' id='word_1_218' title='bbox 317 2945 568 3014; x_wconf 88' lang='lat' dir='ltr'><strong>quopiam</strong></span> <span class='ocrx_word' id='word_1_219' title='bbox 600 2945 874 3012; x_wconf 82' lang='lat' dir='ltr'><strong>proximos</strong></span> <span class='ocrx_word' id='word_1_220' title='bbox 896 2944 1085 3014; x_wconf 89' lang='lat' dir='ltr'><strong>juvare</strong></span> <span class='ocrx_word' id='word_1_221' title='bbox 1119 2944 1326 3009; x_wconf 90' lang='lat' dir='ltr'><strong>volunt,</strong></span> <span class='ocrx_word' id='word_1_222' title='bbox 1358 2945 1451 2999; x_wconf 90' lang='lat' dir='ltr'><strong>sed</strong></span> <span class='ocrx_word' id='word_1_223' title='bbox 1476 2945 1653 2999; x_wconf 82' lang='lat' dir='ltr'><strong>omnia</strong></span> <span class='ocrx_word' id='word_1_224' title='bbox 1679 2946 1773 3000; x_wconf 87' lang='lat' dir='ltr'><strong>ab-</strong></span> 
     </span>
    </p>
   </div>
   <div class='ocr_carea' id='block_1_30' title="bbox 191 3033 1778 3105">
    <p class='ocr_par' dir='ltr' id='par_1_30' title="bbox 191 3033 1778 3105">
     <span class='ocr_line' id='line_1_30' title="bbox 191 3033 1778 3105; baseline 0.001 -17"><span class='ocrx_word' id='word_1_225' title='bbox 191 3035 470 3088; x_wconf 81' lang='lat' dir='ltr'><strong>scondo-nt.</strong></span> <span class='ocrx_word' id='word_1_226' title='bbox 511 3033 622 3088; x_wconf 86' lang='lat' dir='ltr'><strong>Cur</strong></span> <span class='ocrx_word' id='word_1_227' title='bbox 658 3041 838 3088; x_wconf 87' lang='lat' dir='ltr'><strong>autem</strong></span> <span class='ocrx_word' id='word_1_228' title='bbox 872 3036 985 3089; x_wconf 70' lang='grc' dir='ltr'><strong>Ι]ωο</strong></span> <span class='ocrx_word' id='word_1_229' title='bbox 1033 3035 1285 3104; x_wconf 86' lang='lat' dir='ltr'><strong>parabola</strong></span> <span class='ocrx_word' id='word_1_230' title='bbox 1335 3051 1541 3105; x_wconf 80' lang='lat' dir='ltr'><strong>regem,</strong></span> <span class='ocrx_word' id='word_1_231' title='bbox 1577 3050 1778 3104; x_wconf 73' lang='lat' dir='ltr'><strong>przcce-</strong></span> 
     </span>
    </p>
   </div>
   <div class='ocr_carea' id='block_1_31' title="bbox 190 3123 1776 3198">
    <p class='ocr_par' dir='ltr' id='par_1_31' title="bbox 190 3123 1776 3198">
     <span class='ocr_line' id='line_1_31' title="bbox 190 3123 1776 3198; baseline 0.004 -23"><span class='ocrx_word' id='word_1_232' title='bbox 190 3123 315 3190; x_wconf 60' lang='lat' dir='ltr'><strong>dens</strong></span> <span class='ocrx_word' id='word_1_233' title='bbox 381 3139 514 3181; x_wconf 88' lang='lat' dir='ltr'><strong>vero</strong></span> <span class='ocrx_word' id='word_1_234' title='bbox 577 3140 830 3194; x_wconf 89' lang='lat' dir='ltr'><strong>sponsum</strong></span> <span class='ocrx_word' id='word_1_235' title='bbox 883 3125 1132 3181; x_wconf 88' lang='lat' dir='ltr'><strong>inducit?</strong></span> <span class='ocrx_word' id='word_1_236' title='bbox 1178 3126 1246 3183; x_wconf 77' lang='lat' dir='ltr'><strong>U’.</strong></span> <span class='ocrx_word' id='word_1_237' title='bbox 1295 3129 1472 3182; x_wconf 89' lang='lat' dir='ltr'><strong>discas</strong></span> <span class='ocrx_word' id='word_1_238' title='bbox 1522 3136 1776 3198; x_wconf 88' lang='lat' dir='ltr'><strong>quantum</strong></span> 
     </span>
    </p>
   </div>
   <div class='ocr_carea' id='block_1_32' title="bbox 189 3213 1778 3287">
    <p class='ocr_par' dir='ltr' id='par_1_32' title="bbox 189 3213 1778 3287">
     <span class='ocr_line' id='line_1_32' title="bbox 189 3213 1778 3287; baseline 0.002 -18"><span class='ocrx_word' id='word_1_239' title='bbox 189 3213 428 3269; x_wconf 83' lang='lat' dir='ltr'><strong>Christus</strong></span> <span class='ocrx_word' id='word_1_240' title='bbox 455 3214 654 3270; x_wconf 72' lang='lat' dir='ltr'><strong>hzcreat</strong></span> <span class='ocrx_word' id='word_1_241' title='bbox 679 3216 973 3286; x_wconf 82' lang='lat' dir='ltr'><strong>virginibus</strong></span> <span class='ocrx_word' id='word_1_242' title='bbox 998 3258 1013 3280; x_wconf 94' lang='lat'><strong>,</strong></span> <span class='ocrx_word' id='word_1_243' title='bbox 1045 3232 1164 3286; x_wconf 71' lang='lat' dir='ltr'><strong>quae</strong></span> <span class='ocrx_word' id='word_1_244' title='bbox 1194 3232 1312 3272; x_wconf 87' lang='lat' dir='ltr'><strong>sese</strong></span> <span class='ocrx_word' id='word_1_245' title='bbox 1338 3217 1494 3272; x_wconf 88' lang='lat' dir='ltr'><strong>bonis</strong></span> <span class='ocrx_word' id='word_1_246' title='bbox 1523 3219 1634 3272; x_wconf 87' lang='lat' dir='ltr'><strong>suis</strong></span> <span class='ocrx_word' id='word_1_247' title='bbox 1656 3232 1778 3287; x_wconf 88' lang='lat' dir='ltr'><strong>spo-</strong></span> 
     </span>
    </p>
   </div>
   <div class='ocr_carea' id='block_1_33' title="bbox 191 3306 1780 3380">
    <p class='ocr_par' dir='ltr' id='par_1_33' title="bbox 191 3306 1780 3380">
     <span class='ocr_line' id='line_1_33' title="bbox 191 3306 1780 3380; baseline 0.003 -21"><span class='ocrx_word' id='word_1_248' title='bbox 191 3306 395 3361; x_wconf 88' lang='lat' dir='ltr'><strong>liarunt.</strong></span> <span class='ocrx_word' id='word_1_249' title='bbox 457 3308 581 3362; x_wconf 66' lang='lat' dir='ltr'><strong>Ilico</strong></span> <span class='ocrx_word' id='word_1_250' title='bbox 621 3317 705 3363; x_wconf 87' lang='lat' dir='ltr'><strong>est</strong></span> <span class='ocrx_word' id='word_1_251' title='bbox 752 3309 894 3362; x_wconf 89' lang='lat' dir='ltr'><strong>enim</strong></span> <span class='ocrx_word' id='word_1_252' title='bbox 936 3310 1230 3379; x_wconf 80' lang='lat' dir='ltr'><strong>virginitas.</strong></span> <span class='ocrx_word' id='word_1_253' title='bbox 1282 3309 1618 3380; x_wconf 85' lang='lat' dir='ltr'><strong>Quapropter</strong></span> <span class='ocrx_word' id='word_1_254' title='bbox 1643 3311 1780 3364; x_wconf 78' lang='lat' dir='ltr'><strong>Pau-</strong></span> 
     </span>
    </p>
   </div>
   <div class='ocr_carea' id='block_1_34' title="bbox 191 3398 1777 3469">
    <p class='ocr_par' dir='ltr' id='par_1_34' title="bbox 191 3398 1777 3469">
     <span class='ocr_line' id='line_1_34' title="bbox 191 3398 1777 3469; baseline 0.004 -18"><span class='ocrx_word' id='word_1_255' title='bbox 191 3398 266 3453; x_wconf 93' lang='lat' dir='ltr'><strong>lus</strong></span> <span class='ocrx_word' id='word_1_256' title='bbox 292 3399 428 3454; x_wconf 81' lang='lat' dir='ltr'><strong>hanc</strong></span> <span class='ocrx_word' id='word_1_257' title='bbox 461 3402 612 3469; x_wconf 88' lang='lat' dir='ltr'><strong>ponit</strong></span> <span class='ocrx_word' id='word_1_258' title='bbox 639 3401 715 3456; x_wconf 88' lang='lat' dir='ltr'><strong>rei</strong></span> <span class='ocrx_word' id='word_1_259' title='bbox 749 3400 1115 3456; x_wconf 83' lang='lat' dir='ltr'><strong>definitionem</strong></span> <span class='ocrx_word' id='word_1_260' title='bbox 1148 3421 1160 3454; x_wconf 91' lang='lat'>:</span> <span class='ocrx_word' id='word_1_261' title='bbox 1201 3400 1426 3469; x_wconf 85' lang='lat' dir='ltr'><strong>lnnttpta</strong></span> <span class='ocrx_word' id='word_1_262' title='bbox 1460 3403 1679 3456; x_wconf 85' lang='lat' dir='ltr'><strong>sollicita</strong></span> <span class='ocrx_word' id='word_1_263' title='bbox 1704 3413 1777 3458; x_wconf 80' lang='lat' dir='ltr'><strong>est</strong></span> 
     </span>
    </p>
   </div>
   <div class='ocr_carea' id='block_1_35' title="bbox 189 3492 1777 3563">
    <p class='ocr_par' dir='ltr' id='par_1_35' title="bbox 189 3492 1777 3563">
     <span class='ocr_line' id='line_1_35' title="bbox 189 3492 1777 3563; baseline 0.004 -21"><span class='ocrx_word' id='word_1_264' title='bbox 189 3493 244 3543; x_wconf 75' lang='lat' dir='ltr'><strong>de</strong></span> <span class='ocrx_word' id='word_1_265' title='bbox 269 3492 330 3545; x_wconf 87' lang='lat' dir='ltr'><strong>iis</strong></span> <span class='ocrx_word' id='word_1_266' title='bbox 353 3508 472 3560; x_wconf 66' lang='lat' dir='ltr'><strong>quae</strong></span> <span class='ocrx_word' id='word_1_267' title='bbox 500 3492 692 3545; x_wconf 81' lang='lat' dir='ltr'><strong>domini</strong></span> <span class='ocrx_word' id='word_1_268' title='bbox 720 3502 874 3556; x_wconf 84' lang='lat' dir='ltr'><strong>sunt,</strong></span> <span class='ocrx_word' id='word_1_269' title='bbox 904 3505 956 3546; x_wconf 88' lang='lat' dir='ltr'><strong>ut</strong></span> <span class='ocrx_word' id='word_1_270' title='bbox 984 3493 1046 3546; x_wconf 89' lang='lat' dir='ltr'><strong>sit</strong></span> <span class='ocrx_word' id='word_1_271' title='bbox 1080 3494 1341 3559; x_wconf 83' lang='lat' dir='ltr'><strong>modesta,</strong></span> <span class='ocrx_word' id='word_1_272' title='bbox 1367 3507 1609 3563; x_wconf 74' lang='lat' dir='ltr'><strong>quantum</strong></span> <span class='ocrx_word' id='word_1_273' title='bbox 1638 3496 1777 3549; x_wconf 80' lang='lat' dir='ltr'><strong>deret</strong></span> 
     </span>
    </p>
   </div>
   <div class='ocr_carea' id='block_1_36' title="bbox 188 3580 1776 3654">
    <p class='ocr_par' dir='ltr' id='par_1_36' title="bbox 188 3580 1776 3654">
     <span class='ocr_line' id='line_1_36' title="bbox 188 3580 1776 3654; baseline 0.006 -23"><span class='ocrx_word' id='word_1_274' title='bbox 188 3580 342 3644; x_wconf 82' lang='lat' dir='ltr'><strong>illam,</strong></span> <span class='ocrx_word' id='word_1_275' title='bbox 387 3597 503 3650; x_wconf 68' lang='lat' dir='ltr'><strong>qua</strong></span> <span class='ocrx_word' id='word_1_276' title='bbox 557 3581 772 3636; x_wconf 88' lang='lat' dir='ltr'><strong>Domino</strong></span> <span class='ocrx_word' id='word_1_277' title='bbox 800 3584 988 3637; x_wconf 77' lang='lat' dir='ltr'><strong>assidet</strong></span> <span class='ocrx_word' id='word_1_278' title='bbox 1017 3595 1257 3654; x_wconf 82' lang='lat' dir='ltr'><strong>perpetuo</strong></span> <span class='ocrx_word' id='word_1_279' title='bbox 1302 3583 1377 3653; x_wconf 94' lang='lat' dir='ltr'><strong>(I.</strong></span> <span class='ocrx_word' id='word_1_280' title='bbox 1425 3585 1542 3640; x_wconf 88' lang='lat' dir='ltr'><strong>Cor.</strong></span> <span class='ocrx_word' id='word_1_281' title='bbox 1581 3587 1630 3640; x_wconf 89' lang='lat'><strong>7.</strong></span> <span class='ocrx_word' id='word_1_282' title='bbox 1685 3587 1776 3640; x_wconf 68' lang='grc'><strong>54.</strong></span> 
     </span>
    </p>
   </div>
   <div class='ocr_carea' id='block_1_37' title="bbox 189 3673 1774 3746">
    <p class='ocr_par' dir='ltr' id='par_1_37' title="bbox 189 3673 1774 3746">
     <span class='ocr_line' id='line_1_37' title="bbox 189 3673 1774 3746; baseline 0.001 -18"><span class='ocrx_word' id='word_1_283' title='bbox 273 3674 310 3739; x_wconf 83' lang='grc'><strong>).</strong></span> <span class='ocrx_word' id='word_1_284' title='bbox 360 3673 492 3730; x_wconf 63' lang='lat' dir='ltr'><strong>Ilaec</strong></span> <span class='ocrx_word' id='word_1_285' title='bbox 520 3674 895 3740; x_wconf 84' lang='lat' dir='ltr'><strong>admonemus,</strong></span> <span class='ocrx_word' id='word_1_286' title='bbox 934 3677 1123 3746; x_wconf 86' lang='lat' dir='ltr'><strong>inquit.</strong></span> <span class='ocrx_word' id='word_1_287' title='bbox 1153 3677 1304 3745; x_wconf 86' lang='lat' dir='ltr'><strong>Quod</strong></span> <span class='ocrx_word' id='word_1_288' title='bbox 1334 3678 1375 3731; x_wconf 89' lang='lat' dir='ltr'><strong>si</strong></span> <span class='ocrx_word' id='word_1_289' title='bbox 1405 3679 1544 3745; x_wconf 81' lang='lat' dir='ltr'><strong>apud</strong></span> <span class='ocrx_word' id='word_1_290' title='bbox 1578 3679 1774 3733; x_wconf 86' lang='lat' dir='ltr'><strong>Lucam</strong></span> 
     </span>
    </p>
   </div>
   <div class='ocr_carea' id='block_1_38' title="bbox 189 3762 1775 3837">
    <p class='ocr_par' dir='ltr' id='par_1_38' title="bbox 189 3762 1775 3837">
     <span class='ocr_line' id='line_1_38' title="bbox 189 3762 1775 3837; baseline 0.003 -20"><span class='ocrx_word' id='word_1_291' title='bbox 189 3762 214 3832; x_wconf 72' lang='grc' dir='ltr'><strong>(ι</strong></span> <span class='ocrx_word' id='word_1_292' title='bbox 235 3762 357 3832; x_wconf 85' lang='lat' dir='ltr'><strong>Cap.</strong></span> <span class='ocrx_word' id='word_1_293' title='bbox 390 3764 482 3820; x_wconf 83' lang='lat' dir='ltr'><strong>I9.</strong></span> <span class='ocrx_word' id='word_1_294' title='bbox 522 3766 605 3818; x_wconf 76' lang='lat' dir='ltr'><strong>l2.</strong></span> <span class='ocrx_word' id='word_1_295' title='bbox 635 3782 774 3834; x_wconf 85' lang='lat' dir='ltr'><strong>seqq.</strong></span> <span class='ocrx_word' id='word_1_296' title='bbox 813 3765 1176 3837; x_wconf 87' lang='lat' dir='ltr'><strong>)talentorum</strong></span> <span class='ocrx_word' id='word_1_297' title='bbox 1209 3769 1455 3837; x_wconf 87' lang='lat' dir='ltr'><strong>parabola</strong></span> <span class='ocrx_word' id='word_1_298' title='bbox 1479 3771 1584 3823; x_wconf 88' lang='lat' dir='ltr'><strong>alio</strong></span> <span class='ocrx_word' id='word_1_299' title='bbox 1616 3770 1775 3823; x_wconf 90' lang='lat' dir='ltr'><strong>modo</strong></span> 
     </span>
    </p>
   </div>
   <div class='ocr_carea' id='block_1_39' title="bbox 190 3855 1770 3929">
    <p class='ocr_par' dir='ltr' id='par_1_39' title="bbox 190 3855 1770 3929">
     <span class='ocr_line' id='line_1_39' title="bbox 190 3855 1770 3929; baseline 0.006 -23"><span class='ocrx_word' id='word_1_300' title='bbox 190 3864 442 3921; x_wconf 85' lang='lat' dir='ltr'><strong>narratur,</strong></span> <span class='ocrx_word' id='word_1_301' title='bbox 480 3855 606 3910; x_wconf 86' lang='lat' dir='ltr'><strong>illud</strong></span> <span class='ocrx_word' id='word_1_302' title='bbox 631 3856 936 3921; x_wconf 90' lang='lat' dir='ltr'><strong>dicendum,</strong></span> <span class='ocrx_word' id='word_1_303' title='bbox 956 3858 1086 3911; x_wconf 87' lang='lat' dir='ltr'><strong>alias</strong></span> <span class='ocrx_word' id='word_1_304' title='bbox 1115 3866 1170 3912; x_wconf 90' lang='lat' dir='ltr'><strong>et</strong></span> <span class='ocrx_word' id='word_1_305' title='bbox 1198 3858 1436 3913; x_wconf 89' lang='lat' dir='ltr'><strong>diversas</strong></span> <span class='ocrx_word' id='word_1_306' title='bbox 1463 3875 1582 3914; x_wconf 89' lang='lat' dir='ltr'><strong>esse</strong></span> <span class='ocrx_word' id='word_1_307' title='bbox 1613 3876 1770 3929; x_wconf 85' lang='lat' dir='ltr'><strong>para-</strong></span> 
     </span>
    </p>
   </div>
   <div class='ocr_carea' id='block_1_40' title="bbox 189 3945 1774 4022">
    <p class='ocr_par' dir='ltr' id='par_1_40' title="bbox 189 3945 1774 4022">
     <span class='ocr_line' id='line_1_40' title="bbox 189 3945 1774 4022; baseline 0.004 -23"><span class='ocrx_word' id='word_1_308' title='bbox 189 3945 346 4000; x_wconf 84' lang='lat' dir='ltr'><strong>bolas.</strong></span> <span class='ocrx_word' id='word_1_309' title='bbox 377 3947 437 4002; x_wconf 84' lang='lat' dir='ltr'><strong>In</strong></span> <span class='ocrx_word' id='word_1_310' title='bbox 480 3948 567 4002; x_wconf 84' lang='lat' dir='ltr'><strong>illa</strong></span> <span class='ocrx_word' id='word_1_311' title='bbox 613 3949 755 4003; x_wconf 87' lang='lat' dir='ltr'><strong>enim</strong></span> <span class='ocrx_word' id='word_1_312' title='bbox 779 3965 844 4004; x_wconf 79' lang='lat' dir='ltr'><strong>ex</strong></span> <span class='ocrx_word' id='word_1_313' title='bbox 871 3965 974 4003; x_wconf 88' lang='lat' dir='ltr'><strong>una</strong></span> <span class='ocrx_word' id='word_1_314' title='bbox 1014 3965 1220 4004; x_wconf 91' lang='lat' dir='ltr'><strong>summa</strong></span> <span class='ocrx_word' id='word_1_315' title='bbox 1246 3952 1440 4006; x_wconf 81' lang='lat' dir='ltr'><strong>diversi</strong></span> <span class='ocrx_word' id='word_1_316' title='bbox 1476 3953 1621 4008; x_wconf 85' lang='lat' dir='ltr'><strong>fuere</strong></span> <span class='ocrx_word' id='word_1_317' title='bbox 1650 3969 1774 4022; x_wconf 83' lang='lat' dir='ltr'><strong>pro-</strong></span> 
     </span>
    </p>
   </div>
   <div class='ocr_carea' id='block_1_41' title="bbox 184 4043 1772 4113">
    <p class='ocr_par' dir='ltr' id='par_1_41' title="bbox 184 4043 1772 4113">
     <span class='ocr_line' id='line_1_41' title="bbox 184 4043 1772 4113; baseline 0.006 -23"><span class='ocrx_word' id='word_1_318' title='bbox 184 4049 365 4092; x_wconf 84' lang='lat' dir='ltr'><strong>ventus</strong></span> <span class='ocrx_word' id='word_1_319' title='bbox 399 4056 412 4090; x_wconf 90' lang='lat'><strong>:</strong></span> <span class='ocrx_word' id='word_1_320' title='bbox 447 4055 567 4093; x_wconf 89' lang='lat' dir='ltr'><strong>nam</strong></span> <span class='ocrx_word' id='word_1_321' title='bbox 600 4055 664 4094; x_wconf 78' lang='lat' dir='ltr'><strong>ex</strong></span> <span class='ocrx_word' id='word_1_322' title='bbox 697 4057 798 4094; x_wconf 88' lang='lat' dir='ltr'><strong>una</strong></span> <span class='ocrx_word' id='word_1_323' title='bbox 833 4057 957 4097; x_wconf 82' lang='lat' dir='ltr'><strong>mna</strong></span> <span class='ocrx_word' id='word_1_324' title='bbox 979 4043 1114 4097; x_wconf 90' lang='lat' dir='ltr'><strong>alius</strong></span> <span class='ocrx_word' id='word_1_325' title='bbox 1142 4044 1395 4113; x_wconf 90' lang='lat' dir='ltr'><strong>quinque,</strong></span> <span class='ocrx_word' id='word_1_326' title='bbox 1425 4046 1561 4100; x_wconf 85' lang='lat' dir='ltr'><strong>alius</strong></span> <span class='ocrx_word' id='word_1_327' title='bbox 1585 4046 1772 4101; x_wconf 89' lang='lat' dir='ltr'><strong>decem</strong></span> 
     </span>
    </p>
   </div>
   <div class='ocr_carea' id='block_1_42' title="bbox 188 4133 1775 4207">
    <p class='ocr_par' dir='ltr' id='par_1_42' title="bbox 188 4133 1775 4207">
     <span class='ocr_line' id='line_1_42' title="bbox 188 4133 1775 4207; baseline 0.006 -23"><span class='ocrx_word' id='word_1_328' title='bbox 188 4148 331 4188; x_wconf 89' lang='lat' dir='ltr'><strong>mnas</strong></span> <span class='ocrx_word' id='word_1_329' title='bbox 379 4133 709 4197; x_wconf 85' lang='lat' dir='ltr'><strong>obtulerunt,</strong></span> <span class='ocrx_word' id='word_1_330' title='bbox 763 4135 986 4207; x_wconf 73' lang='lat' dir='ltr'><strong>ideoque</strong></span> <span class='ocrx_word' id='word_1_331' title='bbox 1027 4151 1132 4190; x_wconf 91' lang='lat' dir='ltr'><strong>non</strong></span> <span class='ocrx_word' id='word_1_332' title='bbox 1186 4137 1372 4192; x_wconf 87' lang='lat' dir='ltr'><strong>eadem</strong></span> <span class='ocrx_word' id='word_1_333' title='bbox 1422 4139 1594 4192; x_wconf 90' lang='lat' dir='ltr'><strong>sortiti</strong></span> <span class='ocrx_word' id='word_1_334' title='bbox 1649 4148 1775 4194; x_wconf 91' lang='lat' dir='ltr'><strong>sunt</strong></span> 
     </span>
    </p>
   </div>
   <div class='ocr_carea' id='block_1_43' title="bbox 186 4224 1769 4298">
    <p class='ocr_par' dir='ltr' id='par_1_43' title="bbox 186 4224 1769 4298">
     <span class='ocr_line' id='line_1_43' title="bbox 186 4224 1769 4298; baseline 0.005 -21"><span class='ocrx_word' id='word_1_335' title='bbox 186 4224 314 4279; x_wconf 88' lang='lat' dir='ltr'><strong>dona</strong></span> <span class='ocrx_word' id='word_1_336' title='bbox 349 4243 361 4277; x_wconf 94' lang='lat'>:</span> <span class='ocrx_word' id='word_1_337' title='bbox 392 4225 484 4279; x_wconf 89' lang='lat' dir='ltr'><strong>hic</strong></span> <span class='ocrx_word' id='word_1_338' title='bbox 510 4240 641 4280; x_wconf 90' lang='lat' dir='ltr'><strong>vero</strong></span> <span class='ocrx_word' id='word_1_339' title='bbox 670 4235 858 4281; x_wconf 87' lang='lat' dir='ltr'><strong>contra</strong></span> <span class='ocrx_word' id='word_1_340' title='bbox 884 4269 898 4288; x_wconf 93' lang='lat'><strong>,</strong></span> <span class='ocrx_word' id='word_1_341' title='bbox 925 4227 1153 4297; x_wconf 87' lang='lat' dir='ltr'><strong>ideoque</strong></span> <span class='ocrx_word' id='word_1_342' title='bbox 1194 4244 1352 4298; x_wconf 87' lang='lat' dir='ltr'><strong>pares</strong></span> <span class='ocrx_word' id='word_1_343' title='bbox 1381 4245 1595 4284; x_wconf 77' lang='lat' dir='ltr'><strong>corona:</strong></span> <span class='ocrx_word' id='word_1_344' title='bbox 1625 4241 1769 4285; x_wconf 90' lang='lat' dir='ltr'><strong>sunt.</strong></span> 
     </span>
    </p>
   </div>
   <div class='ocr_carea' id='block_1_44' title="bbox 185 4314 1772 4388">
    <p class='ocr_par' dir='ltr' id='par_1_44' title="bbox 185 4314 1772 4388">
     <span class='ocr_line' id='line_1_44' title="bbox 185 4314 1772 4388; baseline 0.006 -20"><span class='ocrx_word' id='word_1_345' title='bbox 185 4314 306 4368; x_wconf 79' lang='lat' dir='ltr'><strong>Nam</strong></span> <span class='ocrx_word' id='word_1_346' title='bbox 333 4326 389 4371; x_wconf 92' lang='lat' dir='ltr'><strong>ut</strong></span> <span class='ocrx_word' id='word_1_347' title='bbox 423 4317 472 4370; x_wconf 88' lang='lat' dir='ltr'><strong>is</strong></span> <span class='ocrx_word' id='word_1_348' title='bbox 497 4317 588 4387; x_wconf 90' lang='lat' dir='ltr'><strong>qui</strong></span> <span class='ocrx_word' id='word_1_349' title='bbox 618 4317 724 4372; x_wconf 91' lang='lat' dir='ltr'><strong>duo</strong></span> <span class='ocrx_word' id='word_1_350' title='bbox 751 4319 976 4388; x_wconf 83' lang='lat' dir='ltr'><strong>accepit,</strong></span> <span class='ocrx_word' id='word_1_351' title='bbox 1006 4319 1105 4373; x_wconf 88' lang='lat' dir='ltr'><strong>alia</strong></span> <span class='ocrx_word' id='word_1_352' title='bbox 1124 4319 1230 4375; x_wconf 93' lang='lat' dir='ltr'><strong>duo</strong></span> <span class='ocrx_word' id='word_1_353' title='bbox 1252 4320 1500 4385; x_wconf 88' lang='lat' dir='ltr'><strong>reddidit,</strong></span> <span class='ocrx_word' id='word_1_354' title='bbox 1527 4322 1772 4377; x_wconf 90' lang='lat' dir='ltr'><strong>similiter</strong></span> 
     </span>
    </p>
   </div>
   <div class='ocr_carea' id='block_1_45' title="bbox 182 4407 1771 4478">
    <p class='ocr_par' dir='ltr' id='par_1_45' title="bbox 182 4407 1771 4478">
     <span class='ocr_line' id='line_1_45' title="bbox 182 4407 1771 4478; baseline 0.004 -17"><span class='ocrx_word' id='word_1_355' title='bbox 182 4407 334 4461; x_wconf 88' lang='lat' dir='ltr'><strong>etiam</strong></span> <span class='ocrx_word' id='word_1_356' title='bbox 364 4407 456 4478; x_wconf 88' lang='lat' dir='ltr'><strong>qui</strong></span> <span class='ocrx_word' id='word_1_357' title='bbox 496 4408 732 4478; x_wconf 89' lang='lat' dir='ltr'><strong>quinque</strong></span> <span class='ocrx_word' id='word_1_358' title='bbox 757 4409 966 4478; x_wconf 87' lang='lat' dir='ltr'><strong>accepit</strong></span> <span class='ocrx_word' id='word_1_359' title='bbox 993 4426 1008 4462; x_wconf 91' lang='lat'>:</span> <span class='ocrx_word' id='word_1_360' title='bbox 1039 4409 1111 4465; x_wconf 90' lang='lat' dir='ltr'><strong>ibi</strong></span> <span class='ocrx_word' id='word_1_361' title='bbox 1154 4426 1282 4465; x_wconf 88' lang='lat' dir='ltr'><strong>vero</strong></span> <span class='ocrx_word' id='word_1_362' title='bbox 1311 4427 1377 4466; x_wconf 86' lang='lat' dir='ltr'><strong>cx</strong></span> <span class='ocrx_word' id='word_1_363' title='bbox 1403 4412 1591 4466; x_wconf 90' lang='lat' dir='ltr'><strong>eadem</strong></span> <span class='ocrx_word' id='word_1_364' title='bbox 1623 4423 1771 4468; x_wconf 91' lang='lat' dir='ltr'><strong>sorte</strong></span> 
     </span>
    </p>
   </div>
   <div class='ocr_carea' id='block_1_46' title="bbox 185 4501 1764 4572">
    <p class='ocr_par' dir='ltr' id='par_1_46' title="bbox 185 4501 1764 4572">
     <span class='ocr_line' id='line_1_46' title="bbox 185 4501 1764 4572; baseline 0.006 -21"><span class='ocrx_word' id='word_1_365' title='bbox 185 4501 310 4554; x_wconf 79' lang='lat' dir='ltr'><strong>alius</strong></span> <span class='ocrx_word' id='word_1_366' title='bbox 336 4503 617 4571; x_wconf 91' lang='lat' dir='ltr'><strong>majorem,</strong></span> <span class='ocrx_word' id='word_1_367' title='bbox 652 4503 785 4555; x_wconf 88' lang='lat' dir='ltr'><strong>alius</strong></span> <span class='ocrx_word' id='word_1_368' title='bbox 819 4504 1078 4558; x_wconf 86' lang='lat' dir='ltr'><strong>minorem</strong></span> <span class='ocrx_word' id='word_1_369' title='bbox 1109 4515 1422 4572; x_wconf 84' lang='lat' dir='ltr'><strong>proventum</strong></span> <span class='ocrx_word' id='word_1_370' title='bbox 1447 4506 1632 4560; x_wconf 81' lang='lat' dir='ltr'><strong>habuit</strong></span> <span class='ocrx_word' id='word_1_371' title='bbox 1668 4525 1682 4561; x_wconf 86' lang='lat'><strong>:</strong></span> <span class='ocrx_word' id='word_1_372' title='bbox 1713 4507 1764 4560; x_wconf 88' lang='lat' dir='ltr'><strong>in</strong></span> 
     </span>
    </p>
   </div>
   <div class='ocr_carea' id='block_1_47' title="bbox 188 4593 1766 4662">
    <p class='ocr_par' dir='ltr' id='par_1_47' title="bbox 188 4593 1766 4662">
     <span class='ocr_line' id='line_1_47' title="bbox 188 4593 1766 4662; baseline 0.006 -21"><span class='ocrx_word' id='word_1_373' title='bbox 188 4593 406 4658; x_wconf 78' lang='lat' dir='ltr'><strong>pm-miis</strong></span> <span class='ocrx_word' id='word_1_374' title='bbox 425 4607 638 4662; x_wconf 88' lang='lat' dir='ltr'><strong>quoque</strong></span> <span class='ocrx_word' id='word_1_375' title='bbox 655 4594 777 4660; x_wconf 87' lang='lat' dir='ltr'><strong>jure</strong></span> <span class='ocrx_word' id='word_1_376' title='bbox 802 4608 905 4646; x_wconf 90' lang='lat' dir='ltr'><strong>non</strong></span> <span class='ocrx_word' id='word_1_377' title='bbox 931 4608 1024 4662; x_wconf 87' lang='lat' dir='ltr'><strong>par</strong></span> <span class='ocrx_word' id='word_1_378' title='bbox 1045 4595 1147 4648; x_wconf 82' lang='lat' dir='ltr'><strong>erit</strong></span> <span class='ocrx_word' id='word_1_379' title='bbox 1175 4610 1402 4649; x_wconf 87' lang='lat' dir='ltr'><strong>merces.</strong></span> <span class='ocrx_word' id='word_1_380' title='bbox 1436 4596 1569 4651; x_wconf 73' lang='lat' dir='ltr'><strong>Vide</strong></span> <span class='ocrx_word' id='word_1_381' title='bbox 1590 4607 1766 4651; x_wconf 89' lang='lat' dir='ltr'><strong>autem</strong></span> 
     </span>
    </p>
   </div>
   <div class='ocr_carea' id='block_1_48' title="bbox 190 4682 1775 4757">
    <p class='ocr_par' dir='ltr' id='par_1_48' title="bbox 190 4682 1775 4757">
     <span class='ocr_line' id='line_1_48' title="bbox 190 4682 1775 4757; baseline 0.008 -24"><span class='ocrx_word' id='word_1_382' title='bbox 190 4682 324 4735; x_wconf 88' lang='lat' dir='ltr'><strong>illmn</strong></span> <span class='ocrx_word' id='word_1_383' title='bbox 352 4685 551 4754; x_wconf 84' lang='lat' dir='ltr'><strong>ubique</strong></span> <span class='ocrx_word' id='word_1_384' title='bbox 582 4701 686 4738; x_wconf 91' lang='lat' dir='ltr'><strong>non</strong></span> <span class='ocrx_word' id='word_1_385' title='bbox 730 4686 908 4740; x_wconf 89' lang='lat' dir='ltr'><strong>statim</strong></span> <span class='ocrx_word' id='word_1_386' title='bbox 937 4688 1171 4757; x_wconf 81' lang='lat' dir='ltr'><strong>exigere.</strong></span> <span class='ocrx_word' id='word_1_387' title='bbox 1218 4687 1350 4742; x_wconf 86' lang='lat' dir='ltr'><strong>Nam</strong></span> <span class='ocrx_word' id='word_1_388' title='bbox 1383 4691 1593 4745; x_wconf 89' lang='lat' dir='ltr'><strong>vincam</strong></span> <span class='ocrx_word' id='word_1_389' title='bbox 1621 4691 1775 4746; x_wconf 87' lang='lat' dir='ltr'><strong>dedit.</strong></span> 
     </span>
    </p>
   </div>
   <div class='ocr_carea' id='block_1_49' title="bbox 186 4777 1780 4849">
    <p class='ocr_par' dir='ltr' id='par_1_49' title="bbox 186 4777 1780 4849">
     <span class='ocr_line' id='line_1_49' title="bbox 186 4777 1780 4849; baseline 0.007 -22"><span class='ocrx_word' id='word_1_390' title='bbox 186 4777 438 4845; x_wconf 81' lang='lat' dir='ltr'><strong>agricolis,</strong></span> <span class='ocrx_word' id='word_1_391' title='bbox 489 4786 545 4832; x_wconf 89' lang='lat' dir='ltr'><strong>et</strong></span> <span class='ocrx_word' id='word_1_392' title='bbox 586 4793 810 4849; x_wconf 87' lang='lat' dir='ltr'><strong>peregre</strong></span> <span class='ocrx_word' id='word_1_393' title='bbox 844 4780 1116 4849; x_wconf 85' lang='lat' dir='ltr'><strong>prolectus</strong></span> <span class='ocrx_word' id='word_1_394' title='bbox 1140 4789 1253 4844; x_wconf 89' lang='lat' dir='ltr'><strong>est;</strong></span> <span class='ocrx_word' id='word_1_395' title='bbox 1300 4781 1380 4836; x_wconf 91' lang='lat' dir='ltr'><strong>sic</strong></span> <span class='ocrx_word' id='word_1_396' title='bbox 1421 4791 1475 4835; x_wconf 90' lang='lat' dir='ltr'><strong>et</strong></span> <span class='ocrx_word' id='word_1_397' title='bbox 1508 4782 1611 4837; x_wconf 91' lang='lat' dir='ltr'><strong>hoc</strong></span> <span class='ocrx_word' id='word_1_398' title='bbox 1650 4783 1780 4838; x_wconf 13' lang='lat' dir='ltr'><strong>loco.</strong></span> 
     </span>
    </p>
   </div>
   <div class='ocr_carea' id='block_1_50' title="bbox 187 4866 1764 4945">
    <p class='ocr_par' dir='ltr' id='par_1_50' title="bbox 187 4866 1764 4945">
     <span class='ocr_line' id='line_1_50' title="bbox 187 4866 1764 4945; baseline 0.006 -24"><span class='ocrx_word' id='word_1_399' title='bbox 187 4866 291 4923; x_wconf 74' lang='lat' dir='ltr'><strong>lucc</strong></span> <span class='ocrx_word' id='word_1_400' title='bbox 311 4869 605 4934; x_wconf 89' lang='lat' dir='ltr'><strong>commisit,</strong></span> <span class='ocrx_word' id='word_1_401' title='bbox 635 4879 688 4924; x_wconf 90' lang='lat' dir='ltr'><strong>et</strong></span> <span class='ocrx_word' id='word_1_402' title='bbox 714 4871 1077 4942; x_wconf 86' lang='lat' dir='ltr'><strong>peregrinatus</strong></span> <span class='ocrx_word' id='word_1_403' title='bbox 1094 4883 1173 4926; x_wconf 89' lang='lat' dir='ltr'><strong>est</strong></span> <span class='ocrx_word' id='word_1_404' title='bbox 1195 4914 1209 4934; x_wconf 87' lang='lat'><strong>,</strong></span> <span class='ocrx_word' id='word_1_405' title='bbox 1239 4883 1296 4927; x_wconf 88' lang='lat' dir='ltr'><strong>ut</strong></span> <span class='ocrx_word' id='word_1_406' title='bbox 1323 4874 1497 4928; x_wconf 89' lang='lat' dir='ltr'><strong>discas</strong></span> <span class='ocrx_word' id='word_1_407' title='bbox 1520 4890 1764 4945; x_wconf 87' lang='lat' dir='ltr'><strong>magnam</strong></span> 
     </span>
    </p>
   </div>
   <div class='ocr_carea' id='block_1_51' title="bbox 188 4957 1768 5030">
    <p class='ocr_par' dir='ltr' id='par_1_51' title="bbox 188 4957 1768 5030">
     <span class='ocr_line' id='line_1_51' title="bbox 188 4957 1768 5030; baseline 0.005 -18"><span class='ocrx_word' id='word_1_408' title='bbox 188 4957 294 5026; x_wconf 86' lang='lat' dir='ltr'><strong>ejus</strong></span> <span class='ocrx_word' id='word_1_409' title='bbox 320 4960 654 5030; x_wconf 73' lang='lat' dir='ltr'><strong>patientiam.</strong></span> <span class='ocrx_word' id='word_1_410' title='bbox 702 4959 828 5014; x_wconf 84' lang='lat' dir='ltr'><strong>Mihi</strong></span> <span class='ocrx_word' id='word_1_411' title='bbox 879 4962 1296 5017; x_wconf 41' lang='lat' dir='ltr'><strong>autem‘videtur</strong></span> <span class='ocrx_word' id='word_1_412' title='bbox 1341 4964 1455 5019; x_wconf 77' lang='lat' dir='ltr'><strong>luce</strong></span> <span class='ocrx_word' id='word_1_413' title='bbox 1485 4965 1682 5029; x_wconf 86' lang='lat' dir='ltr'><strong>dicere,</strong></span> <span class='ocrx_word' id='word_1_414' title='bbox 1710 4977 1768 5020; x_wconf 92' lang='lat' dir='ltr'><strong>ut</strong></span> 
     </span>
    </p>
   </div>
   <div class='ocr_carea' id='block_1_52' title="bbox 186 5047 1766 5128">
    <p class='ocr_par' dir='ltr' id='par_1_52' title="bbox 186 5047 1766 5128">
     <span class='ocr_line' id='line_1_52' title="bbox 186 5047 1766 5128; baseline 0.006 -24"><span class='ocrx_word' id='word_1_415' title='bbox 186 5047 624 5106; x_wconf 79' lang='lat' dir='ltr'><strong>resurrectionem</strong></span> <span class='ocrx_word' id='word_1_416' title='bbox 653 5053 972 5108; x_wconf 88' lang='lat' dir='ltr'><strong>subindicet.</strong></span> <span class='ocrx_word' id='word_1_417' title='bbox 1012 5055 1204 5108; x_wconf 86' lang='lat' dir='ltr'><strong>Verum</strong></span> <span class='ocrx_word' id='word_1_418' title='bbox 1251 5057 1338 5111; x_wconf 78' lang='lat' dir='ltr'><strong>hic</strong></span> <span class='ocrx_word' id='word_1_419' title='bbox 1367 5072 1471 5111; x_wconf 91' lang='lat' dir='ltr'><strong>non</strong></span> <span class='ocrx_word' id='word_1_420' title='bbox 1518 5060 1766 5128; x_wconf 72' lang='lat' dir='ltr'><strong>agricola:</strong></span> 
     </span>
    </p>
   </div>
   <div class='ocr_carea' id='block_1_53' title="bbox 183 5143 1763 5218">
    <p class='ocr_par' dir='ltr' id='par_1_53' title="bbox 183 5143 1763 5218">
     <span class='ocr_line' id='line_1_53' title="bbox 183 5143 1763 5218; baseline 0.005 -24"><span class='ocrx_word' id='word_1_421' title='bbox 183 5151 232 5195; x_wconf 85' lang='lat' dir='ltr'><strong>et</strong></span> <span class='ocrx_word' id='word_1_422' title='bbox 254 5143 422 5205; x_wconf 80' lang='lat' dir='ltr'><strong>vinea,</strong></span> <span class='ocrx_word' id='word_1_423' title='bbox 466 5143 562 5197; x_wconf 89' lang='lat' dir='ltr'><strong>sed</strong></span> <span class='ocrx_word' id='word_1_424' title='bbox 591 5146 1036 5214; x_wconf 70' lang='lat' dir='ltr'><strong>omnes-operarii</strong></span> <span class='ocrx_word' id='word_1_425' title='bbox 1069 5157 1213 5202; x_wconf 90' lang='lat' dir='ltr'><strong>sunt.</strong></span> <span class='ocrx_word' id='word_1_426' title='bbox 1245 5148 1358 5201; x_wconf 86' lang='lat' dir='ltr'><strong>Non</strong></span> <span class='ocrx_word' id='word_1_427' title='bbox 1389 5149 1530 5202; x_wconf 89' lang='lat' dir='ltr'><strong>cnim</strong></span> <span class='ocrx_word' id='word_1_428' title='bbox 1562 5151 1763 5218; x_wconf 83' lang='lat' dir='ltr'><strong>princi-</strong></span> 
     </span>
    </p>
   </div>
   <div class='ocr_carea' id='block_1_54' title="bbox 184 5233 1765 5308">
    <p class='ocr_par' dir='ltr' id='par_1_54' title="bbox 184 5233 1765 5308">
     <span class='ocr_line' id='line_1_54' title="bbox 184 5233 1765 5308; baseline 0.005 -21"><span class='ocrx_word' id='word_1_429' title='bbox 184 5245 268 5298; x_wconf 83' lang='lat' dir='ltr'><strong>pes</strong></span> <span class='ocrx_word' id='word_1_430' title='bbox 294 5243 518 5300; x_wconf 85' lang='lat' dir='ltr'><strong>tantum,</strong></span> <span class='ocrx_word' id='word_1_431' title='bbox 554 5249 654 5290; x_wconf 89' lang='lat' dir='ltr'><strong>nec</strong></span> <span class='ocrx_word' id='word_1_432' title='bbox 672 5233 887 5289; x_wconf 72' lang='lat' dir='ltr'><strong>Judrnos</strong></span> <span class='ocrx_word' id='word_1_433' title='bbox 906 5277 921 5299; x_wconf 89' lang='lat'><strong>,</strong></span> <span class='ocrx_word' id='word_1_434' title='bbox 954 5235 1047 5290; x_wconf 87' lang='lat' dir='ltr'><strong>sed</strong></span> <span class='ocrx_word' id='word_1_435' title='bbox 1075 5250 1260 5292; x_wconf 84' lang='lat' dir='ltr'><strong>omnes</strong></span> <span class='ocrx_word' id='word_1_436' title='bbox 1289 5239 1590 5308; x_wconf 88' lang='lat' dir='ltr'><strong>alloquitur.</strong></span> <span class='ocrx_word' id='word_1_437' title='bbox 1625 5241 1765 5295; x_wconf 84' lang='lat' dir='ltr'><strong>Olfe-</strong></span> 
     </span>
    </p>
   </div>
   <div class='ocr_carea' id='block_1_55' title="bbox 184 5328 1765 5403">
    <p class='ocr_par' dir='ltr' id='par_1_55' title="bbox 184 5328 1765 5403">
     <span class='ocr_line' id='line_1_55' title="bbox 184 5328 1765 5403; baseline 0.006 -28"><span class='ocrx_word' id='word_1_438' title='bbox 184 5333 348 5380; x_wconf 83' lang='lat' dir='ltr'><strong>rentes</strong></span> <span class='ocrx_word' id='word_1_439' title='bbox 397 5337 581 5380; x_wconf 88' lang='lat' dir='ltr'><strong>autem</strong></span> <span class='ocrx_word' id='word_1_440' title='bbox 611 5329 839 5397; x_wconf 86' lang='lat' dir='ltr'><strong>ingenue</strong></span> <span class='ocrx_word' id='word_1_441' title='bbox 896 5328 1130 5383; x_wconf 84' lang='lat' dir='ltr'><strong>fatentur</strong></span> <span class='ocrx_word' id='word_1_442' title='bbox 1169 5338 1223 5383; x_wconf 81' lang='lat' dir='ltr'><strong>et</strong></span> <span class='ocrx_word' id='word_1_443' title='bbox 1268 5345 1386 5403; x_wconf 64' lang='lat' dir='ltr'><strong>quae</strong></span> <span class='ocrx_word' id='word_1_444' title='bbox 1429 5346 1522 5384; x_wconf 87' lang='lat' dir='ltr'><strong>sua</strong></span> <span class='ocrx_word' id='word_1_445' title='bbox 1564 5341 1618 5385; x_wconf 90' lang='lat' dir='ltr'><strong>et</strong></span> <span class='ocrx_word' id='word_1_446' title='bbox 1648 5348 1765 5400; x_wconf 69' lang='lat' dir='ltr'><strong>quae</strong></span> 
     </span>
    </p>
   </div>
   <div class='ocr_carea' id='block_1_56' title="bbox 187 5410 1757 5491">
    <p class='ocr_par' dir='ltr' id='par_1_56' title="bbox 187 5410 1757 5491">
     <span class='ocr_line' id='line_1_56' title="bbox 187 5410 1757 5491; baseline 0.006 -27"><span class='ocrx_word' id='word_1_447' title='bbox 187 5410 379 5469; x_wconf 82' lang='lat' dir='ltr'><strong>Domini</strong></span> <span class='ocrx_word' id='word_1_448' title='bbox 407 5427 554 5470; x_wconf 85' lang='lat' dir='ltr'><strong>sunt.</strong></span> <span class='ocrx_word' id='word_1_449' title='bbox 586 5417 837 5487; x_wconf 82' lang='lat' dir='ltr'><strong>Aliusque</strong></span> <span class='ocrx_word' id='word_1_450' title='bbox 858 5417 1010 5484; x_wconf 88' lang='lat' dir='ltr'><strong>dicit,</strong></span> <span class='ocrx_word' id='word_1_451' title='bbox 1041 5419 1131 5473; x_wconf 67' lang='grc' dir='ltr'><strong>ΞΟ.</strong></span> <span class='ocrx_word' id='word_1_452' title='bbox 1163 5419 1399 5484; x_wconf 82' lang='lat' dir='ltr'><strong>Domine,</strong></span> <span class='ocrx_word' id='word_1_453' title='bbox 1431 5422 1649 5491; x_wconf 82' lang='lat' dir='ltr'><strong>quinque</strong></span> <span class='ocrx_word' id='word_1_454' title='bbox 1677 5432 1757 5474; x_wconf 88' lang='lat' dir='ltr'><strong>ta-</strong></span> 
     </span>
    </p>
   </div>
   <div class='ocr_carea' id='block_1_57' title="bbox 185 5501 1764 5577">
    <p class='ocr_par' dir='ltr' id='par_1_57' title="bbox 185 5501 1764 5577">
     <span class='ocr_line' id='line_1_57' title="bbox 185 5501 1764 5577; baseline 0.01 -23"><span class='ocrx_word' id='word_1_455' title='bbox 185 5501 308 5557; x_wconf 82' lang='lat' dir='ltr'><strong>lenta</strong></span> <span class='ocrx_word' id='word_1_456' title='bbox 343 5507 604 5561; x_wconf 75' lang='lat' dir='ltr'><strong>tradidisti</strong></span> <span class='ocrx_word' id='word_1_457' title='bbox 633 5507 758 5562; x_wconf 71' lang='grc' dir='ltr'><strong><em>τηϋιί</em></strong></span> <span class='ocrx_word' id='word_1_458' title='bbox 779 5526 797 5573; x_wconf 89' lang='grc'><em>;</em></span> <span class='ocrx_word' id='word_1_459' title='bbox 827 5511 962 5566; x_wconf 88' lang='lat' dir='ltr'><strong>alius</strong></span> <span class='ocrx_word' id='word_1_460' title='bbox 995 5553 1009 5577; x_wconf 94' lang='lat'><strong>,</strong></span> <span class='ocrx_word' id='word_1_461' title='bbox 1037 5512 1150 5566; x_wconf 91' lang='lat' dir='ltr'><strong>Duo</strong></span> <span class='ocrx_word' id='word_1_462' title='bbox 1177 5531 1188 5562; x_wconf 92' lang='lat'>:</span> <span class='ocrx_word' id='word_1_463' title='bbox 1224 5522 1585 5569; x_wconf 87' lang='lat' dir='ltr'><strong>monstrantes</strong></span> <span class='ocrx_word' id='word_1_464' title='bbox 1611 5529 1669 5569; x_wconf 91' lang='lat' dir='ltr'><strong>se</strong></span> <span class='ocrx_word' id='word_1_465' title='bbox 1697 5516 1764 5570; x_wconf 90' lang='lat' dir='ltr'><strong>ab</strong></span> 
     </span>
    </p>
   </div>
   <div class='ocr_carea' id='block_1_58' title="bbox 185 5592 1764 5678">
    <p class='ocr_par' dir='ltr' id='par_1_58' title="bbox 185 5592 1764 5678">
     <span class='ocr_line' id='line_1_58' title="bbox 185 5592 1764 5678; baseline 0.01 -31"><span class='ocrx_word' id='word_1_466' title='bbox 185 5592 268 5648; x_wconf 83' lang='lat' dir='ltr'><strong>illo</strong></span> <span class='ocrx_word' id='word_1_467' title='bbox 319 5600 647 5667; x_wconf 85' lang='lat' dir='ltr'><strong>operationis</strong></span> <span class='ocrx_word' id='word_1_468' title='bbox 695 5603 1032 5657; x_wconf 88' lang='lat' dir='ltr'><strong>occasionem</strong></span> <span class='ocrx_word' id='word_1_469' title='bbox 1088 5606 1378 5676; x_wconf 86' lang='lat' dir='ltr'><strong>accepisse,</strong></span> <span class='ocrx_word' id='word_1_470' title='bbox 1431 5607 1764 5678; x_wconf 85' lang='lat' dir='ltr'><strong>multamque</strong></span> 
     </span>
    </p>
   </div>
   <div class='ocr_carea' id='block_1_59' title="bbox 241 5729 729 5790">
    <p class='ocr_par' dir='ltr' id='par_1_59' title="bbox 241 5729 729 5790">
     <span class='ocr_line' id='line_1_59' title="bbox 241 5729 729 5790; baseline 0.014 -13"><span class='ocrx_word' id='word_1_471' title='bbox 241 5729 266 5762; x_wconf 72' lang='grc' dir='ltr'>ι</span> <span class='ocrx_word' id='word_1_472' title='bbox 284 5729 387 5790; x_wconf 74' lang='lat' dir='ltr'><strong>Alii,</strong></span> <span class='ocrx_word' id='word_1_473' title='bbox 407 5734 514 5784; x_wconf 78' lang='lat' dir='ltr'><strong>oleo</strong></span> <span class='ocrx_word' id='word_1_474' title='bbox 539 5746 729 5784; x_wconf 79' lang='lat' dir='ltr'><strong>carens.</strong></span> 
     </span>
    </p>
   </div>
   <div class='ocr_carea' id='block_1_60' title="bbox 244 5791 1185 5868">
    <p class='ocr_par' dir='ltr' id='par_1_60' title="bbox 244 5791 1185 5868">
     <span class='ocr_line' id='line_1_60' title="bbox 244 5791 1185 5868; baseline 0.017 -27"><span class='ocrx_word' id='word_1_475' title='bbox 244 5791 376 5843; x_wconf 63' lang='grc' dir='ltr'><strong>’ΔΜ</strong></span> <span class='ocrx_word' id='word_1_476' title='bbox 401 5794 606 5854; x_wconf 77' lang='lat' dir='ltr'><strong>habent,</strong></span> <span class='ocrx_word' id='word_1_477' title='bbox 631 5801 810 5868; x_wconf 75' lang='lat' dir='ltr'><strong>gloria,</strong></span> <span class='ocrx_word' id='word_1_478' title='bbox 841 5813 946 5862; x_wconf 85' lang='lat' dir='ltr'><strong>pro,</strong></span> <span class='ocrx_word' id='word_1_479' title='bbox 966 5802 1185 5858; x_wconf 79' lang='lat' dir='ltr'><strong>utilitas...</strong></span> 
     </span>
    </p>
   </div>
   <div class='ocr_carea' id='block_1_61' title="bbox 1104 340 2600 401">
    <p class='ocr_par' dir='ltr' id='par_1_61' title="bbox 1104 340 2600 401">
     <span class='ocr_line' id='line_1_61' title="bbox 1104 340 2600 401; baseline -0.001 -1"><span class='ocrx_word' id='word_1_480' title='bbox 1104 346 1166 401; x_wconf 82' lang='lat' dir='ltr'><strong>IN</strong></span> <span class='ocrx_word' id='word_1_481' title='bbox 1208 341 1612 399; x_wconf 66' lang='grc' dir='ltr'><strong>ΜᾹΤΊΊΙᾸΞΠΜ</strong></span> <span class='ocrx_word' id='word_1_482' title='bbox 1656 340 1884 395; x_wconf 57' lang='grc' dir='ltr'><strong>ιιοὲριιῑμ</strong></span> <span class='ocrx_word' id='word_1_483' title='bbox 1929 340 2206 394; x_wconf 74' lang='lat' dir='ltr'><strong>LXXVIII.</strong></span> <span class='ocrx_word' id='word_1_484' title='bbox 2250 343 2320 396; x_wconf 84' lang='lat' dir='ltr'><strong>aI.</strong></span> <span class='ocrx_word' id='word_1_485' title='bbox 2363 342 2600 399; x_wconf 69' lang='lat' dir='ltr'><strong>LXXIX.</strong></span> 
     </span>
    </p>
   </div>
   <div class='ocr_carea' id='block_1_62' title="bbox 3413 352 3518 405">
    <p class='ocr_par' dir='ltr' id='par_1_62' title="bbox 3413 352 3518 405">
     <span class='ocr_line' id='line_1_62' title="bbox 3413 352 3518 405; baseline 0.019 -2"><span class='ocrx_word' id='word_1_486' title='bbox 3413 352 3518 405; x_wconf 71' lang='lat' dir='ltr'><strong>7H</strong></span> 
     </span>
    </p>
   </div>
   <div class='ocr_carea' id='block_1_63' title="bbox 1911 456 3524 533">
    <p class='ocr_par' dir='ltr' id='par_1_63' title="bbox 1911 456 3524 533">
     <span class='ocr_line' id='line_1_63' title="bbox 1911 456 3524 533; baseline 0.006 -25"><span class='ocrx_word' id='word_1_487' title='bbox 1911 456 2010 526; x_wconf 89' lang='lat' dir='ltr'><strong>ipsi</strong></span> <span class='ocrx_word' id='word_1_488' title='bbox 2035 458 2259 527; x_wconf 77' lang='lat' dir='ltr'><strong>gratiam</strong></span> <span class='ocrx_word' id='word_1_489' title='bbox 2287 458 2504 524; x_wconf 88' lang='lat' dir='ltr'><strong>habere,</strong></span> <span class='ocrx_word' id='word_1_490' title='bbox 2530 469 2584 516; x_wconf 89' lang='lat' dir='ltr'><strong>et</strong></span> <span class='ocrx_word' id='word_1_491' title='bbox 2609 470 2775 514; x_wconf 86' lang='lat' dir='ltr'><strong>totum</strong></span> <span class='ocrx_word' id='word_1_492' title='bbox 2804 462 2903 530; x_wconf 86' lang='lat' dir='ltr'><strong>ipsi</strong></span> <span class='ocrx_word' id='word_1_493' title='bbox 2952 474 3220 533; x_wconf 82' lang='lat' dir='ltr'><strong>reputare.</strong></span> <span class='ocrx_word' id='word_1_494' title='bbox 3250 463 3388 530; x_wconf 66' lang='lat' dir='ltr'><strong>Quid</strong></span> <span class='ocrx_word' id='word_1_495' title='bbox 3409 465 3524 532; x_wconf 74' lang='lat' dir='ltr'><strong>igi-</strong></span> 
     </span>
    </p>
   </div>
   <div class='ocr_carea' id='block_1_64' title="bbox 1913 549 3521 627">
    <p class='ocr_par' dir='ltr' id='par_1_64' title="bbox 1913 549 3521 627">
     <span class='ocr_line' id='line_1_64' title="bbox 1913 549 3521 627; baseline 0.005 -25"><span class='ocrx_word' id='word_1_496' title='bbox 1913 558 1997 602; x_wconf 90' lang='lat' dir='ltr'><strong>tur</strong></span> <span class='ocrx_word' id='word_1_497' title='bbox 2032 549 2320 604; x_wconf 90' lang='lat' dir='ltr'><strong>dominus?</strong></span> <span class='ocrx_word' id='word_1_498' title='bbox 2344 550 2434 606; x_wconf 64' lang='grc' dir='ltr'><strong>ει..</strong></span> <span class='ocrx_word' id='word_1_499' title='bbox 2463 550 2624 620; x_wconf 79' lang='lat' dir='ltr'><strong>Euge,</strong></span> <span class='ocrx_word' id='word_1_500' title='bbox 2655 569 2795 607; x_wconf 76' lang='lat' dir='ltr'><strong>serve</strong></span> <span class='ocrx_word' id='word_1_501' title='bbox 2813 554 2960 620; x_wconf 86' lang='lat' dir='ltr'><strong>bone,</strong></span> <span class='ocrx_word' id='word_1_502' title='bbox 2995 557 3166 626; x_wconf 87' lang='lat' dir='ltr'><strong>inquit</strong></span> <span class='ocrx_word' id='word_1_503' title='bbox 3189 555 3342 627; x_wconf 84' lang='lat' dir='ltr'><strong>(illud</strong></span> <span class='ocrx_word' id='word_1_504' title='bbox 3375 558 3521 611; x_wconf 85' lang='lat' dir='ltr'><strong>enim</strong></span> 
     </span>
    </p>
   </div>
   <div class='ocr_carea' id='block_1_65' title="bbox 1909 638 3518 719">
    <p class='ocr_par' dir='ltr' id='par_1_65' title="bbox 1909 638 3518 719">
     <span class='ocr_line' id='line_1_65' title="bbox 1909 638 3518 719; baseline 0.004 -25"><span class='ocrx_word' id='word_1_505' title='bbox 1909 638 2034 694; x_wconf 90' lang='lat' dir='ltr'><strong>boni</strong></span> <span class='ocrx_word' id='word_1_506' title='bbox 2060 640 2161 694; x_wconf 87' lang='lat' dir='ltr'><strong>viri</strong></span> <span class='ocrx_word' id='word_1_507' title='bbox 2191 649 2303 707; x_wconf 71' lang='lat' dir='ltr'><strong>est,</strong></span> <span class='ocrx_word' id='word_1_508' title='bbox 2338 657 2401 695; x_wconf 88' lang='lat' dir='ltr'><strong>ea</strong></span> <span class='ocrx_word' id='word_1_509' title='bbox 2427 658 2548 711; x_wconf 79' lang='lat' dir='ltr'><strong>qum</strong></span> <span class='ocrx_word' id='word_1_510' title='bbox 2580 642 2961 712; x_wconf 74' lang='lat' dir='ltr'><strong>proximisunt</strong></span> <span class='ocrx_word' id='word_1_511' title='bbox 2990 647 3258 715; x_wconf 85' lang='lat' dir='ltr'><strong>respicere</strong></span> <span class='ocrx_word' id='word_1_512' title='bbox 3284 649 3303 719; x_wconf 86' lang='lat'>)</span> <span class='ocrx_word' id='word_1_513' title='bbox 3331 689 3347 714; x_wconf 97' lang='lat'><strong>,</strong></span> <span class='ocrx_word' id='word_1_514' title='bbox 3380 660 3432 701; x_wconf 87' lang='lat' dir='ltr'><strong>et</strong></span> <span class='ocrx_word' id='word_1_515' title='bbox 3451 650 3518 713; x_wconf 83' lang='lat' dir='ltr'><strong>[i-</strong></span> 
     </span>
    </p>
   </div>
   <div class='ocr_carea' id='block_1_66' title="bbox 1911 732 3520 807">
    <p class='ocr_par' dir='ltr' id='par_1_66' title="bbox 1911 732 3520 807">
     <span class='ocr_line' id='line_1_66' title="bbox 1911 732 3520 807; baseline 0.004 -22"><span class='ocrx_word' id='word_1_516' title='bbox 1911 732 2038 785; x_wconf 83' lang='lat' dir='ltr'><strong>delis</strong></span> <span class='ocrx_word' id='word_1_517' title='bbox 2069 747 2088 786; x_wconf 92' lang='lat'><em>:</em></span> <span class='ocrx_word' id='word_1_518' title='bbox 2115 749 2270 803; x_wconf 77' lang='lat' dir='ltr'><strong>super</strong></span> <span class='ocrx_word' id='word_1_519' title='bbox 2299 749 2462 802; x_wconf 85' lang='lat' dir='ltr'><strong>pauca</strong></span> <span class='ocrx_word' id='word_1_520' title='bbox 2483 735 2842 803; x_wconf 72' lang='lat' dir='ltr'><strong>fuistiﬁdelis,</strong></span> <span class='ocrx_word' id='word_1_521' title='bbox 2876 752 3033 807; x_wconf 81' lang='lat' dir='ltr'><strong>super</strong></span> <span class='ocrx_word' id='word_1_522' title='bbox 3054 738 3216 791; x_wconf 86' lang='lat' dir='ltr'><strong>multa</strong></span> <span class='ocrx_word' id='word_1_523' title='bbox 3247 747 3292 793; x_wconf 82' lang='lat' dir='ltr'><strong>te</strong></span> <span class='ocrx_word' id='word_1_524' title='bbox 3319 739 3520 793; x_wconf 86' lang='lat' dir='ltr'><strong>consti-</strong></span> 
     </span>
    </p>
   </div>
   <div class='ocr_carea' id='block_1_67' title="bbox 1905 824 3518 896">
    <p class='ocr_par' dir='ltr' id='par_1_67' title="bbox 1905 824 3518 896">
     <span class='ocr_line' id='line_1_67' title="bbox 1905 824 3518 896; baseline 0.007 -22"><span class='ocrx_word' id='word_1_525' title='bbox 1905 831 2043 876; x_wconf 87' lang='lat' dir='ltr'><strong>tuam</strong></span> <span class='ocrx_word' id='word_1_526' title='bbox 2065 841 2079 888; x_wconf 90' lang='lat'><strong>;</strong></span> <span class='ocrx_word' id='word_1_527' title='bbox 2101 824 2245 895; x_wconf 74' lang='lat' dir='ltr'><strong>intra</strong></span> <span class='ocrx_word' id='word_1_528' title='bbox 2273 825 2325 878; x_wconf 86' lang='lat' dir='ltr'><strong>in</strong></span> <span class='ocrx_word' id='word_1_529' title='bbox 2344 826 2592 896; x_wconf 81' lang='lat' dir='ltr'><strong>gaudium</strong></span> <span class='ocrx_word' id='word_1_530' title='bbox 2619 826 2816 881; x_wconf 85' lang='lat' dir='ltr'><strong>domini</strong></span> <span class='ocrx_word' id='word_1_531' title='bbox 2835 829 2929 883; x_wconf 83' lang='lat' dir='ltr'><strong>tui.</strong></span> <span class='ocrx_word' id='word_1_532' title='bbox 2960 826 3188 884; x_wconf 80' lang='lat' dir='ltr'><strong>Omnem</strong></span> <span class='ocrx_word' id='word_1_533' title='bbox 3228 829 3518 885; x_wconf 79' lang='lat' dir='ltr'><strong>beatitudi-</strong></span> 
     </span>
    </p>
   </div>
   <div class='ocr_carea' id='block_1_68' title="bbox 1906 917 3512 996">
    <p class='ocr_par' dir='ltr' id='par_1_68' title="bbox 1906 917 3512 996">
     <span class='ocr_line' id='line_1_68' title="bbox 1906 917 3512 996; baseline 0.006 -27"><span class='ocrx_word' id='word_1_534' title='bbox 1906 931 2029 970; x_wconf 89' lang='lat' dir='ltr'><strong>nem</strong></span> <span class='ocrx_word' id='word_1_535' title='bbox 2053 930 2149 986; x_wconf 88' lang='lat' dir='ltr'><strong>per</strong></span> <span class='ocrx_word' id='word_1_536' title='bbox 2178 917 2278 972; x_wconf 93' lang='lat' dir='ltr'><strong>hoc</strong></span> <span class='ocrx_word' id='word_1_537' title='bbox 2303 917 2505 973; x_wconf 89' lang='lat' dir='ltr'><strong>dietmn</strong></span> <span class='ocrx_word' id='word_1_538' title='bbox 2521 919 2776 975; x_wconf 90' lang='lat' dir='ltr'><strong>ostendit.</strong></span> <span class='ocrx_word' id='word_1_539' title='bbox 2795 922 2864 975; x_wconf 80' lang='lat' dir='ltr'><strong>At</strong></span> <span class='ocrx_word' id='word_1_540' title='bbox 2893 936 2998 975; x_wconf 90' lang='lat' dir='ltr'><strong>non</strong></span> <span class='ocrx_word' id='word_1_541' title='bbox 3014 922 3103 976; x_wconf 89' lang='lat' dir='ltr'><strong>ille</strong></span> <span class='ocrx_word' id='word_1_542' title='bbox 3124 922 3221 988; x_wconf 87' lang='lat' dir='ltr'><strong>sic,</strong></span> <span class='ocrx_word' id='word_1_543' title='bbox 3242 923 3336 979; x_wconf 90' lang='lat' dir='ltr'><strong>sed</strong></span> <span class='ocrx_word' id='word_1_544' title='bbox 3373 941 3512 996; x_wconf 91' lang='lat' dir='ltr'><strong>quo-</strong></span> 
     </span>
    </p>
   </div>
   <div class='ocr_carea' id='block_1_69' title="bbox 1903 1007 3512 1082">
    <p class='ocr_par' dir='ltr' id='par_1_69' title="bbox 1903 1007 3512 1082">
     <span class='ocr_line' id='line_1_69' title="bbox 1903 1007 3512 1082; baseline 0.006 -22"><span class='ocrx_word' id='word_1_545' title='bbox 1903 1007 2102 1062; x_wconf 79' lang='lat' dir='ltr'><strong>modo?</strong></span> <span class='ocrx_word' id='word_1_546' title='bbox 2127 1007 2218 1063; x_wconf 65' lang='lat'><strong>2’5.</strong></span> <span class='ocrx_word' id='word_1_547' title='bbox 2248 1009 2482 1063; x_wconf 84' lang='lat' dir='ltr'><strong>Sciebam</strong></span> <span class='ocrx_word' id='word_1_548' title='bbox 2503 1012 2626 1082; x_wconf 81' lang='lat' dir='ltr'><strong>quia</strong></span> <span class='ocrx_word' id='word_1_549' title='bbox 2652 1011 2802 1066; x_wconf 86' lang='lat' dir='ltr'><strong>homo</strong></span> <span class='ocrx_word' id='word_1_550' title='bbox 2828 1023 3064 1068; x_wconf 79' lang='lat' dir='ltr'><strong>austeras</strong></span> <span class='ocrx_word' id='word_1_551' title='bbox 3094 1030 3166 1080; x_wconf 86' lang='lat' dir='ltr'><strong>es,</strong></span> <span class='ocrx_word' id='word_1_552' title='bbox 3213 1025 3402 1070; x_wconf 80' lang='lat' dir='ltr'><strong>metens</strong></span> <span class='ocrx_word' id='word_1_553' title='bbox 3427 1017 3512 1069; x_wconf 86' lang='lat' dir='ltr'><strong>ubi</strong></span> 
     </span>
    </p>
   </div>
   <div class='ocr_carea' id='block_1_70' title="bbox 1901 1103 3512 1176">
    <p class='ocr_par' dir='ltr' id='par_1_70' title="bbox 1901 1103 3512 1176">
     <span class='ocr_line' id='line_1_70' title="bbox 1901 1103 3512 1176; baseline 0.006 -23"><span class='ocrx_word' id='word_1_554' title='bbox 1901 1115 2006 1154; x_wconf 86' lang='lat' dir='ltr'><strong>non</strong></span> <span class='ocrx_word' id='word_1_555' title='bbox 2033 1103 2314 1165; x_wconf 85' lang='lat' dir='ltr'><strong>scminasti,</strong></span> <span class='ocrx_word' id='word_1_556' title='bbox 2350 1112 2395 1157; x_wconf 89' lang='lat' dir='ltr'><strong>et</strong></span> <span class='ocrx_word' id='word_1_557' title='bbox 2427 1119 2742 1176; x_wconf 77' lang='lat' dir='ltr'><strong>congregans</strong></span> <span class='ocrx_word' id='word_1_558' title='bbox 2769 1106 2856 1160; x_wconf 85' lang='lat' dir='ltr'><strong>ubi</strong></span> <span class='ocrx_word' id='word_1_559' title='bbox 2900 1123 3003 1160; x_wconf 86' lang='lat' dir='ltr'><strong>non</strong></span> <span class='ocrx_word' id='word_1_560' title='bbox 3034 1107 3270 1175; x_wconf 83' lang='lat' dir='ltr'><strong>sparsisti</strong></span> <span class='ocrx_word' id='word_1_561' title='bbox 3293 1108 3423 1164; x_wconf 72' lang='lat'><strong>:25.</strong></span> <span class='ocrx_word' id='word_1_562' title='bbox 3459 1119 3512 1162; x_wconf 73' lang='lat' dir='ltr'><strong>et</strong></span> 
     </span>
    </p>
   </div>
   <div class='ocr_carea' id='block_1_71' title="bbox 1901 1192 3536 1269">
    <p class='ocr_par' dir='ltr' id='par_1_71' title="bbox 1901 1192 3536 1269">
     <span class='ocr_line' id='line_1_71' title="bbox 1901 1192 3536 1269; baseline 0.006 -26"><span class='ocrx_word' id='word_1_563' title='bbox 1901 1192 2082 1246; x_wconf 89' lang='lat' dir='ltr'><strong>timens</strong></span> <span class='ocrx_word' id='word_1_564' title='bbox 2105 1192 2347 1246; x_wconf 81' lang='lat' dir='ltr'><strong>abscondi</strong></span> <span class='ocrx_word' id='word_1_565' title='bbox 2377 1194 2622 1248; x_wconf 85' lang='lat' dir='ltr'><strong>talentum</strong></span> <span class='ocrx_word' id='word_1_566' title='bbox 2653 1205 2814 1249; x_wconf 88' lang='lat' dir='ltr'><strong>tuum.</strong></span> <span class='ocrx_word' id='word_1_567' title='bbox 2851 1196 2983 1251; x_wconf 86' lang='lat' dir='ltr'><strong>Ecce</strong></span> <span class='ocrx_word' id='word_1_568' title='bbox 3013 1197 3166 1251; x_wconf 83' lang='lat' dir='ltr'><strong>habes</strong></span> <span class='ocrx_word' id='word_1_569' title='bbox 3193 1199 3332 1269; x_wconf 85' lang='lat' dir='ltr'><strong>quod</strong></span> <span class='ocrx_word' id='word_1_570' title='bbox 3368 1209 3536 1254; x_wconf 56' lang='lat' dir='ltr'><strong>tuum»</strong></span> 
     </span>
    </p>
   </div>
   <div class='ocr_carea' id='block_1_72' title="bbox 1899 1286 3509 1362">
    <p class='ocr_par' dir='ltr' id='par_1_72' title="bbox 1899 1286 3509 1362">
     <span class='ocr_line' id='line_1_72' title="bbox 1899 1286 3509 1362; baseline 0.003 -22"><span class='ocrx_word' id='word_1_571' title='bbox 1899 1295 1993 1340; x_wconf 82' lang='lat' dir='ltr'><strong>est.</strong></span> <span class='ocrx_word' id='word_1_572' title='bbox 2013 1286 2150 1353; x_wconf 86' lang='lat' dir='ltr'><strong>Quid</strong></span> <span class='ocrx_word' id='word_1_573' title='bbox 2180 1301 2311 1357; x_wconf 88' lang='lat' dir='ltr'><strong>ergo</strong></span> <span class='ocrx_word' id='word_1_574' title='bbox 2337 1287 2629 1343; x_wconf 85' lang='lat' dir='ltr'><strong>dominus?</strong></span> <span class='ocrx_word' id='word_1_575' title='bbox 2654 1288 2746 1344; x_wconf 69' lang='lat'><strong>26.</strong></span> <span class='ocrx_word' id='word_1_576' title='bbox 2797 1288 2954 1345; x_wconf 83' lang='lat' dir='ltr'><strong>Serve</strong></span> <span class='ocrx_word' id='word_1_577' title='bbox 2977 1307 3218 1361; x_wconf 87' lang='lat' dir='ltr'><strong>nequam,</strong></span> <span class='ocrx_word' id='word_1_578' title='bbox 3246 1294 3509 1362; x_wconf 77' lang='lat' dir='ltr'><strong>oportebat</strong></span> 
     </span>
    </p>
   </div>
   <div class='ocr_carea' id='block_1_73' title="bbox 1897 1378 3504 1449">
    <p class='ocr_par' dir='ltr' id='par_1_73' title="bbox 1897 1378 3504 1449">
     <span class='ocr_line' id='line_1_73' title="bbox 1897 1378 3504 1449; baseline 0.006 -20"><span class='ocrx_word' id='word_1_579' title='bbox 1897 1385 1946 1431; x_wconf 88' lang='lat' dir='ltr'><strong>te</strong></span> <span class='ocrx_word' id='word_1_580' title='bbox 1991 1378 2242 1447; x_wconf 84' lang='lat' dir='ltr'><strong>deponere</strong></span> <span class='ocrx_word' id='word_1_581' title='bbox 2294 1387 2559 1449; x_wconf 80' lang='lat' dir='ltr'><strong>argentum</strong></span> <span class='ocrx_word' id='word_1_582' title='bbox 2610 1397 2776 1434; x_wconf 85' lang='lat' dir='ltr'><strong>meum</strong></span> <span class='ocrx_word' id='word_1_583' title='bbox 2820 1383 3176 1437; x_wconf 78' lang='lat' dir='ltr'><strong>nummulariis</strong></span> <span class='ocrx_word' id='word_1_584' title='bbox 3230 1398 3248 1437; x_wconf 89' lang='lat'><strong><em>:</em></strong></span> <span class='ocrx_word' id='word_1_585' title='bbox 3293 1382 3345 1438; x_wconf 90' lang='lat' dir='ltr'><strong>id</strong></span> <span class='ocrx_word' id='word_1_586' title='bbox 3401 1396 3504 1448; x_wconf 88' lang='lat' dir='ltr'><strong>est,</strong></span> 
     </span>
    </p>
   </div>
   <div class='ocr_carea' id='block_1_74' title="bbox 1875 1465 3508 1536">
    <p class='ocr_par' dir='ltr' id='par_1_74' title="bbox 1875 1465 3508 1536">
     <span class='ocr_line' id='line_1_74' title="bbox 1875 1465 3508 1536; baseline 0.004 -14"><span class='ocrx_word' id='word_1_587' title='bbox 1875 1465 2224 1536; x_wconf 86' lang='lat' dir='ltr'><strong>.Oportuitte</strong></span> <span class='ocrx_word' id='word_1_588' title='bbox 2270 1471 2565 1535; x_wconf 89' lang='lat' dir='ltr'><strong>monuisse,</strong></span> <span class='ocrx_word' id='word_1_589' title='bbox 2603 1471 2961 1528; x_wconf 85' lang='lat' dir='ltr'><strong>consuluisse.</strong></span> <span class='ocrx_word' id='word_1_590' title='bbox 3013 1472 3117 1528; x_wconf 88' lang='lat' dir='ltr'><strong>Sed</strong></span> <span class='ocrx_word' id='word_1_591' title='bbox 3162 1490 3268 1528; x_wconf 91' lang='lat' dir='ltr'><strong>non</strong></span> <span class='ocrx_word' id='word_1_592' title='bbox 3297 1474 3508 1530; x_wconf 83' lang='lat' dir='ltr'><strong>obtem-</strong></span> 
     </span>
    </p>
   </div>
   <div class='ocr_carea' id='block_1_75' title="bbox 1896 1559 3294 1630">
    <p class='ocr_par' dir='ltr' id='par_1_75' title="bbox 1896 1559 3294 1630">
     <span class='ocr_line' id='line_1_75' title="bbox 1896 1559 3294 1630; baseline 0.007 -20"><span class='ocrx_word' id='word_1_593' title='bbox 1896 1560 2125 1629; x_wconf 87' lang='lat' dir='ltr'><strong>perant?</strong></span> <span class='ocrx_word' id='word_1_594' title='bbox 2154 1559 2297 1614; x_wconf 83' lang='lat' dir='ltr'><strong>Nihil</strong></span> <span class='ocrx_word' id='word_1_595' title='bbox 2323 1560 2423 1614; x_wconf 89' lang='lat' dir='ltr'><strong>hoc</strong></span> <span class='ocrx_word' id='word_1_596' title='bbox 2448 1561 2513 1614; x_wconf 84' lang='lat' dir='ltr'><strong>ad</strong></span> <span class='ocrx_word' id='word_1_597' title='bbox 2537 1572 2606 1615; x_wconf 90' lang='lat' dir='ltr'><strong>te.</strong></span> <span class='ocrx_word' id='word_1_598' title='bbox 2633 1562 2771 1630; x_wconf 87' lang='lat' dir='ltr'><strong>Quid</strong></span> <span class='ocrx_word' id='word_1_599' title='bbox 2801 1564 2892 1617; x_wconf 85' lang='lat' dir='ltr'><strong>illo</strong></span> <span class='ocrx_word' id='word_1_600' title='bbox 2921 1565 3294 1620; x_wconf 83' lang='lat' dir='ltr'><strong>mansuetius?</strong></span> 
     </span>
    </p>
   </div>
   <div class='ocr_carea' id='block_1_76' title="bbox 1967 1651 3506 1728">
    <p class='ocr_par' dir='ltr' id='par_1_76' title="bbox 1967 1651 3506 1728">
     <span class='ocr_line' id='line_1_76' title="bbox 1967 1651 3506 1728; baseline 0.005 -24"><span class='ocrx_word' id='word_1_601' title='bbox 1967 1651 2021 1704; x_wconf 84' lang='lat'><strong>&#39;5.</strong></span> <span class='ocrx_word' id='word_1_602' title='bbox 2056 1651 2314 1705; x_wconf 90' lang='lat' dir='ltr'><strong>llomines</strong></span> <span class='ocrx_word' id='word_1_603' title='bbox 2341 1662 2486 1706; x_wconf 89' lang='lat' dir='ltr'><strong>certe</strong></span> <span class='ocrx_word' id='word_1_604' title='bbox 2516 1651 2619 1707; x_wconf 90' lang='lat' dir='ltr'><strong>hoc</strong></span> <span class='ocrx_word' id='word_1_605' title='bbox 2648 1669 2753 1707; x_wconf 89' lang='lat' dir='ltr'><strong>non</strong></span> <span class='ocrx_word' id='word_1_606' title='bbox 2786 1653 3019 1720; x_wconf 87' lang='lat' dir='ltr'><strong>faciunt,</strong></span> <span class='ocrx_word' id='word_1_607' title='bbox 3052 1656 3144 1711; x_wconf 88' lang='lat' dir='ltr'><strong>sed</strong></span> <span class='ocrx_word' id='word_1_608' title='bbox 3176 1657 3245 1712; x_wconf 89' lang='lat' dir='ltr'><strong>ah</strong></span> <span class='ocrx_word' id='word_1_609' title='bbox 3273 1657 3391 1726; x_wconf 84' lang='lat' dir='ltr'><strong>ipso</strong></span> <span class='ocrx_word' id='word_1_610' title='bbox 3419 1661 3506 1728; x_wconf 88' lang='lat' dir='ltr'><strong>qui</strong></span> 
     </span>
    </p>
   </div>
   <div class='ocr_carea' id='block_1_77' title="bbox 1895 1741 3507 1819">
    <p class='ocr_par' dir='ltr' id='par_1_77' title="bbox 1895 1741 3507 1819">
     <span class='ocr_line' id='line_1_77' title="bbox 1895 1741 3507 1819; baseline 0.003 -24"><span class='ocrx_word' id='word_1_611' title='bbox 1895 1741 2086 1796; x_wconf 70' lang='lat' dir='ltr'><strong>fmnori</strong></span> <span class='ocrx_word' id='word_1_612' title='bbox 2117 1741 2297 1805; x_wconf 85' lang='lat' dir='ltr'><strong>dedit,</strong></span> <span class='ocrx_word' id='word_1_613' title='bbox 2332 1743 2580 1812; x_wconf 82' lang='lat' dir='ltr'><strong>exigendi</strong></span> <span class='ocrx_word' id='word_1_614' title='bbox 2625 1744 2860 1799; x_wconf 83' lang='lat' dir='ltr'><strong>officium</strong></span> <span class='ocrx_word' id='word_1_615' title='bbox 2902 1756 3179 1816; x_wconf 81' lang='lat' dir='ltr'><strong>expetunt.</strong></span> <span class='ocrx_word' id='word_1_616' title='bbox 3219 1747 3342 1819; x_wconf 89' lang='lat' dir='ltr'><strong>Ipse</strong></span> <span class='ocrx_word' id='word_1_617' title='bbox 3379 1764 3507 1803; x_wconf 78' lang='lat' dir='ltr'><strong>vero</strong></span> 
     </span>
    </p>
   </div>
   <div class='ocr_carea' id='block_1_78' title="bbox 1893 1832 3507 1908">
    <p class='ocr_par' dir='ltr' id='par_1_78' title="bbox 1893 1832 3507 1908">
     <span class='ocr_line' id='line_1_78' title="bbox 1893 1832 3507 1908; baseline 0.006 -24"><span class='ocrx_word' id='word_1_618' title='bbox 1893 1847 1998 1885; x_wconf 89' lang='lat' dir='ltr'><strong>non</strong></span> <span class='ocrx_word' id='word_1_619' title='bbox 2032 1834 2109 1886; x_wconf 91' lang='lat' dir='ltr'><strong>sic</strong></span> <span class='ocrx_word' id='word_1_620' title='bbox 2158 1850 2171 1890; x_wconf 83' lang='lat'><strong>:</strong></span> <span class='ocrx_word' id='word_1_621' title='bbox 2218 1832 2348 1896; x_wconf 84' lang='lat' dir='ltr'><strong>sed,</strong></span> <span class='ocrx_word' id='word_1_622' title='bbox 2400 1833 2478 1888; x_wconf 89' lang='lat' dir='ltr'><strong>Te</strong></span> <span class='ocrx_word' id='word_1_623' title='bbox 2521 1837 2804 1903; x_wconf 83' lang='lat' dir='ltr'><strong>oportebat</strong></span> <span class='ocrx_word' id='word_1_624' title='bbox 2853 1835 3158 1906; x_wconf 83' lang='lat' dir='ltr'><strong>deponere,</strong></span> <span class='ocrx_word' id='word_1_625' title='bbox 3205 1839 3408 1908; x_wconf 87' lang='lat' dir='ltr'><strong>inquit,</strong></span> <span class='ocrx_word' id='word_1_626' title='bbox 3455 1851 3507 1893; x_wconf 82' lang='lat' dir='ltr'><strong>et</strong></span> 
     </span>
    </p>
   </div>
   <div class='ocr_carea' id='block_1_79' title="bbox 1890 1925 3506 1999">
    <p class='ocr_par' dir='ltr' id='par_1_79' title="bbox 1890 1925 3506 1999">
     <span class='ocr_line' id='line_1_79' title="bbox 1890 1925 3506 1999; baseline 0.005 -20"><span class='ocrx_word' id='word_1_627' title='bbox 1890 1927 2224 1979; x_wconf 84' lang='lat' dir='ltr'><strong>exactionem</strong></span> <span class='ocrx_word' id='word_1_628' title='bbox 2268 1925 2394 1978; x_wconf 90' lang='lat' dir='ltr'><strong>mihi</strong></span> <span class='ocrx_word' id='word_1_629' title='bbox 2442 1926 2767 1996; x_wconf 88' lang='lat' dir='ltr'><strong>relinquere.</strong></span> <span class='ocrx_word' id='word_1_630' title='bbox 2818 1928 2886 1982; x_wconf 85' lang='lat' dir='ltr'><strong>Et</strong></span> <span class='ocrx_word' id='word_1_631' title='bbox 2923 1945 3026 1999; x_wconf 83' lang='lat' dir='ltr'><strong>ego</strong></span> <span class='ocrx_word' id='word_1_632' title='bbox 3062 1946 3183 1984; x_wconf 91' lang='lat' dir='ltr'><strong>cum</strong></span> <span class='ocrx_word' id='word_1_633' title='bbox 3219 1948 3376 1986; x_wconf 86' lang='lat' dir='ltr'><strong>usura</strong></span> <span class='ocrx_word' id='word_1_634' title='bbox 3410 1949 3506 1987; x_wconf 80' lang='lat' dir='ltr'><strong>ex-</strong></span> 
     </span>
    </p>
   </div>
   <div class='ocr_carea' id='block_1_80' title="bbox 1893 2014 3504 2094">
    <p class='ocr_par' dir='ltr' id='par_1_80' title="bbox 1893 2014 3504 2094">
     <span class='ocr_line' id='line_1_80' title="bbox 1893 2014 3504 2094; baseline 0.007 -27"><span class='ocrx_word' id='word_1_635' title='bbox 1893 2014 2156 2083; x_wconf 86' lang='lat' dir='ltr'><strong>egissem;</strong></span> <span class='ocrx_word' id='word_1_636' title='bbox 2189 2029 2403 2069; x_wconf 90' lang='lat' dir='ltr'><strong>usuram</strong></span> <span class='ocrx_word' id='word_1_637' title='bbox 2433 2018 2709 2072; x_wconf 88' lang='lat' dir='ltr'><strong>concionis</strong></span> <span class='ocrx_word' id='word_1_638' title='bbox 2739 2019 2857 2073; x_wconf 82' lang='lat' dir='ltr'><strong>sive</strong></span> <span class='ocrx_word' id='word_1_639' title='bbox 2881 2020 3095 2075; x_wconf 88' lang='lat' dir='ltr'><strong>auditus</strong></span> <span class='ocrx_word' id='word_1_640' title='bbox 3117 2037 3316 2078; x_wconf 90' lang='lat' dir='ltr'><strong>vocans</strong></span> <span class='ocrx_word' id='word_1_641' title='bbox 3341 2040 3504 2094; x_wconf 79' lang='lat' dir='ltr'><strong>opera</strong></span> 
     </span>
    </p>
   </div>
   <div class='ocr_carea' id='block_1_81' title="bbox 1896 2104 3502 2185">
    <p class='ocr_par' dir='ltr' id='par_1_81' title="bbox 1896 2104 3502 2185">
     <span class='ocr_line' id='line_1_81' title="bbox 1896 2104 3502 2185; baseline 0.007 -27"><span class='ocrx_word' id='word_1_642' title='bbox 1896 2104 2010 2174; x_wconf 86' lang='lat' dir='ltr'><strong>ipsa</strong></span> <span class='ocrx_word' id='word_1_643' title='bbox 2043 2106 2300 2160; x_wconf 79' lang='lat' dir='ltr'><strong>exhibita.</strong></span> <span class='ocrx_word' id='word_1_644' title='bbox 2331 2108 2408 2162; x_wconf 90' lang='lat' dir='ltr'><strong>Te</strong></span> <span class='ocrx_word' id='word_1_645' title='bbox 2433 2110 2668 2176; x_wconf 92' lang='lat' dir='ltr'><strong>oportuit</strong></span> <span class='ocrx_word' id='word_1_646' title='bbox 2698 2110 2748 2163; x_wconf 89' lang='lat' dir='ltr'><strong>id</strong></span> <span class='ocrx_word' id='word_1_647' title='bbox 2776 2110 2916 2180; x_wconf 86' lang='lat' dir='ltr'><strong>quod</strong></span> <span class='ocrx_word' id='word_1_648' title='bbox 2949 2110 3158 2168; x_wconf 82' lang='lat' dir='ltr'><strong>facilius</strong></span> <span class='ocrx_word' id='word_1_649' title='bbox 3184 2123 3299 2168; x_wconf 89' lang='lat' dir='ltr'><strong>erat</strong></span> <span class='ocrx_word' id='word_1_650' title='bbox 3320 2131 3502 2185; x_wconf 82' lang='lat' dir='ltr'><strong>agere,</strong></span> 
     </span>
    </p>
   </div>
   <div class='ocr_carea' id='block_1_82' title="bbox 1891 2193 3514 2279">
    <p class='ocr_par' dir='ltr' id='par_1_82' title="bbox 1891 2193 3514 2279">
     <span class='ocr_line' id='line_1_82' title="bbox 1891 2193 3514 2279; baseline 0.006 -27"><span class='ocrx_word' id='word_1_651' title='bbox 1891 2199 2130 2268; x_wconf 87' lang='lat' dir='ltr'><strong>mihique</strong></span> <span class='ocrx_word' id='word_1_652' title='bbox 2159 2200 2301 2268; x_wconf 88' lang='lat' dir='ltr'><strong>quod</strong></span> <span class='ocrx_word' id='word_1_653' title='bbox 2333 2210 2446 2255; x_wconf 89' lang='lat' dir='ltr'><strong>erat</strong></span> <span class='ocrx_word' id='word_1_654' title='bbox 2489 2193 2756 2256; x_wconf 79' lang='lat' dir='ltr'><strong>difﬁcilius</strong></span> <span class='ocrx_word' id='word_1_655' title='bbox 2801 2205 3298 2274; x_wconf 81' lang='lat' dir='ltr'><strong>relinquere..Quia</strong></span> <span class='ocrx_word' id='word_1_656' title='bbox 3345 2208 3514 2279; x_wconf 75' lang='lat' dir='ltr'><strong>igitur</strong></span> 
     </span>
    </p>
   </div>
   <div class='ocr_carea' id='block_1_83' title="bbox 1890 2289 3505 2367">
    <p class='ocr_par' dir='ltr' id='par_1_83' title="bbox 1890 2289 3505 2367">
     <span class='ocr_line' id='line_1_83' title="bbox 1890 2289 3505 2367; baseline 0.007 -24"><span class='ocrx_word' id='word_1_657' title='bbox 1890 2289 1993 2345; x_wconf 87' lang='lat' dir='ltr'><strong>hoc</strong></span> <span class='ocrx_word' id='word_1_658' title='bbox 2021 2307 2125 2344; x_wconf 91' lang='lat' dir='ltr'><strong>non</strong></span> <span class='ocrx_word' id='word_1_659' title='bbox 2159 2292 2316 2357; x_wconf 87' lang='lat' dir='ltr'><strong>fecit,</strong></span> <span class='ocrx_word' id='word_1_660' title='bbox 2349 2293 2450 2357; x_wconf 90' lang='lat' dir='ltr'><strong>ait,</strong></span> <span class='ocrx_word' id='word_1_661' title='bbox 2482 2294 2572 2349; x_wconf 72' lang='lat'><strong>28.</strong></span> <span class='ocrx_word' id='word_1_662' title='bbox 2605 2297 2830 2365; x_wconf 83' lang='lat' dir='ltr'><strong>Accipite</strong></span> <span class='ocrx_word' id='word_1_663' title='bbox 2855 2298 2917 2350; x_wconf 92' lang='lat' dir='ltr'><strong>ab</strong></span> <span class='ocrx_word' id='word_1_664' title='bbox 2943 2314 3001 2352; x_wconf 90' lang='lat' dir='ltr'><strong>eo</strong></span> <span class='ocrx_word' id='word_1_665' title='bbox 3030 2300 3291 2367; x_wconf 74' lang='lat' dir='ltr'><strong>talentum,</strong></span> <span class='ocrx_word' id='word_1_666' title='bbox 3320 2313 3364 2356; x_wconf 90' lang='lat' dir='ltr'><strong>et</strong></span> <span class='ocrx_word' id='word_1_667' title='bbox 3386 2303 3505 2355; x_wconf 78' lang='lat' dir='ltr'><strong>(late</strong></span> 
     </span>
    </p>
   </div>
   <div class='ocr_carea' id='block_1_84' title="bbox 1888 2383 3502 2452">
    <p class='ocr_par' dir='ltr' id='par_1_84' title="bbox 1888 2383 3502 2452">
     <span class='ocr_line' id='line_1_84' title="bbox 1888 2383 3502 2452; baseline 0.007 -17"><span class='ocrx_word' id='word_1_668' title='bbox 1888 2384 1934 2435; x_wconf 86' lang='lat' dir='ltr'><strong>ei</strong></span> <span class='ocrx_word' id='word_1_669' title='bbox 1959 2384 2047 2452; x_wconf 89' lang='lat' dir='ltr'><strong>qui</strong></span> <span class='ocrx_word' id='word_1_670' title='bbox 2075 2383 2248 2438; x_wconf 86' lang='lat' dir='ltr'><strong>decem</strong></span> <span class='ocrx_word' id='word_1_671' title='bbox 2277 2385 2465 2438; x_wconf 85' lang='lat' dir='ltr'><strong>talenta</strong></span> <span class='ocrx_word' id='word_1_672' title='bbox 2493 2387 2660 2440; x_wconf 83' lang='lat' dir='ltr'><strong>habet.</strong></span> <span class='ocrx_word' id='word_1_673' title='bbox 2702 2389 2793 2442; x_wconf 70' lang='lat'><strong>29.</strong></span> <span class='ocrx_word' id='word_1_674' title='bbox 2831 2387 2973 2442; x_wconf 88' lang='lat' dir='ltr'><strong>Nam</strong></span> <span class='ocrx_word' id='word_1_675' title='bbox 3003 2394 3142 2444; x_wconf 89' lang='lat' dir='ltr'><strong>omni</strong></span> <span class='ocrx_word' id='word_1_676' title='bbox 3172 2392 3378 2448; x_wconf 84' lang='lat' dir='ltr'><strong>habenti</strong></span> <span class='ocrx_word' id='word_1_677' title='bbox 3405 2396 3502 2447; x_wconf 85' lang='lat' dir='ltr'><strong>da-</strong></span> 
     </span>
    </p>
   </div>
   <div class='ocr_carea' id='block_1_85' title="bbox 1887 2474 3522 2555">
    <p class='ocr_par' dir='ltr' id='par_1_85' title="bbox 1887 2474 3522 2555">
     <span class='ocr_line' id='line_1_85' title="bbox 1887 2474 3522 2555; baseline 0.007 -29"><span class='ocrx_word' id='word_1_678' title='bbox 1887 2474 2039 2539; x_wconf 84' lang='lat' dir='ltr'><strong>bitur,</strong></span> <span class='ocrx_word' id='word_1_679' title='bbox 2067 2483 2112 2526; x_wconf 88' lang='lat' dir='ltr'><strong>et</strong></span> <span class='ocrx_word' id='word_1_680' title='bbox 2143 2475 2450 2539; x_wconf 84' lang='lat' dir='ltr'><strong>abundabit;</strong></span> <span class='ocrx_word' id='word_1_681' title='bbox 2481 2477 2544 2530; x_wconf 85' lang='lat' dir='ltr'><strong>ab</strong></span> <span class='ocrx_word' id='word_1_682' title='bbox 2574 2494 2630 2531; x_wconf 88' lang='lat' dir='ltr'><strong>eo</strong></span> <span class='ocrx_word' id='word_1_683' title='bbox 2657 2489 2824 2532; x_wconf 85' lang='lat' dir='ltr'><strong>autem</strong></span> <span class='ocrx_word' id='word_1_684' title='bbox 2848 2482 2935 2548; x_wconf 86' lang='lat' dir='ltr'><strong>qui</strong></span> <span class='ocrx_word' id='word_1_685' title='bbox 2966 2497 3066 2535; x_wconf 91' lang='lat' dir='ltr'><strong>non</strong></span> <span class='ocrx_word' id='word_1_686' title='bbox 3094 2483 3262 2548; x_wconf 78' lang='lat' dir='ltr'><strong>habet,</strong></span> <span class='ocrx_word' id='word_1_687' title='bbox 3290 2494 3337 2538; x_wconf 87' lang='lat' dir='ltr'><strong>et</strong></span> <span class='ocrx_word' id='word_1_688' title='bbox 3365 2488 3522 2555; x_wconf 82' lang='lat' dir='ltr'><strong>quod-</strong></span> 
     </span>
    </p>
   </div>
   <div class='ocr_carea' id='block_1_86' title="bbox 1886 2564 3502 2644">
    <p class='ocr_par' dir='ltr' id='par_1_86' title="bbox 1886 2564 3502 2644">
     <span class='ocr_line' id='line_1_86' title="bbox 1886 2564 3502 2644; baseline 0.009 -28"><span class='ocrx_word' id='word_1_689' title='bbox 1886 2564 2066 2618; x_wconf 82' lang='lat' dir='ltr'><strong>Itabet&#39;</strong></span> <span class='ocrx_word' id='word_1_690' title='bbox 2094 2569 2358 2636; x_wconf 78' lang='lat' dir='ltr'><strong>auferetur</strong></span> <span class='ocrx_word' id='word_1_691' title='bbox 2375 2566 2436 2618; x_wconf 88' lang='lat' dir='ltr'><strong>ab</strong></span> <span class='ocrx_word' id='word_1_692' title='bbox 2465 2584 2542 2620; x_wconf 88' lang='lat' dir='ltr'><strong>eo.</strong></span> <span class='ocrx_word' id='word_1_693' title='bbox 2573 2567 2709 2634; x_wconf 86' lang='lat' dir='ltr'><strong>Quid</strong></span> <span class='ocrx_word' id='word_1_694' title='bbox 2740 2580 2919 2624; x_wconf 89' lang='lat' dir='ltr'><strong>autem</strong></span> <span class='ocrx_word' id='word_1_695' title='bbox 2955 2571 3053 2627; x_wconf 90' lang='lat' dir='ltr'><strong>hoc</strong></span> <span class='ocrx_word' id='word_1_696' title='bbox 3084 2573 3381 2643; x_wconf 83' lang='lat' dir='ltr'><strong>significat?</strong></span> <span class='ocrx_word' id='word_1_697' title='bbox 3404 2576 3502 2644; x_wconf 89' lang='lat' dir='ltr'><strong>Qui</strong></span> 
     </span>
    </p>
   </div>
   <div class='ocr_carea' id='block_1_87' title="bbox 1885 2657 3504 2728">
    <p class='ocr_par' dir='ltr' id='par_1_87' title="bbox 1885 2657 3504 2728">
     <span class='ocr_line' id='line_1_87' title="bbox 1885 2657 3504 2728; baseline 0.009 -19"><span class='ocrx_word' id='word_1_698' title='bbox 1885 2659 2107 2728; x_wconf 87' lang='lat' dir='ltr'><strong>gratiam</strong></span> <span class='ocrx_word' id='word_1_699' title='bbox 2133 2657 2282 2711; x_wconf 86' lang='lat' dir='ltr'><strong>verbi</strong></span> <span class='ocrx_word' id='word_1_700' title='bbox 2313 2668 2366 2712; x_wconf 90' lang='lat' dir='ltr'><strong>et</strong></span> <span class='ocrx_word' id='word_1_701' title='bbox 2395 2659 2656 2713; x_wconf 77' lang='lat' dir='ltr'><strong>doctrina:</strong></span> <span class='ocrx_word' id='word_1_702' title='bbox 2683 2661 2747 2714; x_wconf 83' lang='lat' dir='ltr'><strong>ad</strong></span> <span class='ocrx_word' id='word_1_703' title='bbox 2779 2662 3061 2717; x_wconf 86' lang='lat' dir='ltr'><strong>utilitatem</strong></span> <span class='ocrx_word' id='word_1_704' title='bbox 3087 2665 3316 2719; x_wconf 76' lang='lat' dir='ltr'><strong>alierum</strong></span> <span class='ocrx_word' id='word_1_705' title='bbox 3347 2682 3504 2722; x_wconf 85' lang='lat' dir='ltr'><strong>acce-</strong></span> 
     </span>
    </p>
   </div>
   <div class='ocr_carea' id='block_1_88' title="bbox 1887 2750 3504 2829">
    <p class='ocr_par' dir='ltr' id='par_1_88' title="bbox 1887 2750 3504 2829">
     <span class='ocr_line' id='line_1_88' title="bbox 1887 2750 3504 2829; baseline 0.01 -30"><span class='ocrx_word' id='word_1_706' title='bbox 1887 2752 1996 2818; x_wconf 85' lang='lat' dir='ltr'><strong>pit,</strong></span> <span class='ocrx_word' id='word_1_707' title='bbox 2047 2765 2144 2804; x_wconf 91' lang='lat' dir='ltr'><strong>nee</strong></span> <span class='ocrx_word' id='word_1_708' title='bbox 2185 2750 2270 2804; x_wconf 90' lang='lat' dir='ltr'><strong>illa</strong></span> <span class='ocrx_word' id='word_1_709' title='bbox 2314 2767 2441 2805; x_wconf 89' lang='lat' dir='ltr'><strong>usus</strong></span> <span class='ocrx_word' id='word_1_710' title='bbox 2473 2760 2588 2817; x_wconf 89' lang='lat' dir='ltr'><strong>est,</strong></span> <span class='ocrx_word' id='word_1_711' title='bbox 2633 2753 2858 2823; x_wconf 87' lang='lat' dir='ltr'><strong>gratiam</strong></span> <span class='ocrx_word' id='word_1_712' title='bbox 2904 2754 3073 2823; x_wconf 90' lang='lat' dir='ltr'><strong>ipsam</strong></span> <span class='ocrx_word' id='word_1_713' title='bbox 3122 2757 3310 2825; x_wconf 84' lang='lat' dir='ltr'><strong>perdet</strong></span> <span class='ocrx_word' id='word_1_714' title='bbox 3357 2777 3368 2811; x_wconf 95' lang='lat'><strong>:</strong></span> <span class='ocrx_word' id='word_1_715' title='bbox 3412 2760 3504 2829; x_wconf 88' lang='lat' dir='ltr'><strong>qui</strong></span> 
     </span>
    </p>
   </div>
   <div class='ocr_carea' id='block_1_89' title="bbox 1883 2841 3500 2913">
    <p class='ocr_par' dir='ltr' id='par_1_89' title="bbox 1883 2841 3500 2913">
     <span class='ocr_line' id='line_1_89' title="bbox 1883 2841 3500 2913; baseline 0.008 -19"><span class='ocrx_word' id='word_1_716' title='bbox 1883 2850 2062 2896; x_wconf 87' lang='lat' dir='ltr'><strong>autem</strong></span> <span class='ocrx_word' id='word_1_717' title='bbox 2108 2841 2342 2896; x_wconf 88' lang='lat' dir='ltr'><strong>studium</strong></span> <span class='ocrx_word' id='word_1_718' title='bbox 2383 2857 2538 2897; x_wconf 89' lang='lat' dir='ltr'><strong>suum</strong></span> <span class='ocrx_word' id='word_1_719' title='bbox 2579 2845 2858 2910; x_wconf 86' lang='lat' dir='ltr'><strong>adhibuit,</strong></span> <span class='ocrx_word' id='word_1_720' title='bbox 2907 2848 3079 2913; x_wconf 83' lang='lat' dir='ltr'><strong>majus</strong></span> <span class='ocrx_word' id='word_1_721' title='bbox 3124 2849 3224 2905; x_wconf 91' lang='lat' dir='ltr'><strong>sibi</strong></span> <span class='ocrx_word' id='word_1_722' title='bbox 3265 2853 3500 2907; x_wconf 85' lang='lat' dir='ltr'><strong>attrahet</strong></span> 
     </span>
    </p>
   </div>
   <div class='ocr_carea' id='block_1_90' title="bbox 1882 2933 3528 3012">
    <p class='ocr_par' dir='ltr' id='par_1_90' title="bbox 1882 2933 3528 3012">
     <span class='ocr_line' id='line_1_90' title="bbox 1882 2933 3528 3012; baseline 0.007 -25"><span class='ocrx_word' id='word_1_723' title='bbox 1882 2933 2113 2998; x_wconf 90' lang='lat' dir='ltr'><strong>donum;</strong></span> <span class='ocrx_word' id='word_1_724' title='bbox 2146 2950 2267 2990; x_wconf 86' lang='lat' dir='ltr'><strong>cum</strong></span> <span class='ocrx_word' id='word_1_725' title='bbox 2309 2947 2495 2990; x_wconf 89' lang='lat' dir='ltr'><strong>contra</strong></span> <span class='ocrx_word' id='word_1_726' title='bbox 2539 2937 2629 2991; x_wconf 93' lang='lat' dir='ltr'><strong>ille</strong></span> <span class='ocrx_word' id='word_1_727' title='bbox 2670 2939 2809 3007; x_wconf 87' lang='lat' dir='ltr'><strong>quod</strong></span> <span class='ocrx_word' id='word_1_728' title='bbox 2854 2952 3137 3008; x_wconf 78' lang='lat' dir='ltr'><strong>acceperat</strong></span> <span class='ocrx_word' id='word_1_729' title='bbox 3186 2945 3528 3012; x_wconf 68' lang='lat' dir='ltr'><strong>perdiderit-</strong></span> 
     </span>
    </p>
   </div>
   <div class='ocr_carea' id='block_1_91' title="bbox 1886 3024 3500 3093">
    <p class='ocr_par' dir='ltr' id='par_1_91' title="bbox 1886 3024 3500 3093">
     <span class='ocr_line' id='line_1_91' title="bbox 1886 3024 3500 3093; baseline 0.008 -16"><span class='ocrx_word' id='word_1_730' title='bbox 1886 3024 2082 3080; x_wconf 77' lang='lat' dir='ltr'><strong>Verum</strong></span> <span class='ocrx_word' id='word_1_731' title='bbox 2113 3026 2287 3081; x_wconf 88' lang='lat' dir='ltr'><strong>otioso</strong></span> <span class='ocrx_word' id='word_1_732' title='bbox 2321 3042 2424 3082; x_wconf 89' lang='lat' dir='ltr'><strong>non</strong></span> <span class='ocrx_word' id='word_1_733' title='bbox 2458 3027 2509 3082; x_wconf 88' lang='lat' dir='ltr'><strong>id</strong></span> <span class='ocrx_word' id='word_1_734' title='bbox 2536 3029 2708 3084; x_wconf 90' lang='lat' dir='ltr'><strong>solum</strong></span> <span class='ocrx_word' id='word_1_735' title='bbox 2745 3029 2926 3084; x_wconf 84' lang='lat' dir='ltr'><strong>damni</strong></span> <span class='ocrx_word' id='word_1_736' title='bbox 2957 3033 3080 3093; x_wconf 86' lang='lat' dir='ltr'><strong>fuit,</strong></span> <span class='ocrx_word' id='word_1_737' title='bbox 3116 3035 3207 3086; x_wconf 88' lang='lat' dir='ltr'><strong>sed</strong></span> <span class='ocrx_word' id='word_1_738' title='bbox 3243 3037 3500 3090; x_wconf 84' lang='lat' dir='ltr'><strong>intolera-</strong></span> 
     </span>
    </p>
   </div>
   <div class='ocr_carea' id='block_1_92' title="bbox 1884 3116 3493 3190">
    <p class='ocr_par' dir='ltr' id='par_1_92' title="bbox 1884 3116 3493 3190">
     <span class='ocr_line' id='line_1_92' title="bbox 1884 3116 3493 3190; baseline 0.006 -20"><span class='ocrx_word' id='word_1_739' title='bbox 1884 3116 1989 3171; x_wconf 87' lang='lat' dir='ltr'><strong>bile</strong></span> <span class='ocrx_word' id='word_1_740' title='bbox 2021 3118 2378 3186; x_wconf 90' lang='lat' dir='ltr'><strong>supplicium,</strong></span> <span class='ocrx_word' id='word_1_741' title='bbox 2413 3130 2467 3173; x_wconf 92' lang='lat' dir='ltr'><strong>et</strong></span> <span class='ocrx_word' id='word_1_742' title='bbox 2496 3135 2616 3174; x_wconf 91' lang='lat' dir='ltr'><strong>cum</strong></span> <span class='ocrx_word' id='word_1_743' title='bbox 2651 3122 2912 3190; x_wconf 89' lang='lat' dir='ltr'><strong>supplicio</strong></span> <span class='ocrx_word' id='word_1_744' title='bbox 2939 3128 3202 3179; x_wconf 88' lang='lat' dir='ltr'><strong>sententia</strong></span> <span class='ocrx_word' id='word_1_745' title='bbox 3235 3128 3493 3181; x_wconf 83' lang='lat' dir='ltr'><strong>crimina-</strong></span> 
     </span>
    </p>
   </div>
   <div class='ocr_carea' id='block_1_93' title="bbox 1885 3210 3497 3290">
    <p class='ocr_par' dir='ltr' id='par_1_93' title="bbox 1885 3210 3497 3290">
     <span class='ocr_line' id='line_1_93' title="bbox 1885 3210 3497 3290; baseline 0.006 -27"><span class='ocrx_word' id='word_1_746' title='bbox 1885 3210 2044 3264; x_wconf 91' lang='lat' dir='ltr'><strong>tionis</strong></span> <span class='ocrx_word' id='word_1_747' title='bbox 2077 3211 2251 3279; x_wconf 88' lang='lat' dir='ltr'><strong>plena.</strong></span> <span class='ocrx_word' id='word_1_748' title='bbox 2288 3211 2377 3265; x_wconf 78' lang='grc'><strong>50.</strong></span> <span class='ocrx_word' id='word_1_749' title='bbox 2414 3211 2658 3265; x_wconf 88' lang='lat' dir='ltr'><strong>lnutilcm</strong></span> <span class='ocrx_word' id='word_1_750' title='bbox 2689 3229 2913 3279; x_wconf 82' lang='lat' dir='ltr'><strong>servum,</strong></span> <span class='ocrx_word' id='word_1_751' title='bbox 2949 3217 3151 3285; x_wconf 90' lang='lat' dir='ltr'><strong>inquit,</strong></span> <span class='ocrx_word' id='word_1_752' title='bbox 3182 3221 3416 3290; x_wconf 81' lang='lat' dir='ltr'><strong>projicitc</strong></span> <span class='ocrx_word' id='word_1_753' title='bbox 3445 3222 3497 3272; x_wconf 86' lang='lat' dir='ltr'><strong>in</strong></span> 
     </span>
    </p>
   </div>
   <div class='ocr_carea' id='block_1_94' title="bbox 1885 3301 3495 3374">
    <p class='ocr_par' dir='ltr' id='par_1_94' title="bbox 1885 3301 3495 3374">
     <span class='ocr_line' id='line_1_94' title="bbox 1885 3301 3495 3374; baseline 0.011 -22"><span class='ocrx_word' id='word_1_754' title='bbox 1885 3301 2111 3354; x_wconf 82' lang='lat' dir='ltr'><strong>tenebras</strong></span> <span class='ocrx_word' id='word_1_755' title='bbox 2149 3303 2458 3365; x_wconf 74' lang='lat' dir='ltr'><strong>exteriores;</strong></span> <span class='ocrx_word' id='word_1_756' title='bbox 2499 3302 2570 3355; x_wconf 88' lang='lat' dir='ltr'><strong>ibi</strong></span> <span class='ocrx_word' id='word_1_757' title='bbox 2612 3304 2705 3356; x_wconf 87' lang='lat' dir='ltr'><strong>erit</strong></span> <span class='ocrx_word' id='word_1_758' title='bbox 2745 3305 2895 3374; x_wconf 76' lang='lat' dir='ltr'><strong>ﬂetus</strong></span> <span class='ocrx_word' id='word_1_759' title='bbox 2932 3317 2979 3361; x_wconf 90' lang='lat' dir='ltr'><strong>et</strong></span> <span class='ocrx_word' id='word_1_760' title='bbox 3021 3309 3209 3362; x_wconf 83' lang='lat' dir='ltr'><strong>stridor</strong></span> <span class='ocrx_word' id='word_1_761' title='bbox 3249 3311 3495 3369; x_wconf 83' lang='lat' dir='ltr'><strong>dentiwn.</strong></span> 
     </span>
    </p>
   </div>
   <div class='ocr_carea' id='block_1_95' title="bbox 1884 3376 3496 3473">
    <p class='ocr_par' dir='ltr' id='par_1_95' title="bbox 1884 3376 3496 3473">
     <span class='ocr_line' id='line_1_95' title="bbox 1884 3376 3496 3473; baseline 0.009 -28"><span class='ocrx_word' id='word_1_762' title='bbox 1884 3391 2072 3446; x_wconf 80' lang='lat' dir='ltr'><strong>Vidcn&#39;</strong></span> <span class='ocrx_word' id='word_1_763' title='bbox 2099 3394 2369 3462; x_wconf 90' lang='lat' dir='ltr'><strong>quomodo</strong></span> <span class='ocrx_word' id='word_1_764' title='bbox 2399 3409 2505 3448; x_wconf 91' lang='lat' dir='ltr'><strong>non</strong></span> <span class='ocrx_word' id='word_1_765' title='bbox 2536 3376 2709 3449; x_wconf 66' lang='lat' dir='ltr'><strong>solum</strong></span> <span class='ocrx_word' id='word_1_766' title='bbox 2749 3407 2931 3468; x_wconf 91' lang='lat' dir='ltr'><strong>raptor</strong></span> <span class='ocrx_word' id='word_1_767' title='bbox 2969 3409 3018 3453; x_wconf 91' lang='lat' dir='ltr'><strong>ct</strong></span> <span class='ocrx_word' id='word_1_768' title='bbox 3062 3403 3152 3470; x_wconf 87' lang='lat' dir='ltr'><strong>qui</strong></span> <span class='ocrx_word' id='word_1_769' title='bbox 3195 3405 3334 3458; x_wconf 89' lang='lat' dir='ltr'><strong>mala</strong></span> <span class='ocrx_word' id='word_1_770' title='bbox 3370 3421 3496 3473; x_wconf 88' lang='lat' dir='ltr'><strong>per-</strong></span> 
     </span>
    </p>
   </div>
   <div class='ocr_carea' id='block_1_96' title="bbox 1886 3487 3498 3564">
    <p class='ocr_par' dir='ltr' id='par_1_96' title="bbox 1886 3487 3498 3564">
     <span class='ocr_line' id='line_1_96' title="bbox 1886 3487 3498 3564; baseline 0.011 -27"><span class='ocrx_word' id='word_1_771' title='bbox 1886 3495 2092 3554; x_wconf 89' lang='lat' dir='ltr'><strong>petrat,</strong></span> <span class='ocrx_word' id='word_1_772' title='bbox 2126 3487 2220 3540; x_wconf 89' lang='lat' dir='ltr'><strong>sed</strong></span> <span class='ocrx_word' id='word_1_773' title='bbox 2259 3488 2422 3542; x_wconf 77' lang='lat' dir='ltr'><strong>etiam</strong></span> <span class='ocrx_word' id='word_1_774' title='bbox 2464 3489 2508 3547; x_wconf 89' lang='lat' dir='ltr'><strong>is</strong></span> <span class='ocrx_word' id='word_1_775' title='bbox 2543 3490 2634 3558; x_wconf 90' lang='lat' dir='ltr'><strong>qui</strong></span> <span class='ocrx_word' id='word_1_776' title='bbox 2666 3491 2802 3544; x_wconf 90' lang='lat' dir='ltr'><strong>bona</strong></span> <span class='ocrx_word' id='word_1_777' title='bbox 2852 3508 2954 3547; x_wconf 88' lang='lat' dir='ltr'><strong>non</strong></span> <span class='ocrx_word' id='word_1_778' title='bbox 2998 3506 3273 3564; x_wconf 85' lang='lat' dir='ltr'><strong>operatur,</strong></span> <span class='ocrx_word' id='word_1_779' title='bbox 3315 3509 3498 3554; x_wconf 83' lang='lat' dir='ltr'><strong>extre-</strong></span> 
     </span>
    </p>
   </div>
   <div class='ocr_carea' id='block_1_97' title="bbox 1883 3579 3494 3657">
    <p class='ocr_par' dir='ltr' id='par_1_97' title="bbox 1883 3579 3494 3657">
     <span class='ocr_line' id='line_1_97' title="bbox 1883 3579 3494 3657; baseline 0.009 -25"><span class='ocrx_word' id='word_1_780' title='bbox 1883 3594 2027 3632; x_wconf 91' lang='lat' dir='ltr'><strong>mum</strong></span> <span class='ocrx_word' id='word_1_781' title='bbox 2059 3579 2376 3647; x_wconf 78' lang='lat' dir='ltr'><strong>supplicium</strong></span> <span class='ocrx_word' id='word_1_782' title='bbox 2416 3581 2560 3634; x_wconf 89' lang='lat' dir='ltr'><strong>luat?</strong></span> <span class='ocrx_word' id='word_1_783' title='bbox 2591 3582 2888 3640; x_wconf 86' lang='lat' dir='ltr'><strong>Audiamus</strong></span> <span class='ocrx_word' id='word_1_784' title='bbox 2927 3587 3087 3657; x_wconf 85' lang='lat' dir='ltr'><strong>igitur</strong></span> <span class='ocrx_word' id='word_1_785' title='bbox 3131 3589 3245 3644; x_wconf 76' lang='lat' dir='ltr'><strong>lucc</strong></span> <span class='ocrx_word' id='word_1_786' title='bbox 3288 3594 3494 3655; x_wconf 85' lang='lat' dir='ltr'><strong>verba;</strong></span> 
     </span>
    </p>
   </div>
   <div class='ocr_carea' id='block_1_98' title="bbox 1881 3669 3498 3750">
    <p class='ocr_par' dir='ltr' id='par_1_98' title="bbox 1881 3669 3498 3750">
     <span class='ocr_line' id='line_1_98' title="bbox 1881 3669 3498 3750; baseline 0.011 -28"><span class='ocrx_word' id='word_1_787' title='bbox 1881 3669 2006 3722; x_wconf 91' lang='lat' dir='ltr'><strong>dum</strong></span> <span class='ocrx_word' id='word_1_788' title='bbox 2039 3678 2249 3738; x_wconf 77' lang='lat' dir='ltr'><strong>tempus</strong></span> <span class='ocrx_word' id='word_1_789' title='bbox 2275 3681 2390 3733; x_wconf 89' lang='lat' dir='ltr'><strong>est,</strong></span> <span class='ocrx_word' id='word_1_790' title='bbox 2425 3682 2666 3726; x_wconf 85' lang='lat' dir='ltr'><strong>nostram</strong></span> <span class='ocrx_word' id='word_1_791' title='bbox 2697 3691 3008 3732; x_wconf 88' lang='lat' dir='ltr'><strong>asseramus</strong></span> <span class='ocrx_word' id='word_1_792' title='bbox 3051 3679 3316 3750; x_wconf 87' lang='lat' dir='ltr'><strong>salutem,</strong></span> <span class='ocrx_word' id='word_1_793' title='bbox 3356 3685 3498 3738; x_wconf 85' lang='lat' dir='ltr'><strong>acci-</strong></span> 
     </span>
    </p>
   </div>
   <div class='ocr_carea' id='block_1_99' title="bbox 1884 3763 3499 3835">
    <p class='ocr_par' dir='ltr' id='par_1_99' title="bbox 1884 3763 3499 3835">
     <span class='ocr_line' id='line_1_99' title="bbox 1884 3763 3499 3835; baseline 0.014 -24"><span class='ocrx_word' id='word_1_794' title='bbox 1884 3764 2091 3831; x_wconf 84' lang='lat' dir='ltr'><strong>piamus</strong></span> <span class='ocrx_word' id='word_1_795' title='bbox 2121 3763 2300 3819; x_wconf 91' lang='lat' dir='ltr'><strong>oleum</strong></span> <span class='ocrx_word' id='word_1_796' title='bbox 2329 3765 2381 3818; x_wconf 89' lang='lat' dir='ltr'><strong>in</strong></span> <span class='ocrx_word' id='word_1_797' title='bbox 2411 3765 2745 3835; x_wconf 87' lang='lat' dir='ltr'><strong>lampadibus</strong></span> <span class='ocrx_word' id='word_1_798' title='bbox 2765 3810 2780 3835; x_wconf 91' lang='lat'><strong>,</strong></span> <span class='ocrx_word' id='word_1_799' title='bbox 2813 3770 3072 3825; x_wconf 89' lang='lat' dir='ltr'><strong>talentum</strong></span> <span class='ocrx_word' id='word_1_800' title='bbox 3103 3773 3170 3828; x_wconf 89' lang='lat' dir='ltr'><strong>ad</strong></span> <span class='ocrx_word' id='word_1_801' title='bbox 3203 3774 3379 3832; x_wconf 65' lang='lat' dir='ltr'><strong>faenus</strong></span> <span class='ocrx_word' id='word_1_802' title='bbox 3403 3778 3499 3833; x_wconf 89' lang='lat' dir='ltr'><strong>de-</strong></span> 
     </span>
    </p>
   </div>
   <div class='ocr_carea' id='block_1_100' title="bbox 1882 3848 3493 3930">
    <p class='ocr_par' dir='ltr' id='par_1_100' title="bbox 1882 3848 3493 3930">
     <span class='ocr_line' id='line_1_100' title="bbox 1882 3848 3493 3930; baseline 0.011 -23"><span class='ocrx_word' id='word_1_803' title='bbox 1882 3871 2000 3908; x_wconf 82' lang='lat' dir='ltr'><strong>ntus</strong></span> <span class='ocrx_word' id='word_1_804' title='bbox 2035 3874 2048 3909; x_wconf 93' lang='lat'>:</span> <span class='ocrx_word' id='word_1_805' title='bbox 2080 3856 2123 3910; x_wconf 91' lang='lat' dir='ltr'><strong>si</strong></span> <span class='ocrx_word' id='word_1_806' title='bbox 2154 3857 2296 3912; x_wconf 88' lang='lat' dir='ltr'><strong>enim</strong></span> <span class='ocrx_word' id='word_1_807' title='bbox 2330 3857 2416 3912; x_wconf 86' lang='lat' dir='ltr'><strong>hic</strong></span> <span class='ocrx_word' id='word_1_808' title='bbox 2443 3858 2600 3913; x_wconf 89' lang='lat' dir='ltr'><strong>otiosi</strong></span> <span class='ocrx_word' id='word_1_809' title='bbox 2628 3869 2682 3916; x_wconf 88' lang='lat' dir='ltr'><strong>et</strong></span> <span class='ocrx_word' id='word_1_810' title='bbox 2711 3863 2842 3930; x_wconf 90' lang='lat' dir='ltr'><strong>pigri</strong></span> <span class='ocrx_word' id='word_1_811' title='bbox 2875 3863 3167 3930; x_wconf 88' lang='lat' dir='ltr'><strong>fuerimus,</strong></span> <span class='ocrx_word' id='word_1_812' title='bbox 3202 3848 3374 3924; x_wconf 25' lang='lat' dir='ltr'><strong>nemo.</strong></span> <span class='ocrx_word' id='word_1_813' title='bbox 3397 3885 3493 3924; x_wconf 91' lang='lat' dir='ltr'><strong>no-</strong></span> 
     </span>
    </p>
   </div>
   <div class='ocr_carea' id='block_1_101' title="bbox 1880 3948 3489 4029">
    <p class='ocr_par' dir='ltr' id='par_1_101' title="bbox 1880 3948 3489 4029">
     <span class='ocr_line' id='line_1_101' title="bbox 1880 3948 3489 4029; baseline 0.01 -30"><span class='ocrx_word' id='word_1_814' title='bbox 1880 3948 1974 3999; x_wconf 89' lang='lat' dir='ltr'><strong>stri</strong></span> <span class='ocrx_word' id='word_1_815' title='bbox 2008 3948 2116 4001; x_wconf 88' lang='lat' dir='ltr'><strong>illic</strong></span> <span class='ocrx_word' id='word_1_816' title='bbox 2148 3949 2513 4012; x_wconf 88' lang='lat' dir='ltr'><strong>miserebitur,</strong></span> <span class='ocrx_word' id='word_1_817' title='bbox 2542 3951 2751 4005; x_wconf 88' lang='lat' dir='ltr'><strong>etiamsi</strong></span> <span class='ocrx_word' id='word_1_818' title='bbox 2781 3954 2974 4008; x_wconf 89' lang='lat' dir='ltr'><strong>millies</strong></span> <span class='ocrx_word' id='word_1_819' title='bbox 3004 3955 3270 4029; x_wconf 85' lang='lat' dir='ltr'><strong>Iacrymas</strong></span> <span class='ocrx_word' id='word_1_820' title='bbox 3302 3958 3489 4015; x_wconf 52' lang='lat' dir='ltr'><strong>funda.</strong></span> 
     </span>
    </p>
   </div>
   <div class='ocr_carea' id='block_1_102' title="bbox 1879 4037 3492 4116">
    <p class='ocr_par' dir='ltr' id='par_1_102' title="bbox 1879 4037 3492 4116">
     <span class='ocr_line' id='line_1_102' title="bbox 1879 4037 3492 4116; baseline 0.01 -26"><span class='ocrx_word' id='word_1_821' title='bbox 1879 4053 2019 4091; x_wconf 90' lang='lat' dir='ltr'><strong>mus.</strong></span> <span class='ocrx_word' id='word_1_822' title='bbox 2067 4037 2315 4108; x_wconf 86' lang='lat' dir='ltr'><strong>Scipsum</strong></span> <span class='ocrx_word' id='word_1_823' title='bbox 2363 4039 2639 4095; x_wconf 89' lang='lat' dir='ltr'><strong>damnavit</strong></span> <span class='ocrx_word' id='word_1_824' title='bbox 2686 4044 2848 4097; x_wconf 89' lang='lat' dir='ltr'><strong>etiam</strong></span> <span class='ocrx_word' id='word_1_825' title='bbox 2892 4047 2936 4098; x_wconf 89' lang='lat' dir='ltr'><strong>is</strong></span> <span class='ocrx_word' id='word_1_826' title='bbox 2979 4048 3070 4116; x_wconf 90' lang='lat' dir='ltr'><strong>qui</strong></span> <span class='ocrx_word' id='word_1_827' title='bbox 3114 4050 3327 4104; x_wconf 80' lang='lat' dir='ltr'><strong>sordida</strong></span> <span class='ocrx_word' id='word_1_828' title='bbox 3375 4062 3492 4108; x_wconf 85' lang='lat' dir='ltr'><strong>erat</strong></span> 
     </span>
    </p>
   </div>
   <div class='ocr_carea' id='block_1_103' title="bbox 1879 4131 3492 4203">
    <p class='ocr_par' dir='ltr' id='par_1_103' title="bbox 1879 4131 3492 4203">
     <span class='ocr_line' id='line_1_103' title="bbox 1879 4131 3492 4203; baseline 0.011 -21"><span class='ocrx_word' id='word_1_829' title='bbox 1879 4143 2043 4194; x_wconf 79' lang='lat' dir='ltr'><strong>veste,</strong></span> <span class='ocrx_word' id='word_1_830' title='bbox 2078 4139 2132 4185; x_wconf 86' lang='lat' dir='ltr'><strong>et</strong></span> <span class='ocrx_word' id='word_1_831' title='bbox 2155 4131 2288 4184; x_wconf 89' lang='lat' dir='ltr'><strong>nihil</strong></span> <span class='ocrx_word' id='word_1_832' title='bbox 2319 4134 2524 4203; x_wconf 90' lang='lat' dir='ltr'><strong>accepit</strong></span> <span class='ocrx_word' id='word_1_833' title='bbox 2550 4133 2813 4189; x_wconf 88' lang='lat' dir='ltr'><strong>utilitatis.</strong></span> <span class='ocrx_word' id='word_1_834' title='bbox 2850 4137 3105 4193; x_wconf 79' lang='lat' dir='ltr'><strong>Reddidit</strong></span> <span class='ocrx_word' id='word_1_835' title='bbox 3132 4141 3218 4196; x_wconf 87' lang='lat' dir='ltr'><strong>hic</strong></span> <span class='ocrx_word' id='word_1_836' title='bbox 3239 4148 3492 4201; x_wconf 85' lang='lat' dir='ltr'><strong>commis-</strong></span> 
     </span>
    </p>
   </div>
   <div class='ocr_carea' id='block_1_104' title="bbox 1879 4222 3495 4304">
    <p class='ocr_par' dir='ltr' id='par_1_104' title="bbox 1879 4222 3495 4304">
     <span class='ocr_line' id='line_1_104' title="bbox 1879 4222 3495 4304; baseline 0.011 -29"><span class='ocrx_word' id='word_1_837' title='bbox 1879 4237 1998 4275; x_wconf 91' lang='lat' dir='ltr'><strong>sum</strong></span> <span class='ocrx_word' id='word_1_838' title='bbox 2030 4222 2128 4276; x_wconf 89' lang='lat' dir='ltr'><strong>sihi</strong></span> <span class='ocrx_word' id='word_1_839' title='bbox 2161 4223 2422 4277; x_wconf 85' lang='lat' dir='ltr'><strong>talentum</strong></span> <span class='ocrx_word' id='word_1_840' title='bbox 2444 4267 2457 4288; x_wconf 90' lang='lat'><strong>,</strong></span> <span class='ocrx_word' id='word_1_841' title='bbox 2495 4235 2549 4278; x_wconf 92' lang='lat' dir='ltr'><strong>et</strong></span> <span class='ocrx_word' id='word_1_842' title='bbox 2590 4226 2665 4279; x_wconf 90' lang='lat' dir='ltr'><strong>sic</strong></span> <span class='ocrx_word' id='word_1_843' title='bbox 2695 4226 2978 4284; x_wconf 88' lang='lat' dir='ltr'><strong>damnatus</strong></span> <span class='ocrx_word' id='word_1_844' title='bbox 3012 4241 3114 4286; x_wconf 90' lang='lat' dir='ltr'><strong>est.</strong></span> <span class='ocrx_word' id='word_1_845' title='bbox 3145 4232 3495 4304; x_wconf 82' lang='lat' dir='ltr'><strong>Rogaverunt</strong></span> 
     </span>
    </p>
   </div>
   <div class='ocr_carea' id='block_1_105' title="bbox 1879 4313 3492 4388">
    <p class='ocr_par' dir='ltr' id='par_1_105' title="bbox 1879 4313 3492 4388">
     <span class='ocr_line' id='line_1_105' title="bbox 1879 4313 3492 4388; baseline 0.012 -23"><span class='ocrx_word' id='word_1_846' title='bbox 1879 4313 2006 4367; x_wconf 89' lang='lat' dir='ltr'><strong>item</strong></span> <span class='ocrx_word' id='word_1_847' title='bbox 2047 4313 2315 4384; x_wconf 76' lang='lat' dir='ltr'><strong>virgines,</strong></span> <span class='ocrx_word' id='word_1_848' title='bbox 2365 4329 2743 4382; x_wconf 86' lang='lat' dir='ltr'><strong>accesserunt,</strong></span> <span class='ocrx_word' id='word_1_849' title='bbox 2796 4321 3110 4388; x_wconf 85' lang='lat' dir='ltr'><strong>pulsarunt;</strong></span> <span class='ocrx_word' id='word_1_850' title='bbox 3153 4325 3247 4380; x_wconf 90' lang='lat' dir='ltr'><strong>sed</strong></span> <span class='ocrx_word' id='word_1_851' title='bbox 3294 4326 3492 4384; x_wconf 85' lang='lat' dir='ltr'><strong>frustra</strong></span> 
     </span>
    </p>
   </div>
   <div class='ocr_carea' id='block_1_106' title="bbox 1878 4406 3487 4487">
    <p class='ocr_par' dir='ltr' id='par_1_106' title="bbox 1878 4406 3487 4487">
     <span class='ocr_line' id='line_1_106' title="bbox 1878 4406 3487 4487; baseline 0.01 -30"><span class='ocrx_word' id='word_1_852' title='bbox 1878 4413 1932 4457; x_wconf 90' lang='lat' dir='ltr'><strong>et</strong></span> <span class='ocrx_word' id='word_1_853' title='bbox 1961 4406 2228 4458; x_wconf 88' lang='lat' dir='ltr'><strong>incassum</strong></span> <span class='ocrx_word' id='word_1_854' title='bbox 2260 4407 2460 4460; x_wconf 81' lang='lat' dir='ltr'><strong>omnia.</strong></span> <span class='ocrx_word' id='word_1_855' title='bbox 2488 4409 2612 4462; x_wconf 81' lang='lat' dir='ltr'><strong>lla-c</strong></span> <span class='ocrx_word' id='word_1_856' title='bbox 2628 4425 2756 4480; x_wconf 85' lang='lat' dir='ltr'><strong>ergo</strong></span> <span class='ocrx_word' id='word_1_857' title='bbox 2778 4427 2896 4464; x_wconf 91' lang='lat' dir='ltr'><strong>cum</strong></span> <span class='ocrx_word' id='word_1_858' title='bbox 2924 4414 3177 4484; x_wconf 73' lang='lat' dir='ltr'><strong>sciamus,</strong></span> <span class='ocrx_word' id='word_1_859' title='bbox 3210 4419 3487 4487; x_wconf 85' lang='lat' dir='ltr'><strong>pecunias,</strong></span> 
     </span>
    </p>
   </div>
   <div class='ocr_carea' id='block_1_107' title="bbox 1877 4491 3484 4578">
    <p class='ocr_par' dir='ltr' id='par_1_107' title="bbox 1877 4491 3484 4578">
     <span class='ocr_line' id='line_1_107' title="bbox 1877 4491 3484 4578; baseline 0.011 -28"><span class='ocrx_word' id='word_1_860' title='bbox 1877 4498 2144 4563; x_wconf 90' lang='lat' dir='ltr'><strong>studium,</strong></span> <span class='ocrx_word' id='word_1_861' title='bbox 2177 4491 2526 4567; x_wconf 85' lang='lat' dir='ltr'><strong>patrocinimn</strong></span> <span class='ocrx_word' id='word_1_862' title='bbox 2556 4512 2609 4556; x_wconf 88' lang='lat' dir='ltr'><strong>et</strong></span> <span class='ocrx_word' id='word_1_863' title='bbox 2633 4505 2811 4558; x_wconf 88' lang='lat' dir='ltr'><strong>omnia</strong></span> <span class='ocrx_word' id='word_1_864' title='bbox 2843 4504 3136 4562; x_wconf 86' lang='lat' dir='ltr'><strong>olferamus</strong></span> <span class='ocrx_word' id='word_1_865' title='bbox 3161 4509 3226 4562; x_wconf 91' lang='lat' dir='ltr'><strong>ad</strong></span> <span class='ocrx_word' id='word_1_866' title='bbox 3253 4513 3484 4578; x_wconf 78' lang='lat' dir='ltr'><strong>proximi</strong></span> 
     </span>
    </p>
   </div>
   <div class='ocr_carea' id='block_1_108' title="bbox 1881 4590 3489 4669">
    <p class='ocr_par' dir='ltr' id='par_1_108' title="bbox 1881 4590 3489 4669">
     <span class='ocr_line' id='line_1_108' title="bbox 1881 4590 3489 4669; baseline 0.012 -29"><span class='ocrx_word' id='word_1_867' title='bbox 1881 4590 2180 4644; x_wconf 83' lang='lat' dir='ltr'><strong>utilitatem.</strong></span> <span class='ocrx_word' id='word_1_868' title='bbox 2233 4590 2456 4645; x_wconf 86' lang='lat' dir='ltr'><strong>Talenta</strong></span> <span class='ocrx_word' id='word_1_869' title='bbox 2502 4595 2646 4648; x_wconf 88' lang='lat' dir='ltr'><strong>enim</strong></span> <span class='ocrx_word' id='word_1_870' title='bbox 2695 4593 2782 4649; x_wconf 92' lang='lat' dir='ltr'><strong>hic</strong></span> <span class='ocrx_word' id='word_1_871' title='bbox 2821 4605 3098 4663; x_wconf 82' lang='lat' dir='ltr'><strong>vocantur,</strong></span> <span class='ocrx_word' id='word_1_872' title='bbox 3131 4616 3251 4669; x_wconf 61' lang='lat' dir='ltr'><strong>qua</strong></span> <span class='ocrx_word' id='word_1_873' title='bbox 3296 4604 3353 4658; x_wconf 84' lang='lat' dir='ltr'><strong>in</strong></span> <span class='ocrx_word' id='word_1_874' title='bbox 3396 4620 3489 4659; x_wconf 92' lang='lat' dir='ltr'><strong>cu-</strong></span> 
     </span>
    </p>
   </div>
   <div class='ocr_carea' id='block_1_109' title="bbox 1871 4682 3485 4764">
    <p class='ocr_par' dir='ltr' id='par_1_109' title="bbox 1871 4682 3485 4764">
     <span class='ocr_line' id='line_1_109' title="bbox 1871 4682 3485 4764; baseline 0.011 -33"><span class='ocrx_word' id='word_1_875' title='bbox 1871 4682 2066 4750; x_wconf 89' lang='lat' dir='ltr'><strong>jusque</strong></span> <span class='ocrx_word' id='word_1_876' title='bbox 2106 4692 2368 4749; x_wconf 89' lang='lat' dir='ltr'><strong>potestate</strong></span> <span class='ocrx_word' id='word_1_877' title='bbox 2399 4695 2551 4746; x_wconf 91' lang='lat' dir='ltr'><strong>sunt,</strong></span> <span class='ocrx_word' id='word_1_878' title='bbox 2595 4687 2708 4741; x_wconf 85' lang='lat' dir='ltr'><strong>sive</strong></span> <span class='ocrx_word' id='word_1_879' title='bbox 2746 4689 3133 4756; x_wconf 86' lang='lat' dir='ltr'><strong>patrocinium,</strong></span> <span class='ocrx_word' id='word_1_880' title='bbox 3164 4692 3277 4747; x_wconf 85' lang='lat' dir='ltr'><strong>sive</strong></span> <span class='ocrx_word' id='word_1_881' title='bbox 3315 4710 3485 4764; x_wconf 81' lang='lat' dir='ltr'><strong>pecn-</strong></span> 
     </span>
    </p>
   </div>
   <div class='ocr_carea' id='block_1_110' title="bbox 1881 4775 3486 4854">
    <p class='ocr_par' dir='ltr' id='par_1_110' title="bbox 1881 4775 3486 4854">
     <span class='ocr_line' id='line_1_110' title="bbox 1881 4775 3486 4854; baseline 0.013 -30"><span class='ocrx_word' id='word_1_882' title='bbox 1881 4775 1980 4827; x_wconf 73' lang='lat' dir='ltr'><strong>IIIIL‘</strong></span> <span class='ocrx_word' id='word_1_883' title='bbox 2002 4816 2015 4836; x_wconf 94' lang='lat'><strong>,</strong></span> <span class='ocrx_word' id='word_1_884' title='bbox 2058 4775 2170 4828; x_wconf 85' lang='lat' dir='ltr'><strong>sive</strong></span> <span class='ocrx_word' id='word_1_885' title='bbox 2199 4775 2441 4829; x_wconf 82' lang='lat' dir='ltr'><strong>doctrina</strong></span> <span class='ocrx_word' id='word_1_886' title='bbox 2462 4817 2479 4840; x_wconf 89' lang='lat'><strong>,</strong></span> <span class='ocrx_word' id='word_1_887' title='bbox 2513 4778 2626 4831; x_wconf 90' lang='lat' dir='ltr'><strong>sive</strong></span> <span class='ocrx_word' id='word_1_888' title='bbox 2653 4778 2799 4832; x_wconf 86' lang='lat' dir='ltr'><strong>aliud</strong></span> <span class='ocrx_word' id='word_1_889' title='bbox 2827 4780 3115 4851; x_wconf 85' lang='lat' dir='ltr'><strong>quidquam</strong></span> <span class='ocrx_word' id='word_1_890' title='bbox 3151 4783 3486 4854; x_wconf 81' lang='lat' dir='ltr'><strong>hujusmodi.</strong></span> 
     </span>
    </p>
   </div>
   <div class='ocr_carea' id='block_1_111' title="bbox 1876 4863 3486 4948">
    <p class='ocr_par' dir='ltr' id='par_1_111' title="bbox 1876 4863 3486 4948">
     <span class='ocr_line' id='line_1_111' title="bbox 1876 4863 3486 4948; baseline 0.011 -30"><span class='ocrx_word' id='word_1_891' title='bbox 1876 4863 2046 4918; x_wconf 77' lang='lat' dir='ltr'><strong>Nemo</strong></span> <span class='ocrx_word' id='word_1_892' title='bbox 2077 4867 2253 4934; x_wconf 87' lang='lat' dir='ltr'><strong>itaque</strong></span> <span class='ocrx_word' id='word_1_893' title='bbox 2281 4866 2454 4930; x_wconf 88' lang='lat' dir='ltr'><strong>dicat,</strong></span> <span class='ocrx_word' id='word_1_894' title='bbox 2487 4867 2661 4923; x_wconf 88' lang='lat' dir='ltr'><strong>Unum</strong></span> <span class='ocrx_word' id='word_1_895' title='bbox 2695 4869 2866 4925; x_wconf 83' lang='lat' dir='ltr'><strong>habeo</strong></span> <span class='ocrx_word' id='word_1_896' title='bbox 2906 4873 3195 4943; x_wconf 84' lang='lat' dir='ltr'><strong>talentum,</strong></span> <span class='ocrx_word' id='word_1_897' title='bbox 3243 4878 3486 4948; x_wconf 82' lang='lat' dir='ltr'><strong>nihilque</strong></span> 
     </span>
    </p>
   </div>
   <div class='ocr_carea' id='block_1_112' title="bbox 1876 4958 3486 5041">
    <p class='ocr_par' dir='ltr' id='par_1_112' title="bbox 1876 4958 3486 5041">
     <span class='ocr_line' id='line_1_112' title="bbox 1876 4958 3486 5041; baseline 0.014 -36"><span class='ocrx_word' id='word_1_898' title='bbox 1876 4971 2094 5024; x_wconf 71' lang='lat' dir='ltr'><strong>possunt</strong></span> <span class='ocrx_word' id='word_1_899' title='bbox 2134 4958 2324 5012; x_wconf 82' lang='lat' dir='ltr'><strong>facere.</strong></span> <span class='ocrx_word' id='word_1_900' title='bbox 2359 4958 2519 5013; x_wconf 89' lang='lat' dir='ltr'><strong>Potes</strong></span> <span class='ocrx_word' id='word_1_901' title='bbox 2550 4961 2691 5014; x_wconf 88' lang='lat' dir='ltr'><strong>enim</strong></span> <span class='ocrx_word' id='word_1_902' title='bbox 2731 4978 2850 5016; x_wconf 90' lang='lat' dir='ltr'><strong>cum</strong></span> <span class='ocrx_word' id='word_1_903' title='bbox 2883 4981 2990 5018; x_wconf 73' lang='lat' dir='ltr'><strong>uno</strong></span> <span class='ocrx_word' id='word_1_904' title='bbox 3025 4983 3139 5022; x_wconf 89' lang='lat' dir='ltr'><strong>rem</strong></span> <span class='ocrx_word' id='word_1_905' title='bbox 3183 4971 3348 5036; x_wconf 52' lang='lat' dir='ltr'><strong>probe</strong></span> <span class='ocrx_word' id='word_1_906' title='bbox 3386 4991 3486 5041; x_wconf 82' lang='lat' dir='ltr'><strong>ge—</strong></span> 
     </span>
    </p>
   </div>
   <div class='ocr_carea' id='block_1_113' title="bbox 1877 5049 3484 5126">
    <p class='ocr_par' dir='ltr' id='par_1_113' title="bbox 1877 5049 3484 5126">
     <span class='ocr_line' id='line_1_113' title="bbox 1877 5049 3484 5126; baseline 0.012 -25"><span class='ocrx_word' id='word_1_907' title='bbox 1877 5065 2016 5102; x_wconf 87' lang='lat' dir='ltr'><strong>rere.</strong></span> <span class='ocrx_word' id='word_1_908' title='bbox 2056 5049 2236 5116; x_wconf 76' lang='lat' dir='ltr'><strong>Neque</strong></span> <span class='ocrx_word' id='word_1_909' title='bbox 2281 5053 2422 5108; x_wconf 87' lang='lat' dir='ltr'><strong>enim</strong></span> <span class='ocrx_word' id='word_1_910' title='bbox 2456 5068 2514 5107; x_wconf 88' lang='lat' dir='ltr'><strong>cs</strong></span> <span class='ocrx_word' id='word_1_911' title='bbox 2543 5054 2696 5107; x_wconf 87' lang='lat' dir='ltr'><strong>vidua</strong></span> <span class='ocrx_word' id='word_1_912' title='bbox 2731 5056 2814 5109; x_wconf 88' lang='lat' dir='ltr'><strong>illa</strong></span> <span class='ocrx_word' id='word_1_913' title='bbox 2847 5060 3148 5126; x_wconf 82' lang='lat' dir='ltr'><strong>pauperior,</strong></span> <span class='ocrx_word' id='word_1_914' title='bbox 3183 5079 3288 5117; x_wconf 90' lang='lat' dir='ltr'><strong>non</strong></span> <span class='ocrx_word' id='word_1_915' title='bbox 3323 5066 3484 5121; x_wconf 75' lang='lat' dir='ltr'><strong>Petro</strong></span> 
     </span>
    </p>
   </div>
   <div class='ocr_carea' id='block_1_114' title="bbox 1876 5139 3491 5212">
    <p class='ocr_par' dir='ltr' id='par_1_114' title="bbox 1876 5139 3491 5212">
     <span class='ocr_line' id='line_1_114' title="bbox 1876 5139 3491 5212; baseline 0.012 -20"><span class='ocrx_word' id='word_1_916' title='bbox 1876 5149 1927 5192; x_wconf 90' lang='lat' dir='ltr'><strong>et</strong></span> <span class='ocrx_word' id='word_1_917' title='bbox 1958 5139 2165 5194; x_wconf 80' lang='lat' dir='ltr'><strong>Joanne</strong></span> <span class='ocrx_word' id='word_1_918' title='bbox 2203 5142 2409 5206; x_wconf 86' lang='lat' dir='ltr'><strong>rudior,</strong></span> <span class='ocrx_word' id='word_1_919' title='bbox 2451 5145 2540 5212; x_wconf 90' lang='lat' dir='ltr'><strong>qui</strong></span> <span class='ocrx_word' id='word_1_920' title='bbox 2580 5145 2755 5198; x_wconf 71' lang='lat' dir='ltr'><strong>idiota:</strong></span> <span class='ocrx_word' id='word_1_921' title='bbox 2783 5159 2836 5200; x_wconf 80' lang='lat' dir='ltr'><strong>et.</strong></span> <span class='ocrx_word' id='word_1_922' title='bbox 2869 5148 3099 5201; x_wconf 71' lang='lat' dir='ltr'><strong>illitrmti</strong></span> <span class='ocrx_word' id='word_1_923' title='bbox 3129 5165 3302 5207; x_wconf 86' lang='lat' dir='ltr'><strong>erant.</strong></span> <span class='ocrx_word' id='word_1_924' title='bbox 3337 5157 3491 5211; x_wconf 84' lang='lat' dir='ltr'><strong>Alla-</strong></span> 
     </span>
    </p>
   </div>
   <div class='ocr_carea' id='block_1_115' title="bbox 1875 5233 3484 5314">
    <p class='ocr_par' dir='ltr' id='par_1_115' title="bbox 1875 5233 3484 5314">
     <span class='ocr_line' id='line_1_115' title="bbox 1875 5233 3484 5314; baseline 0.011 -30"><span class='ocrx_word' id='word_1_925' title='bbox 1875 5248 1996 5284; x_wconf 84' lang='lat' dir='ltr'><strong>men</strong></span> <span class='ocrx_word' id='word_1_926' title='bbox 2028 5233 2151 5299; x_wconf 80' lang='lat' dir='ltr'><strong>quia</strong></span> <span class='ocrx_word' id='word_1_927' title='bbox 2189 5233 2422 5286; x_wconf 86' lang='lat' dir='ltr'><strong>studium</strong></span> <span class='ocrx_word' id='word_1_928' title='bbox 2456 5249 2608 5287; x_wconf 89' lang='lat' dir='ltr'><strong>suum</strong></span> <span class='ocrx_word' id='word_1_929' title='bbox 2653 5237 3047 5303; x_wconf 73' lang='lat' dir='ltr'><strong>exhibucrunt,</strong></span> <span class='ocrx_word' id='word_1_930' title='bbox 3092 5245 3381 5314; x_wconf 83' lang='lat' dir='ltr'><strong>omniaque</strong></span> <span class='ocrx_word' id='word_1_931' title='bbox 3421 5250 3484 5301; x_wconf 84' lang='lat' dir='ltr'><strong>ad</strong></span> 
     </span>
    </p>
   </div>
   <div class='ocr_carea' id='block_1_116' title="bbox 1874 5324 3486 5402">
    <p class='ocr_par' dir='ltr' id='par_1_116' title="bbox 1874 5324 3486 5402">
     <span class='ocr_line' id='line_1_116' title="bbox 1874 5324 3486 5402; baseline 0.009 -26"><span class='ocrx_word' id='word_1_932' title='bbox 1874 5338 2214 5378; x_wconf 86' lang='lat' dir='ltr'><strong>communem</strong></span> <span class='ocrx_word' id='word_1_933' title='bbox 2268 5324 2509 5381; x_wconf 84' lang='lat' dir='ltr'><strong>fecerunt</strong></span> <span class='ocrx_word' id='word_1_934' title='bbox 2548 5327 2871 5395; x_wconf 87' lang='lat' dir='ltr'><strong>utilitatem,</strong></span> <span class='ocrx_word' id='word_1_935' title='bbox 2916 5332 3049 5384; x_wconf 65' lang='lat' dir='ltr'><strong>cwlo</strong></span> <span class='ocrx_word' id='word_1_936' title='bbox 3089 5332 3290 5402; x_wconf 83' lang='lat' dir='ltr'><strong>dignati</strong></span> <span class='ocrx_word' id='word_1_937' title='bbox 3339 5348 3486 5393; x_wconf 88' lang='lat' dir='ltr'><strong>sunt.</strong></span> 
     </span>
    </p>
   </div>
   <div class='ocr_carea' id='block_1_117' title="bbox 1872 5416 3487 5487">
    <p class='ocr_par' dir='ltr' id='par_1_117' title="bbox 1872 5416 3487 5487">
     <span class='ocr_line' id='line_1_117' title="bbox 1872 5416 3487 5487; baseline 0.011 -20"><span class='ocrx_word' id='word_1_938' title='bbox 1872 5416 2010 5468; x_wconf 76' lang='lat' dir='ltr'><strong>Nihil</strong></span> <span class='ocrx_word' id='word_1_939' title='bbox 2035 5418 2178 5469; x_wconf 86' lang='lat' dir='ltr'><strong>enim</strong></span> <span class='ocrx_word' id='word_1_940' title='bbox 2215 5418 2281 5469; x_wconf 84' lang='lat' dir='ltr'><strong>ita</strong></span> <span class='ocrx_word' id='word_1_941' title='bbox 2320 5417 2428 5472; x_wconf 81' lang='lat' dir='ltr'><strong>Deo</strong></span> <span class='ocrx_word' id='word_1_942' title='bbox 2450 5430 2655 5487; x_wconf 73' lang='lat' dir='ltr'><strong>gratum</strong></span> <span class='ocrx_word' id='word_1_943' title='bbox 2680 5430 2781 5480; x_wconf 73' lang='lat' dir='ltr'><strong>est,</strong></span> <span class='ocrx_word' id='word_1_944' title='bbox 2818 5423 2940 5477; x_wconf 85' lang='lat' dir='ltr'><strong>utsi</strong></span> <span class='ocrx_word' id='word_1_945' title='bbox 2965 5425 3127 5478; x_wconf 86' lang='lat' dir='ltr'><strong>vitam</strong></span> <span class='ocrx_word' id='word_1_946' title='bbox 3151 5429 3215 5481; x_wconf 82' lang='lat' dir='ltr'><strong>ad</strong></span> <span class='ocrx_word' id='word_1_947' title='bbox 3240 5446 3487 5485; x_wconf 86' lang='lat' dir='ltr'><strong>commu-</strong></span> 
     </span>
    </p>
   </div>
   <div class='ocr_carea' id='block_1_118' title="bbox 1873 5509 3486 5583">
    <p class='ocr_par' dir='ltr' id='par_1_118' title="bbox 1873 5509 3486 5583">
     <span class='ocr_line' id='line_1_118' title="bbox 1873 5509 3486 5583; baseline 0.012 -24"><span class='ocrx_word' id='word_1_948' title='bbox 1873 5523 1992 5560; x_wconf 86' lang='lat' dir='ltr'><strong>ncm</strong></span> <span class='ocrx_word' id='word_1_949' title='bbox 2018 5509 2299 5562; x_wconf 83' lang='lat' dir='ltr'><strong>utilitatem</strong></span> <span class='ocrx_word' id='word_1_950' title='bbox 2323 5509 2544 5564; x_wconf 75' lang='lat' dir='ltr'><strong>ducas‘.</strong></span> <span class='ocrx_word' id='word_1_951' title='bbox 2573 5511 2696 5565; x_wconf 84' lang='lat' dir='ltr'><strong>Ideo</strong></span> <span class='ocrx_word' id='word_1_952' title='bbox 2717 5513 2968 5583; x_wconf 87' lang='lat' dir='ltr'><strong>loquendi</strong></span> <span class='ocrx_word' id='word_1_953' title='bbox 3004 5517 3308 5575; x_wconf 88' lang='lat' dir='ltr'><strong>facultatem</strong></span> <span class='ocrx_word' id='word_1_954' title='bbox 3335 5525 3486 5579; x_wconf 83' lang='lat' dir='ltr'><strong>nobis</strong></span> 
     </span>
    </p>
   </div>
   <div class='ocr_carea' id='block_1_119' title="bbox 1873 5680 3473 5792">
    <p class='ocr_par' dir='ltr' id='par_1_119' title="bbox 1873 5680 3473 5792">
     <span class='ocr_line' id='line_1_119' title="bbox 1873 5680 3473 5792; baseline 0.013 -66"><span class='ocrx_word' id='word_1_955' title='bbox 1873 5743 1903 5792; x_wconf 53' lang='grc' dir='ltr'>ά</span> <span class='ocrx_word' id='word_1_956' title='bbox 1935 5683 1951 5790; x_wconf 55' lang='grc' dir='ltr'>ἒ</span> <span class='ocrx_word' id='word_1_957' title='bbox 1984 5680 2035 5728; x_wconf 91' lang='lat' dir='ltr'><strong>lu</strong></span> <span class='ocrx_word' id='word_1_958' title='bbox 2071 5681 2232 5731; x_wconf 79' lang='lat' dir='ltr'><strong>Morel.</strong></span> <span class='ocrx_word' id='word_1_959' title='bbox 2261 5690 2313 5730; x_wconf 91' lang='lat' dir='ltr'><strong>et</strong></span> <span class='ocrx_word' id='word_1_960' title='bbox 2348 5684 2515 5745; x_wconf 85' lang='lat' dir='ltr'><strong>paucis</strong></span> <span class='ocrx_word' id='word_1_961' title='bbox 2557 5691 2661 5732; x_wconf 76' lang='lat' dir='ltr'><strong>Mss.</strong></span> <span class='ocrx_word' id='word_1_962' title='bbox 2690 5684 2888 5747; x_wconf 71' lang='lat' dir='ltr'><strong>legitur,</strong></span> <span class='ocrx_word' id='word_1_963' title='bbox 2924 5694 2971 5737; x_wconf 87' lang='lat' dir='ltr'><strong>et</strong></span> <span class='ocrx_word' id='word_1_964' title='bbox 3009 5693 3138 5751; x_wconf 79' lang='lat' dir='ltr'><strong>quod</strong></span> <span class='ocrx_word' id='word_1_965' title='bbox 3183 5693 3367 5745; x_wconf 78' lang='lat' dir='ltr'><strong>habere.</strong></span> <span class='ocrx_word' id='word_1_966' title='bbox 3406 5692 3473 5745; x_wconf 76' lang='lat' dir='ltr'><strong>ri-</strong></span> 
     </span>
     <span class='ocr_line' id='line_1_120' title="bbox 1907 5757 2032 5792; baseline -0.032 0"><span class='ocrx_word' id='word_1_967' title='bbox 1907 5757 1932 5792; x_wconf 76' lang='lat' dir='ltr'><em>C</em></span> <span class='ocrx_word' id='word_1_968' title='bbox 1960 5758 2032 5789; x_wconf 80' lang='grc' dir='ltr'><strong>ΗΓ.</strong></span> 
     </span>
    </p>
   </div>
   <div class='ocr_carea' id='block_1_120' title="bbox 1923 5757 2032 5789">
    <p class='ocr_par' dir='ltr' id='par_1_120' title="bbox 1923 5757 2032 5789">
     <span class='ocr_line' id='line_1_121' title="bbox 1923 5757 2032 5789; baseline 0 -1"><span class='ocrx_word' id='word_1_969' title='bbox 1923 5757 2032 5789; x_wconf 71' lang='grc' dir='ltr'><strong>τιην.</strong></span> 
     </span>
    </p>
   </div>
   <div class='ocr_carea' id='block_1_121' title="bbox 1907 5763 3005 5870">
    <p class='ocr_par' dir='ltr' id='par_1_121' title="bbox 1907 5763 3005 5870">
     <span class='ocr_line' id='line_1_122' title="bbox 1923 5763 2032 5790; baseline -0.028 0"><span class='ocrx_word' id='word_1_970' title='bbox 1923 5763 2032 5790; x_wconf 47' lang='grc' dir='ltr'><strong>ξιμον.</strong></span> 
     </span>
     <span class='ocr_line' id='line_1_123' title="bbox 1907 5763 3005 5870; baseline 0.013 -19"><span class='ocrx_word' id='word_1_971' title='bbox 1907 5763 1954 5834; x_wconf 59' lang='grc' dir='ltr'><strong><em>ι’</em></strong></span> <span class='ocrx_word' id='word_1_972' title='bbox 1984 5806 2094 5866; x_wconf 66' lang='lat' dir='ltr'><strong>Alii,</strong></span> <span class='ocrx_word' id='word_1_973' title='bbox 2122 5813 2171 5854; x_wconf 81' lang='lat' dir='ltr'><strong>ut</strong></span> <span class='ocrx_word' id='word_1_974' title='bbox 2197 5806 2235 5854; x_wconf 80' lang='lat' dir='ltr'><strong>si</strong></span> <span class='ocrx_word' id='word_1_975' title='bbox 2261 5805 2521 5858; x_wconf 76' lang='lat' dir='ltr'><strong>communis</strong></span> <span class='ocrx_word' id='word_1_976' title='bbox 2549 5817 2794 5870; x_wconf 81' lang='lat' dir='ltr'><strong>qmcratur</strong></span> <span class='ocrx_word' id='word_1_977' title='bbox 2824 5811 3005 5865; x_wconf 69' lang='lat' dir='ltr'><strong>utilitas</strong></span> 
     </span>
    </p>
   </div>
  </div>
