4174 6332
711 310 821 368 715

710 422 860 478 dedit
887 421 1044 481 Deus,
1075 433 1293 485 manus,
1320 418 1500 493 pedes,
1537 417 1699 471 robur
1724 414 1982 485 corporis,
2014 422 2247 469 mentem
2269 450 2287 476 ,

713 512 1112 581 intelligentiam
1130 550 1147 578 ,
1174 518 1232 565 ut
1252 508 1335 564 his
1359 510 1606 565 Omnibus
1626 519 1680 563 et
1705 508 1771 562 ad
1800 507 2025 561 salutem
2052 512 2289 559 nostram

710 612 765 657 et
788 601 855 656 ad
880 601 1106 656 aliorum
1137 600 1421 656 utilitatem
1448 590 1679 655 utantur.
1708 598 1941 668 Loqucla
1968 598 2109 651 enim
2136 594 2291 649 nobis

709 707 812 748 non
839 692 905 746 ad
934 692 1159 764 hymnos
1194 691 1541 746 celebrandas
1575 701 1626 744 et
1652 690 1849 760 gratias
1878 685 2177 742 reddendas
2205 699 2294 739 so-

707 785 815 840 lum
846 784 967 839 data
996 795 1111 851 est,
1138 783 1234 839 sed
1262 784 1421 839 etiam
1454 784 1521 837 ad
1546 782 1842 836 doctrinam
1873 779 2015 833 utilis
2040 788 2121 832 est
2144 786 2198 832 et
2222 775 2290 831 ad

705 876 1140 931 admonitionem.
1180 873 1246 929 Et
1282 876 1327 929 si
1360 874 1430 929 ad
1469 875 1571 927 hoc
1611 873 1696 926 illa
1732 881 1963 938 utamur,
2009 868 2290 923 Dominum

710 971 1012 1034 imitamur;
1044 969 1089 1023 si
1122 981 1253 1023 vero
1279 966 1348 1022 ad
1384 966 1676 1030 contraria,
1717 964 2007 1019 diabolum.
2036 959 2293 1030 Quando-

706 1061 921 1131 quidem
948 1070 1001 1116 et
1028 1060 1220 1117 Petrus
1245 1074 1365 1117 eum
1387 1057 1656 1111 Christum
1679 1057 1949 1109 confessus
1974 1062 2077 1118 est,
2106 1052 2293 1106 beatus

706 1153 1022 1222 prmdicatus
1062 1151 1194 1217 fuit,
1244 1158 1303 1205 ut
1338 1151 1425 1218 qui
1464 1164 1493 1202 a
1535 1149 1687 1202 Patre
1716 1148 1903 1201 doctus
1938 1145 2243 1214 loqueretur
2273 1159 2287 1194 :

703 1259 824 1299 cum
854 1258 981 1297 vero
1009 1256 1223 1297 crucem
1252 1240 1504 1296 horrebat
1540 1247 1594 1294 et
1622 1238 1943 1308 repellebat,
1988 1237 2291 1306 ittcrepattts

705 1346 789 1388 est
816 1335 1184 1399 vehementer,
1216 1336 1281 1388 ut"
1297 1334 1385 1403 qui
1413 1347 1473 1387 ea
1501 1347 1619 1401 qua:
1648 1330 1841 1384 diaboli
1878 1337 2028 1384 erant
2054 1335 2287 1397 saperet.

706 1425 763 1482 Si
807 1440 933 1495 ergo
974 1425 1059 1479 ubi
1099 1440 1164 1480 ex
1205 1424 1497 1494 ignorantia
1539 1422 1866 1489 loquebatur,
1913 1430 2016 1473 tam
2055 1418 2291 1488 graviter

706 1519 1063 1586 reprehensus
1088 1526 1171 1572 est
1203 1534 1217 1570 :
1250 1516 1461 1586 quando
1505 1514 1730 1570 libenter
1769 1514 1933 1567 multa
1976 1524 2283 1583 peccamus,

701 1624 857 1679 quam
879 1607 1191 1663 habebimus
1257 1606 1466 1664 veniam
1502 1605 1573 1659 ‘2
1633 1604 1782 1662 Talia
1832 1604 1989 1675 igitur
2007 1602 2287 1671 loquamur

701 1711 758 1753 ut
803 1701 929 1755 hinc
954 1699 1150 1755 Christi
1190 1713 1308 1753 esse
1349 1698 1507 1753 verba
1547 1696 1715 1765 palam
1760 1694 1847 1749 sit.
1898 1692 2012 1748 Non
2056 1693 2196 1747 enim
2239 1688 2286 1743 si

701 1791 909 1858 dixero,
934 1791 1159 1861 Surgeet
1180 1790 1384 1843 ambula
1404 1788 1610 1859 (Matth.
1630 1786 1686 1842 9.
1709 1786 1788 1857 5),
1813 1801 1986 1855 neque
2012 1785 2056 1839 si
2076 1785 2279 1847 dixero,

699 1877 950 1933 Thabithu
969 1921 983 1947 ,
1013 1896 1161 1949 surge
1185 1878 1333 1955 (δίᾳ.
1356 1877 1408 1933 9.
1429 1876 1541 1949 40),
1567 1886 1689 1932 tunc
1709 1876 1883 1930 solum
1903 1874 2098 1929 Christi
2125 1872 2284 1928 verba

699 1974 922 2044 loquor;
954 1973 1045 2027 sed
1077 1972 1245 2026 multo
1276 1972 1441 2041 magis
1470 1971 1514 2024 si
1544 1969 1798 2024 conviciis
1822 1968 2091 2035 impetitus
2122 1965 2281 2019 bene-

699 2065 871 2120 dieam
895 2108 909 2133 ,
938 2064 1031 2121 .vel
1056 2065 1098 2119 si
1125 2065 1305 2128 lit-sus,
1339 2079 1527 2133 precer
1556 2077 1648 2131 pro
1670 2060 1909 2115 la-deute.
1936 2058 2114 2128 Nuper
2138 2068 2285 2113 certe

699 2140 941 2213 dicebam
963 2199 982 2223 ,
1012 2158 1244 2227 linguam
1275 2167 1511 2210 nostram
1540 2168 1661 2209 esse
1690 2169 1929 2217 manum,
1962 2167 2082 2221 qua:
2122 2148 2283 2219 pedes

702 2250 799 2304 Dei
834 2250 1052 2319 attingat
1090 2266 1103 2301 :
1131 2262 1269 2302 mine
1298 2261 1424 2301 vero
1451 2246 1566 2316 plus
1592 2245 1743 2310 dico,
1781 2245 2011 2313 linguam
2048 2253 2281 2296 nostram

698 2340 893 2395 Christi
925 2340 1154 2409 linguam
1184 2336 1413 2404 imitari,
1444 2338 1489 2391 si
1516 2338 1795 2405 diligenter
1815 2336 2023 2405 studeat
2048 2350 2106 2388 ea
2124 2375 2139 2398 ,
2167 2349 2284 2403 quin

699 2435 813 2504 ipse
836 2450 933 2488 nos
960 2434 1107 2500 vult,
1138 2433 1303 2503 loqui.
1343 2432 1472 2500 Quae
1503 2446 1630 2485 vero
1657 2442 1781 2485 sunt
1810 2430 1937 2484 illa?
1966 2428 2135 2483 Verba
2166 2444 2283 2482 mo-

701 2526 887 2579 destius
927 2524 1455 2591 mansuetudinisque
1486 2523 1636 2591 plena
1658 2562 1678 2586 ,
1706 2530 1762 2574 ut
1800 2522 1911 2589 ipse
1950 2520 2281 2589 loquebatur,

701 2616 883 2671 diecns
916 2617 979 2670 iis
1003 2616 1094 2684 qui
1121 2613 1439 2670 contumelia
1472 2614 1642 2682 ipsum
1673 2612 1973 2665 al‘ticiebaut
1992 2652 2007 2675 ,
2036 2608 2148 2680 Ego
2174 2610 2281 2663 da:-

699 2706 921 2759 monium
945 2722 1043 2758 non
1067 2704 1223 2759 habeo
1245 2702 1421 2774 (loun.
1438 2702 1490 2756 8.
1516 2702 1628 2772 69);
1653 2712 1705 2756 et
1729 2716 1932 2766 rursus,
1957 2701 2018 2754 Si
2040 2701 2171 2754 male
2199 2701 2280 2754 Io-

697 2808 882 2867 quutus
898 2813 1029 2860 sunt,
1058 2796 1391 2850 testimonium
1408 2794 1605 2862 perhibe
1622 2794 1687 2846 de
1709 2794 1844 2847 malo
1870 2792 2031 2861 (Ibid.
2057 2793 2141 2859 18.
2160 2793 2277 2865 9.3);

698 2887 1065 2956 discipuloqtte
1085 2900 1144 2942 se
1167 2886 1412 2951 tradenti,
1435 2884 1627 2949 Amice,
1647 2886 1712 2937 ad
1731 2884 1855 2954 quid
1874 2884 2047 2938 venisti
2064 2877 2276 2955 (Matth.

698 2978 791 3034 9.6.
820 2977 908 3048 50)
928 2979 950 3030 ?
970 2980 1023 3033 Si
1047 2989 1101 3031 tu
1121 2979 1199 3031 sic
1221 2976 1471 3045 loquaris,
1494 2976 1538 3030 si
1558 2976 1624 3029 ad
1644 2976 2066 3031 enueudationem
2096 2975 2283 3045 proxi-

700 3070 807 3135 tni,
841 3070 1069 3139 linguam
1100 3068 1265 3123 babes
1294 3067 1366 3121 illi
1396 3067 1642 3121 similem.
1673 3066 1797 3121 ﬂare
1823 3068 1935 3135 ipse
1958 3067 2093 3121 Deus
2114 3067 2277 3121 dicit:

702 3161 803 3225 Qui
831 3161 994 3213 educit
1030 3158 1299 3228 pretiosum
1328 3174 1358 3209 a
1389 3157 1503 3222 vili,
1545 3145 1673 3210 sient
1712 3171 1767 3209 os
1808 3172 1973 3208 meum
2009 3157 2099 3209 erit
2130 3155 2277 3224 (Jer.

701 3252 787 3306 15.
818 3250 940 3321 l9).
973 3250 1105 3304 Cutu
1136 3263 1263 3319 ergo
1305 3248 1480 3317 lingua
1516 3256 1604 3301 tua
1641 3248 1831 3317 linguae
1860 3245 2055 3300 Christi
2091 3247 2287 3303 similis

703 3342 886 3407 fuerit,
918 3349 971 3395 et
998 3354 1060 3393 os
1091 3348 1234 3393 tuum
1266 3338 1400 3393 sicut
1424 3352 1485 3391 os
1524 3338 1712 3401 l'atris,
1752 3346 1806 3391 et
1845 3336 2071 3405 Spiritus
2110 3338 2281 3391 sancti

702 3433 955 3501 templum
985 3432 1173 3497 tueris,
1199 3430 1317 3501 quis
1339 3429 1506 3485 honor
1536 3430 1654 3484 huic
1681 3444 1775 3499 par
1794 3445 1913 3485 esse
1940 3432 2141 3499 possit?
2164 3430 2281 3484 Non

700 3526 745 3581 si
783 3540 849 3579 ex
882 3539 1014 3578 auro
1044 3523 1239 3577 factum
1278 3536 1341 3577 os
1370 3522 1625 3585 haberes,
1674 3536 1780 3574 non
1823 3521 1867 3575 si
1912 3538 1977 3576 ex
2018 3522 2282 3592 lapidibus

700 3618 968 3688 pretiosis,
1003 3618 1070 3669 ita
1100 3613 1341 3684 fulgeret,
1372 3623 1427 3668 ut
1459 3628 1579 3667 cum
1617 3613 1887 3668 modestiae
1919 3625 2107 3667 ornatu
2146 3628 2278 3668 con-

700 3711 940 3778 apicuum
963 3720 1062 3763 est.
1080 3707 1215 3775 Quid
1231 3708 1369 3762 enim
1390 3706 1668 3775 optabilius
1691 3721 1784 3760 ore
1804 3707 1941 3775 quod
1966 3709 2133 3761 nescit
2154 3724 2280 3762 rou-

705 3800 947 3853 tumclias
975 3797 1233 3867 proferre,
1256 3798 1347 3853 sed
1371 3789 1683 3852 Βυιιεαιεετο
1698 3799 1865 3851 solum
1888 3798 2101 3853 studet?
2128 3800 2283 3866 Quod

702 3894 744 3947 si
780 3908 884 3946 non
933 3902 1083 3960 potes
1112 3889 1425 3945 benedicere
1465 3889 1825 3953 maledicenli,
1857 3899 1971 3944 tace
2017 3909 2029 3943 :
2073 3888 2280 3960 hocque

701 3984 913 4038 interim
947 3982 1129 4047 facito,
1158 3982 1484 4049 ulteriusque
1511 3994 1839 4050 progressus,
1867 3981 1913 4037 si
1934 3990 1991 4034 ut
2007 3980 2157 4035 decet
2184 3996 2278 4035 co-

705 4075 867 4131 neris.
888 4074 950 4126 ad
972 4073 1093 4126 illud
1116 4073 1410 4141 pervenies,
1441 4083 1492 4125 et
1520 4087 1580 4125 os
1609 4071 1825 4125 habebis
1849 4073 2002 4141 quale
2022 4072 2279 4126 diximus.

774 4170 828 4221 4.
859 4165 1127 4220 Dominica
1142 4184 1259 4219 caro
1278 4167 1330 4219 in
1354 4164 1691 4219 Eucharistia.
1717 4164 1899 4219 Christi
1918 4166 2149 4230 imitatio,
2175 4182 2283 4217 mo-

703 4260 990 4328 deratioqué
1010 4268 1054 4311 et
1074 4258 1313 4310 modestia
1328 4254 1911 4310 commendantem—Ne
1930 4266 2078 4325 putes
2110 4257 2282 4310 audax

702 4364 820 4403 esse
846 4348 1041 4403 dictum
1060 4368 1072 4400 :
1095 4348 1347 4417 benignus
1359 4348 1553 4417 quippe
1573 4348 1822 4401 Dominus
1843 4356 1941 4409 est,
1958 4356 2010 4402 et
2029 4347 2283 4401 bonitatis

707 4442 822 4508 ejus
848 4451 929 4496 est
958 4442 1152 4495 donum
1199 4440 1519 4509 hujusmodi.
1557 4439 1801 4494 Audaci-.e
1822 4448 1984 4500 ωερε.
2008 4455 2067 4494 os
2084 4440 2283 4495 habere

707 4534 898 4587 diaboli
931 4534 1007 4587 ori
1038 4533 1212 4587 simile
1232 4573 1245 4595 ,
1290 4532 1478 4601 lingua:
1508 4530 1765 4585 daemonis
1794 4532 2005 4600 maligni
2050 4532 2279 4601 linguam

710 4622 904 4677 habere
931 4624 1193 4686 similem,
1224 4638 1344 4677 eum
1388 4622 1621 4675 maxime
1659 4622 1746 4691 qui
1778 4622 1955 4677 talium
1996 4627 2281 4693 mysterio-

707 4730 823 4767 rum
855 4730 1075 4767 consors
1105 4714 1202 4778 sit,
1230 4722 1283 4767 et
1310 4714 1474 4781 ipsius
1500 4712 1778 4766 dominica:
1798 4713 1972 4767 carnis
1999 4698 2287 4782 particeps.

706 4804 831 4860 [huc
864 4817 1035 4859 tecum
1070 4813 1319 4873 reputans
1340 4844 1353 4867 ,
1386 4804 1554 4872 ipsum
1582 4817 1681 4873 pro
1717 4804 1915 4856 viribus
1956 4803 2183 4857 imitare.
2228 4804 2283 4857 Si

705 4898 827 4952 talis
870 4897 1137 4963 efﬁciaris,
1182 4912 1248 4950 ne
1289 4905 1339 4950 te
1380 4897 1644 4965 respicere
1672 4897 1885 4967 quidem
1916 4897 2052 4951 ultra
2094 4899 2283 4965 poterit

703 4990 964 5045 diabolus.
998 4987 1155 5043 Novit
1180 4987 1375 5057 quippe
1412 4989 1607 5055 regiam
1646 4996 1860 5053 notam;
1907 4989 2054 5042 novit
2087 4987 2282 5043 Christi

708 5097 856 5136 arma
877 5121 889 5144 ,
921 5080 1111 5149 quibus
1138 5080 1307 5133 victus
1333 5086 1431 5133 est.
1463 5077 1711 5143 Quaenam
1734 5079 1821 5133 illa
1846 5080 2005 5133 sunt?
2028 5078 2279 5134 Modestis

706 5183 760 5228 et
790 5169 1158 5227 mansoetudo.
1191 5170 1321 5224 Nam
1352 5184 1471 5223 cum
1501 5168 1644 5222 illum
1685 5170 1736 5223 in
1776 5182 1955 5223 monte
1994 5185 2052 5224 se
2096 5185 2282 5241 aggre-

707 5264 937 5317 dicntem
966 5262 1234 5331 superavit
1256 5270 1415 5330 atque
1442 5262 1744 5331 prostravit,
1767 5262 2007 5317 Christus
2032 5278 2150 5317 esse
2178 5279 2283 5318 non

706 5356 1160 5431 cognoscebatur?
1189 5354 1292 5409 Sed
1322 5354 1499 5408 verbis
1525 5355 1692 5424 ipsum
1719 5354 1866 5424 quasi
1905 5370 2096 5425 sagena
2123 5356 2282 5424 cepit,

708 5446 967 5503 modestia
999 5447 1171 5515 cepit,
1206 5446 1608 5500 mansuetudine
1638 5444 1855 5515 fugavit.
1888 5446 1999 5500 Hoc
2029 5458 2084 5501 et
2128 5458 2179 5500 tu
2211 5448 2287 5501 fa-

703 5540 849 5605 cito,
891 5538 935 5593 si
977 5537 1169 5591 videris
1213 5538 1479 5593 hominem
1521 5536 1790 5593 diabolum
1818 5537 2097 5605 ellectum,
2129 5548 2286 5608 teque

762 5702 780 5733 ι
802 5698 952 5762 Editi,
979 5714 1121 5766 quam
1144 5699 1420 5751 habebimus
1439 5698 1831 5754 excustuionem.’

1446 307 1503 363 S.
1542 301 1817 363 JOANNIS
1850 294 2327 357 CHRYSOSTOMI
2366 294 2687 355 AKCHIEP.
2724 294 3260 357 GORSTANTINOP‘.

3890 298 3985 355 πθ

2400 410 2705 477 adeuntem,
2736 428 2813 467 sic
2840 424 2888 469 ct
2925 423 2979 469 tu
3010 415 3225 471 vincito.
3260 413 3414 469 Dedit
3441 412 3532 468 tibi
3566 410 3808 470 Christus
3838 426 3982 485 pote-

2401 511 2590 558 statem
2620 512 2676 557 ut
2703 520 2797 574 pro
2824 506 3023 561 viribus
3053 507 3153 577 ipsi
3182 508 3371 563 similis
3396 505 3664 563 cfliciaris.
3692 506 3771 562 Ne
3803 508 3986 563 timeas

2402 594 2503 650 hoc
2528 595 2768 651 audiens.
2801 597 3117 653 Timeudum
3159 601 3365 669 potius,
3408 616 3476 653 ne
3519 615 3624 654 non
3670 599 3861 653 similis
3889 600 3983 668 ipsi

2402 687 2517 742 llas.
2563 687 2805 758 Loquere
2849 706 2978 761 ergo
3026 701 3085 747 ut
3132 692 3241 750 llic,
3292 702 3346 746 et
3416 688 3469 742 in
3511 686 3617 740 hoc
3647 690 3757 743 eris
3787 687 3971 744 similis

2401 778 2496 845 illi,
2526 790 2585 834 ut
2611 795 2729 836 esse
2759 791 2929 851 potest
2976 783 3153 839 homo.
3188 782 3316 837 ideo
3340 784 3508 852 major
3544 793 3628 838 est
3657 798 3744 854 qui
3783 782 3866 838 sic
3903 783 3980 837 lo-

2400 870 2599 939 quitur,
2630 887 2786 941 quam
2815 874 2903 943 qui
2937 875 3238 944 praphetat.
3272 873 3403 928 illud
3432 878 3576 929 enim
3604 890 3675 929 es
3699 874 3869 945 gratia
3898 885 3976 928 to-

2401 970 2509 1015 tum
2540 976 2624 1017 ess
2654 981 2666 1016 :
2701 963 2787 1019 hic
2815 981 2953 1020 vero
2981 968 3141 1021 etiam
3186 966 3336 1021 labor
3368 966 3635 1037 sudorque
3664 976 3809 1022 lous.
3846 967 3977 1021 Doce

2399 1053 2628 1108 animam
2662 1066 2926 1123 tuam,ut
2950 1073 3010 1112 os
3041 1066 3188 1112 tuum
3220 1055 3299 1113 sic
3331 1058 3603 1125 ell'ormet,
3632 1069 3692 1113 ut
3722 1058 3793 1112 sit
3825 1059 3970 1113 Chri-

2396 1145 2462 1200 Sil
2490 1146 2571 1200 ori
2597 1148 2793 1202 simile.
2836 1149 3017 1204 Potest
3045 1150 3185 1205 enim
3216 1150 3316 1205 hoc
3344 1151 3586 1216 eﬂicere,
3614 1150 3662 1204 si
3698 1150 3844 1205 velit.
3870 1149 3973 1203 No-

2397 1239 2472 1292 vit
2500 1238 2636 1294 banc
2666 1251 2834 1294 artem
2854 1282 2869 1307 ,
2904 1242 3005 1295 nisi
3038 1252 3259 1311 torpeat.
3290 1242 3354 1295 Et
3382 1241 3649 1310 quomodo
3674 1242 3979 1295 clior-matur

2396 1345 2456 1385 os
2485 1331 2656 1386 illud?
2682 1333 2923 1402 inquies;
2956 1335 3150 1404 quibus
3170 1334 3477 1389 coloribus?
3504 1350 3569 1388 ex
3595 1350 3698 1402 qua
3724 1333 3973 1388 materia?

2396 1420 2677 1477 Coloribus
2712 1423 2925 1493 quidem
2966 1438 3019 1478 et
3059 1424 3279 1479 materia
3313 1424 3483 1489 nulla,
3514 1426 3605 1478 sed
3641 1426 3836 1478 virtute
3860 1435 3972 1477 tan.

2396 1523 2503 1568 tum
2525 1556 2539 1579 ,
2570 1514 2851 1580 modestia,
2876 1515 3193 1571 humilitate.
3219 1514 3506 1571 Videamus
3526 1516 3685 1570 etiam
3713 1516 3974 1586 quomodo

2392 1620 2453 1661 os
2469 1605 2660 1661 diaboli
2683 1606 3012 1674 ell‘ormetur,
3030 1622 3099 1661 ne
3119 1607 3245 1662 illud
3266 1607 3424 1660 etiam
3445 1607 3599 1661 nobis
3623 1621 3966 1661 assumamus.

2391 1697 2671 1765 Quomodo
2700 1714 2829 1769 ergo
2870 1698 3213 1753 etiormatur?
3248 1697 3572 1764 Maledictis,
3604 1698 3976 1765 contumeliis,

2392 1790 2647 1861 perjurio,
2676 1791 2891 1846 invidia.
2922 1790 3056 1846 Cum
3082 1793 3225 1846 enim
3255 1791 3395 1845 illius
3423 1791 3565 1846 dicta
3591 1791 3710 1862 quis
3739 1806 3973 1860 pronun-

2391 1883 2509 1948 tiat,
2543 1882 2705 1951 ipsius
2732 1883 2961 1955 linguam
2982 1882 3222 1938 assumit.
3237 1882 3406 1950 Quam
3429 1897 3558 1953 ergo
3577 1884 3783 1937 veniam
3808 1883 3973 1952 impe‘

2391 1974 2689 2030 trabimus?
2714 1974 2823 2030 imo
2852 1975 2993 2045 quod
3026 1990 3131 2029 non
3157 1974 3477 2044 supplicium
3504 1974 3733 2039 luemus,
3764 1972 3981 2043 quando

2389 2063 2659 2134 linguam,
2689 2080 2794 2135 qua
2822 2064 3105 2136 dignamur
3128 2065 3450 2120 dominicam
3480 2079 3696 2120 carnem
3725 2073 3974 2136 gustare,

2387 2155 2584 2212 diaboli
2615 2159 2775 2213 verba
2803 2160 2945 2229 loqui
2972 2160 3240 2214 sinimus?
3260 2158 3339 2213 Ne
3363 2159 3619 2222 sinamus,
3648 2172 3852 2228 quaeso,
3883 2158 3974 2214 sed

2387 2261 2547 2302 omne
2587 2249 2817 2304 studium
2856 2249 3232 2312 adhibeamus.
3274 2259 3332 2304 ut
3367 2249 3655 2305 doceamus
3694 2248 3837 2303 illam
3874 2263 3976 2319 quo

2388 2353 2543 2410 pacto
2572 2342 2851 2398 Dominum
2882 2359 3037 2399 suum
3069 2344 3324 2399 imitetur.
3356 2343 3413 2399 Si
3440 2346 3581 2398 enim
3612 2343 3755 2398 iliam
3781 2343 3849 2397 ad
3881 2345 3977 2398 hoc

2389 2433 2728 2490 instituamus
2747 2478 2762 2503 ,
2793 2450 2916 2491 cum
2948 2452 3135 2507 magna
3166 2436 3357 2491 liducia
3386 2452 3483 2490 nos
3510 2437 3665 2491 sistet
3698 2436 3768 2489 ad
3807 2436 3977 2490 tribo-

2390 2525 2476 2580 ual
2506 2524 2726 2582 Christi.
2755 2526 2863 2581 Nisi
2893 2528 3011 2595 quis
3037 2528 3106 2581 ita
3136 2527 3277 2596 loqui
3308 2528 3469 2591 sciat,
3492 2526 3655 2595 jodex
3688 2541 3793 2580 non
3828 2528 3979 2581 illum

2386 2616 2584 2671 audiet.
2614 2616 2762 2671 Sicut
2788 2616 2929 2671 enim
2957 2626 3155 2687 quanto
3186 2616 3459 2671 Romanus
3487 2625 3567 2671 est
3606 2615 3771 2685 judex
3790 2658 3806 2682 ,
3848 2632 3977 2671 cau-

2386 2726 2500 2765 sam
2526 2709 2790 2764 dicentem
2822 2724 2927 2764 non
2962 2710 3236 2780 intelliget,
3271 2708 3371 2763 nisi
3404 2709 3448 2764 is
3474 2709 3663 2765 Latine
3681 2710 3976 2791 'loquator;

2387 2803 2458 2857 ita
2485 2811 2538 2856 et
2564 2802 2827 2864 Christus,
2860 2803 2903 2854 si
2932 2816 3037 2855 non
3066 2800 3130 2855 ad
3158 2800 3300 2855 illius
3327 2799 3542 2855 modum
3568 2801 3803 2871 loquaris
3823 2843 3840 2868 ,
3870 2818 3974 2857 nou

2387 2892 2643 2962 intelliget
2674 2902 2759 2957 te,
2793 2905 2962 2962 neque
2989 2892 3226 2945 attendet
3266 2890 3378 2944 tibi.
3416 2891 3690 2945 Diseamus
3732 2906 3867 2962 ergo
3903 2893 3975 2971 ita

2388 2981 2567 3051 loqui,
2611 2991 2668 3035 ut
2709 2982 2847 3034 solet
2882 2980 3069 3035 audire
3109 2981 3217 3035 lies
3260 2990 3475 3045 noster;
3520 2981 3833 3037 Studeamus
3861 2982 3976 3052 ejus

2385 3073 2617 3143 linguam
2646 3072 2859 3127 imitari.
2895 3070 2950 3126 Si
2980 3072 3031 3125 in
3062 3072 3263 3126 luctum
3290 3071 3559 3139 incideris,
3591 3087 3720 3127 eave
3745 3089 3812 3127 ne
3846 3087 3985 3130 utar

2385 3166 2521 3243 roris
2565 3164 2644 3219 vis
2689 3175 2832 3219 tuam
2870 3164 3142 3219 subvertat
3181 3164 3418 3234 linguam
3462 3182 3477 3217 :
3517 3165 3618 3219 sed
3661 3167 3885 3236 loquere
3921 3177 3978 3221 ut

2385 3254 2629 3310 Christus
2660 3256 2908 3325 loquutus
2932 3264 3035 3311 est.
3061 3254 3221 3311 Luxit
3247 3257 3388 3310 enim
3418 3267 3473 3311 et
3500 3257 3592 3312 ille
3618 3257 3883 3312 Lazarum
3925 3268 3977 3312 et

2385 3349 2597 3404 ludam.
2627 3350 2683 3404 Si
2717 3351 2773 3403 in
2800 3358 2998 3403 metum
3030 3348 3267 3419 incidas,
3301 3348 3372 3404 ita
3400 3349 3547 3419 loqui
3582 3351 3737 3404 stude
3768 3360 3825 3403 ut
3855 3351 3942 3405 ille
3959 3352 3980 3381 "

2386 3443 2637 3513 loquitur.
2666 3440 2722 3496 In
2754 3452 2955 3496 metum
2980 3443 3122 3497 enim
3148 3452 3202 3497 et
3230 3443 3343 3511 ipse
3362 3442 3546 3497 incidit
3572 3453 3789 3512 promer
3820 3453 3873 3497 te
3897 3460 3983 3498 se-

2385 3535 2617 3591 cundum
2645 3536 3056 3604 disneusati‘onis
3085 3537 3367 3590 rationem.
3409 3535 3503 3590 Dic
3528 3546 3581 3590 et
3610 3545 3663 3589 tu
3700 3554 3714 3589 :
3759 3534 3979 3589 Verum-

2386 3637 2551 3681 tamen
2581 3644 2681 3681 nou
2710 3628 2838 3681 sicut
2866 3644 2955 3696 ego
2982 3628 3113 3689 volo,
3144 3626 3233 3680 sed
3255 3628 3384 3681 sicut
3412 3637 3464 3679 tu
3494 3626 3716 3697 (Matth.
3740 3626 3836 3681 26.
3865 3627 3979 3698 39).

2384 3720 2437 3775 Si
2470 3719 2679 3773 ﬂeveris
2699 3760 2714 3782 ,
2748 3718 3021 3773 moderate
3049 3719 3345 3788 lacrymare
3377 3727 3432 3771 ut
3464 3719 3595 3786 ipse.
3630 3716 3844 3772 Insidiis
3872 3720 3977 3772 cir-

2385 3820 2699 3864 cumventus
2723 3824 2817 3875 es,
2847 3809 2929 3864 vel
2959 3810 3009 3863 in
3038 3808 3277 3863 dolorem
3305 3809 3575 3863 incidisti?
3601 3809 3727 3863 llaec
3750 3822 3806 3864 ut
3828 3810 3981 3864 Chri-

2386 3912 2497 3955 stus
2526 3902 2727 3970 accipe.
2759 3900 2889 3955 Nam
2915 3910 2970 3955 et
2990 3901 3102 3970 ipse
3128 3900 3334 3953 insidiis
3361 3901 3631 3969 impetitus
3661 3900 3793 3963 fuit,
3830 3903 3979 3955 dolo.

2386 4010 2550 4063 reque
2577 3994 2818 4056 affectus,
2850 3994 3028 4061 aitque
3062 4011 3075 4046 :
3102 3991 3286 4046 Tristis
3314 4003 3382 4047 est
3410 3994 3580 4045 anima
3609 4011 3717 4046 mea
3735 3999 3985 4065 usquead

2389 4097 2597 4139 mortem
2645 4084 2816 4155 (Ibid.
2859 4103 2906 4138 υ.
2957 4085 3078 4153 58).
3118 4085 3411 4154 Omniaque
3461 4088 3550 4142 ille
3590 4089 3681 4142 tibi
3731 4092 3977 4157 exempla

2390 4180 2631 4247 praebuit,
2667 4190 2721 4231 ut
2750 4177 2993 4232 eumdem
3024 4192 3209 4232 serves
3238 4178 3473 4243 modum,
3502 4188 3557 4233 et
3583 4178 3737 4234 datas
3770 4183 3871 4234 tibi
3896 4200 3981 4236 re-

2388 4274 2535 4341 gulas
2560 4288 2665 4325 non
2694 4272 2878 4326 violes.
2907 4271 2996 4326 Sic
3025 4271 3225 4339 poteris
3262 4287 3324 4325 os
3363 4273 3557 4325 habere
3597 4273 3740 4326 illius
3779 4278 3862 4328 ori
3910 4281 3947 4328 ι’

2390 4365 2512 4419 mile
2542 4382 2554 4417 :
2586 4364 2739 4419 sicin
2778 4375 2916 4418 terra
2944 4365 3213 4433 gradiens,
3256 4378 3466 4418 sursum
3511 4367 3748 4421 sedentis
3784 4368 3981 4439 lingtce

2388 4459 2542 4511 nobis
2566 4458 2794 4512 similem
2828 4458 3058 4527 linguam
3089 4457 3339 4512 ostendes
3360 4499 3373 4518 ,
3417 4461 3629 4512 modum
3660 4476 3891 4516 servans
3933 4466 3983 4515 iu

2388 4564 2651 4615 maerore,
2684 4550 2735 4603 in
2763 4550 2863 4615 ira,
2894 4550 2945 4602 in
2976 4551 3137 4612 luctu,
3164 4550 3213 4603 in
3237 4551 3497 4619 angustia.
3524 4551 3663 4616 Quot
3693 4565 3940 4609 vcstium
3961 4557 3985 4586 '

2388 4642 2503 4709 ejus
2532 4643 2754 4695 formam
2785 4642 2964 4696 videre
2985 4641 3326 4696 desiderant?
3352 4642 3489 4697 Ecce
3516 4658 3619 4697 non
3653 4645 3839 4701 videre
3867 4664 3981 4702 mo-

2388 4734 2477 4799 do,
2506 4735 2597 4789 sed
2627 4742 2681 4788 et
2705 4734 2907 4788 similes
2943 4734 3041 4800 ipsi
3077 4732 3216 4789 effici
3248 4734 3406 4799 licet,
3452 4734 3496 4789 si
3535 4735 3878 4795 Studeamus.
3908 4740 3984 4795 Ne

2388 4826 2693 4881 dilleramus
2723 4841 2869 4897 ergo.
2910 4826 3023 4880 Non
3072 4828 3139 4880 ita
3182 4824 3413 4882 libenter
3456 4829 3845 4899 pmphetarum
3892 4849 3985 4888 ora

2388 4920 2675 4985 osculatur,
2701 4928 2757 4973 ut
2777 4920 3138 4974 modestorum
3155 4929 3656 4991 mansuetoi-umque
3674 4923 3981 4979 hominum.

2390 5012 2541 5065 Multi
2586 5015 2718 5066 enim
2748 5014 2911 5067 dicent
2937 5013 3061 5065 mihi
3080 5053 3093 5077 ,
3128 5012 3326 5080 inquit,
3362 5011 3547 5067 Nonne
3572 5015 3625 5067 in
3652 5018 3865 5070 nomine
3903 5027 3987 5070 tuo

2390 5124 2527 5177 prop.
2562 5107 2835 5160 atauimus?
2866 5106 2931 5159 Et
2962 5106 3268 5173 respondebo
3302 5107 3396 5172 eis,
3438 5105 3622 5159 Nescio
3665 5125 3756 5161 vos
3807 5110 3983 5177 (Ibid.

2392 5198 2443 5249 7.
2474 5197 2559 5250 ἓξ.
2590 5197 2716 5267 25).
2744 5196 2816 5252 (is
2840 5212 2970 5251 sero
2995 5195 3219 5268 Moysis,
3260 5198 3379 5265 quia
3410 5196 3499 5250 ille
3532 5197 3826 5253 admodum
3865 5217 3985 5255 mo-

2390 5290 2574 5343 destus
2600 5298 2717 5345 erat
2743 5298 2795 5344 et
2824 5299 3132 5343 mansuetus
3160 5286 3398 5358 (Moyses
3436 5290 3601 5355 enim,
3653 5289 3855 5359 inquit.
3883 5302 3987 5347 aut

2391 5382 2683 5437 mitissimus
2724 5382 2949 5435 omnium
2997 5381 3256 5435 hominum
3300 5383 3388 5451 qui
3430 5391 3547 5436 sunt
3591 5399 3747 5452 super
3796 5396 3992 5438 terram

2392 5473 2598 5548 (Nam.
2626 5472 2713 5528 12.
2745 5473 2814 5547 3]
2837 5476 2886 5545 ),
2920 5473 2991 5528 ita
3017 5472 3268 5544 diligebat
3294 5483 3348 5529 et
3373 5474 3734 5543 osculabatur,
3764 5485 3829 5531 ut
3849 5494 3984 5547 pnu-

2481 5653 2493 5681 ²
2527 5649 2677 5695 ςςμίι.
2709 5648 2854 5705 legit.
2885 5647 3120 5711 Christus.
3150 5664 3255 5711 pro,
3284 5648 3383 5699 ille.

2480 5714 2501 5744 ³
2520 5712 2669 5761 lion“
2718 5722 2762 5759 ιλ
2784 5718 2864 5761 tau
2882 5710 2932 5759 i1.
2958 5710 3191 5761 uomunt.
