4174 6332
328 368 433 423 τΠ

326 494 537 544 sentem
590 494 653 536 os
696 477 763 534 ad
812 490 874 532 os
917 474 1296 544 alloqucretur,
1354 469 1504 540 quasi
1551 465 1757 521 amicus
1800 479 1923 519 cum

332 580 521 636 amico.
550 573 703 632 Nunc
726 568 1061 627 daemonibus
1088 581 1192 621 non
1225 564 1479 634 imperas,
1512 558 1605 615 sed
1637 557 1927 626 imperabis

336 680 459 726 time
482 667 744 741 gehennze
772 663 910 735 igni,
953 659 1000 716 si
1039 672 1101 714 os
1143 655 1343 711 habeas
1372 653 1452 708 ori
1490 650 1687 707 Christi
1728 649 1924 703 simile.

333 759 620 829 lmpcrabis
661 756 858 829 abysso
903 753 1071 823 ignis,
1106 758 1173 806 'et
1211 748 1395 814 dices,
1440 744 1601 809 Tace,
1648 741 1929 796 obmutesce

330 853 533 926 (Marc.
564 852 617 906 4.
648 848 791 922 59);
820 855 874 901 et
899 859 1021 901 cum
1051 842 1217 898 multa
1251 838 1440 893 ﬁducia
1468 837 1521 891 in
1549 834 1710 889 eteius
1729 846 1922 887 ascen-

328 984 727 1001 ῃ

1220 351 1285 408 ΙΝ
1334 349 1745 407 MATTIUEUM
1786 347 2017 404 IlOMlL.
2060 346 2299 405 LXXIX.
2339 350 2411 408 al.
2453 350 2671 408 LXXX.

729 964 1977 994 ________________

3543 360 3645 415 718

2031 462 2128 519 des
2148 503 2164 529 ,
2196 478 2471 535 regnoque
2502 464 2696 521 frueris
2729 481 2743 518 :
2773 463 2917 536 quod
2946 466 3148 522 utinam
3174 482 3365 525 omnes
3390 482 3646 541 assequa.

2032 572 2172 619 mur,
2206 558 2371 628 gratia
2402 567 2456 613 et
2484 558 2812 629 benignitate
2839 558 3051 614 Domini
3076 563 3245 618 nostri
3272 562 3400 620 Jcsu
3423 562 3644 630 Christi.

2031 647 2115 703 cui
2142 662 2262 702 cum
2294 648 2440 704 Patri
2479 643 2582 704 una
2614 665 2736 706 cum
2767 660 2956 708 sancto
2985 652 3187 721 Spiritu
3231 653 3400 724 gloria
3420 696 3436 721 ,
3469 655 3646 725 impe-

2031 738 2171 794 rium
2194 782 2209 806 ,
2242 740 2437 807 honor,
2472 758 2617 799 nunc
2639 752 2695 800 et
2723 758 2963 817 semper,
2992 755 3047 801 et
3081 746 3135 801 in
3176 747 3377 803 saecula
3415 749 3646 805 saeculo-

2032 846 2173 886 rum.
2204 835 2401 890 Amen.

1981 964 3614 994 ._________._____________

1403 1014 1755 1108 HOMILIA
1795 1026 2095 1100 LXXIX.
2143 1041 2228 1102 al.
2273 1042 2542 1108 Lxxx.

274 1264 277 1265 ν
319 1202 454 1259 Car.
486 1202 579 1257 '25.
605 1215 657 1254 v.
682 1202 740 1255 ’51
758 1240 772 1255 .
816 1200 951 1255 Cum
978 1207 1159 1251 autent
1180 1194 1373 1250 venerit
1400 1189 1577 1246 Filius
1600 1190 1826 1245 hominis
1858 1188 1914 1243 in

292 1275 299 1281 ἡ
389 1296 563 1367 gloria
582 1293 767 1348 I'atris
783 1294 971 1355 sui',et
988 1305 1165 1343 omnes
1187 1288 1358 1342 sancti
1375 1286 1547 1357 angeli
1560 1300 1681 1339 cum
1692 1300 1773 1350 eo,
1790 1293 1917 1338 tunc

387 1384 579 1439 sedebit
603 1399 757 1454 super
788 1381 971 1436 solium
1006 1378 1183 1449 gloria:
1216 1391 1356 1441 suae;
1387 1383 1443 1429 et
1480 1372 1754 1443 separabit
1787 1384 1917 1427 oves

388 1476 459 1531 ab
482 1474 686 1530 hmdis:
719 1482 775 1529 et
800 1473 899 1528 bos
924 1469 1136 1541 quidem
1166 1466 1487 1537 acceptabit,
1521 1465 1642 1535 quia
1668 1464 1915 1520 esurien-

390 1577 499 1622 tem
530 1566 704 1637 ipsum
731 1564 1061 1627 cibavcrunt,
1091 1570 1146 1616 et
1179 1558 1380 1614 sitienti
1408 1565 1592 1628 potum
1624 1554 1912 1618 dederunt,

386 1667 443 1715 et
489 1658 753 1728 hospitem
803 1655 1156 1724 collegerunt,
1200 1661 1253 1708 et
1282 1650 1483 1705 nudum
1514 1650 1830 1714 vestierunt,
1862 1656 1917 1701 et

385 1752 746 1805 inﬁrmantem
793 1746 1163 1807 visitaverunt,
1212 1752 1267 1798 et
1313 1743 1364 1797 in
1408 1756 1632 1798 carcere
1677 1741 1910 1811 positum

384 1844 718 1906 inviserunt;
748 1849 802 1895 et
843 1838 990 1895 dabit
1035 1851 1254 1908 regnum
1288 1835 1437 1905 ipsis.
1481 1834 1630 1889 Alios
1653 1847 1783 1887 vero
1814 1847 1913 1902 pro

382 1934 668 1991 contrariis
696 1931 910 1987 delictis
950 1930 1125 1985 mittet
1166 1929 1219 1982 in
1272 1929 1449 1997 ignem
1494 1935 1779 1991 aeternum,
1819 1924 1912 1994 qui

381 2037 601 2098 paratus
619 2034 703 2083 est
724 2024 940 2081 diabolo
967 2032 1022 2079 et
1054 2021 1256 2093 angelis
1283 2020 1420 2093 ejus.

384 2123 437 2177 1.
466 2119 794 2177 Suavissima
836 2116 951 2173 haec
993 2116 1178 2183 verba,
1218 2129 1337 2186 quae
1376 2114 1428 2170 in
1469 2129 1564 2171 ore
1609 2128 1908 2178 versamus,

309 2228 455 2269 nunc
480 2227 603 2268 cum
632 2209 812 2265 studio
857 2217 912 2264 et
949 2206 1364 2278 compunctione
1409 2206 1557 2261 omni
1607 2204 1907 2271 audiamus,

309 2314 472 2377 atque
498 2313 771 2374 postrema
804 2300 965 2358 verba
997 2301 1049 2355 in
1080 2315 1201 2373 qua!
1225 2312 1407 2356 sermo
1429 2300 1553 2368 jure
1579 2298 1759 2354 desiit.
1800 2297 1912 2351 Ma-

308 2411 411 2466 gna
438 2397 581 2451 enim
614 2394 690 2449 illi
739 2393 1088 2447 immanitatis
1127 2400 1181 2447 et
1223 2389 1606 2446 misericordiae
1634 2404 1762 2444 cura
1805 2398 1909 2446 est.

285 2487 515 2544 «Idcirco
556 2487 721 2541 multa
763 2485 1008 2556 superius
1041 2485 1110 2541 de
1137 2483 1237 2538 hac
1272 2483 1486 2539 diverse
1529 2483 1779 2553 loquutus
1804 2490 1907 2546 est,

309 2578 504 2649 hicque
549 2578 763 2634 demum
819 2578 1019 2633 clarius
1066 2592 1129 2631 ac
1174 2575 1568 2637 vehementius,
1620 2590 1724 2629 non
1775 2573 1910 2630 duas

305 2684 569 2741 personas
594 2670 674 2724 vel
702 2678 811 2723 tres
835 2668 918 2723 vel
947 2667 1184 2739 quinque
1220 2666 1499 2727 inducens,
1546 2664 1641 2720 sed
1688 2664 1907 2720 univer-

306 2775 426 2815 sum
455 2760 665 2816 orbem.
693 2758 808 2814 Etsi
852 2758 905 2813 in
940 2758 1310 2829 superioribus
1351 2757 1569 2827 quando
1606 2757 1739 2811 duas
1780 2771 1907 2827 per-

304 2866 469 2907 sonas
523 2849 839 2915 inducebat,
896 2864 1004 2903 non
1059 2848 1193 2904 duas
1246 2862 1504 2918 personas
1557 2846 1902 2915 signiﬁcaret,

302 2943 401 3001 sed
444 2942 580 2998 duas
624 2951 837 3012 partes;
882 2941 1107 2996 alteram
1158 2955 1263 2995 non
1318 2939 1721 3005 obedientium,
1773 2939 1909 2995 alte-

303 3050 421 3090 ram
462 3033 827 3089 obedientium
866 3051 881 3090 :
925 3048 1112 3089 verum
1145 3032 1233 3088 hic
1272 3031 1583 3089 horribilius
1639 3034 1756 3089 hzrc
1808 3044 1908 3089 tra-

302 3136 451 3195 ctat,
494 3137 550 3183 et
600 3127 817 3182 clarius.
863 3126 1199 3197 Quapropter
1238 3142 1342 3179 non
1386 3125 1517 3181 dicit
1566 3125 1703 3180 ultra
1731 3168 1745 3189 ,
1808 3126 1901 3183 Si—

301 3220 426 3274 mile
451 3228 524 3274 est
575 3235 785 3291 regnum
817 3218 1076 3284 calorum,
1126 3217 1223 3273 sed
1273 3218 1511 3287 seipsum
1559 3218 1796 3274 ostendit
1843 3233 1906 3274 ac

301 3312 529 3377 revelat,
558 3311 783 3368 dicens:
808 3312 936 3366 Cum
969 3322 1139 3366 autem
1175 3312 1363 3366 venerit
1400 3310 1571 3367 Filius
1599 3312 1818 3366 hominis
1851 3312 1905 3367 in

300 3404 471 3477 gloria
512 3419 626 3459 sua.
656 3402 808 3459 Nune
833 3404 976 3459 enim
1004 3404 1151 3459 venit
1190 3404 1244 3458 in
1286 3403 1601 3475 ignominia,
1633 3404 1685 3458 in
1716 3412 1905 3459 contu-

299 3496 501 3560 mellis,
535 3495 588 3551 in
615 3495 920 3567 opprobriis
945 3514 958 3549 :
982 3503 1108 3550 tunc
1136 3503 1313 3551 autem
1347 3495 1557 3553 sedebit
1582 3511 1745 3566 super
1761 3496 1906 3551 thro~

298 3602 432 3643 num
463 3586 649 3659 gloria:
699 3601 829 3641 suat.
872 3587 947 3641 Ac
978 3585 1284 3656 frequenter
1328 3587 1559 3657 gloriam
1613 3596 1899 3643 memorat.

296 3680 438 3749 Quia
467 3680 608 3736 enim
636 3694 767 3736 crux
792 3692 958 3750 prope
991 3688 1130 3746 erat,
1160 3693 1279 3749 qum
1316 3694 1403 3735 res
1435 3678 1667 3735 maxime
1695 3679 1905 3749 vitupe-

297 3772 489 3828 rabilis
514 3769 822 3835 videbatur;
851 3769 972 3825 ideo
1001 3770 1159 3840 erigit
1190 3769 1512 3832 auditorem,
1539 3778 1593 3825 et
1619 3778 1745 3824 ante
1777 3784 1905 3825 oeu-

297 3847 391 3919 lo‘s
414 3863 511 3933 ipsi
533 3860 791 3931 judicium
818 3861 987 3932 ponit,
1018 3860 1310 3931 orbemque
1333 3868 1504 3916 totum
1532 3861 1694 3916 sistit.
1720 3860 1905 3933 Neque

300 3953 411 4008 hoc
456 3951 829 4007 tantummodo
877 3951 1172 4008 terribilem
1214 3952 1393 4009 reddit
1434 3966 1765 4019 sermonem,
1808 3954 1903 4009 sed

298 4045 447 4117 quod
494 4060 689 4101 vacuos
736 4045 898 4101 cados
946 4044 1214 4101 ostendat.
1243 4044 1443 4101 Omnes
1483 4045 1682 4116 quippe
1726 4046 1901 4117 angeli

300 4152 428 4193 cum
455 4137 573 4206 ipso
595 4146 774 4204 erunt,
817 4144 875 4192 et
903 4136 1003 4206 ipsi
1045 4136 1415 4201 testiﬁcantes,
1446 4148 1703 4205 quantum
1734 4138 1906 4192 admi-

301 4228 652 4285 nistraverint
673 4227 822 4283 missi
844 4242 873 4281 a
904 4227 1133 4283 Domino
1161 4228 1227 4282 ad
1257 4227 1533 4283 hominum
1562 4230 1812 4285 salutem.
1840 4230 1905 4285 Et

305 4319 544 4389 undique
565 4319 803 4375 horroris
836 4319 1028 4391 plenus
1058 4319 1147 4374 ille
1172 4319 1288 4375 dies
1322 4319 1531 4375 futurus
1564 4331 1665 4377 est.
1701 4321 1905 4376 Deinde

300 4412 400 4471 '52.
445 4409 913 4484 Congregabuntur,
954 4410 1146 4481 inquit,
1186 4427 1358 4466 omnes
1405 4424 1611 4483 gentes;
1656 4413 1759 4467 hoc
1800 4422 1901 4478 est,

301 4506 559 4563 universa
588 4504 863 4559 hominum
891 4514 1100 4558 natura.
1144 4503 1207 4557 Et
1245 4505 1526 4576 segregaln't
1563 4522 1645 4561 eos
1673 4506 1740 4559 ad
1770 4507 1903 4559 invi-

300 4614 436 4663 cem,
468 4596 595 4651 sicut
620 4606 795 4666 pastor
818 4606 1021 4664 separat
1056 4611 1191 4651 oves.
1234 4595 1387 4651 Nunc
1407 4598 1549 4653 enim
1589 4613 1695 4652 non
1725 4612 1907 4670 segre-

299 4688 437 4761 gati,
476 4686 570 4744 sed
611 4687 764 4742 mixti
813 4695 938 4742 sunt
979 4701 1211 4744 omnes:
1243 4688 1513 4757 separatio
1557 4698 1738 4744 autem
1779 4699 1905 4745 tunc

299 4780 707 4839 accuratissime
740 4778 865 4846 fiet;
908 4781 1227 4851 interimque
1251 4796 1316 4837 ex
1338 4782 1461 4852 ipsa
1491 4784 1720 4838 statione
1760 4783 1904 4851 ipsos

299 4874 585 4945 distinguit
611 4883 665 4930 et
688 4874 1006 4944 conspicuos
1031 4874 1208 4930 reddit
1237 4891 1251 4929 :
1282 4874 1477 4931 deinde
1505 4892 1567 4931 ex
1602 4878 1906 4933 nominibus

299 4966 637 5037 singulorum
669 4981 845 5023 mores
874 4968 1111 5033 exhibet,
1145 4968 1265 5024 illos
1295 4968 1498 5036 bzedos,
1533 4969 1630 5025 hos
1656 4985 1785 5026 oves
1806 4986 1905 5039 ap-

301 5059 537 5130 pellans,
566 5070 622 5113 ut
660 5059 870 5113 illorum
910 5059 1245 5115 sterilitatem
1281 5058 1483 5116 indicet
1506 5079 1519 5114 :
1546 5062 1724 5116 nullus
1759 5063 1903 5118 enim

299 5168 374 5209 cx
406 5150 572 5207 hmdis
600 5152 799 5206 fructus
822 5151 1176 5223 proﬁciscitur
1200 5171 1214 5219 ;
1247 5153 1437 5213 horum
1466 5172 1594 5212 vero
1615 5169 1907 5227 proventus

299 5244 507 5301 multus
535 5245 625 5307 oui
658 5260 721 5301 ex
766 5245 953 5299 ovilms
992 5246 1217 5314 paritur,
1256 5258 1313 5301 ut
1354 5248 1499 5315 lana,
1539 5250 1619 5304 lac
1663 5259 1718 5305 et
1747 5253 1905 5317 lctus,

297 5338 502 5409 quibus
528 5338 779 5394 omnibus
808 5354 1008 5394 vacuus
1036 5349 1119 5395 est
1146 5340 1350 5396 bardus.
1388 5342 1581 5398 Veram
1616 5345 1765 5399 bruta
1794 5346 1912 5401 ani-

298 5433 505 5487 mantia
536 5448 603 5486 ex
642 5442 829 5486 natura
872 5448 967 5487 sua
1006 5436 1088 5489 vel
1132 5434 1357 5489 fructum
1401 5437 1648 5503 aﬁ‘eruut,
1697 5442 1776 5495 vel
1823 5458 1912 5496 sc.

296 5536 430 5585 cus;
464 5524 536 5578 illi
567 5538 698 5579 vero
737 5539 804 5579 ex
844 5524 1155 5592 voluntate;
1198 5526 1424 5598 ideoque
1470 5530 1542 5584 illi
1586 5533 1908 5601 plectuntur,

296 5619 357 5675 bi
389 5628 744 5675 coronantur.
1181 5645 1183 5647 ι

372 5810 387 5843 ι
420 5808 550 5859 l’idc
576 5808 927 5863 Atinati/mones
950 5813 1193 5865 Friderici
1219 5817 1383 5881 Field,
1408 5822 1468 5869 ad
1487 5836 1599 5885 pag.
1629 5823 1740 5874 757.

2103 1187 2471 1249 Misericordia:
2505 1212 2661 1265 opera
2699 1200 3002 1268 necessaria,
3050 1200 3249 1269 facilia,
3300 1211 3348 1255 et
3396 1218 3459 1257 ea:
3504 1202 3642 1257 mul-r

2028 1282 2091 1337 tis
2140 1285 2391 1353 capitibus
2439 1288 2760 1358 obligatoria.
2795 1321 2867 1331 -—
2893 1289 3081 1362 Neque
3133 1294 3279 1362 prius
3334 1292 3455 1349 illos
3506 1309 3636 1364 sup-

2026 1374 2185 1443 plicio
2207 1376 2391 1445 afﬁcit,
2418 1395 2577 1450 quam
2606 1395 2726 1437 cum
2770 1382 2874 1437 illis
2898 1383 2950 1438 in
2972 1382 3179 1452 judicio
3209 1385 3586 1456 disceptaverit
3619 1404 3634 1440 :

2024 1465 2148 1523 ideo
2173 1476 2455 1540 postquam
2505 1471 2625 1528 illos
2657 1474 2707 1528 in
2755 1474 2875 1529 loco
2921 1490 3021 1531 suo
3067 1476 3363 1541 constituit,
3404 1477 3633 1531 crimina

2024 1560 2245 1628 profert.
2279 1560 2356 1618 llli
2386 1579 2515 1619 vero
2541 1565 2785 1621 modeste
2819 1566 3180 1636 respondent;
3210 1568 3303 1623 sed
3338 1566 3481 1623 nulla
3511 1566 3636 1622 hinc

2022 1651 2155 1720 ipsis
2198 1653 2434 1710 utilitas:
2467 1666 2521 1711 et
2550 1656 2675 1727 jure
2698 1656 2933 1729 quidem,
2982 1659 3105 1729 quia
3154 1674 3290 1725 rem,
3331 1672 3493 1727 quam
3542 1658 3635 1713 ille

2019 1744 2308 1801 admodum
2361 1749 2602 1815 curabat,
2656 1751 3027 1821 neglexerunt.
3083 1752 3215 1807 Nam
3259 1761 3312 1809 et
3356 1750 3634 1822 propheta:

2022 1836 2129 1921 hoc
2151 1853 2366 1910 semper
2400 1849 2456 1896 et
2496 1830 2694 1913 ubique
2725 1843 2999 1907 dicebant,
3038 1822 3451 1915 Misericordia»:
3492 1844 3628 1910 volo,

2018 1947 2120 1987 non
2145 1933 2454 2001 sacriﬁcium
2486 1935 2641 2006 (Osee
2692 1935 2746 1990 6.
2778 1936 2833 2007 6)
2860 1954 2874 2001 ;
2914 1944 2971 1991 et
3009 1936 3282 2007 legislator
3307 1946 3415 1991 tam
3444 1937 3629 1993 verbis

2019 2039 2178 2093 quam
2207 2024 2369 2081 rebus
2396 2026 2463 2081 ad
2508 2026 2612 2083 hoc
2641 2027 2836 2098 ubique
2867 2027 3136 2096 hortatur,
3180 2029 3401 2101 ipsaque
3442 2037 3630 2085 natura

2018 2114 2071 2169 id
2098 2115 2276 2171 docet.
2306 2116 2689 2175 Animadverte
2717 2129 2894 2176 autem
2922 2121 3041 2176 illos
3065 2137 3172 2177 non
3198 2138 3365 2177 unum
3390 2122 3473 2179 vel
3496 2123 3626 2191 duo,

2016 2206 2109 2263 sed
2136 2209 2317 2264 omnia
2339 2213 2769 2280 praetermisisse.
2797 2213 2913 2269 Non
2948 2216 3113 2269 modo
3139 2216 3279 2271 enim
3301 2216 3628 2273 esurientem

2016 2316 2123 2356 non
2166 2303 2433 2368 cibarunt,
2466 2305 2669 2361 nudum
2704 2321 2808 2362 non
2853 2316 3139 2373 texerunt;
3174 2310 3270 2365 sed
3319 2325 3435 2376 nec,
3481 2311 3628 2382 quod

2018 2400 2195 2449 tamen
2224 2393 2395 2449 levius
2420 2405 2475 2450 et
2514 2394 2722 2451 facilius
2747 2408 2883 2464 erat,
2927 2398 3197 2455 inﬁrmum
3229 2401 3530 2457 visitarunt.
3562 2401 3631 2457 Et

2014 2486 2289 2555 perpende
2318 2502 2478 2558 quam
2511 2488 2647 2545 levia
2671 2491 2970 2561 praecipiat.
2997 2492 3118 2548 Non
3142 2493 3295 2561 dixit,
3328 2494 3386 2551 in
3409 2510 3629 2553 carcere

2015 2592 2185 2643 eram,
2214 2590 2268 2635 et
2290 2580 2560 2638 liberastis
2589 2599 2697 2651 me,
2729 2584 2993 2653 inﬁrmus,
3022 2594 3077 2643 et
3105 2588 3355 2644 erexistis
3383 2604 3503 2658 me;
3532 2590 3629 2646 sed

2022 2672 2277 2730 Visitastis
2312 2694 2412 2744 me,
2445 2686 2520 2741 et,
2582 2677 2801 2734 Vcnistis
2845 2681 2915 2735 ad
2956 2698 3055 2736 me.
3098 2682 3206 2738 Sed
3254 2699 3431 2755 neque
3480 2685 3626 2741 circa

2014 2767 2339 2823 esurientem
2369 2770 2655 2825 molestum
2681 2771 2955 2841 quidpiam
2985 2774 3225 2844 jubetur.
3257 2775 3441 2847 Neque
3478 2778 3625 2834 enim

2014 2857 2213 2913 lautam
2236 2861 2461 2931 requirit
2487 2878 2750 2929 mensam,
2776 2865 2868 2920 sed
2892 2868 3257 2924 necessarium
3282 2870 3627 2927 solummodo

2012 2952 2213 3018 cibum,
2246 2953 2407 3025 idque
2448 2956 2609 3012 modo
2645 2957 2711 3013 ad
2753 2959 3177 3016 misericordiam
3214 2974 3484 3021 movente.
3516 2962 3626 3019 ita-

2011 3059 2117 3115 que
2147 3045 2327 3102 omnia
2358 3047 2567 3102 illorum
2599 3049 2919 3119 supplicium
2965 3062 3224 3121 expetunt
3256 3071 3272 3109 :
3311 3055 3388 3111 rei
3433 3066 3625 3125 postu-

2013 3134 2133 3190 latte
2179 3134 2422 3199 facilitas,
2470 3154 2590 3192 nam
2639 3141 2794 3208 panis
2842 3149 3045 3197 tantum
3099 3153 3248 3211 erat;
3298 3145 3625 3201 miserabilis

2012 3227 2244 3298 petentis
2268 3228 2526 3296 conditio,
2557 3230 2833 3286 mendicus
2859 3233 3005 3288 enim
3038 3244 3183 3297 erat;
3224 3237 3625 3294 commiseratio

2015 3327 2243 3385 natura),
2267 3334 2388 3373 nam
2413 3318 2576 3375 homo
2604 3330 2686 3377 est
2711 3323 2799 3392 qui
2830 3325 2989 3393 petit;
3015 3327 3389 3395 promissionis
3413 3330 3625 3400 magni-

2014 3409 2163 3474 tudo,
2206 3424 2329 3465 nam
2358 3425 2578 3481 regnum
2624 3412 2947 3482 pollicetur;
2996 3417 3246 3486 supplicii
3295 3427 3489 3487 terror,
3530 3436 3625 3491 ge-

2013 3500 2245 3556 hennam
2276 3502 2417 3557 enim
2445 3502 2837 3571 comminatur;
2866 3504 3099 3577 dignitas
3122 3509 3454 3579 accipientis,
3480 3511 3625 3568 Deus

2011 3593 2153 3649 enim
2182 3602 2299 3650 erat
2327 3594 2415 3664 qui
2444 3608 2541 3664 per
2576 3595 2855 3651 mendicos
2898 3597 3230 3667 accipiebat;
3267 3599 3488 3659 honoris
3518 3619 3625 3660 cu-

2012 3684 2208 3749 mulus,
2245 3683 2387 3755 quod
2421 3691 2625 3739 tantum
2652 3685 2983 3743 descendere
3010 3689 3261 3760 dignatus
3289 3691 3389 3761 sit;
3414 3694 3622 3765 justitia

2009 3774 2358 3845 erogationis,
2389 3789 2512 3829 nam
2536 3791 2601 3830 ex
2622 3775 2778 3831 bonis
2807 3778 2921 3833 suis
2948 3780 3162 3849 accipit.
3188 3780 3385 3838 Verum
3413 3784 3480 3840 ad
3505 3785 3623 3842 hare

2010 3869 2191 3923 omnia
2221 3881 2374 3922 amor
2406 3868 2645 3937 pecunia:
2675 3868 2795 3924 illos
2820 3873 3129 3937 taxea-cavit,
3152 3883 3204 3929 et
3227 3874 3341 3931 hmc
3362 3886 3480 3945 post
3514 3886 3622 3932 tan-

2012 3970 2119 4016 tam
2148 3963 2642 4020 comminationem.
2675 3965 2809 4021 Nam
2832 3982 2992 4038 supra
3019 3968 3170 4035 dicit,
3198 3972 3338 4038 illos,
3361 3974 3449 4043 qui
3486 3990 3619 4044 pau-

2012 4068 2168 4122 peres
2214 4068 2319 4109 non
2359 4056 2654 4126 excipiunt,
2699 4059 2945 4129 graviora
2988 4074 3242 4130 passuros
3283 4077 3423 4126 esse,
3458 4078 3618 4134 quam

2009 4139 2347 4213 Sodomitas;
2396 4155 2451 4203 et
2500 4147 2585 4203 hic
2613 4149 2688 4203 ait
2722 4148 2831 4204 :ln
2875 4160 3119 4219 quantum
3154 4170 3257 4207 non
3297 4154 3485 4223 fecistis
3530 4158 3623 4209 uni

2010 4237 2191 4291 lterum
2234 4237 2560 4293 minimarum
2586 4242 2807 4309 fratrum
2848 4257 3097 4306 meorum,
3148 4260 3237 4299 nec
3264 4246 3387 4298 mihi
3433 4246 3623 4317 fecistis

2011 4331 2227 4403 (Matth.
2257 4331 2348 4387 25.
2377 4333 2493 4403 45).
2519 4332 2655 4400 Quid
2684 4333 2799 4388 ais?
2825 4332 3019 4390 fratres
3046 4335 3121 4390 tui
3152 4345 3277 4391 sunt
3296 4380 3311 4399 ,
3351 4338 3623 4406 quomodo

2010 4425 2261 4479 minimos
2290 4423 2567 4494 appellas?
2596 4422 2719 4480 Ideo
2763 4434 2910 4481 certe
2938 4424 3149 4492 fratres,
3182 4430 3303 4498 quia
3350 4429 3582 4485 humiles
3602 4473 3618 4496 ,

2009 4531 2295 4587 pauperes,
2324 4516 2538 4587 abjecti.
2568 4515 2677 4572 Hos
2712 4518 2856 4574 enim
2876 4519 3109 4576 maxime
3128 4521 3195 4575 ad
3230 4520 3621 4579 fraternitatem

2010 4619 2167 4667 vocat
2214 4628 2229 4664 :
2281 4610 2528 4679 ignotos,
2573 4619 2949 4681 contemples;
3000 4627 3101 4668 nec
3153 4614 3446 4669 monachos
3492 4616 3626 4672 dicit

2012 4712 2238 4769 tantum,
2263 4702 2488 4773 illosque
2510 4702 2601 4772 qui
2632 4701 2685 4756 in
2717 4703 2988 4759 montibus
3017 4702 3281 4772 habitant,
3312 4706 3410 4761 sed
3436 4706 3623 4763 ﬁdeles

2010 4796 2274 4866 singulos,
2317 4795 2527 4850 etiamsi
2563 4794 2849 4850 smculares
2902 4795 3030 4860 sint,
3068 4796 3114 4851 si
3143 4797 3249 4851 sint
3283 4799 3584 4855 esurientes
3606 4843 3621 4866 ,

2011 4887 2265 4953 famelici,
2293 4886 2443 4953 nudi,
2468 4885 2727 4955 hospites,
2755 4886 2901 4941 nulla
2921 4901 3027 4942 non
3059 4886 3203 4957 ipsos
3233 4903 3359 4943 cura
3384 4891 3499 4945 vult
3530 4907 3615 4947 ex-

2012 4980 2136 5052 cipi.
2174 4980 2411 5036 Fratrem
2441 4979 2583 5035 enim
2612 4987 2669 5033 et
2692 4978 2988 5049 baptismus
3018 4979 3202 5043 efﬁcit,
3230 4989 3284 5037 et
3316 4983 3624 5039 divinorum

2014 5075 2389 5147 mysteriorum
2421 5073 2771 5129 consortium.

2084 5170 2142 5224 2.
2171 5170 2362 5225 Postea
2389 5177 2448 5223 ut
2485 5168 2702 5222 aliunde
2743 5167 2904 5222 etiam
2942 5168 3223 5225 sententiae
3248 5169 3508 5240 justitiam
3539 5173 3622 5227 vi-

2015 5263 2163 5327 deas,
2195 5263 2370 5333 primo
2392 5261 2512 5317 illos
2542 5260 2629 5331 qui
2656 5260 2796 5316 bene
2818 5274 2932 5315 rem
2956 5276 3173 5331 gessere
3201 5260 3402 5328 laudat,
3430 5271 3485 5318 et
3508 5264 3581 5318 ait
3614 5281 3630 5317 :

2016 5360 2107 5416 54.
2147 5358 2342 5418 Venite,
2387 5358 2627 5412 benedicti
2678 5354 2851 5410 Patris
2904 5357 3036 5422 mei,
3086 5356 3363 5411 hereditate
3413 5360 3625 5426 accipite

2019 5463 2254 5525 paratum
2278 5450 2415 5506 vobis
2441 5466 2653 5521 regnum
2680 5465 2712 5500 a
2748 5449 3107 5502 constitutione
3135 5450 3331 5501 mundi.
3356 5450 3445 5504 ⁸55.
3481 5449 3623 5503 Eax-

2018 5546 2113 5599 rivi
2143 5545 2298 5610 enim,
2326 5552 2373 5597 et
2398 5542 2608 5596 dedistis
2634 5541 2762 5594 mihi
2788 5541 3117 5603 manducare,
3150 5549 3206 5595 et
3230 5556 3348 5611 qua:
3386 5556 3624 5609 sequun-

2020 5646 2106 5689 tur
2132 5636 2332 5689 omnia.
2364 5633 2442 5688 Ne
2485 5632 2730 5687 dicerent
2764 5632 2930 5693 enim,
2976 5646 3036 5686 se
3080 5647 3185 5687 non
3239 5632 3507 5687 habuisse.
3558 5645 3624 5691 ea

2019 5740 2404 5781 conservorum
2431 5723 2583 5779 factis
2610 5723 2830 5779 damnat
2854 5738 2987 5788 eos;
3020 5734 3078 5778 ut
3104 5724 3335 5793 virgines
3368 5738 3433 5778 ex
3464 5722 3625 5791 virgi-

2022 5818 2201 5883 nibus,
2260 5832 2474 5873 scrvum
2518 5815 2725 5872 ebrium
2768 5830 2833 5871 ac
2883 5816 3053 5873 ventri
3111 5816 3367 5882 deditum,
3410 5828 3441 5867 ει
3482 5815 3633 5871 ίίὼλς
