4174 6332
589 335 692 394 719

587 462 770 509 me,
799 453 852 500 et
876 457 998 500 eum
1027 438 1114 510 qui
1150 437 1402 505 talentum
1433 427 1742 492 suilloderat,
1770 424 1836 479 ah
1856 437 1923 478 eo
1943 420 2033 490 qui
2062 418 2171 472 duo

588 542 788 596 talenta
826 536 1095 598 attulerat,
1123 538 1177 586 et
1213 534 1520 597 peccatores
1566 515 1803 591 singulos
1824 531 1853 571 a
1884 512 2171 584 proborum

590 630 854 701 exemplo.
885 628 953 683 Et
972 627 1085 680 hac
1106 619 1435 690 comparatio
1463 625 1858 682 nonnumquam
1889 622 1955 663 ex
1982 602 2171 675 :equali

590 698 821 786 ducitur,
853 728 909 775 ut
942 719 1000 773 et
1025 716 1111 771 hic
1133 720 1190 769 et
1225 712 1280 767 in
1312 707 1560 774 parabole
1586 704 1654 761 de
1687 698 2006 771 virginibus;
2038 710 2174 750 unn-

594 828 878 882 numquam
906 826 935 864 a
963 806 1172 875 majori,
1200 817 1259 860 ut
1298 818 1419 860 cum
1458 799 1583 855 dicit
1614 814 1628 850 :
1664 794 1769 850 Viri
1797 792 2038 847 Νὶηὶυῑιω
2062 804 2175 844 sur-

591 880 808 976 gent,vet
837 899 1238 956 condemnabnnt
1274 893 1645 966 generationem
1682 888 1833 953 hanc,
1864 884 1982 954 quia
2008 880 2173 936 credi-

594 971 773 1047 derunt
803 994 855 1046 in
877 990 1234 1063 praedicatione
1256 985 1407 1037 Iona:
1437 997 1454 1036 :
1480 990 1526 1035 et
1552 996 1665 1035 ecce
1693 978 1806 1048 plus
1834 991 1982 1045 quam
2008 971 2043 1025 .1
2049 987 2173 1025 anas

595 1087 695 1139 hic.
732 1083 798 1138 Et
828 1084 1000 1152 regina
1036 1078 1208 1133 Austri
1235 1074 1583 1130 condemnabit
1611 1068 1978 1141 generationem
2017 1064 2171 1127 hanc,

593 1178 714 1245 quia
755 1176 885 1230 venit
924 1173 1102 1228 audire
1143 1168 1441 1241 sapientiam
1482 1160 1817 1219 Salomonis:
1855 1170 1903 1213 et
1927 1172 2037 1210 ecce
2061 1152 2176 1224 plus

595 1244 750 1338 quant
772 1267 1013 1322 Salomon
1044 1262 1124 1315 hic
1153 1258 1365 1328 (Matth.
1404 1254 1489 1310 12.
1530 1254 1618 1308 Η.
1651 1251 1761 1317 42).
1794 1248 1861 1302 Et
1885 1247 1951 1301 ab
1984 1244 2173 1314 inquisti

598 1335 817 1419 rursus;
864 1354 995 1420 Quia
1031 1352 1129 1421 ipsi
1163 1344 1363 1422 judices
1407 1344 1719 1400 vestrierunt
1750 1338 1911 1411 (ibid.
1954 1352 2000 1390 υ.
2044 1335 2171 1407 27);

597 1458 652 1503 et
674 1462 704 1499 a
735 1445 919 1513 majori
952 1445 1162 1507 iterum,
1190 1439 1406 1494 Nescitis
1433 1436 1551 1507 quia
1576 1433 1781 1503 angelos
1798 1426 2179 1500 iudicabimus?

598 1548 783 1608 quanto
810 1536 971 1606 magis
994 1532 1258 1589 mularia
1292 1530 1367 1601 (1.
1390 1526 1506 1582 Cor.
1545 1525 1596 1581 6.
1628 1524 1721 1593 5)?
1746 1523 1813 1577 Et
1841 1521 1929 1575 hic
1966 1532 2177 1590 quoque

599 1630 668 1682 ab
693 1625 883 1696 arquali
907 1624 1096 1679 divites
1124 1619 1393 1683 divitibus,
1417 1629 1674 1686 pauperes
1705 1610 2024 1683 pauperibus
2044 1622 2176 1662 con-

601 1721 721 1775 fert.
751 1718 931 1787 Neque
968 1715 1068 1771 hoc
1100 1710 1462 1769 tantummodo
1503 1708 1689 1778 probat
1713 1706 1857 1772 iuste
1882 1702 2007 1756 ferri
2050 1715 2177 1755 sen-

603 1810 841 1873 tentiam,
864 1806 1002 1876 quod
1028 1804 1269 1859 conservi
1314 1802 1550 1871 ipsorum
1594 1798 1646 1851 in
1683 1796 1795 1863 pari
1827 1806 2005 1849 rerum
2036 1800 2178 1846 statu

602 1902 768 1973 probe
788 1915 847 1955 se
870 1896 1149 1970 gesserint,
1183 1893 1276 1950 sed
1311 1892 1453 1963 quod
1490 1905 1659 1959 neque
1685 1887 1737 1941 in
1766 1886 1875 1940 illis
1904 1884 2180 1951 obtempe-

601 1993 789 2057 rarint,
838 1991 925 2044 ubi
957 1996 1241 2057 paupertas
1292 1984 1437 2038 nullo
1477 1990 1595 2037 erat
1650 1977 2030 2048 impedimento
2072 1992 2084 2027 :
2122 1982 2182 2030 ut

604 2092 784 2151 potum
813 2080 942 2135 dare
970 2078 1189 2142 sitienti,
1217 2076 1449 2129 vinctura
1476 2073 1713 2134 visitare,
1744 2068 2013 2123 infirmum
2046 2066 2180 2120 invi-

601 2189 739 2229 sere.
790 2173 1072 2242 Postquam
1124 2179 1302 2223 autem
1363 2164 1560 2234 probos
1618 2160 1893 2225 laudavit,
1948 2156 2183 2213 ostendit

602 2272 797 2335 quaom
820 2264 929 2334 jam
958 2262 1083 2317 olim
1110 2260 1254 2331 ipsos
1286 2259 1507 2313 caritate
1546 2254 1990 2321 complecteretur
2017 2267 2029 2304 :
2060 2264 2182 2304 nam

604 2358 678 2410 ait
709 2372 724 2411 :
763 2353 955 2418 Venite,
1002 2352 1249 2409 benedicti
1275 2348 1450 2404 Patris
1479 2346 1594 2408 mei,
1640 2344 1911 2398 hereditate
1940 2341 2186 2411 possidete

606 2456 840 2517 paratum
865 2444 1001 2499 nobis
1022 2458 1234 2513 regnum
1272 2450 1389 2493 ante
1409 2436 1811 2491 constitutionem
1841 2433 2034 2487 mundi.
2074 2431 2187 2485 Hoc

607 2554 801 2594 nomen
827 2542 956 2606 quot
982 2533 1296 2603 quantisque
1321 2529 1476 2583 bonis
1496 2525 1807 2594 :equiparari
1832 2531 2024 2593 potest,
2046 2520 2187 2591 quod

609 2629 868 2687 benedicti
910 2627 1037 2690 sint,
1083 2633 1135 2679 et
1178 2637 1207 2676 a
1249 2621 1407 2676 Patre
1451 2615 1755 2674 benedicti?
1810 2614 1873 2668 Et
1922 2612 2187 2667 undenam

609 2732 756 2776 tanta
778 2720 978 2775 honore
1005 2713 1203 2785 dignati
1229 2712 1390 2766 sunt!
1424 2723 1662 2779 quamam
1691 2720 1850 2760 causa
1880 2703 2017 2757 fuit?
2050 2702 2184 2756 Esu-

610 2815 704 2868 riut'
723 2815 875 2874 enim,
907 2821 952 2865 et
982 2806 1189 2861 dedistis
1216 2804 1340 2857 mihi
1365 2802 1709 2862 manducare;
1739 2797 1891 2859 silici,
1924 2805 1969 2849 et
2012 2803 2187 2864 potum

608 2903 814 2958 dedistis
838 2900 982 2966 mihi,
1026 2908 1129 2953 etc.
1162 2894 1354 2961 Quanti
1397 2891 1631 2955 honoris,
1665 2898 1874 2960 quauue
1905 2886 2186 2942 beatitudi-

605 2994 694 3048 ins
723 2992 881 3047 verba
901 2990 924 3043 ἲ
948 2988 1063 3043 Νοη
1091 2985 1237 3049 dicit,
1271 2982 1529 3052 Accipite,
1558 2976 1993 3046 sedfliereditatc
2030 2976 2191 3046 possi-

611 3085 740 3148 dete,
783 3081 932 3151 quasi
979 3077 1270 3147 proprium,
1322 3071 1470 3144 quasi
1519 3077 1793 3140 paternum
1836 3075 1891 3122 et
1924 3077 2184 3129 vestrum,

610 3175 719 3243 jam
746 3172 871 3227 olim
904 3168 1054 3223 vobis
1078 3165 1336 3221 debitum.
1365 3161 1665 3230 Antequam
1688 3158 1828 3212 enim
1856 3155 2069 3219 essetis,
2100 3155 2185 3207 in-

613 3264 749 3333 quit,
783 3262 895 3315 haec
917 3259 1067 3313 vobis
1097 3264 1273 3327 parata
1316 3261 1486 3316 erant,
1520 3250 1641 3319 quia
1681 3246 1914 3301 sciebam
1944 3258 2036 3299 vos
2060 3245 2193 3300 tales

614 3366 733 3407 esse
760 3349 980 3404 futuros.
1012 3344 1075 3401 Et
1106 3358 1201 3415 pro
1224 3342 1416 3413 quibus
1442 3340 1557 3394 haec
1578 3335 1887 3415 accipiunt?
1908 3334 2011 3389 Pro
2032 3341 2192 3398 tecto,

614 3455 713 3514 pro
733 3439 983 3503 vestibus,
1019 3414 1117 3506 pro
1146 3448 1299 3504 pane,
1334 3446 1429 3501 pro
1454 3444 1588 3500 aqua
1632 3414 1842 3497 frigida,
1890 3439 1986 3493 pro
2014 3424 2195 3479 visita-

618 3534 779 3596 tioue,
815 3544 911 3601 pro
934 3530 1172 3599 ingressu
1206 3525 1258 3579 iu
1287 3537 1575 3578 carcerem.
1610 3519 1819 3588 Ubique
1843 3518 1984 3572 enim
2013 3526 2209 3596 utne;

616 3621 863 3679 cessariis
909 3616 1251 3690 providentur
1287 3612 1528 3683 requirit,
1574 3610 1681 3664 imo
1725 3608 2043 3678 quandoque
2090 3622 2195 3662 non

620 3708 956 3767 necessariis.
985 3706 1167 3776 Neque
1196 3705 1359 3768 enim,
1393 3712 1450 3757 ut
1464 3702 1574 3771 jam
1598 3700 1727 3762 dixi,
1746 3706 1976 3768 mgrotus
2004 3708 2058 3753 et
2083 3697 2197 3752 vin-

620 3812 737 3857 ctus
766 3798 966 3855 visitari
1012 3797 1183 3850 solum
1212 3794 1418 3856 volunt,
1446 3790 1539 3846 sed
1566 3791 1702 3844 alius
1730 3788 1954 3854 exsolvi,
1982 3795 2035 3841 et
2062 3787 2198 3841 alius

619 3911 650 3949 a
677 3892 865 3949 morbo
891 3888 1067 3945 sanari
1105 3894 1339 3957 exoptat.
1370 3884 1565 3939 Verum
1606 3882 1712 3942 ille.
1744 3889 2048 3933 mansuetus
2076 3893 2198 3932 cum

620 3984 709 4049 sit,
740 3984 825 4038 illa
849 3991 1051 4037 tantum
1078 3978 1299 4047 requirit
1336 3989 1453 4046 qua:
1504 3970 1767 4027 facultatis
1805 3979 2003 4023 nostra:
2032 3978 2195 4031 sunt;

622 4078 731 4131 imo
758 4076 929 4129 minus
963 4086 1122 4141 quam
1166 4068 1389 4123 facultas
1418 4073 1599 4119 nostra
1649 4062 1786 4116 ferre
1815 4061 2004 4129 possit,
2044 4058 2199 4113 nobis

624 4168 930 4235 relinquens
973 4170 1032 4218 nt
1058 4160 1123 4215 ad
1162 4160 1363 4227 majora
1408 4166 1707 4225 pergamus.
1751 4152 1859 4205 illis
1886 4166 2012 4206 vero
2049 4148 2199 4215 dicit,

624 4257 881 4313 Discedite
901 4271 934 4308 a
960 4270 1057 4320 me,
1085 4250 1339 4305 maledicti
1363 4266 1381 4303 :
1402 4262 1506 4301 non
1534 4260 1563 4298 a
1595 4244 1779 4307 Patre;
1812 4257 1917 4296 non
1943 4240 2083 4295 enim
2115 4240 2203 4295 ille

625 4347 755 4414 ipsis
776 4344 1066 4408 maledixit,
1090 4341 1183 4397 sed
1207 4353 1367 4409 opera
1393 4338 1625 4406 ipsorum
1654 4333 1897 4403 propria;
1940 4329 2004 4383 In
2039 4333 2204 4400 ignem

626 4446 886 4501 teter-num,
914 4444 1167 4506 paratum,
1195 4445 1303 4485 non
1327 4427 1501 4491 vobis,
1541 4423 1637 4479 sed
1663 4422 1893 4485 Diabolo,
1943 4432 1986 4472 et
2012 4422 2203 4491 angelis

627 4541 754 4598 ejus.
800 4524 930 4579 Nam
974 4538 1095 4578 cum
1126 4521 1193 4576 de
1222 4534 1385 4589 regno
1429 4516 1653 4580 diceret,
1715 4512 1891 4566 Venite
1938 4512 2200 4577 benedicti,

629 4801 747 4866 sed,
791 4799 1038 4855 Paratum
1081 4794 1304 4859 diabolo,
1334 4801 1381 4845 et
1424 4788 1617 4860 angelis
1660 4787 1792 4856 ejus.
1841 4785 1949 4854 Ego
1978 4798 2208 4854 namque

630 4908 849 4965 regnum
881 4890 1032 4945 vobis
1060 4888 1255 4958 paravi,
1311 4885 1485 4955 ignem
1530 4894 1679 4945 vero,
1728 4892 1835 4931 non
1892 4876 2064 4941 vobis,
2112 4875 2209 4930 sui

631 4986 842 5041 diabolo
862 4991 917 5039 et
952 4980 1155 5051 angelis
1184 4977 1297 5047 ejus
1328 4992 1343 5027 :
1370 4975 1494 5044 quia
1521 4986 1651 5027 vero
1678 4984 1774 5023 vos
1804 4969 1856 5022 in
1888 4968 2059 5038 ipsum
2087 4983 2209 5022 con-

634 5078 853 5151 jecistis,
891 5072 943 5129 id
969 5070 1251 5140 vobisipsis
1290 5073 1552 5136 reputate.
1582 5062 1696 5117 Non
1746 5060 1827 5115 bis
1859 5069 2083 5122 tantum,
2116 5059 2207 5112 sed

640 5150 792 5223 etiam
824 5168 875 5222 iu
905 5163 1263 5235 sequentibus,
1298 5156 1448 5228 quasi
1477 5169 1597 5210 sese
1638 5168 1865 5223 purgans
1892 5150 2028 5218 apud.
2072 5151 2209 5211 illos,

636 5276 848 5335 causam
874 5260 997 5327 ipsis
1039 5256 1291 5311 adscribit.
1324 5270 1336 5304 ε
1372 5250 1459 5303 ἄῖ.
1492 5246 1689 5303 Esurio:
1718 5248 1866 5313 enim,
1916 5258 1962 5301 ei
1992 5264 2089 5299 nun
2123 5247 2203 5297 dc-

639 5354 783 5407 tlistitt
811 5350 931 5404 mihi
961 5348 1283 5402 manducare.
1325 5340 1542 5398 Etiamsi
1595 5339 1736 5393 enim
1785 5338 2025 5391 iniuﬁcus
2070 5346 2215 5391 esset

642 5447 688 5498 is
743 5458 829 5513 qui
862 5439 1167 5500 antedebat.
1202 5450 1377 5492 armon
1408 5434 1538 5488 satis
1576 5438 1731 5484 erant
1780 5444 2034 5483 tertianam
2088 5429 2211 5493 illae,

644 5544 700 5587 nt
730 5534 809 5587 "ei
853 5528 1324 5584 itraniserimrdem
1367 5523 1645 5579 ﬂecterent
1694 5529 1747 5573 et
1787 5520 2108 5588 frangerent,
2140 5519 2217 5571 fa-

645 5640 779 5687 mes,
814 5623 998 5691 frigus.
1038 5620 1263 5675 vincitis.
1298 5615 1529 5674 anilitas,
1561 5611 1862 5675 inﬁrmitas,
1895 5610 2071 5679 ragari
2102 5609 2217 5664 sine

640 5718 813 5780 ,.2rto?
842 5715 966 5771 iiacc
992 5709 1314 5769 inimicitiam
1340 5709 1546 5769 solvere
1573 5712 1836 5777 poterant.
1868 5706 1937 5761 At
1973 5718 2066 5760 vos
2102 5704 2216 5758 hinc

1301 318 1363 378 ε.
1400 312 1680 378 10mins
1715 300 2188 369 casssosrosn
2224 301 2549 359 ARCHIEP'.
2580 295 3090 359 consummes

2278 432 2384 473 non
2408 416 2737 483 praestabatis
2765 414 2959 479 amico,
2985 429 3089 469 non
3121 410 3475 479 benefactori,
3497 428 3604 467 non
3636 412 3866 469 boruino

2275 517 2473 564 vestro.
2508 508 2565 564 Si
2591 521 2778 563 canem
2807 505 3084 560 videamus
3106 504 3452 569 esurientem,
3475 516 3621 572 stupe
3660 496 3862 573 frangi;

2274 617 2431 668 mur;
2464 602 2571 657 imo
2608 600 2653 656 si
2692 599 2832 655 feras
2874 597 3149 653 videamus
3178 598 3495 660 esurientes,
3548 595 3817 650 ﬂectimur
3841 629 3857 648 .

2273 704 2472 751 etcum
2515 694 2797 749 Dotninum
2826 702 2973 747 tuum
3002 691 3172 753 vides,
3203 704 3309 745 non
3353 687 3619 745 flecteris?
3644 703 3746 758 qua
3774 701 3862 741 ra-

2276 789 2420 844 tione
2445 788 2560 843 haec
2588 794 2837 856 poterunt
2860 783 3151 840 excusari?
3174 781 3307 838 Nam
3347 781 3392 835 si
3420 781 3469 834 id
3493 780 3667 835 solum
3693 786 3864 841 esset.

2276 895 2454 935 nonne
2474 878 2741 937 sufﬁceret
2770 875 2835 931 ad
2885 872 3229 930 mercedem?
3268 886 3373 925 non
3413 871 3553 947 dico,
3601 878 3659 924 nt
3697 868 3862 922 talem

2276 984 2460 1024 vocem
2481 968 2610 1024 orbe
2637 976 2902 1037 praesente
2931 964 2999 1020 ab
3018 978 3084 1019 eo
3108 962 3198 1033 qui
3224 961 3375 1017 sedet
3400 960 3453 1014 in
3475 960 3611 1014 solio
3636 969 3864 1036 patcruq

2276 1062 2481 1127 audias,
2508 1070 2560 1117 et
2602 1075 2826 1131 regnum
2856 1056 3222 1127 consequaris,
3254 1055 3348 1110 sed
3375 1053 3478 1109 hoc
3514 1056 3682 1122 ipsum
3714 1050 3862 1120 quod

2278 1154 2467 1211 feceris
2492 1169 2667 1209 nonne
2695 1152 2826 1208 satis
2851 1165 2994 1206 esset
3033 1149 3100 1204 ad
3146 1146 3447 1204 mercedem
3464 1147 3488 1200 τ
3506 1145 3655 1200 Nunc
3679 1152 3878 1198 antetu-

2276 1245 2408 1301 orbe
2452 1252 2735 1315 praesente,
2785 1252 2841 1297 et
2883 1239 3137 1296 inen‘abiii
3192 1239 3279 1293 illa
3331 1244 3621 1308 apparente
3668 1234 3863 1305 gloria,

2278 1337 2530 1407 praedicat
2553 1346 2609 1393 et
2651 1344 2871 1390 coronat
2909 1342 2982 1397 te,
3032 1331 3438 1401 promnlgatque
3474 1326 3760 1383 nutricium
3804 1333 3865 1380 et

2279 1430 2540 1498 hospitem
2571 1445 2584 1481 :
2617 1442 2790 1497 neque
2818 1424 3083 1481 cuba-scit
3103 1422 3219 1477 haec
3247 1421 3450 1483 dicens,
3483 1428 3539 1474 ut
3569 1418 3664 1472 tibi
3684 1417 3867 1486 splen-

2278 1520 2539 1595 didiorem
2562 1532 2819 1573 coronam
2854 1513 3063 1570 reddat.
3099 1512 3176 1567 Ex
3205 1512 3391 1582 gratiae
3425 1508 3745 1589 liberalitate
3770 1521 3865 1563 oo-

2276 1627 2407 1665 rona
2439 1589 2615 1666 datur.
2643 1609 2769 1664 Ideo
2808 1607 2882 1662 illi
2906 1606 3048 1676 iuste
3092 1605 3403 1675 puniuntur,
3453 1600 3505 1654 hi
3535 1586 3868 1654 coronantur

2281 1716 2375 1772 per
2400 1701 2645 1771 gratiam.
2674 1698 2790 1753 Etsi
2819 1695 2961 1753 enim
3002 1695 3166 1749 millia
3197 1693 3334 1747 bona
3383 1706 3545 1759 Opera
3586 1690 3863 1753 fecissent,

2279 1794 2463 1864 gratia:
2490 1790 2781 1847 liberalitas
2813 1798 2918 1852 est,
2945 1784 3087 1858 quod
3124 1785 3195 1838 ita
3230 1798 3329 1854 pro
3351 1781 3587 1836 minimis
3612 1778 3870 1848 operibus

2284 1896 2485 1939 tantum
2513 1883 2725 1948 czelum,
2759 1889 2961 1935 tantum
3006 1890 3228 1946 regnum
3274 1874 3431 1928 detur
3470 1873 3522 1927 in
3555 1872 3858 1941 prmmium.

2286 1976 2433 2049 (Cap.
2457 1972 2647 2044 XXVI)
2676 1974 2730 2027 1.
2759 1969 2829 2026 Ει
2853 1972 3041 2041 factum
3067 1979 3142 2021 est
3160 1983 3273 2020 cunt
3304 1972 3697 2019 consummasset
3716 1960 3872 2015 Jesus

2281 2071 2373 2125 hos
2401 2078 2673 2130 sermones,
2705 2065 2835 2120 dicit
2866 2062 3128 2131 discipulis
3153 2060 3259 2114 suis
3287 2073 3305 2110 :
3330 2056 3384 2111 2.
3414 2055 3570 2112 Scitis
3603 2054 3725 2125 quia
3759 2063 3871 2122 post

2253 2164 2491 2242 .biduum
2520 2161 2709 2231 pascha
2741 2158 2842 2225 fiet,
2876 2166 2924 2211 et
2950 2153 3117 2209 Filius
3146 2151 3361 2206 hominis
3404 2148 3630 2203 trudetur
3670 2156 3723 2199 nt
3752 2161 3889 2198 cru—

2283 2254 2539 2324 ciﬁgntnr.
2595 2252 2797 2305 Rursus
2852 2256 3153 2318 Opportune
3198 2244 3266 2299 de
3314 2241 3561 2312 passione
3611 2239 3889 2307 loquitur,

2285 2345 2498 2416 quando
2526 2343 2595 2398 dc
2619 2357 2803 2413 regno,
2829 2340 2897 2415 de
2921 2336 3273 2394 retributione
3302 2332 3497 2397 futura,
3522 2339 3581 2385 et
3602 2329 3672 2383 dc
3707 2337 3872 2381 aeter-

2288 2440 2372 2493 nis
2390 2436 2709 2493 cruciatibus
2731 2433 2889 2488 verba
2915 2430 3113 2486 fecerat
3129 2443 3233 2494 ;.ac
3253 2428 3298 2481 si
3313 2426 3553 2481 diceret:
3578 2420 3683 2477 Cur
3715 2420 3893 2474 times

2292 2532 2361 2585 tis
2373 2530 2440 2585 de
2459 2524 2819 2609 temporaiieis
2840 2522 3016 2589 malis,
3033 2536 3154 2575 enm
3184 2518 3304 2573 talia
3325 2530 3419 2571 res
3438 2499 3836 2569 maneantbena
3852 2512 3877 2562 ἓ

2361 2624 2413 2677 5.
2448 2620 2524 2675 'l‘u
2552 2634 2679 2673 vero
2700 2602 2827 2671 mihi
2855 2612 3161 2669 consideres
3186 2610 3346 2665 velim
3368 2606 3636 2677 quomodo
3659 2602 3711 2657 id
3732 2602 3891 2671 quod

2291 2714 2412 2767 illos
2440 2712 2671 2766 maxime
2696 2706 2943 2777 angebat,
2976 2700 3246 2758 cumarte‘
3276 2714 3408 2752 nova
3437 2695 3671 2765 quadam
3698 2694 3748 2745 in
3780 2706 3880 2745 su-

2292 2804 2587 2875 perioribus
2617 2798 3031 2856 adumbraverit.
3060 2794 3175 2850 Non
3204 2793 3346 2847 enim
3373 2788 3525 2847 dixit.
3556 2786 3722 2842 Scitis
3753 2784 3881 2851 quia

2294 2860 2413 2965 post
2432 2893 2569 2948 duos
2594 2892 2710 2945 dies
2742 2888 2956 2951 tradar;
3001 2885 3096 2941 sed
3124 2880 3284 2953 quid?
3332 2880 3485 2936 Scitis
3520 2878 3639 2946 quia
3669 2883 3778 2944 post
3806 2860 3907 2929 bi-r'

2292 2987 2450 3039 duum
2481 2984 2667 3053 pascha
2694 2981 2801 3048 ﬁet,
2833 2989 2880 3032 et
2913 2977 3081 3031 Filius
3121 2974 3338 3028 hominis
3374 2970 3642 3029 tradetur;
3673 2975 3727 3020 et
3754 2975 3899 3019 tunc-

2292 3078 2492 3147 adjicit,
2527 3074 2595 3130 Ut
2622 3072 2985 3143 cruciﬁgitur;
3011 3065 3303 3123 ostendens
3335 3060 3649 3133 mysterium
3676 3072 3801 3113 esse
3827 3056 3901 3112 ιιι

2293 3170 2435 3240 quod
2466 3168 2643 3233 ﬁebat,
2677 3165 2869 3220 festum
2896 3172 2951 3218 et
2978 3158 3341 3215 celebritatem
3367 3153 3443 3207 ad-
3463 3152 3691 3207 salutem
3734 3148 3899 3203 orbis

2295 3264 2507 3328 factum,
2532 3269 2587 3316 et
2614 3274 2673 3314 se
2716 3270 2991 3328 passurum
3022 3266 3184 3317 esse,
3211 3264 3331 3305 eum
3360 3247 3539 3303 omnia
3578 3242 3901 3315 pnescivis-

2296 3363 2398 3410 set.
2425 3352 2549 3408 Ideo
2572 3350 2723 3421 quasi
2746 3349 2850 3403 hoc
2884 3346 3015 3401 satis
3047 3353 3191 3401 esset
3219 3341 3285 3396 ad
3308 3338 3735 3396 consolationem
3761 3336 3902 3390 illo.

2297 3460 2436 3506 rum.
2472 3442 2605 3499 nihil
2642 3440 2747 3495 illis
2784 3452 2926 3493 nunc
2953 3437 3082 3493 dicit
3108 3434 3176 3489 de
3223 3431 3621 3509 resurrectione
3651 3444 3665 3480 :
3696 3442 3891 3496 super-

2298 3535 2461 3589 ﬂuum
2483 3533 2626 3589 enim
2647 3529 2857 3593 fuisset,
2878 3534 3155 3597 postquam
3174 3532 3247 3578 tot
3267 3529 3518 3589 tantaque
3534 3519 3883 3579 disseruerat,

2300 3628 2367 3682 de
2413 3626 2499 3681 illa
2554 3623 2746 3678 iterum
2777 3620 2976 3675 dicere.
3018 3614 3265 3684 Alioquin
3321 3625 3475 3677 vero,
3508 3620 3564 3664 ut
3591 3609 3701 3679 jam
3751 3608 3909 3673 dixi...

2298 3716 2536 3773 ostendit
2561 3717 2728 3784 ipsam
2752 3710 3053 3782 passionem
3084 3722 3113 3761 a
3142 3706 3283 3760 mille
3310 3702 3462 3758 malis
3493 3702 3739 3755 homines
3758 3699 3891 3753 libo.

2300 3824 2441 3868 rare.
2494 3807 2623 3863 dum
2655 3816 2778 3875 per'
2795 3799 2986 3872 pascha
3016 3808 3199 3853 vetera
3239 3793 3498 3851 beneficia
3548 3792 3601 3845 in
3656 3789 3911 3862 Aigypto:

2302 3902 2535 3972 praestita
2566 3902 2965 3954 commemorat.
2996 3892 3051 3946 5.
3086 3888 3225 3942 Tunc
3272 3884 3556 3957 congregati
3602 3894 3719 3937 sunt
3756 3884 3897 3950 prin-

2302 3995 2438 4064 cipes
2479 3989 2809 4053 sacerdotum,
2838 3985 3033 4050 scribta,
3078 3992 3125 4036 et
3173 3975 3615 4048 seniores,popnli
3662 3976 3715 4028 in
3760 3974 3910 4027 atrio.

2304 4083 2486 4140 summi
2511 4078 2799 4142 sacerdotis,
2846 4076 2931 4145 qui
2959 4074 3227 4129 vocabatur
3269 4070 3527 4135 (.‘aipltas,
3550 4068 3607 4123 4.
3650 4078 3696 4119 et
3724 4066 3899 4120 consi-

2305 4176 2429 4228 linm
2461 4174 2679 4225 inierunt
2715 4178 2768 4222 ut
2800 4167 2976 4221 Iesum
3014 4164 3133 4218 dolo
3158 4171 3402 4225 tenerent,
3428 4169 3478 4213 et
3501 4157 3803 4212 occiderent.
3834 4156 3900 4211 5.

2306 4265 2547 4320 Dicebant
2577 4270 2761 4327 autent,
2796 4257 2917 4313 Non
2944 4258 2997 4310 in
3027 4256 3109 4310 die
3134 4259 3279 4326 festo,
3315 4270 3377 4305 ne
3409 4251 3650 4305 tumultus
3675 4250 3813 4318 fieret
3840 4250 3899 4303 in

2308 4357 2518 4426 populo.
2561 4353 2751 4408 Vidisti
2780 4353 3066 4406 maximam
3112 4346 3453 4403 Judaicarum
3499 4359 3677 4398 rerum
3707 4358 3904 4397 corru-

2310 4446 2582 4518 ptionem?
2615 4445 2719 4500 Res
2748 4428 2955 4513 iniquas
2981 4438 3371 4510 aggredienles,
3410 4436 3477 4489 ad
3504 4450 3772 4499 summum
3799 4450 3898 4489 sa-

2309 4537 2580 4594 cerdotem
2609 4536 2846 4600 veniunt,
2875 4532 2999 4587 dum
3029 4530 3153 4585 inde
3176 4528 3360 4582 volunt
3402 4534 3719 4595 petestatem
3746 4525 3901 4580 acci-

2312 4646 2440 4701 pere
2467 4628 2605 4683 unde
2638 4624 2881 4695 impediri
2917 4620 3217 4694 oportebat.
3256 4618 3323 4673 Et
3352 4626 3482 4687 quot
3520 4625 3673 4671 erant
3700 4618 3905 4670 summi

2208 4708 2213 4715 ’
2312 4718 2652 4776 sacerdotes?
2678 4718 2789 4771 Lex
2816 4716 2961 4770 enim
2980 4727 3143 4769 unum
3165 4725 3285 4767 esse
3309 4709 3418 4765 vult
3443 4726 3457 4762 :
3480 4706 3575 4763 sed
3599 4718 3721 4761 tunc
3742 4707 3905 4763 multi

2313 4824 2483 4868 erant.
2512 4812 2662 4869 Unde
2692 4810 2863 4880 palam
2882 4817 2983 4872 est,
3014 4805 3232 4861 Judaica
3256 4803 3365 4872 jam
3396 4801 3614 4857 dissolvi
3640 4802 3903 4870 cepisse.

2315 4904 2519 4977 Moyses
2550 4904 2714 4967 enim,
2746 4908 2805 4955 ut
2831 4899 2961 4963 dixi,
2988 4910 3149 4951 mium
3177 4908 3297 4950 esse
3319 4892 3478 4963 jussit
3508 4910 3521 4946 :
3553 4907 3659 4963 quo
3684 4900 3908 4947 mortuo

2316 4996 2475 5050 alium
2527 4994 2710 5063 deligi,
2754 4991 2805 5045 in
2856 4990 3118 5059 hujusque
3155 4987 3263 5040 vita
3304 4984 3550 5040 exsilium
3593 4985 3908 5041 terminavit

2315 5104 2497 5145 eorum
2546 5086 2637 5157 qui
2702 5082 3052 5138 involuntarie
3116 5092 3304 5133 necem
3361 5077 3522 5131 alicui
3575 5076 3908 5130 intulissent.

2317 5179 2595 5247 Quue'iioaio
2641 5178 2797 5246 igitur
2846 5184 2971 5228 tunc
3024 5170 3170 5226 inulti
3219 5168 3524 5223 sacerdotes
3563 5167 3684 5238 (u)?
3724 5170 3910 5223 Anum

2317 5273 2569 5343 deinceps
2594 5271 2717 5325 facti
2745 5278 2888 5322 sunt.
2924 5266 3033 5320 {ioc
3058 5262 3374 5333 significavit
3398 5261 3742 5330 evangelista,
3776 5275 3910 5316 cum

2320 5367 2386 5423 de
2414 5367 2667 5422 Zacharia
2713 5364 3041 5433 ioqneretur.
3070 5358 3256 5413 dicens
3285 5356 3434 5410 illum
3483 5352 3644 5407 fuisse
3687 5351 3764 5406 De
3799 5354 3917 5407 eice

2385 5521 2457 5583 la)
2482 5520 2537 5569 in
2560 5526 2723 5569 Graeco
2746 5518 2929 5579 legitur
2949 5528 3142 5583 ιαιιρςιε,
3178 5512 3227 5562 id
3270 5522 3365 5583 est.
3610 5511 3909 5583 sacerdota.

2324 5568 2541 5653 Clikrv'sost
2550 5568 2687 5653 unius
2696 5652 2701 5653 ν
2710 5588 2761 5629 ιιι
2771 5568 2921 5653 Διῖειιει
2962 5568 3020 5653 ξ’
3029 5568 3447 5653 subsequentibus
3457 5606 3487 5619 .-
3500 5570 3699 5632 putabat

2322 5631 2442 5694 retin
2461 5631 2656 5694 Joannis
2678 5631 2897 5703 Baptista:
2917 5646 3107 5703 patrem
3137 5631 3287 5686 fuisse
3308 5631 3548 5703 summm
3574 5631 3918 5703 sacerdota.

2318 5712 2419 5765 Alit
2444 5723 2589 5761 secus
2625 5701 2931 5759 existimant;
2973 5706 3029 5759 ν.
3058 5702 3238 5757 Adnot.
3261 5702 3423 5767 Fietd,
3444 5703 3503 5756 ad
3523 5717 3571 5768 p.
3598 5701 3709 5753 ⁸161.
