4174 6332
313 415 414 470 711

316 528 446 584 Abin
468 526 624 601 (an.
656 528 707 584 l.
739 526 817 595 5).
863 522 1140 591 Principes
1176 520 1339 591 igitur
1378 516 1717 573 sacerdotum
1750 514 1913 568 fuisse

318 620 451 675 dicit
494 636 612 687 eos,
661 619 751 691 qui
796 617 867 672 de
909 614 1240 683 principibus
1287 610 1624 665 sacerdotum
1680 607 1910 661 fuerant.

318 712 473 780 Ωιιυά
505 720 681 767 autem
709 709 993 763 consilium
1026 703 1293 761 inierunt?
1323 712 1381 757 ut
1421 716 1543 757 eum
1580 699 1720 754 clam
1757 713 1916 767 cape-

318 804 477 858 rent?
497 812 588 857 aut
622 798 1041 854 utoccidercnt?
1063 796 1360 864 Utrumque
1389 810 1403 845 :
1430 790 1691 847 timebant
1718 788 1863 844 enim
1893 788 1911 819 ί

304 894 550 965 plebem.
604 891 729 946 ldco
769 891 1041 961 praitcrire
1091 888 1282 942 festum
1336 885 1615 949 volebant;
1666 881 1915 937 dicebant

320 986 482 1049 enim,
527 982 648 1039 Non
675 984 728 1037 in
761 984 845 1037 die
870 986 1017 1053 festo.
1059 980 1193 1035 Nam
1232 978 1494 1040 diabolus,
1528 992 1597 1031 ne
1627 974 1912 1030 manifesta

320 1077 499 1146 passio
526 1084 693 1135 esset.
720 1073 935 1129 nolebat
959 1071 1131 1127 occidi
1152 1072 1207 1125 in
1235 1069 1522 1141 paschale;
1556 1067 1629 1121 illi
1668 1081 1817 1132 vero,
1848 1080 1915 1120 ne

323 1168 580 1220 tumultus
601 1175 765 1221 esset.
805 1163 1187 1219 Animadverte
1209 1169 1388 1215 autem
1413 1158 1535 1215 illos
1570 1159 1781 1222 timere,
1807 1171 1913 1211 non

324 1258 516 1320 Deum,
563 1272 735 1327 neque
763 1269 832 1310 nc
861 1254 1035 1323 majus
1064 1252 1240 1309 scelus
1269 1262 1414 1308 esset
1443 1266 1473 1304 a
1502 1260 1783 1319 tempore;
1816 1248 1913 1305 sed

324 1351 518 1420 ubique
544 1349 773 1403 humana
798 1355 1058 1403 metuere.
1092 1349 1339 1401 Attamen
1389 1345 1570 1399 animo
1616 1343 1911 1407 ferventes,

323 1454 507 1512 postea
556 1442 879 1497 sententiam
931 1449 1223 1494 mutarunt.
1267 1438 1398 1492 Cum
1443 1436 1704 1491 dixissent
1745 1434 1913 1499 enim,

312 1533 447 1589 Non
482 1536 536 1589 in
585 1535 668 1590 die
717 1535 866 1605 festo,
912 1549 1034 1589 cum
1085 1531 1411 1603 proditorem
1459 1531 1804 1595 invenissent,
1849 1529 1917 1585 de

322 1637 566 1695 tempore
601 1641 706 1680 non
733 1633 1005 1689 curarunt,
1035 1624 1128 1679 sed
1172 1623 1225 1677 in
1274 1622 1392 1693 ipso
1421 1622 1558 1676 festo
1583 1620 1913 1675 occiderunt.

319 1717 430 1772 Cur
454 1727 633 1773 autem
665 1717 813 1772 illum
846 1727 970 1773 tunc
996 1717 1298 1783 ceperunt?
1337 1714 1401 1767 Et
1427 1712 1608 1767 furore
1636 1711 1912 1776 ardentes,

323 1818 378 1862 ut
404 1808 535 1874 dixi,
562 1816 619 1864 et
647 1806 787 1879 quod
816 1820 942 1862 tune
966 1822 1024 1861 se
1049 1807 1194 1860 illum
1228 1805 1542 1859 inventuros
1574 1817 1694 1858 esse
1733 1816 1917 1871 spera-

322 1908 461 1964 rent,
497 1908 659 1971 atque
688 1900 868 1954 omnia
898 1899 1049 1969 quasi
1068 1898 1197 1953 ί)ωοί
1238 1896 1493 1951 facerent.
1537 1894 1649 1949 Etsi
1687 1893 1918 1947 maxime

324 1990 413 2045 ille
445 1992 683 2058 ipsorum
708 1989 945 2061 nequitia
971 1987 1036 2043 ad
1069 1988 1337 2057 propriam
1368 1994 1607 2041 uteretur
1630 1986 1915 2055 dispensa-

322 2086 559 2148 tionem;
593 2098 700 2137 non
731 2081 851 2136 ideo
879 2081 997 2135 sine
1039 2081 1193 2150 culpa
1234 2089 1404 2144 erant,
1448 2078 1541 2131 sed
1586 2076 1732 2130 mille
1770 2074 1918 2145 digni

321 2171 651 2228 cruciatibus
680 2172 749 2226 ob
777 2171 881 2227 tale
911 2171 1263 2241 propositum.
1292 2169 1515 2235 Quando
1542 2168 1701 2236 igitur
1728 2182 1918 2221 omnes

321 2265 593 2334 etiamque
624 2264 813 2318 noxios
834 2264 968 2318 solvi
993 2260 1293 2330 oportebat,
1329 2270 1454 2314 tunc
1474 2258 1551 2313 illi
1579 2260 1929 2313 innocentem

322 2355 657 2422 occiderunt,
688 2356 777 2424 qui
811 2353 937 2423 ipsis
979 2352 1126 2406 mille
1154 2348 1412 2406 beneﬁcia
1443 2348 1765 2415 contulerat,
1792 2347 1918 2416 qui-

322 2461 426 2514 que
448 2454 665 2514 propter
690 2443 809 2498 illos
836 2442 1048 2497 interitu
1076 2448 1263 2511 gentes
1300 2439 1579 2509 negligere
1616 2437 1915 2492 videbatur.

321 2536 449 2603 Sed,
482 2554 514 2590 o
537 2537 918 2607 benignitatem
943 2537 955 2588 !
989 2534 1245 2590 scelestos
1274 2533 1397 2589 illos
1428 2534 1496 2587 ita
1522 2545 1739 2603 pravos,
1767 2531 1919 2586 mille

326 2629 481 2684 malis
510 2640 757 2697 onustos,
788 2642 974 2683 rursus
1011 2627 1186 2683 salvos
1216 2625 1361 2693 facit,
1404 2626 1671 2696 mittitque
1698 2635 1919 2694 aposto-

324 2719 407 2774 lus
435 2734 533 2790 pro
570 2720 700 2791 ipsis
734 2718 1078 2786 occidendos,
1104 2730 1159 2775 et
1187 2734 1285 2788 pro
1319 2718 1447 2789 ipsis
1472 2718 1919 2789 supplicationem

323 2811 540 2864 emittit.
571 2807 678 2871 Pro
708 2810 909 2865 Christo
938 2810 1078 2865 enim
1110 2810 1357 2881 legatione
1387 2810 1651 2881 fungimur
1682 2808 1760 2882 (2.
1798 2810 1917 2862 (.‘or.

316 2900 363 2957 5
400 2900 513 2973 20),
536 2902 722 2973 ittquit.
747 2901 895 2956 Talia
915 2902 1074 2972 igitur
1088 2901 1331 2971 exempla
1352 2902 1626 2967 habentes,
1647 2915 1755 2956 non
1774 2901 1917 2967 dico,

325 2996 620 3049 moriamur
648 3010 745 3065 pro
789 2996 1041 3060 inimicis,
1075 2996 1197 3051 licet
1227 2995 1330 3051 hoc
1357 3010 1568 3067 quoque
1597 3005 1871 3064 oporteret
1903 3013 1918 3051 :

318 3085 424 3140 sed
454 3086 572 3157 quia
603 3085 921 3142 inﬁrmiores
942 3102 1145 3150 sumus,
1178 3086 1304 3142 illud
1330 3088 1538 3143 interim
1560 3087 1702 3153 dico,
1727 3090 1918 3143 saltem

325 3193 399 3232 ne
423 3177 586 3232 livore
614 3178 874 3233 ducamur
903 3193 1025 3248 erga
1057 3178 1276 3243 amicos,
1309 3193 1374 3232 nc
1406 3177 1736 3233 invideamus
1764 3178 1923 3233 bene-

324 3268 635 3323 factoribus.
685 3267 929 3323 Nondum
956 3269 1096 3333 dico,
1128 3269 1266 3323 mala
1313 3269 1464 3323 nobis
1504 3268 1793 3326 inferentes
1821 3270 1919 3325 be-

324 3363 521 3418 neficio
566 3363 906 3418 afﬁciamus:
937 3362 1065 3417 illud
1115 3373 1261 3418 certe
1312 3378 1602 3432 cuperem;
1648 3364 1743 3419 sed
1796 3366 1918 3433 quia

322 3456 619 3511 crassiores
681 3458 844 3519 estis,
879 3456 1071 3510 saltem
1114 3455 1233 3509 illos
1279 3472 1345 3509 ne
1390 3456 1745 3511 nlciscamini.
1780 3456 1917 3510 Num

308 3560 489 3602 scena
529 3555 654 3601 sunt
685 3554 888 3613 nostra,
941 3561 1068 3599 num
1109 3545 1458 3601 histrionica?
1493 3544 1599 3601 Cur
1706 3545 1924 3607 veritati

310 3652 397 3693 rex
422 3637 683 3693 diametro
725 3638 952 3708 oppositi
999 3638 1162 3693 estis?
1206 3636 1322 3691 Non
1365 3637 1481 3692 sine
1516 3651 1679 3691 causa
1721 3636 1921 3706 scripta

324 3737 457 3784 sunt
483 3740 592 3783 tum
618 3729 722 3783 alia
746 3729 947 3795 omnia,
982 3737 1092 3782 tum
1121 3742 1182 3783 ea
1214 3743 1331 3798 quae
1359 3728 1535 3783 crucis
1574 3737 1813 3795 tempore
1840 3727 1921 3783 fc-

306 3820 425 3883 ~cit,
448 3834 564 3888 qua:
591 3820 888 3888 potuissent
913 3834 1007 3872 eos
1032 3832 1315 3883 revocare;
1345 3816 1439 3873 sed
1473 3827 1529 3872 ut
1556 3817 1782 3873 imiteris
1806 3818 1922 3887 ejus

323 3910 645 3976 bonitatem,
669 3919 727 3964 ut
751 3910 1019 3965 annuleris
1042 3910 1441 3980 benignitatem.
1470 3909 1603 3964 Nam
1620 3918 1675 3966 et
1700 3910 1923 3979 supinos

324 4001 456 4057 illos
483 4002 731 4071 conjecit,
770 4011 824 4055 ct
861 4001 1152 4055 auriculam
1191 4000 1386 4055 famqu
1416 4003 1668 4066 restituit,
1719 4011 1923 4056 etcum

321 4092 591 4149 modestia
619 4090 935 4161 respondit:
965 4100 1019 4145 et
1048 4106 1236 4162 magna
1262 4092 1317 4146 in
1345 4106 1505 4146 cruce
1534 4100 1745 4147 erectus
1770 4093 1925 4146 mira-

310 4185 451 4240 cula
479 4184 665 4250 edidit,
690 4184 869 4239 radios
897 4183 1101 4238 salares
1140 4191 1407 4248 avertens,
1441 4192 1617 4252 petras
1646 4184 1918 4251 scindens,

324 4286 573 4333 mortuos
611 4277 896 4341 suscitans,
921 4275 1116 4344 judicis
1141 4290 1363 4330 uxorem
1397 4289 1492 4345 per
1529 4276 1733 4329 somnia
1762 4277 1921 4330 terri-

322 4382 471 4433 tans,
497 4370 549 4432 iu
590 4368 706 4438 ipso
742 4368 945 4438 judicio
985 4382 1201 4422 omnem
1248 4366 1709 4421 mansuetudinem
1762 4366 1919 4420 exhi-

300 4464 487 4527 'lsens,
514 4479 632 4531 qua:
675 4478 781 4516 non
834 4463 1009 4515 minus
1049 4476 1207 4531 quam
1253 4460 1509 4515 miracula
1557 4470 1737 4529 posset
1776 4460 1921 4530 ipsos

315 4552 618 4617 attrahere,
650 4554 813 4606 multa
846 4551 1141 4620 t’iriedicens
1179 4552 1231 4604 in
1256 4550 1479 4620 judicio,
1514 4551 1563 4604 in
1609 4551 1721 4619 ipsa
1761 4565 1922 4606 cruce

304 4645 586 4707 ~claritatis,
628 4643 806 4710 Pater,
849 4644 1042 4697 dimitte
1076 4644 1176 4697 illis
1220 4643 1314 4696 hoc
1344 4653 1601 4711 peccatum
1634 4641 1782 4715 (Lac.
1824 4643 1916 4697 9.3.

312 4738 449 4805 54).
480 4737 726 4805 Sepultus
780 4751 925 4799 vero,
974 4745 1103 4805 quot
1142 4734 1209 4790 ad
1241 4735 1451 4789 illorum
1476 4735 1723 4794 ~salutem
1767 4734 1921 4789 exhi-

320 4826 490 4882 buit?
521 4843 639 4880 eum
672 4827 1050 4881 resurrexisset
1075 4835 1274 4891 autem,
1303 4840 1478 4879 annon
1506 4825 1685 4880 statim
1703 4824 1921 4882 Judmos

318 4917 571 4971 vocavit?
601 4932 778 4970 annon
795 4917 1000 4970 veniam
1027 4925 1367 4986 peccatorum
1398 4916 1544 4970 dedit
1564 4916 1586 4968 ?
1608 4932 1785 4970 annon
1805 4932 1920 4972 sex-

317 5018 486 5062 renta
509 5008 640 5062 bona
664 5008 927 5061 contulit?
951 5007 1085 5074 Quid
1114 5007 1213 5061 hoc
1239 5007 1573 5061 mirabilius?
1604 5008 1702 5075 Qui
1747 5010 1919 5062 cruci-

318 5104 574 5163 lixcrant,
606 5100 697 5169 qui
745 5114 930 5153 necent
971 5098 1264 5169 spirabant,
1310 5110 1595 5169 postquam
1640 5100 1920 5156 crucifixe-

319 5199 453 5247 runt
478 5175 618 5257 eum,
651 5191 747 5246 filii
777 5191 870 5245 Dei
910 5192 1029 5248 iacti
1062 5200 1208 5247 sunt.
1250 5192 1386 5260 Quid
1416 5191 1540 5247 huic
1570 5192 1919 5262 providentiae

321 5300 431 5356 par
450 5285 575 5340 est?
605 5284 731 5340 llzce
771 5284 1049 5341 audientes
1079 5301 1188 5356 pra:
1226 5285 1433 5356 pudore
1479 5301 1577 5341 nos
1623 5286 1922 5343 absconda-

318 5390 472 5437 mus.
504 5375 644 5446 quod
673 5384 875 5431 tantum
904 5375 1167 5431 distemus
1196 5376 1262 5431 ab
1293 5377 1402 5441 illo,
1430 5392 1590 5447 quem
1619 5377 1812 5432 imitari
1831 5380 1921 5447 ju-

320 5468 541 5522 bemur.
573 5466 862 5522 Videamus
894 5475 1089 5536 quanta
1128 5466 1197 5520 sit
1238 5466 1597 5536 intercapedo,
1633 5476 1686 5521 ut
1727 5467 1918 5523 saltem

320 5571 431 5613 nos
456 5555 793 5621 damnemus,
816 5572 881 5613 eo
910 5557 1052 5628 quod
1079 5557 1200 5612 illos
1239 5558 1630 5628 impugnemus,
1674 5573 1770 5628 pro
1797 5560 1917 5629 qui-

320 5650 431 5704 bus
457 5648 702 5704 Christus
724 5648 958 5703 animam
989 5648 1194 5718 posuit;
1229 5663 1326 5703 nec
1350 5648 1453 5702 illis
1478 5649 1702 5702 velimus
1724 5644 1917 5704 recon-

397 5740 413 5769 ⁸
438 5737 577 5831 AN
599 5738 721 5790 alios
740 5740 811 5808 sic
835 5736 1044 5787 eﬁ'ertur
1064 5738 1159 5808 Obic
1190 5737 1327 5788 locus
1348 5752 1361 5787 :
1394 5744 1449 5788 ω
1476 5751 1585 5787 eum
1608 5737 1737 5788 clam
1772 5752 1917 5809 cape-

397 5806 438 5831 m
506 5805 588 5831 nm
612 5808 665 5831 4.1
689 5799 963 5831 ηρηιιρνοηι
989 5797 1011 5831 9
1034 5812 1130 5831 nam
1152 5805 1203 5831 m
1225 5806 1478 5831 “lfumnua
1506 5800 1714 5831 ῆη-ονηηι
1742 5800 1761 5831 9
1788 5808 1917 5831 imm-

320 5806 438 5849 rent
460 5805 485 5849 ἓν
504 5805 588 5850 aut

321 5806 445 5912 Et;
460 5797 588 5913 inqut
612 5808 665 5852 ut
689 5799 963 5853 occiderent
987 5797 1011 5850 ?
1030 5798 1130 5852 sive
1152 5805 1203 5850 ut
1225 5806 1478 5863 utrumque
1499 5800 1715 5861 facerent
1738 5800 1761 5851 ?
1786 5797 1918 5853 linte-

541 5876 606 5913 ιιι.

541 5876 606 5913 m.

1241 402 1308 460 ΙΝ
1344 396 1753 458 ΜΑΤΤΙΙᾹΞΗΜ
1791 390 2025 450 ΙΙΟΜΙΙ...
2058 389 2297 447 LXXIX.
2336 390 2415 448 al.
2455 382 2674 448 LXXX.

3518 388 3619 442 72‘!

2020 509 2210 575 ciliari,
2247 525 2382 579 quos
2422 516 2481 563 ut
2514 506 2921 571 reconciliaret,
2967 520 3070 561 nec
3121 506 3294 563 occidi
3332 517 3620 562 recusavit.

2019 602 2103 655 An
2129 615 2364 669 expensa
2391 609 2475 655 est
2497 608 2552 655 et
2576 599 2921 669 pecuniarum
2944 597 3209 668 profusio,
3236 595 3377 667 quod
3398 599 3452 654 in
3477 596 3623 652 eiec-

2018 707 2243 763 mosyna
2276 692 2569 747 obtenditis
2595 692 2619 745 ?

2089 786 2145 839 4.
2186 782 2505 855 Injuriarum
2546 783 2775 837 remissio
2827 791 2873 837 et
2916 780 3098 835 oblivio
3144 778 3516 833 desiderantur.
3549 807 3624 822 —

2020 874 2204 943 Cogita
2248 890 2406 945 quam
2438 876 2629 929 noxius
2667 874 2761 940 sis,
2788 885 2842 927 et
2868 887 2971 927 non
3002 871 3163 926 modo
3196 886 3303 925 non
3339 872 3615 927 recusabis

2022 968 2344 1022 laedentibus
2370 978 2421 1021 te
2442 968 2650 1022 veniam
2688 966 2839 1031 dare,
2869 965 2963 1021 sed
2991 964 3155 1020 etiam
3184 962 3250 1017 ad
3283 961 3404 1019 ilics
3428 979 3619 1019 accur-

2021 1075 2129 1127 res,
2161 1070 2216 1115 ut
2253 1060 2345 1115 tibi
2376 1059 2426 1115 id
2455 1060 2524 1116 sit
2556 1059 2893 1114 remissionis
2919 1058 3155 1125 occasio,
3181 1066 3237 1112 ut
3267 1058 3611 1127 propriorum

2022 1155 2117 1209 tibi
2148 1155 2407 1210 malorum
2445 1154 2868 1210 consolationem
2894 1153 3154 1223 reperias.
3188 1151 3431 1208 Gentiles
3473 1169 3620 1226 saepe

2022 1247 2156 1302 nihil
2183 1249 2360 1317 magni
2381 1256 2776 1316 exspectantes,
2810 1246 2863 1301 in
2896 1245 3045 1300 hisce
3068 1247 3230 1300 rebus
3256 1243 3642 1316 philosophati

2023 1348 2146 1391 sunt
2174 1355 2186 1391 ε
2214 1347 2269 1393 et
2291 1347 2366 1404 tn,
2395 1337 2485 1408 qui
2515 1336 2582 1392 ad
2625 1346 2828 1391 tantam
2867 1352 3016 1407 spem
3063 1334 3403 1405 profecturus
3425 1352 3507 1403 es,
3536 1354 3623 1393 re-

2025 1427 2164 1498 fugis
2200 1438 2253 1483 et
2286 1428 2589 1497 torpescis?
2614 1438 2669 1483 et
2703 1427 2846 1498 quod
2891 1439 3101 1497 tempus
3144 1427 3289 1495 facit,
3346 1428 3449 1483 hoc
3508 1444 3615 1484 non

2022 1521 2256 1575 sustines
2282 1512 2499 1591 p'ropter
2527 1520 2626 1576 Dei
2649 1520 2821 1590 legem
2849 1527 2975 1574 ante
3006 1528 3219 1589 tempus
3234 1518 3431 1583 facere,
3458 1529 3512 1575 et
3542 1521 3623 1576 vis

2025 1616 2201 1683 potius
2231 1615 2349 1669 sine
2377 1614 2659 1678 mercede,
2691 1629 2849 1683 quam
2882 1628 3003 1668 cum
3038 1610 3286 1668 mercede
3309 1611 3615 1680 passionem

2026 1715 2170 1762 tuam
2191 1704 2502 1776 exstingui?
2533 1703 2715 1773 Neque
2761 1704 2903 1757 enim
2936 1703 2980 1757 si
3030 1702 3082 1757 id
3132 1717 3161 1756 a
3215 1712 3461 1772 tempore
3510 1700 3621 1768 ﬁat,

2024 1798 2199 1867 majus
2216 1796 2489 1867 quidpiam
2519 1796 2613 1850 tibi
2637 1796 2924 1863 supererit,
2951 1792 3060 1849 imo
3088 1809 3251 1867 grave
3276 1794 3623 1864 supplicium,

2024 1891 2166 1961 quod
2196 1889 2247 1944 id
2288 1889 2430 1959 quod
2460 1898 2671 1958 tempus
2698 1889 2877 1943 facere
2919 1887 3111 1957 patuit,
3145 1887 3247 1941 hoc
3279 1886 3362 1941 lex
3392 1888 3486 1942 Dei
3521 1886 3615 1942 tibi

2027 1983 2204 2037 facere
2234 1997 2337 2036 non
2368 1982 2714 2051 persuaserit.
2739 1979 2891 2046 Quod
2910 1981 2952 2034 si
2980 1979 3205 2047 dixeris,
3227 1988 3279 2036 te
3302 1978 3622 2034 inﬂammari

2025 2090 2145 2130 cum
2173 2073 2517 2128 contumelia:
2545 2074 2847 2127 recordaris
2868 2113 2883 2138 ,
2910 2072 2961 2126 itt
2990 2072 3303 2127 memoriam
3335 2086 3549 2138 revoca,
3580 2071 3627 2126 si

2024 2164 2150 2235 quid
2182 2164 2275 2219 tibi
2304 2165 2427 2219 boni
2456 2179 2487 2217 a
2519 2163 2747 2219 laidente
2775 2163 3104 2228 accesserit,
3134 2172 3189 2218 et
3212 2163 3389 2231 cogita
3419 2172 3620 2233 quanta

2027 2265 2083 2310 tu
2108 2255 2230 2311 aliis
2259 2255 2398 2310 mala
2420 2254 2685 2309 intuleris.
2716 2254 2833 2310 Tibi
2858 2252 3153 2319 maledixit,
3186 2262 3238 2307 te
3260 2254 3462 2322 probro
3498 2251 3628 2306 εδιτορ

2026 2347 2137 2400 cit?
2165 2346 2364 2401 Tecum
2395 2354 2584 2415 reputa
2616 2354 2669 2401 te
2693 2360 2907 2416 quoque
2934 2345 3053 2400 aliis
3081 2344 3450 2400 maledixisse.
3481 2344 3629 2411 Quo-

2029 2440 2188 2496 modo
2216 2456 2346 2512 crgo
2374 2442 2582 2497 veniam
2613 2441 2981 2512 consequeris,
3012 2456 3171 2511 quam
3221 2440 3342 2496 aliis
3384 2457 3489 2495 non
3520 2442 3620 2509 tle-

2026 2531 2189 2585 disti?
2217 2530 2325 2587 Sed
2356 2531 2625 2587 nihiltale
2652 2532 2869 2587 dixisti?
2897 2532 3004 2587 Sed
3030 2532 3195 2586 alium
3222 2531 3336 2587 haec
3361 2532 3631 2587 dicentem

2028 2623 2222 2677 audisti
2251 2663 2266 2687 ,
2298 2623 2458 2694 idque
2484 2624 2766 2695 amplexus
2792 2639 2872 2679 es.
2898 2623 3084 2692 Neque
3115 2624 3243 2678 illud
3270 2625 3428 2694 culpa
3456 2634 3631 2683 vacat.

2034 2713 2124 2769 Vis
2151 2714 2359 2770 discere
2402 2727 2661 2785 quantum
2707 2718 2778 2771 sit
2820 2718 3020 2771 bonum
3052 2716 3367 2787 injuriarnm
3400 2718 3632 2790 oblivio,

2030 2814 2083 2859 ct
2110 2820 2269 2873 quam
2303 2805 2442 2860 Dens
2468 2804 2571 2861 hac
2602 2806 2669 2861 de
2698 2821 2759 2861 re
2787 2806 3036 2861 lactetur?
3066 2806 3175 2862 Eos
3216 2808 3308 2879 qui
3351 2809 3633 2879 limantur,

2028 2912 2150 2956 cum
2180 2898 2362 2955 vident
2386 2901 2651 2971 quosdam
2674 2902 2742 2957 ab
2769 2915 2835 2956 eo
2857 2901 3001 2972 juste
3023 2902 3297 2974 castigari,
3322 2904 3633 2962 ulciscitur:

2027 2992 2240 3047 etiamsi
2269 2993 2415 3047 enim
2454 2993 2528 3047 illi
2561 2994 2705 3063 juste
2750 2994 3058 3064 puniantur,
3105 3004 3157 3050 te
3194 2995 3263 3050 de
3294 2995 3376 3050 his
3403 2997 3636 3067 gaudere

2029 3100 2135 3140 non
2168 3093 2401 3155 oportet.
2434 3084 2648 3141 Etenim
2680 3086 2942 3156 propheta
2972 3086 3139 3140 multa
3168 3087 3501 3151 criminatus,
3534 3086 3636 3144 hoc

2028 3177 2304 3246 subjunxit
2324 3195 2336 3231 :
2364 3175 2515 3231 Nihil
2534 3178 2671 3248 passi
2693 3188 2809 3231 sunt
2832 3180 2884 3231 in
2905 3178 3205 3233 contritione
3220 3177 3412 3249 Ioseph
3434 3178 3633 3253 (Amos.

2029 3268 2082 3323 6.
2118 3269 2209 3338 ti);
2256 3276 2310 3321 et
2354 3282 2588 3333 rursum,
2644 3267 2765 3321 Non
2791 3269 2941 3323 exivit
2978 3269 3142 3323 vicina
3184 3271 3252 3323 ad
3291 3271 3636 3341 plangendum

2029 3376 2185 3413 unam
2226 3360 2433 3413 (tantum
2472 3361 2793 3429 conjunctam
2837 3360 2882 3413 ei
2930 3358 3118 3430 (Miclt.
3153 3362 3203 3415 l.
3234 3360 3348 3431 li).
3381 3360 3636 3429 Quamvis

2029 3448 2251 3517 Ioseph,
2289 3449 2342 3504 id
2370 3459 2474 3515 est,
2505 3450 2673 3503 tribus
2694 3464 2761 3503 ex
2796 3450 2888 3503 illo
2917 3458 3052 3504 ortae
3077 3466 3141 3505 ac
3170 3451 3349 3516 vicini,
3381 3452 3471 3507 Dei
3498 3463 3632 3507 nutu

2031 3542 2387 3611 punirentur;
2430 3540 2524 3596 sed
2555 3541 2666 3595 'vult
2698 3554 2796 3595 nos
2822 3541 2930 3595 illis
2959 3540 3268 3597 condolere.
3301 3540 3435 3597 Nam
3466 3544 3512 3598 si
3540 3557 3637 3598 nos

2029 3634 2119 3702 qui
2152 3633 2377 3703 improbi
2408 3647 2613 3697 sumus,
2638 3649 2760 3687 cum
2785 3648 2997 3688 servum
3027 3633 3371 3703 castigamus,
3403 3636 3446 3688 si
3475 3649 3637 3704 quem

2030 3740 2414 3781 conservorum
2447 3726 2709 3780 ridentem
2738 3725 3038 3791 videamus,
3063 3726 3233 3795 magis
3259 3724 3635 3795 indignamur,

2031 3825 2086 3871 et
2132 3817 2186 3871 in
2235 3816 2384 3872 illum
2436 3818 2571 3870 iram
2620 3818 3029 3871 convertimus:
3063 3816 3232 3872 multo
3278 3818 3446 3887 magis
3492 3817 3637 3873 Deus

2032 3923 2219 3978 poenas
2252 3917 2457 3977 repetet
2480 3907 2547 3961 ab
2570 3907 2656 3973 iis,
2681 3907 2769 3976 qui
2797 3906 2865 3961 de
2893 3905 3171 3976 suppliciis
3196 3906 3420 3961 aliorum
3444 3906 3639 3961 lactan-

2037 4011 2143 4055 tttr.
2179 3998 2332 4067 Quod
2365 4002 2409 4053 si
2444 4000 2497 4053 in
2528 4013 2624 4055 eos
2649 3999 2739 4068 qui
2768 4014 2798 4053 a
2829 3998 2940 4053 Deo
2983 3998 3274 4067 puniuntur
3315 4014 3418 4053 non
3460 3999 3637 4055 insur-

2030 4107 2178 4163 gere,
2208 4090 2301 4147 sed
2335 4091 2439 4145 illis
2467 4090 2755 4146 condolere
2783 4100 3017 4160 Oportet,
3060 4090 3230 4144 multo
3260 4090 3427 4159 magis
3456 4090 3519 4144 iis
3546 4091 3635 4159 qui

2031 4195 2216 4239 contra
2243 4199 2339 4239 nos
2368 4190 2675 4254 peccarunt.
2699 4184 2810 4237 lloc
2830 4182 2972 4236 enim
2996 4181 3235 4237 caritatis
3259 4192 3636 4252 argumentum

2030 4287 2133 4343 est,
2167 4277 2305 4331 hanc
2332 4290 2460 4331 vero
2495 4275 2747 4330 omnibus
2785 4275 3063 4341 anteponit
3088 4274 3247 4329 Deus.
3272 4272 3635 4339 Quemadmo-

2029 4369 2156 4424 dum
2202 4369 2343 4422 cnim
2394 4368 2447 4423 in
2482 4382 2716 4437 purpura
2763 4366 2907 4434 regia
2961 4366 3035 4419 illi
3084 4364 3263 4430 ﬂores,
3314 4365 3387 4420 illi
3428 4366 3637 4437 colores

2031 4460 2251 4530 pretiosi
2281 4467 2425 4525 sunt,
2455 4459 2547 4529 qui
2574 4457 2909 4529 chlamydem
2938 4458 3015 4511 sic
3034 4468 3299 4511 exornant
3321 4457 3429 4512 :sic
3451 4467 3504 4512 et
3526 4459 3637 4515 illa:

2030 4554 2281 4621 pretiosze
2329 4551 2553 4605 virtutes
2605 4558 2765 4613 sunt,
2816 4564 2937 4617 quac
2981 4550 3258 4602 caritatem
3303 4549 3631 4606 contineant.

2029 4642 2173 4698 Nihil
2204 4652 2381 4698 autem
2419 4642 2495 4696 ita
2522 4642 2797 4697 caritatem
2826 4648 3041 4705 servat,
3075 4649 3134 4694 ut
3162 4638 3359 4694 oblivio
3385 4653 3634 4709 peccato-

2031 4751 2182 4798 rum,
2232 4750 2352 4804 qttze
2396 4734 2448 4788 in
2498 4748 2599 4787 nos
2642 4732 2875 4786 admissa
2921 4740 3067 4787 sunt.
3113 4732 3308 4786 Annon
3356 4731 3423 4787 de
3466 4735 3634 4791 altera

2031 4837 2183 4897 parte
2212 4826 2416 4880 curavit
2442 4826 2580 4880 Deus
2596 4825 2825 4895 ?.annon
2854 4823 2999 4877 misit
3018 4822 3301 4878 lmdcntem
3324 4824 3390 4878 ad
3412 4826 3598 4879 laesum
3624 4828 3645 4880 ?

2031 4934 2209 4972 annon
2236 4918 2303 4972 ab
2330 4917 2484 4971 altari
2527 4916 2593 4969 ad
2622 4914 2872 4991 eumdem
2906 4914 3081 4984 ipsum
3121 4914 3286 4978 misit,
3317 4924 3370 4968 et
3399 4928 3519 4985 post
3546 4932 3633 4971 re-

2027 5008 2458 5065 conciliationem
2490 5006 2555 5061 ad
2578 5021 2819 5061 mensam
2838 5014 2994 5060 vocat
3019 5004 3167 5058 illum
3188 5002 3401 5077 (Matth.
3425 5007 3479 5061 5.
3496 5008 3593 5075 9.5)
3610 5009 3635 5059 ἵ

2026 5101 2100 5156 At
2130 5111 2182 5155 tu
2214 5116 2282 5155 ne
2312 5099 2432 5154 ideo
2462 5106 2749 5167 exspectes
2776 5097 2924 5151 illum
2952 5113 2966 5151 :
2990 5095 3224 5166 alioquin
3252 5104 3420 5151 totum
3448 5097 3631 5167 pcrdi-

2028 5192 2175 5248 disti.
2204 5191 2496 5262 Propterea
2519 5190 2663 5244 enim
2691 5187 3015 5245 ineffabilem
3044 5187 3136 5242 tibi
3163 5186 3466 5243 mercedem
3495 5204 3630 5243 con-

2028 5286 2220 5351 stituit,
2242 5281 2318 5338 Ὶιι
2350 5284 2651 5355 pracvenias
2682 5284 2888 5353 ipsum;
2920 5281 2991 5337 ita
3024 5290 3077 5335 ut
3111 5280 3155 5335 si
3186 5291 3406 5350 rogatus
3435 5296 3629 5336 recon-

2028 5376 2229 5431 cilieris
2255 5416 2269 5442 ,
2301 5390 2407 5429 non
2430 5375 2540 5445 jam
2566 5390 2631 5428 ex
2661 5371 2752 5429 Dei
2788 5382 3059 5443 praecepto
3085 5372 3316 5427 amicitia
3344 5372 3627 5443 jungatur,

2028 5467 2121 5523 sed
2149 5484 2215 5522 ex
2242 5469 2385 5523 illius
2412 5468 2623 5523 studio:
2647 5465 2998 5537 quamobrem
3024 5467 3371 5521 incoronatus
3399 5465 3628 5534 recedis,

2030 5559 2122 5613 illo
2150 5558 2334 5613 bravia
2371 5558 2696 5626 accipiente.
2724 5557 2862 5625 Quid
2893 5557 3063 5613 dicis?
3102 5557 3382 5612 inimicum
3422 5555 3589 5610 habes
3610 5598 3628 5625 ,

2030 5665 2128 5702 nec
2157 5657 2207 5703 te
2238 5648 2435 5718 pudet?
2462 5651 2655 5702 Annon
2684 5648 2881 5703 sufﬁcit
2908 5648 3062 5703 nobis
3088 5647 3351 5713 diabolus,
3383 5656 3442 5701 ut
3465 5646 3628 5702 etiam

2029 5755 2360 5810 congencres
2407 5740 2561 5794 nobis
2603 5740 2851 5795 inimicos
2893 5740 3261 5796 attrahamus?
3307 5739 3518 5795 Utinam
3560 5754 3630 5795 ne

2034 5834 2120 5888 ille
2148 5834 2358 5897 quidem
2388 5834 2669 5889 nobiscum
2704 5834 2862 5890 vellet
2906 5849 3175 5905 pugnare,
3222 5833 3422 5887 utinatn
3454 5847 3631 5903 neque
