4174 6332
622 415 725 471 73.3

624 526 715 581 ille
745 523 986 582 diabolus
1006 529 1168 577 esset.
1195 518 1382 575 Nescis
1409 526 1601 589 quanta
1633 518 1703 571 sit
1730 524 1847 586 post
1875 513 2190 569 reconcilia-

627 618 832 671 tionem
874 613 1154 682 voluptasl
1193 610 1327 679 Quid
1372 611 1551 678 enim,
1591 609 1634 662 si
1667 609 1720 663 in
1751 609 1877 678 ipsis
1903 605 2190 661 inimicitiis

584 709 711 760 filia
737 721 852 760 non
881 704 1137 774 apparet?
1164 702 1294 758 Nam
1321 702 1463 772 quod
1493 701 1706 756 suasius
1735 701 1804 754 sit
1829 699 2104 753 laedentem
2132 710 2191 749 se

619 811 821 854 amare.
846 810 1001 864 quam
1023 795 1145 849 odio
1167 793 1382 857 habere,
1405 804 1679 863 postquam
1696 791 1988 845 inimicitia:
2002 789 2190 843 soluta:

617 887 833 950 fuerint,
870 896 993 940 tunc
1017 886 1212 957 poteris
1243 885 1405 952 probe
1433 885 1658 938 discere.

680 977 745 1032 ’5.
769 975 896 1046 “Ipsa
925 987 1060 1032 vetus
1087 977 1166 1031 lea:
1187 966 1486 1048 injuriarum
1523 973 1855 1029 rerordationi
1877 973 2184 1026 adversatur.

624 1063 674 1118 ἓν
677 1068 721 1120 ir
746 1067 902 1121 bonus
929 1067 1061 1120 nihil
1089 1067 1209 1119 mali
1247 1068 1350 1136 pati
1391 1077 1568 1136 potest.
1587 1096 1657 1106 -
1676 1066 1785 1120 Cur
1810 1081 1938 1135 ergo
1965 1065 2189 1119 furiosos

616 1158 928 1220 imitamur,
973 1157 1061 1225 qui
1108 1172 1165 1210 se
1205 1166 1387 1210 mutuo
1431 1158 1692 1220 lacerant,
1729 1157 1814 1224 qui
1843 1157 1893 1209 iu
1923 1155 2186 1224 propriam

614 1262 835 1301 carnem
865 1247 1164 1300 insaniunt?
1180 1249 1316 1300 Audi
1339 1259 1526 1315 quanta
1552 1248 1766 1317 hujusce
1789 1247 1863 1302 rei
1885 1263 2007 1301 cura
2029 1248 2185 1302 etiam

625 1339 676 1390 in
707 1339 866 1392 veteri
893 1339 1007 1408 lege
1038 1336 1212 1391 fuerit.
1254 1336 1386 1398 Vim.
1429 1339 1631 1406 inquit,
1661 1339 2026 1392 recordantium
2055 1339 2189 1391 mala

616 1431 674 1483 in
689 1441 898 1483 mortem
923 1428 1102 1500 (Prov.
1125 1430 1211 1484 12.
1227 1429 1336 1498 28).
1364 1429 1527 1482 llomo
1550 1431 1737 1482 homini
1761 1441 2015 1483 conservat
2036 1431 2184 1491 iram,

622 1533 671 1574 rt
692 1539 722 1574 a
753 1521 859 1575 Deo
896 1522 1071 1591 quaerit
1106 1521 1351 1574 medelam
1379 1523 1394 1588 (
1422 1520 1581 1572 Eccli.
1609 1520 1698 1574 28.
1729 1521 1762 1574 5
1785 1521 1823 1588 ).
1873 1521 2028 1588 Atqui
2055 1535 2185 1574 ocu-

621 1609 728 1663 lum
759 1625 853 1678 pro
875 1609 1048 1674 oculo,
1080 1618 1134 1664 et
1157 1610 1368 1663 dentem
1397 1623 1491 1677 pro
1521 1610 1677 1664 dente
1707 1612 1969 1665 concessit
1991 1609 2181 1678 (Exod.

620 1699 711 1753 εἰ.
743 1701 833 1770 24)
857 1718 869 1752 :
893 1702 1156 1770 quomodo
1184 1700 1342 1770 igitur
1362 1704 1610 1755 accusat?
1638 1704 1768 1769 Quia
1794 1703 1877 1755 illa
1901 1704 2182 1766 concessit,

624 1805 727 1844 non
758 1800 814 1844 ut
839 1791 976 1844 alter
1003 1791 1152 1845 alteri
1186 1791 1465 1854 faciamus,
1500 1792 1590 1844 sed
1623 1802 1678 1845 ut
1712 1792 1988 1845 formidine
2017 1806 2184 1860 poena:

623 1883 767 1934 a~tali
796 1897 923 1937 ausu
952 1884 1329 1936 abstineamus.
1372 1883 1614 1950 Alioquin
1657 1895 1830 1939 autem
1868 1885 1953 1938 illa
1983 1896 2187 1954 tempo-

619 1986 795 2025 raneae
814 1970 1085 2039 cujusdam
1109 1973 1200 2025 irae
1215 1981 1356 2037 sunt,
1374 1972 1680 2041 injuriarum
1697 1985 1870 2028 aulem
1890 1976 2185 2028 recordatio

622 2061 811 2115 anima:
854 2061 1144 2131 nequitiam
1187 2062 1506 2117 meditantis.
1539 2062 1640 2117 Sed
1668 2064 1804 2118 male
1842 2074 2060 2119 vexatus
2089 2065 2186 2119 es?

616 2151 725 2207 Sed
751 2168 854 2206 non
888 2161 1089 2208 tantum
1137 2153 1226 2208 tibi
1274 2155 1393 2208 mali
1436 2155 1645 2219 intulit,
1693 2165 1942 2224 quantum
1987 2165 2040 2210 tu
2071 2156 2183 2225 ipse

623 2243 735 2306 tibi,
769 2244 810 2296 si
847 2243 1056 2312 injuria:
1095 2245 1399 2298 recordatus
1446 2245 1623 2298 fueris.
1673 2246 1912 2315 Alioquin
1951 2261 2077 2300 vero
2103 2249 2185 2301 vir

623 2332 789 2385 bonus
819 2333 946 2387 nihil
971 2333 1092 2387 mali
1117 2334 1220 2402 pati
1247 2344 1437 2402 potest.
1466 2333 1543 2388 Sit
1567 2337 1707 2390 enim
1734 2338 1870 2403 quis,
1895 2352 2110 2391 uxorem
2131 2347 2187 2391 et

625 2422 813 2476 liberos
843 2421 1061 2486 habens,
1084 2424 1178 2492 qui
1209 2424 1626 2492 pliilosOphetur,
1659 2425 1954 2494 habeatque
1983 2429 2176 2481 multas

621 2509 797 2564 damni
825 2513 1111 2580 accipiendi
1137 2514 1442 2570 occasiones
1463 2556 1478 2579 ,
1511 2515 1764 2585 pecunias
1789 2517 2010 2581 multas,
2042 2518 2185 2585 prin-

621 2601 847 2668 cipatum
868 2642 885 2666 ,
916 2605 1112 2657 amicos
1137 2603 1329 2656 multos
1348 2646 1362 2669 ,
1394 2604 1727 2674 honoresque
1756 2606 2020 2671 obtineat;
2051 2615 2185 2660 atta-

620 2703 741 2742 men
796 2692 1217 2760 philosolihetnr;
1273 2693 1372 2747 hoc
1412 2695 1556 2748 enim
1603 2695 2001 2763 supponendum
2049 2706 2176 2749 est:

620 2795 883 2834 aerumnas
928 2782 1000 2834 illi
1046 2783 1300 2837 accedere
1343 2783 1620 2852 fingamus.
1669 2786 1896 2839 Accedat
1922 2786 2178 2855 quispiam

619 2870 877 2924 scelestus
922 2869 1079 2924 homo
1107 2873 1199 2941 qui
1231 2873 1476 2927 damnum
1508 2875 1558 2928 in
1589 2876 1779 2944 opibus
1806 2875 1996 2930 inferat
2020 2897 2032 2930 :
2055 2877 2179 2945 quid

619 2960 718 3014 hoc
746 2963 810 3014 ad
841 2962 1008 3016 virum
1047 2963 1135 3032 qui
1180 2965 1429 3032 pecunias
1473 2965 1604 3019 nihil
1647 2981 1767 3020 esse
1812 2968 1990 3036 putat?
2020 2969 2180 3023 Filios

618 3049 846 3103 occidat:
883 3051 1006 3120 quid
1033 3051 1132 3104 hoc
1152 3052 1217 3106 ad
1243 3053 1433 3118 virum,
1455 3056 1543 3123 qui
1571 3056 1710 3110 circa
1738 3059 2177 3112 resurrectionem

620 3140 1056 3211 philosophatur?
1095 3141 1324 3199 Uxorem
1356 3145 1562 3215 jugulet
1594 3165 1606 3199 :
1639 3147 1762 3218 quid
1805 3149 1906 3203 hoc
1948 3150 2012 3204 ad
2055 3167 2174 3206 eum

2119 3249 3794 3275 Μ

1359 406 1417 462 S.
1453 402 1726 462 JOANNIS
1759 399 2233 459 CliRYSOSTOMl
2260 398 2572 457 ABCHIEP.
2602 401 3129 462 CONSTANTLNOP.

3774 412 3880 468 7‘15

2298 513 2386 581 qui
2417 513 2602 570 doctus
2619 524 2706 570 est
2729 532 2840 572 non
2881 518 3136 589 legendos
3163 533 3284 576 esse
3311 520 3670 578 dormientes?
3701 521 3876 577 Dede-

2297 619 2392 658 cus
2419 606 2490 658 illi
2516 606 2928 677 conferatzqnid
2969 608 3070 664 hoc
3095 611 3250 665 laedat
3278 627 3399 668 eum
3423 655 3437 678 ,
3469 612 3559 684 qui
3589 617 3878 684 praesentia

2299 698 2473 750 omnia
2517 697 2702 752 florem
2728 714 2853 754 esse
2898 699 3028 756 fteni
3058 703 3241 769 putat?
3283 703 3339 758 Si
3380 705 3460 758 vis
3487 705 3648 759 etiam
3678 720 3872 773 corpus

2299 789 2556 855 percutiat
2580 829 2593 847 .
2637 797 2690 842 et
2734 789 2787 843 in
2817 804 3085 846 carcerem
3123 792 3372 861 conjiciat
3397 811 3408 845 :
3432 793 3556 863 quid
3588 795 3690 849 hoc
3715 795 3873 848 laedet

2297 891 2438 941 eum,
2463 879 2550 945 qui
2577 879 2837 942 didicerit,
2867 882 3074 934 etiamsi
3103 883 3334 936 exterior
3357 894 3539 937 noster
3563 886 3722 939 homo
3745 899 3870 939 cor-

2297 982 2590 1039 rumpatur,
2623 971 2924 1025 interiorem
2954 983 3124 1027 tamen
3154 975 3395 1028 renovari
3413 976 3490 1042 (2.
3519 973 3638 1029 Cor.
3667 975 3720 1028 ι.
3755 975 3867 1045 l6),

2297 1074 2348 1118 et
2371 1064 2710 1118 tribulatione
2737 1065 3096 1132 probationem
3142 1065 3279 1120 effici
3323 1065 3497 1133 (Rom.
3532 1068 3582 1122 Β.
3632 1067 3724 1133 3)?
3755 1067 3868 1135 Ego

2295 1168 2423 1207 sane
2460 1155 2716 1222 polliceor
2751 1156 2908 1210 talem
2955 1155 3220 1210 hominem
3271 1157 3324 1209 in
3366 1156 3510 1210 nullo
3551 1157 3735 1211 lzcsum
3767 1157 3867 1212 iri:

2295 1245 2464 1298 oratio
2506 1253 2680 1297 autem
2728 1245 2863 1298 ultra
2911 1245 3202 1313 procedens
3247 1246 3481 1300 ostendit
3529 1247 3698 1316 ipsum
3744 1247 3867 1300 hinc

2295 1338 2514 1388 multum
2556 1336 2765 1403 juvari,
2810 1336 3054 1390 renovari
3096 1346 3150 1391 et
3198 1337 3552 1405 probatiorem
3598 1337 3756 1391 eftici.
3789 1335 3868 1391 Ne

2295 1426 2466 1494 itaque
2490 1427 2626 1495 apud
2649 1427 2782 1480 alios
2806 1427 3044 1480 dolorem
3068 1435 3305 1480 nostrum
3329 1427 3688 1495 exprimamus
3710 1445 3722 1480 :
3744 1427 3868 1480 hinc

2292 1519 2433 1572 enim
2466 1533 2560 1571 nos
2591 1519 2732 1586 ipsos
2765 1519 3003 1573 laedimus
3025 1560 3039 1582 ,
3081 1519 3420 1586 animumque
3451 1526 3687 1570 nostrum
3719 1517 3870 1570 infir-

2292 1609 2512 1662 miorcm
2535 1607 2818 1662 reddimus.
2844 1609 3005 1661 Dolor
3020 1609 3160 1662 cnim
3179 1608 3267 1661 ille
3289 1622 3392 1660 non
3417 1617 3521 1660 tam
3542 1622 3608 1662 ex
3632 1607 3866 1672 proximi

2294 1700 2546 1768 nequitia,
2577 1716 2731 1770 quam
2763 1717 2826 1755 ex
2873 1701 3075 1769 ignavia
3125 1710 3305 1754 nostra
3352 1700 3608 1768 procedit.
3644 1698 3782 1763 Ideo,
3817 1699 3866 1752 si

2290 1790 2408 1858 quis
2435 1804 2532 1842 nos
2561 1791 2876 1843 c0utume|ia
2904 1789 3120 1852 officiat,
3150 1790 3508 1860 lacrymamur
3532 1798 3585 1843 et
3610 1789 3866 1858 deprimi-

2290 1896 2443 1945 mur;
2475 1883 2520 1935 si
2551 1882 2668 1950 quis
2695 1893 2871 1934 nostra
2897 1881 3082 1961 rapiat,
3111 1879 3332 1949 idipsum
3363 1881 3612 1949 patimur,
3641 1879 3866 1949 perinde

2289 1982 2447 2040 atque
2475 1972 2674 2040 pueruli
2709 1972 2779 2024 illi
2801 2013 2815 2033 ,
2861 1985 2995 2040 quos
3035 1970 3309 2025 liberiores
3337 1970 3486 2039 pueri
3519 1971 3738 2025 incitant
3765 1985 3867 2037 pro

2290 2076 2348 2115 re
2377 2061 2572 2115 nullius
2603 2061 2856 2114 momenti
2897 2060 3137 2114 dolorem
3167 2058 3484 2124 inferentes;
3516 2061 3562 2114 si
3593 2074 3717 2114 tero
3744 2059 3866 2112 illos

2290 2152 2525 2206 rixantes
2553 2150 2820 2216 viderint,
2851 2150 3096 2204 mordere
3125 2164 3229 2204 non
3258 2159 3500 2213 cessant;
3542 2149 3586 2203 si
3627 2149 3867 2204 ridentes

2290 2243 2522 2305 videant,
2553 2253 2677 2298 tunc
2705 2243 2984 2297 desistunt.
3011 2243 3079 2295 At
3105 2255 3202 2295 nos
3230 2243 3310 2294 his
3339 2241 3764 2310 insipienttores,
3789 2238 3866 2294 de

2290 2338 2352 2391 iis
2377 2337 2446 2389 ob
2477 2352 2595 2405 qua:
2617 2334 2789 2390 ridere
2813 2342 3102 2402 oporteret,
3120 2333 3340 2386 multum
3368 2333 3631 2388 dolemus.
3657 2333 3863 2399 Quam-

2288 2427 2473 2481 obrem
2520 2441 2670 2496 rogo,
2724 2426 2827 2479 hoc
2867 2424 3054 2494 puerili
3099 2423 3304 2493 abjecto
3346 2423 3547 2487 animo,
3576 2423 3736 2477 caelos
3761 2436 3865 2492 ap-

2291 2517 2702 2588 prehendamus.
2723 2516 2852 2570 Nam
2883 2515 3124 2571 Christus
3149 2529 3246 2569 nos
3276 2529 3394 2569 esse
3425 2516 3567 2568 viros
3590 2523 3767 2583 optat.
3802 2521 3865 2567 et

2289 2615 2429 2662 viros
2456 2610 2735 2678 perfectos.
2759 2605 2847 2662 Sic
2874 2605 3013 2660 enim
3035 2605 3183 2674 jubet
3206 2615 3259 2659 et
3287 2606 3476 2659 Paulus
3499 2623 3513 2657 :
3542 2603 3764 2670 Fratres,
3796 2618 3869 2656 ne

2286 2705 2395 2756 sitis
2422 2703 2562 2771 pueri
2588 2710 2768 2764 mente,
2801 2699 2889 2754 sed
2915 2699 3106 2751 malitia
3133 2698 3327 2767 parvuli
3347 2706 3506 2750 estote
3525 2696 3601 2764 (l.
3621 2696 3741 2751 Cor.
3771 2696 3860 2751 Η.

2285 2794 2396 2858 20).
2420 2791 2649 2846 Infantes
2665 2805 2791 2859 ergo
2808 2789 3002 2843 malitia
3020 2787 3205 2852 simus,
3223 2796 3278 2842 et
3294 2787 3578 2856 nequitiam
3597 2785 3861 2856 fugientes

2286 2885 2535 2937 virtutem
2560 2881 2957 2950 amplectamur,
2982 2887 3041 2931 ut
3065 2887 3259 2931 :cterna
3285 2891 3672 2945 consequamur
3695 2877 3862 2942 bona,

2285 2975 2451 3044 gratia
2479 2982 2531 3028 et
2562 2972 2885 3040 benignitate
2915 2969 3120 3023 Domini
3152 2968 3317 3022 nostri
3346 2967 3470 3021 Iesu
3501 2967 3692 3022 Christi
3714 3008 3728 3031 ,
3761 2969 3851 3022 cui

2283 3066 2447 3136 gloria
2474 3073 2526 3119 et
2556 3063 2835 3133 imperium
2869 3061 2921 3115 in
2952 3059 3143 3115 sarcula
3175 3058 3508 3114 smculorum.
3539 3059 3728 3113 Amen.

1671 3331 2007 3394 HOMILIA
2051 3336 2315 3397 LXXX.
2363 3336 2446 3398 al.
2493 3333 2785 3395 LXXXI.

613 3467 740 3522 Car.
785 3469 874 3523 26.
922 3484 974 3522 ν.
1004 3469 1055 3523 6.
1099 3468 1222 3524 Cum
1265 3478 1427 3524 autem
1473 3481 1596 3525 esset
1644 3470 1791 3525 Iesus
1830 3474 1878 3526 in
1933 3473 2178 3529 Bethania

685 3560 734 3610 in
761 3558 909 3613 domo
939 3558 1159 3613 Simonis
1201 3562 1384 3628 leprosi
1402 3601 1416 3623 ,
1451 3562 1500 3614 7.
1539 3565 1742 3615 accessit
1767 3565 1831 3615 ad
1859 3582 1968 3617 eum
2000 3568 2178 3619 mulier

684 3651 868 3704 habena
897 3651 1199 3704 alabastrum
1225 3653 1464 3719 unguenti
1490 3654 1710 3722 pretiosi,
1740 3665 1785 3708 et
1821 3654 2002 3720 effudit
2028 3674 2177 3727 super

683 3752 831 3809 caput
856 3745 963 3804 eius
993 3743 1330 3795 recumbentis.

689 3833 736 3884 l.
770 3831 956 3885 Mulier
991 3848 1102 3901 qua:
1141 3834 1286 3900 pedes
1315 3832 1497 3886 Christi
1525 3835 1717 3899 abluit,
1759 3851 1870 3903 qum
1895 3837 1976 3888 sit.
2011 3835 2174 3900 Quare

612 3922 752 3990 lepra
768 3921 986 3976 Simonis
999 3932 1043 3974 et
1057 3914 1378 3976 noviienitrbis
1391 3937 1737 3978 memorentur.
1748 3925 2044 3981 Peccatricis
2057 3946 2175 3998 erga

611 4009 808 4076 Jesum,
827 4021 873 4063 et
893 4010 923 4063 Ι
931 4028 1013 4063 esu
1040 4028 1155 4081 erga
1183 4015 1499 4081 peccatricem
1526 4017 1705 4084 agendi
1728 4018 1854 4069 ratio
1874 4030 2176 4070 commenta-

614 4113 715 4156 tur.
737 4132 805 4140 —
830 4102 951 4156 Haec
981 4106 1168 4155 mulier
1201 4119 1300 4156 una
1330 4105 1621 4173 eademque
1650 4108 1854 4161 videtur
1895 4123 2009 4162 esse
2036 4109 2174 4177 apud

614 4208 798 4247 omnes
827 4192 1206 4260 evangeliSIas;
1255 4193 1346 4246 scd
1390 4209 1510 4249 vere
1552 4211 1655 4248 non
1686 4206 1765 4248 est
1790 4215 1801 4247 :
1827 4211 2006 4249 verum
2037 4197 2175 4265 apud

618 4291 727 4336 tres
768 4281 1116 4350 evangelislas
1171 4297 1269 4333 una
1320 4297 1438 4336 meo
1480 4283 1677 4350 judicio
1725 4286 2012 4354 eademque
2060 4297 2170 4350 est;

614 4370 752 4439 apud
797 4370 1052 4423 Joannem
1109 4368 1260 4437 (Cap.
1306 4370 1390 4441 12)
1434 4387 1559 4426 vero
1604 4388 1705 4426 non
1748 4375 1906 4438 item;
1949 4376 2042 4429 sed
2072 4377 2174 4431 alia

612 4459 848 4527 quaedam
878 4459 1132 4511 mirabilis
1163 4459 1381 4522 mulier,
1411 4476 1560 4515 soror
1587 4461 1765 4517 Lazari
1798 4462 1891 4534 (α).
1923 4465 2030 4519 Nec
2059 4468 2173 4521 sine

613 4563 765 4601 causa
815 4549 1012 4615 lepram
1057 4546 1288 4602 Simonis
1327 4562 1579 4604 tnemoral
1612 4554 1967 4622 evangelista;
1998 4556 2090 4608 sed
2119 4564 2175 4609 ut

615 4639 854 4690 ostendat
881 4653 976 4691 cur
1009 4639 1228 4692 fidenter
1255 4641 1444 4694 mulier
1469 4645 1767 4698 accesserit.
1809 4643 2066 4711 Quoniam
2099 4647 2172 4700 le-

613 4742 705 4795 pra
751 4741 836 4780 res
875 4740 994 4780 esse
1037 4728 1303 4782 immunda
1346 4739 1399 4783 ct
1452 4731 1798 4786 abominanda
1848 4736 2163 4801 videbatur,

615 4816 849 4884 viditque
874 4814 1054 4869 Iesum
1082 4833 1293 4871 curasse
1323 4818 1622 4886 hominem,
1653 4823 1958 4894 lepramque
1996 4827 2171 4881 elimi-

610 4919 762 4958 nasse
789 4907 983 4974 (neque
1011 4908 1150 4959 enim
1180 4909 1427 4962 voluisset
1458 4912 1592 4978 apud
1626 4912 1888 4980 leprosum
1921 4931 2164 4983 manere,

607 4995 784 5065 ibique
807 4995 1088 5066 diversari)
1110 5038 1124 5060 ,
1172 4999 1387 5052 cenlidit
1425 5002 1612 5059 mulier
1643 5004 1810 5073 ipsum
1839 5007 2026 5060 animae
2057 5023 2167 5062 sua:

609 5085 992 5140 immunditiam
1041 5084 1193 5143 facile
1233 5087 1589 5147 abstersurum
1633 5108 1774 5148 esse.
1824 5094 2004 5165 Neque
2055 5100 2170 5151 sine

608 5191 767 5232 causa
810 5193 1002 5232 nomen
1034 5179 1213 5242 urbis,
1248 5177 1512 5235 Bethania:
1541 5184 1771 5249 scilicet,
1816 5187 2045 5250 addidit;
2075 5187 2168 5241 sed

609 5279 662 5322 nt
691 5270 861 5322 discas
892 5270 1060 5338 ipsum
1086 5270 1308 5325 libenter
1333 5271 1399 5326 ad
1418 5273 1714 5343 passionem
1740 5277 2011 5331 accedere.
2039 5277 2168 5331 Nam

608 5360 697 5428 qui
727 5367 851 5412 ante
879 5358 1132 5428 etl'ugcrat
1163 5361 1278 5414 illos
1302 5401 1317 5425 ,
1361 5362 1569 5431 quando
1599 5367 1825 5421 maxime
1855 5367 2048 5421 invidia
2078 5383 2166 5422 ar-

683 5451 758 5520 (a)_
775 5449 1202 5520 Grandis_qurstio
1216 5455 1638 5520 utrumpeceatrix
1653 5458 1876 5520 illa,quaa
1894 5456 2073 5508 Christi
2096 5471 2184 5520 pe-

618 5505 708 5559 des
722 5505 870 5579 abluit
881 5550 893 5571 ,
911 5505 1082 5561 eadem
1097 5529 1198 5574 ipsa
1216 5514 1303 5579 sit.
1319 5505 1430 5579 quis
1442 5531 1581 5579 soror
1594 5505 1756 5566 Lauri
1770 5505 2182 5579 immunita.

605 5575 869 5681 nrrsentis
894 5587 988 5621 non
1013 5584 1085 5622 est
1115 5576 1341 5642 instituti.
1374 5577 1568 5627 Mariam
1582 5586 1743 5627 autem
1772 5575 2101 5643 Hagdalenam
2125 5575 2185 5629 ab

649 5636 690 5680 is
731 5636 971 5681 diversam
995 5647 1107 5681 Esse
1135 5651 1270 5681 nam:
1303 5653 1392 5681 iam
1415 5649 1600 5681 negant
1654 5641 1841 5681 -ο-νὶίὶρ
1877 5645 2184 5681 Μηηηηιρηιι

617 5636 690 5702 his
715 5636 971 5702 diversam
995 5647 1107 5683 esse
1135 5639 1270 5702 pauci
1295 5653 1392 5702 jam
1415 5649 1625 5702 neganti
1654 5636 1984 5692 mV'ide'Mon
2000 5649 2184 5691 uments

608 5694 791 5743 inedita
823 5709 907 5744 sur
931 5694 1198 5758 l'apostolal
1222 5700 1279 5747 de
1295 5694 1460 5749 ‘sm'nte
1482 5694 1956 5754 'Maric—Madeleine
1980 5706 2181 5752 enPro-

607 5766 766 5816 venre,
779 5765 906 5805 auct.
936 5760 988 5808 ι).
1011 5760 1195 5807 ι·”μὶιὶοιι
1208 5765 1456 5810 societatis
1469 5762 1519 5810 S.
1536 5764 1737 5823 Sulpicii
1756 5768 2028 5814 sacerdote.
2047 5766 2180 5813 Emr.

2288 3475 2483 3530 dchant
2505 3514 2518 3539 ,
2551 3484 2672 3527 tunc
2702 3485 2867 3540 prope
2907 3469 3129 3525 accessit
3169 3469 3317 3540 quasi
3348 3467 3413 3522 ad
3440 3467 3604 3523 stadia
3629 3467 3857 3538 quindcs

2283 3567 2384 3620 cim
2407 3581 2421 3629 ;
2451 3566 2630 3632 sicque
2653 3566 2797 3630 prior
2818 3576 3057 3617 recessus
3077 3562 3140 3615 ad
3163 3563 3510 3616 meonomiam
3534 3561 3850 3631 pertinebat.

2285 3654 2482 3708 V'idens
2511 3668 2636 3720 ergo
2663 3652 2808 3704 illum
2838 3650 3047 3717 mulier,
3079 3650 3304 3720 hincque
3343 3661 3608 3720 assumpta
3637 3650 3850 3716 ﬁducia,

2283 3745 2524 3799 accessit.
2569 3743 2697 3796 Nam
2730 3743 2772 3796 si
2814 3742 2900 3794 illa
2928 3755 3046 3809 quae
3071 3742 3343 3810 sanguinis
3372 3739 3566 3794 ﬂuxum
3610 3741 3851 3810 patiebao

2282 3844 2366 3888 tur
2386 3875 2399 3897 ,
2447 3835 2544 3887 etsi
2583 3831 2776 3885 nullius
2807 3829 3168 3898 hujuscemodi
3197 3829 3295 3884 sibi
3326 3829 3537 3884 conscia
3562 3839 3737 3893 esset,
3782 3831 3856 3884 ob

2280 3929 2449 3994 illam,
2496 3943 2613 3994 qua:
2657 3926 2909 3979 naturalis
2933 3924 3209 3978 videbatur
3237 3937 3386 3984 esse,
3419 3921 3805 3976 immunditiam
3831 3962 3847 3986 ,

2283 4029 2518 4074 tremens
2570 4027 2915 4084 metuensque
2965 4015 3185 4069 accessit
3215 4031 3227 4066 :
3259 4014 3426 4067 multo
3469 4013 3635 4082 magis
3681 4011 3848 4076 banc,

2281 4126 2397 4178 qua:
2423 4109 2521 4162 sibi
2549 4108 2670 4162 mali
2701 4108 2909 4161 conscia
2952 4116 3066 4160 erat
3089 4147 3101 4167 .
3151 4106 3387 4159 timuisse
3433 4105 3716 4159 verisimile
3742 4115 3850 4160 est.

2281 4200 2483 4253 Idcirco
2515 4207 2630 4267 post
2660 4197 2854 4250 multas
2883 4197 3133 4250 mulieres
3153 4236 3166 4258 ,
3199 4195 3606 4258 Samaritanam,
3637 4193 3850 4249 Chana-

2281 4306 2468 4350 nmam,
2497 4304 2610 4342 eam
2636 4303 2751 4356 qua:
2773 4287 3040 4355 sanguinis
3063 4285 3256 4340 fluxum
3280 4285 3597 4353 patiebatur,
3617 4285 3853 4354 aliasque

2281 4380 2533 4447 plurimas
2562 4378 2798 4442 accedit,
2845 4376 2983 4444 quod
3024 4375 3120 4429 sibi
3169 4390 3370 4442 magna:
3419 4373 3764 4428 immunditiaa
3797 4387 3854 4430 et

2280 4467 2508 4522 lascivize
2546 4467 2760 4521 conscia
2793 4475 2965 4527 esset;
2995 4478 3092 4518 nec
3124 4463 3352 4532 publice,
3375 4463 3469 4517 sed
3491 4466 3542 4516 in
3571 4462 3750 4516 domo.
3786 4463 3855 4517 Et

2279 4574 2400 4613 cum
2445 4558 2530 4611 alii
2575 4571 2760 4610 omnes
2806 4569 2900 4622 pro
2942 4555 3169 4608 sanitate
3212 4555 3451 4623 corporis
3501 4552 3852 4618 accederent,

2281 4647 2496 4702 honoris
2523 4657 2726 4700 tantum
2753 4660 2909 4699 causa
2940 4643 3243 4709 accedebat,
3273 4654 3328 4700 et
3354 4655 3413 4698 ut
3439 4644 3628 4699 anima:
3652 4645 3856 4698 sanita-

2281 4749 2385 4793 tcm
2415 4747 2851 4806 censcqueretur.
2882 4735 3034 4789 Nulla
3072 4734 3214 4786 enim
3253 4735 3494 4801 corporis
3536 4733 3855 4804 aegritudine

2279 4829 2930 4895 tenebatur:quapr0pter
2972 4823 3278 4878 admiranda
3324 4823 3554 4901 maxime
3581 4823 3850 4880 videatur.

2275 4915 2454 4986 Neque
2483 4917 2630 4970 illum
2659 4924 2716 4968 ut
2761 4913 3030 4967 hominem
3077 4921 3278 4966 tantum
3319 4911 3465 4976 adit;
3498 4927 3669 4983 neque
3702 4913 3853 4968 enim

2276 5006 2480 5074 capillis
2509 5004 2874 5068 abstersisset;
2902 5003 2994 5058 sed
3024 5012 3080 5056 ut
3106 5003 3320 5057 homine
3339 5001 3617 5070 majorem.
3642 5001 3858 5058 idcirco

2275 5097 2509 5149 omnium
2535 5095 2894 5149 membrorum
2924 5094 3305 5148 nobilissimum
3329 5101 3490 5163 caput
3511 5108 3664 5148 suum
3690 5093 3854 5165 pedi-

2275 5188 2374 5242 bus
2395 5187 2590 5242 Christi
2621 5186 2872 5240 admovit.
2901 5186 2955 5240 8.
2995 5185 3227 5239 Videntes
3250 5195 3418 5240 autem
3447 5185 3684 5254 discipuli
3707 5187 3853 5254 ejus,

2276 5277 2459 5347 inquit,
2488 5277 2733 5346 indignati
2769 5286 2904 5342 sunt,
2949 5275 3167 5330 dicentes
3189 5276 3303 5330 :Ad
3325 5277 3448 5346 quid
3467 5277 3681 5348 perditio
3700 5277 3811 5331 hac
3826 5279 3858 5334 .’

2275 5368 2328 5421 9.
2372 5366 2544 5420 Potuit
2586 5369 2719 5420 enim
2760 5376 3068 5438 unguentum
3111 5367 3204 5421 hoc
3243 5367 3536 5424 cmundari
3561 5367 3756 5432 multo,
3799 5378 3853 5424 et

2274 5460 2384 5512 dari
2420 5459 2742 5528 pauperibus.
2787 5459 2874 5513 t0.
2920 5457 3096 5513 Sciens
3141 5470 3310 5514 autem
3344 5459 3494 5514 Iesus
3541 5459 3667 5514 dixit
3693 5474 3714 5514 ι
3739 5459 3851 5514 Cur

2273 5552 2466 5605 molesti
2502 5551 2620 5603 estis
2659 5550 2775 5603 huic
2813 5550 3051 5604 mulieri?
3083 5549 3224 5620 Opus
3253 5552 3387 5606 enim
3425 5551 3609 5605 bonum
3634 5562 3854 5619 operata

2272 5651 2342 5693 est
2371 5641 2422 5693 in
2452 5657 2548 5694 me.
2579 5641 2662 5694 Η.
2695 5639 2954 5710 Pauperes
2981 5642 3111 5694 enim
3140 5657 3333 5710 semper
3355 5641 3544 5696 habetis
3569 5640 3850 5705 vobiscum,

2272 5748 2349 5786 me
2377 5742 2540 5785 autem
2570 5748 2667 5785 non
2697 5749 2889 5802 semper
2915 5733 3125 5787 habetis.
3158 5733 3247 5787 12.
3280 5731 3563 5786 lmmittens
3592 5732 3727 5810 enim
3750 5733 3852 5787 hoc
