4174 6332
207 366 301 423 725

209 493 506 552 sugttentutn
537 481 589 533 iu
612 493 791 545 corpus
835 491 996 528 neeum
1022 514 1036 534 ,
1067 475 1133 525 ad
1161 468 1500 539 sepeliendum
1538 479 1612 514 me
1640 458 1774 529 fecit.

209 573 289 626 15.
320 575 474 624 Amen
505 571 618 623 dico
639 568 793 630 robis,
820 567 1114 634 ubicumque
1145 560 1472 634 prwdicatum
1503 555 1654 626 fuerit
1686 553 1779 606 hoc

208 660 506 732 euangelium
527 660 581 712 in
601 659 829 712 uniuerso
857 656 1066 718 mundo,
1091 663 1142 709 et
1167 650 1300 721 quod
1319 651 1428 704 lia'c
1447 649 1564 712 [erit
1586 647 1781 700 dicetur

209 754 254 806 in
274 752 560 806 memoriam
584 752 711 814 eius.
743 750 804 805 Et
834 748 977 803 unde
1005 747 1121 801 haec
1148 746 1250 799 illis
1279 741 1530 814 cogitatio
1557 738 1777 792 subortu

207 843 319 896 est?
355 840 648 896 Audieram
691 840 956 895 dicentem
999 837 1339 907 Magistrum,
1375 826 1777 885 Misericorde

209 932 329 998 uolo,
348 941 394 986 et
421 948 520 986 non
549 932 852 1000 sacriﬁcium
873 929 1026 1000 (Osee
1067 928 1120 984 6.
1152 927 1230 998 6),
1258 925 1578 993 ιῐιιιίτεοείιιιο
1600 922 1778 977 incre-

209 1032 433 1092 pantem,
461 1022 588 1092 quia
620 1021 822 1090 majora
849 1018 1183 1089 negligehant
1204 1057 1218 1079 ,
1244 1015 1501 1086 judicium
1523 1053 1538 1077 ,
1569 1010 1781 1067 miseri-

207 1112 434 1176 condiam
460 1121 516 1166 et
541 1111 697 1166 iidem
720 1150 735 1176 ,
775 1119 830 1166 et
860 1109 1024 1165 multa
1055 1108 1107 1162 in
1138 1117 1317 1162 tnontc
1345 1106 1416 1160 de
1438 1105 1777 1171 elcemosyna

208 1203 503 1272 loquentem
531 1219 544 1253 :
569 1203 798 1273 hincque
821 1201 960 1272 apud
998 1214 1058 1256 se
1097 1199 1419 1269 colligebant
1444 1194 1776 1265 c0gitabant-

206 1307 336 1362 que,
366 1294 410 1346 si
437 1292 746 1347 holocausta
775 1300 831 1346 et
857 1299 1094 1345 veterem
1125 1289 1326 1343 cultum
1354 1301 1461 1341 non
1493 1284 1774 1348 admittat,

209 1385 370 1440 multo
398 1385 575 1439 minus
612 1384 864 1454 unguenti
896 1383 1220 1438 unctionem.
1247 1379 1352 1437 Sed
1380 1377 1432 1432 hi
1458 1378 1672 1448 quidem
1698 1377 1776 1431 sic

206 1477 520 1547 cogitabant,
544 1478 658 1546 ipse
675 1477 801 1532 vero
825 1483 1058 1531 mentem
1077 1474 1193 1543 ejus
1217 1471 1528 1541 respiciens,
1550 1468 1772 1525 dimisit.

206 1567 326 1622 Nam
350 1568 514 1622 multa
541 1568 710 1639 pietas
735 1577 851 1622 erat
877 1577 931 1622 et
957 1564 1223 1621 inell‘abile
1245 1563 1478 1620 studium
1512 1579 1527 1617 :
1552 1561 1777 1632 ideoque

204 1659 312 1730 ejus
339 1659 549 1715 (οπεοιυί
589 1677 647 1717 se
690 1667 1087 1729 attemperans,
1126 1655 1396 1712 concessit
1438 1662 1499 1708 ut
1538 1655 1594 1708 in
1617 1660 1777 1722 caput

204 1753 361 1821 ipsius
387 1751 567 1806 oleum
594 1748 971 1806 edunderetur.
1001 1748 1132 1804 Nam
1161 1747 1205 1802 si
1245 1746 1408 1802 homo
1439 1744 1553 1800 ﬁeri
1573 1787 1588 1809 ,
1621 1755 1778 1800 utero

203 1845 408 1914 gestari,
452 1844 588 1899 lacte
636 1843 825 1897 nutriri
857 1855 962 1897 non
991 1841 1280 1904 recusavit,
1327 1838 1452 1909 quid
1480 1836 1693 1891 miraris
1728 1834 1777 1890 si

205 1935 298 1990 hoc
341 1952 445 1990 nun
482 1935 756 2005 depellat?
797 1933 1256 2004 Quemadmodum
1287 1933 1428 1989 enim
1471 1931 1628 1985 Pater
1659 1928 1778 2000 ejus

204 2027 432 2082 nidorem
462 2035 519 2082 et
544 2026 768 2093 fumum,
793 2027 870 2080 sic
912 2033 961 2080 et
993 2025 1108 2094 ipse
1142 2023 1479 2095 meretricem
1506 2021 1770 2090 suscepit,

201 2117 308 2187 t-jus
339 2127 571 2174 nictttem
602 2128 652 2173 et
675 2118 933 2183 animum,
964 2125 1022 2170 ut
1042 2114 1171 2177 dixi,
1210 2113 1532 2185 approbatis.
1565 2111 1774 2168 Eeuim

200 2210 356 2263 .lacnb
402 2210 623 2281 cippum
672 2209 782 2265 Deo
825 2208 1051 2271 inunxit,
1093 2217 1150 2263 et
1187 2208 1242 2262 in
1271 2205 1548 2263 sacriﬁciis
1594 2207 1775 2261 oleum

199 2299 528 2366 nil'erebatur,
557 2299 972 2368 sacerdotesque
988 2307 1256 2369 unguento
1273 2298 1606 2368 augebantur
1623 2296 1772 2368 (Gen.

199 2389 282 2444 9-8.
327 2391 420 2461 18;
464 2390 628 2447 Lerit.
656 2390 712 2446 2.
743 2390 778 2446 4
821 2399 868 2445 et
903 2390 958 2445 8.
990 2391 1085 2460 10)
1129 2409 1141 2444 :
1184 2405 1368 2444 rerum
1410 2390 1657 2461 discipuli
1682 2390 1773 2460 qui

198 2482 424 2539 mulieris
452 2485 692 2539 animum
721 2498 827 2539 non
857 2484 1272 2554 cognoscebant,
1301 2484 1604 2554 importune
1629 2483 1772 2540 illam

197 2575 629 2643 criminabantur,
661 2586 716 2632 et
755 2575 1058 2633 accusando
1105 2577 1347 2632 mulieris
1395 2577 1772 2634 liberalitatem

195 2666 487 2721 ostendunt.
520 2667 652 2722 Cum
678 2667 860 2722 dicunt
886 2668 1048 2736 enim,
1081 2667 1297 2724 Poterat
1325 2670 1577 2724 trecentis
1603 2669 1775 2725 dena-

196 2755 282 2810 riis
306 2755 657 2823 venumdari,
705 2759 996 2814 ostendunt
1037 2769 1291 2825 quantum
1334 2759 1679 2830 insutupserit
1715 2759 1769 2815 in

197 2857 513 2918 unguentum
542 2848 677 2904 illud
704 2889 719 2914 ,
751 2858 807 2905 et
833 2860 1084 2921 quautam
1112 2850 1417 2907 exhibuerit
1445 2852 1769 2909 muniﬁcen-

195 2937 330 2990 tiam.
356 2937 718 3007 Quamobrcm
746 2941 890 3010 ipsos
909 2943 1161 3012 increpat,
1190 2942 1414 2999 dicens:
1445 2944 1548 2999 Cur
1573 2947 1771 3002 molesti

194 3029 300 3085 estis
327 3031 442 3086 huic
463 3032 666 3087 mulieri
681 3031 708 3087 7
735 3033 800 3088 Et
824 3033 1081 3090 rationem
1104 3036 1304 3107 adjicit,
1337 3048 1392 3093 ut
1423 3037 1529 3094 illis
1554 3045 1766 3112 passio-

194 3123 270 3176 nis
297 3126 609 3182 memoriam
636 3138 911 3184 ret'ocaret
939 3143 954 3181 :
985 3129 1065 3182 Ad
1089 3130 1400 3199 sepulturam
1428 3134 1572 3188 enim
1601 3149 1766 3190 meam

192 3215 280 3270 hoc
319 3218 454 3290 fecit.
501 3217 741 3290 Itemque
780 3221 922 3277 aliud
968 3222 1302 3279 ratiocinium
1341 3226 1544 3282 addidit
1575 3245 1588 3282 :
1618 3226 1763 3284 Pau-

191 3325 321 3374 pem
342 3311 476 3367 enim
499 3329 702 3383 semper
721 3315 995 3381 uobiscum,
1031 3334 1111 3372 me
1136 3330 1304 3374 autem
1323 3336 1424 3376 non
1445 3338 1643 3394 semper
1665 3325 1762 3380 ha-

190 3399 318 3456 betis.
347 3403 432 3469 Et,
459 3403 774 3478 Ubicumque
788 3409 1114 3478 praedicatum
1132 3412 1286 3481 fuerit
1310 3413 1406 3467 hoc
1425 3416 1760 3488 evangelium,

188 3495 506 3558 aquatilium
534 3499 656 3568 fecit
698 3499 908 3555 dicetur.
943 3500 1188 3557 Vidistin’
1235 3507 1506 3574 qnnmndo
1552 3507 1761 3563 exitum

187 3582 245 3638 ad
270 3595 451 3655 gentes
478 3591 820 3658 praenuntiat,
858 3591 945 3647 hic
989 3594 1151 3649 etiam
1190 3594 1467 3665 discipulis
1494 3598 1561 3654 de
1588 3610 1764 3658 morte

186 3689 271 3728 sua
317 3677 743 3745 consolationem
792 3682 1063 3739 all'ereus?
1124 3683 1400 3755 Siquidem
1448 3699 1590 3745 tanta
1640 3702 1762 3761 post

184 3778 384 3822 crucem
415 3769 588 3825 virtus
609 3770 724 3841 ejus
751 3773 922 3830 futura
951 3785 1054 3843 est,
1088 3786 1145 3832 ut
1172 3780 1481 3848 pr‘thliCulio
1514 3785 1528 3813 ‘
1563 3798 1656 3852 per
1681 3792 1763 3839 to-

187 3865 285 3910 tum
312 3860 500 3916 orbem
529 3861 853 3922 effundatur.
899 3867 1030 3936 Quis
1071 3871 1139 3925 ita
1181 3873 1344 3928 miser
1373 3883 1474 3939 cst,
1510 3884 1568 3930 ut
1597 3885 1760 3932 tanta:

184 3949 375 4005 \critati
415 3955 718 4025 repugnet?
743 3956 880 4015 Ecce
920 3961 1063 4018 enim
1105 3963 1176 4025 id,
1207 3966 1350 4036 quod
1377 3966 1532 4033 dixit,
1565 3969 1758 4025 factum

182 4050 284 4102 cat;
327 4052 381 4096 et
408 4059 749 4116 quocumque
804 4056 1068 4108 terrarum
1123 4055 1242 4123 ibis,
1297 4057 1434 4114 hanc
1480 4059 1758 4117 mulierem

183 4129 443 4193 pra-dieari
471 4123 661 4189 audies
693 4152 707 4189 :
737 4154 1055 4211 quamquam
1102 4145 1186 4200 illa
1235 4162 1344 4204 non
1387 4150 1608 4221 insignis
1639 4169 1758 4223 pcr-

179 4232 297 4276 soua
322 4236 484 4289 esset,
533 4242 635 4282 nec
655 4230 806 4286 multi
831 4242 995 4290 testes
1024 4237 1270 4294 adessent
1296 4257 1311 4306 ;
1342 4257 1438 4297 nec
1462 4243 1514 4296 in
1547 4245 1757 4300 theatro

179 4312 393 4380 quodam
421 4330 511 4372 res
541 4327 688 4386 gesta
720 4332 885 4391 esset,
915 4325 1009 4379 sed
1037 4327 1088 4380 iu
1110 4328 1296 4399 duum,
1320 4341 1372 4388 ct
1401 4333 1454 4389 in
1479 4334 1641 4392 domo
1681 4338 1757 4394 le-

180 4405 329 4471 prosi,
359 4404 642 4478 discipulis
668 4419 869 4467 tantum
899 4420 1270 4484 prmsentibus.

175 4679 321 4732 etiam
365 4695 713 4739 monumenta
758 4698 1002 4754 ntanent,
1039 4707 1128 4748 res
1169 4707 1332 4766 gestzn
1373 4679 1651 4769 tacentur;
1693 4722 1757 4762 ac

175 4768 286 4825 licet
313 4773 472 4830 urbes
520 4778 910 4848 excitat'eriut,
939 4799 1123 4840 muros
1155 4789 1670 4865 circumsuuxerint,
1703 4801 1754 4854 in

176 4861 320 4962 bellis
349 4868 587 4925 victores
631 4871 828 4928 fuerint
850 4915 866 4939 ,
899 4886 1096 4946 tropara
1126 4885 1392 4939 erexcrint
1415 4927 1428 4946 .
1460 4861 1756 4962 gentesque

175 4954 353 5010 multas
381 4959 433 5013 in
464 4959 786 5019 servitutem
821 4966 1153 5038 redegerint,
1192 4989 1290 5028 nec
1323 4954 1499 5044 tanta,
1530 4996 1627 5035 nec
1652 4954 1752 5037 uo-

174 5046 307 5139 tuiue
344 5066 442 5105 suo
483 5053 600 5107 noti
630 5065 752 5110 sunt
771 5096 790 5122 ,
820 5058 1028 5115 etiamsi
1056 5074 1110 5118 et
1139 5073 1341 5122 statuas
1366 5074 1633 5128 erexerint
1655 5115 1668 5139 ,
1700 5086 1755 5131 et

177 5136 308 5209 leges
330 5141 581 5199 dederint
610 5161 622 5199 :
655 5147 794 5217 quod
819 5160 997 5206 autem
1020 5157 1269 5212 meretrix
1301 5159 1476 5216 oleum
1508 5136 1754 5223 effuderit

176 5228 402 5328 iit-domo
427 5236 628 5305 leprosi
652 5281 668 5303 ,
744 5237 929 5294 decem
1005 5244 1133 5298 viris
1157 5242 1507 5317 prmsentibns
1532 5298 1548 5322 ,
1579 5259 1626 5311 id
1655 5273 1749 5328 per

176 5319 342 5376 orbem
385 5336 608 5381 cantant
637 5344 823 5385 ouutcs
845 5373 860 5390 .
891 5347 956 5387 ac
994 5346 1110 5403 post
1142 5347 1344 5395 tantum
1388 5319 1749 5413 temporis-rei

174 5423 323 5478 gesta:
344 5420 602 5473 memoria
635 5436 741 5474 non
773 5425 1027 5480 minuitur
1058 5444 1069 5479 :
1095 5432 1187 5484 sed
1219 5432 1415 5500 Pcrsm,
1447 5438 1579 5506 Indi,
1609 5441 1745 5506 Scy-

179 5500 292 5570 thm,
313 5506 570 5574 Thraces,
600 5512 946 5583 Smrnmatm,
975 5518 1160 5585 Mauri,
1187 5525 1272 5592 qui
1305 5500 1634 5586 Britannicas
1665 5501 1748 5588 ῑῖι.

177 5593 307 5648 snlas
335 5597 596 5666 incolunt,
629 5604 768 5671 quod
797 5606 847 5660 in
877 5606 1059 5665 Judzca
1091 5612 1143 5666 iu
1181 5615 1340 5671 domo
1366 5621 1617 5690 quadam,
1651 5641 1751 5682 nec

238 5752 255 5784 ι
279 5759 377 5813 tuo,
405 5759 709 5815 pra-trium.
737 5761 814 5810 aln‘.
839 5776 884 5813 ε·
917 5768 1078 5816 ‘uorel.
1106 5769 1297 5836 legunt,
1321 5779 1637 5841 evangelium.

453 5861 728 5923 ἐξῆψε..
779 5865 898 5926 Cu.
952 5870 1166 5937 L‘l'lll.

1081 355 1143 411 IN
1184 345 1585 410 dl.\TTll/EUil
1629 336 1853 398 lililllL.
1897 337 2109 393 LXXX.
2152 341 2220 394 al.
2265 340 2501 398 LXXXI.

3383 338 3487 394 7‘6

1891 454 2083 520 palam,
2135 471 2164 508 a
2217 457 2496 510 meretrice
2545 455 2741 510 factum
2799 467 2879 510 cst
2910 498 2924 520 ,
2957 455 3267 524 pra-dicant.
3301 455 3485 527 Magna

1891 549 2101 603 Dmnini
2131 550 2430 620 benignitas
2465 551 2800 606 meretricem
2844 548 2947 604 fert
2972 589 2988 613 ,
3018 551 3356 606 meretricem
3389 567 3481 621 pe-

1885 639 1982 694 tles
2011 641 2341 698 osculantem
2369 684 2383 707 ,
2413 643 2640 712 oleoque
2669 641 2930 711 rigentem
2956 682 2971 706 ,
3004 651 3058 694 et
3085 643 3481 712 abs-tergentem

1884 733 2125 800 capillis;
2158 734 2303 789 illam
2323 733 2577 801 admittit,
2610 743 2660 789 et
2700 741 2987 804 arguentes
3009 733 3248 804 increpat
3271 750 3284 788 :
3309 749 3484 805 neque

1885 827 2028 883 enim
2055 829 2292 898 oportuit
2319 846 2418 899 pro
2448 837 2595 883 tanto
2621 829 2799 884 studio
2829 827 3108 883 mulierem
3138 830 3478 899 reprehendi.

1885 916 1968 974 Tu
1995 933 2124 975 vero
2144 919 2273 974 mihi
2294 920 2604 975 consideres
2626 919 2772 980 illud,
2799 934 2960 990 quam
2985 917 3199 974 sublimi
3224 921 3403 975 animo
3436 933 3482 976 ιιι

1884 1007 1952 1064 ad
1990 1008 2412 1065 misericordiam
2457 1025 2629 1082 prono
2673 1022 2857 1082 postea
2901 1019 3105 1068 essent.
3138 1010 3204 1066 Et
3248 1026 3344 1067 cur
3374 1027 3479 1066 ηπ·

1884 1101 2203 1170 simpliciter
2227 1101 2382 1167 dixit,
2414 1103 2618 1158 Bonum
2645 1116 2783 1172 opus
2805 1102 2933 1158 fecit
2965 1119 2980 1158 :
3010 1101 3104 1158 sed
3133 1103 3316 1174 prius,
3344 1103 3482 1171 Quid

1885 1191 2082 1246 molesti
2110 1195 2229 1248 estis
2257 1193 2458 1247 mulieri
2477 1194 2503 1248 7
2527 1192 2595 1250 Ut
2618 1193 2890 1250 discerent
2914 1209 3022 1249 non
3050 1210 3078 1249 a
3107 1194 3369 1265 principio
3393 1211 3475 1250 sn-
3544 1243 3547 1246 .

1883 1280 2128 1337 blimiora
2197 1282 2266 1338 ab
2316 1283 2672 1340 imbecillibus
2722 1299 2844 1341 esse
2892 1285 3142 1356 petenda.
3194 1284 3322 1341 ideo
3374 1302 3478 1341 non

1883 1373 2053 1441 ipsam
2084 1389 2196 1430 rem
2227 1374 2544 1444 simpliciter
2571 1376 2840 1430 examinat
2865 1417 2880 1442 ,
2909 1376 3004 1432 sed
3034 1375 3212 1432 addita
3241 1376 3481 1432 mulieris

1885 1480 2134 1534 persma.
2167 1465 2298 1521 Nam
2326 1466 2372 1521 si
2401 1465 2576 1534 legem
2609 1466 2790 1532 ferret,
2821 1466 2890 1523 de
2919 1467 3146 1524 muliere
3171 1483 3277 1524 non
3306 1468 3482 1540 loque

1883 1567 2032 1611 retur
2060 1572 2075 1613 :
2102 1556 2196 1611 sed
2221 1566 2277 1612 ut
2302 1557 2479 1614 discas
2501 1557 2550 1612 id
2572 1565 2792 1628 propter
2821 1559 2989 1628 ipsam
3017 1558 3218 1615 dietum
3244 1575 3386 1627 esse,
3414 1565 3481 1614 ne

1882 1648 2269 1718 germinantem
2293 1649 2410 1719 ejus
2439 1647 2598 1705 iidem
2624 1650 2943 1716 obruerent,
2972 1649 3068 1706 sed
3111 1651 3284 1722 magis
3331 1651 3480 1706 mve-

1881 1747 2005 1794 rent
2032 1757 2047 1794 :
2076 1739 2200 1797 ideo
2226 1741 2305 1796 sic
2335 1741 2591 1811 loquitur,
2623 1749 2681 1796 ut
2718 1753 2818 1796 nos
2843 1740 3072 1808 doceat,
3105 1743 3483 1814 quodcumque

1881 1831 2080 1886 bonum
2122 1847 2153 1888 a
2200 1833 2389 1904 quovis
2430 1833 2543 1899 list,
2573 1833 2784 1889 etiamsi
2827 1848 2935 1889 non
2965 1834 3254 1890 admodum
3303 1836 3480 1906 perfe-

1881 1929 2030 1978 ctum
2059 1924 2147 1988 sit,
2179 1925 2582 1994 suscipiendum
2610 1939 2675 1981 ac
2701 1925 2988 1982 fovendum
3020 1941 3162 1995 esse,
3189 1936 3243 1983 et
3269 1929 3334 1982 ad
3361 1946 3480 1984 ma-

1878 2012 1995 2085 jora
2020 2013 2433 2070 deducendum:
2460 2029 2638 2088 neque
2687 2017 2839 2071 initio
2878 2033 3095 2074 onmem
3138 2019 3482 2088 perlectinnivt

1881 2106 2274 2163 accuratiouem
2303 2121 2424 2164 esse
2451 2108 2816 2177 qttmrendum.
2846 2102 2979 2164 Nam
2999 2109 3270 2166 Christum
3295 2112 3364 2165 ita
3391 2129 3480 2162 m-

1881 2195 2046 2252 luisse
2071 2195 2197 2253 hinc
2227 2206 2373 2268 patet
2398 2238 2412 2263 ,
2439 2198 2582 2269 quod
2613 2213 2736 2254 cum
2767 2213 2871 2253 non
2907 2198 3163 2267 haberet,
3206 2202 3293 2256 ubi
3321 2215 3475 2272 caput

1879 2300 2035 2341 suum
2063 2287 2381 2351 reclinaret,
2410 2287 2616 2344 loculos
2645 2299 2825 2344 tamen
2859 2289 3196 2347 circumferri
3234 2292 3476 2360 jusserit.

1878 2381 1985 2439 Sed
2015 2391 2140 2439 tunc
2184 2383 2312 2439 illud
2340 2393 2553 2454 tempus
2581 2399 2687 2440 non
2717 2385 3065 2455 requirebat,
3098 2397 3156 2441 ut
3181 2402 3268 2442 res
3293 2402 3473 2442 emen-

1877 2475 2118 2540 daretur,
2149 2475 2244 2531 sed
2274 2483 2330 2531 ut
2354 2477 2723 2549 susciperetur
2750 2487 2978 2534 tantum.
3009 2476 3474 2545 Quemadmodum

1877 2566 2021 2620 enim
2067 2568 2112 2622 si
2150 2568 2272 2640 quis
2307 2569 2376 2625 ab
2420 2583 2487 2626 eo
2537 2570 2894 2642 quaesivisset,
2937 2572 3164 2628 muliere
3216 2587 3322 2627 nou
3375 2571 3478 2627 hoc

1878 2657 2052 2727 ipsum
2078 2656 2340 2727 faciente,
2371 2675 2477 2716 non
2506 2661 2580 2716 ita
2603 2661 2909 2718 faciendum
2940 2677 3063 2721 csse
3100 2663 3325 2721 dixisset
3353 2682 3367 2719 :
3397 2667 3475 2719 sic

1876 2749 2000 2819 quia
2024 2751 2111 2806 illa
2144 2752 2256 2821 jam
2290 2754 2508 2820 iecerat,
2537 2753 2592 2812 in
2620 2755 2674 2812 id
2702 2771 2865 2812 unum
2890 2767 3094 2813 tantum
3123 2760 3376 2829 respicit,
3407 2777 3474 2817 ne

1877 2841 2243 2912 increpatione
2282 2844 2667 2918 discipulorum
2712 2848 2766 2904 in
2804 2851 3079 2920 angustias
3106 2851 3426 2921 conjiciatur
3453 2895 3468 2919 ,

1873 2933 1969 2989 sed
1994 2943 2050 2988 ut
2079 2933 2196 3005 ipso
2236 2946 2458 2992 curante
2500 2937 2728 2995 alacrior
2767 2939 2900 2995 iacta
2923 2979 2939 3006 ,
2970 2939 3022 2995 iu
3055 2939 3248 2997 melius
3278 2957 3472 3012 proce-

1872 3024 1982 3080 dat.
2012 3025 2144 3081 Nam
2169 3036 2446 3101 postquam
2470 3029 2648 3086 oleum
2668 3029 2895 3087 ell'usum
2923 3030 3041 3099 fuit,
3061 3033 3170 3101 jatn
3200 3048 3307 3087 non
3339 3045 3473 3089 tem-

1871 3117 2076 3183 pestiva
2098 3127 2216 3174 erat
2237 3120 2446 3174 illorum
2471 3121 2782 3191 increpatio.
2798 3121 2866 3177 Et
2891 3131 2946 3177 tu
2974 3137 3190 3194 quoque
3213 3125 3259 3181 si
3281 3140 3440 3194 quem

1871 3209 2013 3279 piam
2056 3208 2238 3265 videas
2276 3225 2403 3266 rasa
2445 3226 2594 3268 sacra
2637 3211 2988 3269 adornantem
3019 3223 3075 3269 et
3109 3213 3466 3282 offerentem,

1869 3307 1962 3354 aut
1986 3299 2154 3356 alium
2191 3301 2433 3357 ecclesia)
2459 3310 2706 3359 ornatum
2729 3303 2868 3359 circa
2894 3319 3078 3360 muros
3106 3313 3162 3360 ct
3193 3306 3466 3374 pavimen-

1871 3399 1981 3446 tum
2011 3393 2422 3450 concinnantem
2448 3435 2463 3457 ,
2494 3409 2562 3451 ne
2584 3393 2778 3464 jubeas
2809 3394 2899 3451 illa
2927 3395 3262 3463 venumdari,
3295 3406 3387 3452 aut
3416 3399 3466 3453 id

1867 3482 2008 3553 quod
2038 3481 2234 3538 factum
2260 3492 2345 3540 est
2367 3486 2562 3554 everti,
2593 3498 2664 3542 ne
2703 3479 2846 3541 illius
2870 3486 3200 3543 alacritatem
3231 3489 3466 3543 minuas.

1865 3575 1919 3629 Si
1947 3589 2074 3630 vero
2105 3576 2410 3648 priusquam
2456 3576 2572 3634 lucc
2603 3578 2828 3635 adornet
2849 3620 2865 3646 ,
2897 3580 3179 3636 consilium
3219 3595 3249 3636 ι
3289 3589 3343 3636 te
3375 3599 3464 3652 pc.

1867 3665 2030 3734 tierit,
2054 3668 2181 3738 jnbe
2206 3670 2530 3740 pauperibus
2548 3670 2664 3727 dari
2691 3690 2703 3727 :
2736 3687 2858 3727 nam
2885 3685 2938 3729 et
2966 3674 3100 3744 ipse,
3127 3690 3194 3730 ne
3224 3676 3465 3731 mulieris

1865 3758 2129 3816 {errarem
2172 3763 2566 3834 exstingueret,
2597 3765 2669 3821 ita
2715 3764 2876 3831 fecit;
2903 3776 2960 3823 et
2998 3767 3254 3840 quidquid
3297 3768 3459 3838 dicit,

1861 3851 1930 3903 ad
1973 3851 2093 3919 ejus
2133 3852 2558 3911 consolationem
2591 3857 2782 3928 vergit.
2815 3857 3017 3914 Deinde
3043 3860 3169 3929 quia
3207 3859 3457 3925 dixerat,

1864 3941 1946 3994 Ad
1968 3942 2278 4012 sepulturam
2306 3961 2466 3999 meam
2498 3947 2614 4018 fecit
2637 3963 2657 4002 :
2685 3963 2753 4004 ne
2781 3949 3058 4006 videretur
3083 3951 3368 4009 mulierem
3410 3955 3461 4008 in

1862 4031 2083 4089 dubium
2109 4038 2378 4106 conjicere
2401 4079 2417 4104 ,
2443 4039 2570 4094 dum
2611 4041 2941 4111 sepulturam
2972 4053 3029 4099 ct
3055 4055 3282 4101 mortem
3309 4062 3461 4102 com-

1863 4136 2208 4194 memoraret,
2240 4128 2360 4183 vide
2386 4131 2655 4200 quomodo
2692 4135 2745 4187 in
2771 4137 3121 4205 sequentibus
3149 4138 3292 4192 illam
3322 4141 3463 4194 sole-

1863 4227 1953 4272 tur
1997 4219 2080 4273 his
2126 4219 2303 4275 verbis
2332 4237 2347 4275 :
2381 4222 2550 4288 Quod
2580 4225 2690 4278 lucc
2738 4226 2859 4296 fecit
2905 4228 3201 4282 narrabitur
3250 4231 3309 4282 ir.
3359 4241 3462 4284 tota

1863 4311 2073 4366 numda.
2100 4311 2213 4367 lloc
2238 4323 2289 4367 ct
2317 4314 2594 4384 discipulis
2620 4318 2974 4374 consolationi
3003 4329 3141 4386 erat,
3165 4337 3223 4378 et
3251 4324 3460 4379 mulieri

1861 4403 2001 4457 laudi
2038 4414 2093 4458 et
2135 4405 2405 4463 levamini.
2436 4407 2676 4478 Omnes,
2705 4411 2895 4482 inquit,
2927 4413 3071 4468 illam
3104 4425 3287 4484 postea
3313 4418 3456 4472 cele-

1863 4494 2128 4563 brabunt;
2159 4513 2298 4553 nunc
2328 4501 2629 4569 passionem
2662 4505 3060 4572 pra-nuntiavit,
3092 4507 3218 4562 dtuu
3249 4526 3312 4564 ea
3343 4528 3462 4579 qua:

1860 4591 1926 4644 ad
1949 4592 2278 4658 sepulturam
2305 4595 2573 4661 pertinent
2601 4596 2792 4651 obtulit
2819 4615 2832 4650 :
2862 4612 2932 4654 ne
2961 4598 3140 4672 itaque
3167 4603 3287 4672 quis
3315 4603 3460 4658 illaut

1863 4681 2122 4750 increpet.
2167 4683 2398 4739 Tantum
2440 4685 2585 4740 enim
2634 4688 2788 4743 abest
2817 4699 2876 4745 ut
2924 4691 3066 4746 illam
3094 4692 3370 4762 damnent,
3409 4713 3456 4749 nt

1861 4789 1980 4842 qua:
1995 4773 2342 4840 tualel'ecerit,
2369 4785 2422 4830 ut
2445 4777 2836 4847 reprehendam
2859 4789 2917 4837 ut
2937 4798 3056 4854 quae
3077 4784 3385 4856 deliquerit,
3409 4804 3460 4842 nt

1862 4879 1967 4917 non
1994 4864 2166 4920 sinam
2194 4866 2390 4921 factum
2414 4867 2600 4937 latere,
2629 4872 2722 4926 sed
2752 4873 2985 4929 nmndus
3005 4877 3138 4932 sciet
3170 4877 3220 4932 id
3243 4879 3382 4949 quod
3411 4883 3459 4933 in

1861 4955 2025 5011 domo
2051 4967 2107 5011 et
2150 4958 2202 5012 in
2233 4960 2551 5018 abscondito
2578 4962 2777 5019 factum
2805 4974 2908 5021 est.
2934 4967 3067 5022 Nam
3105 4984 3135 5023 a
3168 4971 3252 5041 pia
3282 4984 3462 5025 mcttlu

1862 5045 1977 5101 inec
2003 5045 2237 5117 profecta
2266 5061 2478 5112 sunt,et
2500 5068 2529 5107 a
2553 5052 2657 5109 ﬁde
2687 5055 2898 5111 ardenti
2919 5066 2973 5112 et
2994 5059 3178 5115 animo
3206 5063 3457 5117 contrito.

1859 5137 1970 5192 Cur
1995 5154 2123 5194 vero
2150 5141 2280 5195 nihil
2312 5143 2589 5212 spirituale
2616 5148 2862 5216 promisit
2891 5150 3125 5217 mulieri,
3153 5153 3247 5206 sed
3275 5168 3458 5222 perpu-

1862 5237 2008 5283 tuam
2038 5235 2391 5289 memoriam?
2411 5235 2515 5291 Per
2535 5235 2650 5294 haec
2681 5239 2733 5293 id
2761 5239 2963 5309 effecit,
2989 5253 3042 5295 ut
3070 5243 3139 5298 de
3166 5243 3269 5298 illis
3299 5247 3461 5300 υιίςιιιι

1860 5333 2120 5390 speraret.
2152 5323 2284 5380 Nam
2327 5327 2375 5381 si
2416 5343 2552 5398 opus
2582 5331 2780 5387 bonum
2822 5333 2981 5400 rem,
3007 5334 3148 5390 haud
3189 5336 3352 5393 dubie
3383 5340 3462 5390 di.

1857 5428 2018 5482 gnam
2057 5416 2359 5471 mercedem
2388 5421 2628 5489 recipiet.
2663 5423 2749 5479 14.
2785 5423 2927 5479 Tunc
2956 5428 3215 5497 profectus
3243 5446 3373 5483 unus
3400 5446 3461 5482 ex

1859 5503 2125 5558 duodecim
2149 5505 2318 5562 Judas
2337 5550 2352 5574 ,
2383 5512 2471 5580 qui
2500 5513 2759 5569 dicebatur
2785 5516 3183 5587 Iscariotes,‘ad
3208 5522 3462 5590 principes

1860 5597 2198 5664 sacerdotum,
2228 5601 2312 5654 15.
2344 5602 2474 5656 dixit
2497 5622 2514 5657 :
2539 5605 2676 5672 Quid
2701 5609 2851 5664 uultis
2872 5611 2996 5664 milii
3017 5613 3156 5676 dare,
3187 5623 3235 5666 et
3260 5630 3350 5682 ego
3371 5630 3461 5666 eo-

1859 5687 1932 5742 bis
1961 5693 2157 5744 tradam
2189 5709 2299 5747 eum
2323 5697 2347 5747 ?
2372 5695 2551 5763 Tunc;
2582 5702 2921 5769 quandonam
2941 5706 2962 5759 .’
2986 5703 3118 5759 Cum
3153 5703 3268 5759 hate
3307 5705 3462 5761 dicc-

1862 5794 2064 5847 t‘cntur,
2101 5801 2218 5838 t'tttu
2245 5787 2397 5852 dixit,
2435 5791 2510 5842 Ad
2550 5798 2860 5862 sepulturam
2897 5812 3059 5849 meum
3087 5813 3105 5850 :
3136 5813 3306 5869 nequc
3336 5799 3461 5856 inde

2993 5922 3125 5980 '17
