4174 6332
641 326 747 384 727

641 445 988 508 compunctus
1011 444 1093 492 est
1126 454 1138 490 :
1172 450 1343 508 neque
1379 438 1584 503 timuit,
1613 450 1733 491 eum
1759 432 1960 488 audivit
1983 472 1996 495 ,
2023 427 2218 500 praedi-

642 528 866 585 candum
896 527 1091 597 ubique
1129 541 1249 583 esse
1273 526 1642 599 Evangelium.
1670 524 1802 580 Nam
1831 522 1973 593 quod
2011 520 2217 576 diceba-

641 630 729 676 tur
752 620 966 675 virtutis
980 628 1101 675 erat
1132 618 1410 674 inelfabilis
1441 637 1457 674 :
1496 618 1590 675 sed
1616 633 1735 673 cum
1764 616 2033 679 mulieres.
2058 614 2225 684 ipsae-

635 726 742 781 que
769 712 1081 766 meretrices
1101 718 1304 765 tantum
1320 708 1400 765 illi
1426 708 1801 777 impendebant
1830 706 2071 771 honoris,
2099 717 2223 759 tunc

639 802 735 858 ille
758 800 1075 857 diabolicum
1103 800 1309 856 facinus
1330 799 1541 856 edebat.
1560 799 1668 854 Cur
1689 808 1866 854 autem
1888 797 2004 866 ejus
2026 809 2220 865 cogno-

636 905 762 948 men
787 891 1009 948 dicunt?
1032 891 1166 961 Quia
1192 890 1331 947 alius
1353 890 1518 946 Iudas
1545 898 1679 948 erat.
1706 889 1889 960 Neque
1931 896 2103 942 tamen
2138 884 2220 938 di-

636 995 763 1037 cere
779 980 1045 1046 dubitant,
1074 979 1249 1051 ipsum
1277 994 1310 1037 e
1338 995 1563 1037 numero
1603 978 1884 1036 duodecim
1929 975 2111 1032 fuisse.
2143 973 2217 1030 lta

638 1071 775 1128 nihil
800 1070 1067 1127 occultant
1092 1086 1278 1128 eorum
1297 1084 1416 1140 qua:
1440 1069 1696 1141 probrosa
1720 1084 1841 1125 esse
1869 1065 2214 1123 videbantur:

638 1177 959 1234 quamquam
986 1170 1231 1233 poterant
1253 1160 1793 1236 simpliciterdicere,
1824 1160 1995 1230 ipsum
2022 1172 2086 1213 ex
2116 1171 2217 1211 nu-

636 1268 791 1307 mero
818 1251 1201 1323 discipulorum
1249 1251 1433 1308 fuisse.
1461 1252 1628 1308 Erant
1664 1251 1859 1322 quippe
1895 1249 1985 1304 alii
2026 1256 2220 1319 praeter

636 1343 921 1400 duodecim
947 1343 1085 1400 illos.
1115 1343 1265 1401 Nunc
1290 1345 1511 1409 addunt,
1543 1344 1625 1400 Ea:
1650 1343 1915 1399 duodecim
1936 1385 1953 1410 ,
1980 1356 2043 1398 ac
2070 1343 2115 1398 si
2139 1341 2220 1397 di-

637 1445 843 1499 cerent,
872 1449 941 1490 en
968 1435 1140 1505 primo
1165 1435 1332 1490 choro
1360 1449 1549 1489 eorum
1573 1473 1588 1498 ,
1619 1448 1752 1504 quos
1794 1432 1947 1504 quasi
1988 1434 2219 1501 optimos

636 1524 817 1595 elegit,
846 1525 936 1595 qui
974 1540 1097 1579 eum
1137 1524 1294 1579 Petro
1316 1534 1371 1580 et
1394 1522 1600 1579 Joanne
1624 1532 1795 1580 erant.
1829 1522 1996 1580 Unam
2021 1520 2220 1593 quippe

633 1616 894 1671 curabant
919 1616 1216 1682 veritatem,
1248 1632 1348 1673 nec
1376 1631 1465 1672 res
1487 1624 1666 1688 gestas
1687 1615 2065 1672 obscurabant.
2097 1616 2218 1669 Ideo

635 1707 789 1779 signa
812 1708 973 1763 multa
996 1716 1429 1779 prtetercurrunt,
1446 1724 1512 1764 ex
1539 1708 1602 1763 iis
1620 1717 1796 1762 autem
1817 1722 1937 1777 qua:
1963 1705 2217 1776 probrosa

628 1810 754 1853 esse
782 1795 1096 1854 videbantur
1114 1798 1243 1853 nihil
1260 1799 1455 1864 celant,
1482 1797 1577 1853 sed
1598 1798 1709 1852 sive
1734 1796 2097 1860 verbum,sive
2119 1811 2215 1865 ge-

632 1896 796 1954 stum,
810 1890 923 1945 sive
934 1890 1143 1960 quidvis
1154 1890 1295 1945 aliud
1311 1905 1435 1946 cum
1455 1890 1697 1945 libertate
1707 1897 1762 1945 et
1779 1888 1965 1944 fiducia
1978 1896 2211 1943 narrant.

706 1979 761 2032 3.
799 1978 983 2050 Neque
1022 1979 1074 2034 hi
1111 1989 1338 2045 tantum,
1370 1978 1465 2035 sed
1494 1980 1653 2035 etiam
1679 1980 1767 2050 qui
1794 1978 2106 2034 sublimiora
2140 1978 2219 2031 Io-

632 2070 898 2140 quebatur
923 2069 1176 2127 Joannes.
1208 2071 1301 2128 Ille
1326 2074 1469 2129 enim
1500 2073 1766 2142 przccipue
1795 2080 1974 2127 narrat
2000 2081 2056 2127 et
2079 2086 2213 2128 con-

638 2160 881 2215 tumelias
926 2169 980 2215 et
1024 2160 1309 2231 approbria
1356 2177 1477 2233 quae
1522 2162 1755 2230 pertulit.
1792 2161 1860 2216 Et
1909 2160 2032 2217 vide
2087 2161 2215 2216 mihi

633 2259 889 2320 quantum
927 2251 999 2306 sit
1036 2250 1187 2307 ludas
1229 2252 1433 2318 scelus,
1461 2267 1619 2323 quam
1662 2260 1855 2323 sponte
1895 2252 2213 2319 accesserit,

630 2342 844 2410 quando
873 2343 1116 2411 pactione
1137 2342 1377 2413 pecuniae
1412 2352 1466 2398 et
1496 2344 1736 2415 pecunias
1763 2344 1978 2399 tantula:
2005 2344 2104 2400 hoc
2140 2344 2219 2401 fe-

636 2429 729 2485 cit.
759 2429 927 2484 Lucas
956 2445 1085 2487 vero
1112 2431 1271 2498 dicit,
1305 2434 1478 2504 ipsum
1512 2448 1634 2489 cum
1681 2433 1902 2490 ducibus
1955 2434 2216 2506 pepigisse

635 2516 783 2588 (Luc.
812 2519 903 2575 9-2.
927 2521 961 2575 4
984 2520 1021 2590 ).
1067 2520 1290 2592 Propter
1333 2520 1625 2579 seditiones
1674 2524 1817 2578 enim
1867 2522 2171 2579 Iudaeorum
2198 2564 2215 2590 ,

639 2610 990 2680 pmfecerunt
1017 2610 1240 2668 Romani
1272 2613 1498 2685 aliquos,
1535 2614 1624 2683 qui
1667 2612 1809 2670 bono
1833 2629 2012 2670 rerum
2039 2614 2214 2670 ordini

624 2700 1006 2771 advigilareut.
1037 2702 1167 2759 Nam
1206 2704 1530 2775 principatus
1573 2720 1758 2761 eorum
1800 2706 1912 2776 jam
1948 2705 2216 2762 defecerat

633 2792 926 2846 secttndum
957 2794 1306 2863 prophetiam.
1334 2794 1447 2850 Hos
1475 2795 1631 2865 igitur
1668 2795 1853 2851 adiens
1875 2795 2007 2851 dixit
2036 2814 2050 2850 :
2081 2796 2217 2863 Quid

632 2882 783 2936 vultis
828 2883 952 2937 mihi
976 2884 1132 2950 dare,
1166 2894 1214 2939 et
1254 2902 1345 2957 ego
1374 2885 1513 2940 vobis
1559 2901 1673 2940 eum
1718 2886 1957 2941 tradam?
1984 2885 2074 2941 Illi
2104 2904 2217 2943 vero

634 2975 991 3031 constituerunt
1027 2977 1072 3032 ei
1113 2978 1320 3049 triginta
1359 2987 1639 3049 argenteos.
1672 2978 1759 3035 16.
1792 2977 1859 3033 Et
1887 2995 1950 3033 ea:
1995 2995 2053 3033 eo
2088 2989 2215 3034 tem-

636 3068 1033 3137 pore~qutrrebat
1068 3069 1492 3139 apportuttitatem
1515 3111 1531 3137 ,
1556 3080 1610 3124 ut
1646 3070 1864 3125 traderet
1902 3086 2036 3125 eunt.
2081 3071 2213 3126 Nam

636 3158 855 3213 timebat
884 3160 1295 3224 multitudinem,
1328 3161 1562 3232 nihilque
1581 3161 1723 3215 aliud
1744 3161 2034 3231 qumrcbat,
2054 3177 2211 3230 quam

637 3258 695 3302 nt
721 3248 869 3302 illum
894 3260 1143 3320 caperet.~
1159 3250 1205 3307 ÎŸ
1227 3251 1543 3306 stultitiam?
1571 3251 1838 3320 quomodo
1867 3252 2010 3306 illum
2036 3267 2213 3308 esca:-

630 3337 780 3393 cavit
799 3339 1036 3409 pecuniae
1058 3341 1247 3395 amor?
1274 3340 1404 3396 Nam
1430 3343 1517 3412 qui
1547 3342 1692 3396 illum
1720 3356 1863 3411 stupe
1891 3343 2092 3397 viderat
2123 3358 2217 3411 per

638 3430 839 3484 medios
870 3438 1251 3500 transeuntem,
1280 3448 1378 3489 nec
1416 3443 1650 3503 captum,
1681 3448 1899 3504 sumque
1923 3434 2215 3490 divinitatis

635 3531 691 3574 et
717 3522 966 3590 potentia:
994 3532 1303 3592 argumenta
1331 3524 1494 3577 multa
1523 3523 1737 3579 dantem
1757 3564 1773 3591 ,
1804 3524 2036 3594 speravit
2066 3540 2124 3579 sc
2150 3526 2215 3579 il-

637 3610 746 3663 lum
775 3624 966 3679 capere
1006 3626 1194 3681 posse;
1223 3614 1515 3680 przesertim
1540 3628 1658 3668 cunt
1687 3622 1765 3669 tot
1790 3614 1863 3669 illi
1903 3614 2063 3669 verba
2093 3629 2214 3683 pro-

639 3701 844 3757 tulisset
870 3701 1118 3757 terribilia
1146 3703 1304 3757 simul
1327 3715 1381 3759 et
1408 3713 1679 3759 mansueta
1700 3744 1717 3769 ,
1746 3713 1804 3759 ut
1840 3704 1975 3760 hanc
2018 3707 2213 3760 malam

637 3791 728 3846 ille
758 3791 1138 3861 cogitationem.
1162 3792 1430 3861 abiieeret.
1461 3793 1642 3864 Neque
1669 3794 1811 3849 enim
1864 3795 1915 3849 in
1958 3809 2110 3850 cmua
2146 3796 2213 3849 ab

635 3896 701 3938 eo
726 3882 963 3937 curando
988 3883 1227 3949 destitit,
1256 3884 1350 3939 sed
1383 3900 1549 3954 usque
1590 3885 1656 3939 ad
1692 3886 1932 3940 ultimum
1962 3888 2101 3941 diem
2132 3886 2214 3939 his

636 3972 703 4028 de
730 3972 888 4029 rebus
915 3974 1086 4042 ipsum
1114 3974 1499 4044 alloquebatur.
1528 3975 1632 4031 Sed
1665 3977 1796 4031 nihil
1819 3978 1868 4032 id
1897 3977 1970 4031 illi
1997 3979 2212 4047 profuit.

633 4063 744 4120 Nec
773 4072 947 4120 tamen
976 4064 1094 4120 ideo
1126 4066 1380 4123 Dominus
1408 4069 1640 4123 cessavit
1664 4084 1782 4140 quae
1814 4085 1912 4124 sua
1956 4082 2109 4125 erant
2135 4071 2214 4124 fa-

634 4168 780 4211 cere.
809 4156 933 4211 Haec
976 4156 1149 4227 itaque
1188 4172 1309 4212 eum
1352 4174 1451 4213 nos
1483 4160 1731 4225 sciamus,
1764 4160 1893 4215 nibil
1938 4176 2042 4216 non
2088 4178 2215 4233 aga-

638 4262 757 4303 mus
784 4248 852 4305 ad
873 4248 1203 4304 revocandos
1223 4262 1529 4320 peccatores
1551 4262 1605 4307 et
1631 4252 1869 4318 desides,
1902 4265 2178 4309 monentes
2198 4296 2213 4320 ,

626 4338 892 4395 docentes
914 4381 931 4405 ,
960 4339 1325 4407 obsecrantes,
1357 4340 1630 4397 hortantes
1653 4382 1668 4405 ,
1697 4344 1973 4399 consilium
2006 4345 2213 4411 dantes,

631 4430 732 4485 etsi
775 4429 906 4485 nihil
946 4430 1310 4501 proficiamus.
1338 4431 1469 4486 Nam
1504 4431 1747 4488 Christus
1795 4435 2101 4503 prreseicbat
2126 4436 2219 4491 Ju-

637 4521 760 4577 dam
792 4527 1077 4593 numquam
1098 4523 1489 4579 emendandum
1521 4523 1633 4580 fore
1662 4542 1675 4580 :
1703 4533 1757 4580 et
1785 4534 1961 4582 tamen
1992 4544 2095 4581 non
2123 4528 2219 4582 de-

632 4611 855 4668 sistebat
874 4627 967 4668 sua
993 4612 1188 4681 facere,
1212 4614 1499 4680 monendo,
1529 4618 1928 4684 comminando,
1961 4620 2214 4674 miserum

635 4702 884 4772 dicendo,
912 4712 967 4760 et
994 4721 1279 4777 numquam
1306 4707 1469 4772 clare,
1497 4708 1590 4763 sed
1621 4710 1965 4767 subobscure.
1983 4713 2046 4767 .ln
2068 4713 2218 4783 ipso-

641 4810 746 4865 que
788 4796 1104 4866 proditionis
1147 4806 1425 4870 tempore,
1466 4801 1795 4857 osculantem
1838 4819 1895 4858 se
1928 4806 2081 4860 tulit:
2123 4806 2217 4861 sed

641 4887 772 4942 nihil
805 4888 891 4942 illa
916 4887 1186 4959 profuere.
1214 4890 1447 4946 Tantum
1474 4901 1557 4948 est
1582 4895 1799 4948 avaritia
1830 4897 2024 4953 malum
2060 4917 2071 4952 :
2105 4899 2219 4956 hare

526 4990 527 4993 â€˜
633 4977 825 5047 quippe
841 4977 991 5034 illum
1007 4992 1058 5034 et
1072 4980 1387 5051 sacrilegum
1409 4991 1466 5037 et
1478 4983 1800 5052 proditorem
1819 4986 2008 5042 effecit.
2031 4991 2221 5049 Audite

634 5084 818 5124 omnes
846 5072 1031 5141 avari,
1055 5073 1140 5142 qui
1167 5072 1319 5128 Iudae
1355 5075 1541 5129 morbo
1598 5076 1854 5132 laboratis
1884 5096 1898 5132 Ï„
1954 5081 2127 5136 audite
2167 5094 2221 5140 et

635 5172 814 5218 cavete
834 5163 983 5220 vobis
1006 5165 1075 5219 ab
1099 5166 1190 5221 illo
1214 5168 1422 5222 morbo.
1451 5167 1580 5223 Nam
1606 5170 1649 5223 si
1691 5172 1736 5225 is
1763 5173 1848 5240 qui
1872 5187 1989 5226 eum
2013 5173 2223 5231 Christo

639 5251 888 5321 vivebat,
920 5256 1009 5326 qui
1039 5256 1187 5326 signa
1202 5256 1451 5312 ediderat
1474 5300 1488 5324 ,
1520 5260 1609 5329 qui
1651 5270 1793 5316 tanta
1828 5262 2101 5318 fruebatur
2124 5267 2221 5319 du-

634 5344 825 5408 ctrina,
856 5348 974 5415 quia
1004 5349 1192 5403 abboc
1211 5351 1399 5405 morbo
1421 5366 1527 5406 non
1549 5368 1607 5408 se
1627 5354 1841 5423 expedis
1856 5356 1915 5420 it,
1938 5356 1990 5410 in
2024 5367 2221 5412 tantum

634 5434 936 5491 barathrum
958 5438 1202 5509 delapsus
1220 5449 1320 5505 est;
1344 5443 1510 5495 multo
1533 5446 1699 5513 magis
1720 5461 1834 5511 vos,
1862 5448 1947 5515 qtti
1971 5463 2067 5502 nec
2086 5451 2227 5503 Seri-

636 5534 818 5592 pturas
843 5527 1085 5594 audistis,
1110 5531 1199 5601 qui
1219 5546 1429 5602 semper
1442 5535 1796 5603 praesentibus
1818 5537 2011 5591 addicti
2033 5537 2218 5603 fuistis,

634 5616 699 5670 ab
726 5616 825 5673 hoc
855 5620 1045 5677 morbo
1066 5620 1221 5678 facile
1248 5624 1550 5695 eapiemini,
1578 5628 1682 5683 nisi
1702 5628 1915 5685 assidue
1946 5630 2042 5701 ipsi
2073 5632 2223 5687 advi-

634 5708 826 5777 giletis.
846 5711 1091 5780 Quotidie
1115 5714 1200 5771 ille
1222 5730 1339 5770 cum
1358 5715 1571 5774 Christo
1590 5728 1724 5787 erat,
1749 5723 1839 5790 qui
1864 5736 1966 5776 non
1992 5721 2222 5779 habebat

1346 323 1403 381 8.
1444 321 1722 380 JOANNIS
1754 311 2232 376 CIIBYSOSTOMI
2270 310 2586 370 ARCHIEP.
2628 309 3159 407 COiVSTANTlNOP.

3808 314 3923 372 vsa

2326 428 2414 484 ubi
2442 438 2598 499 caput
2628 444 2783 485 suum
2812 431 3097 485 reclinaret
3117 471 3133 495 .
3180 439 3231 485 et
3262 428 3502 501 quotidie
3529 430 3598 484 ab
3644 415 3736 484 illo
3764 430 3922 486 iusti-

2326 521 2570 576 tuebatur
2594 522 2845 592 Operibus
2873 530 2933 576 et
2956 521 3158 587 verbis,
3192 536 3299 576 non
3325 532 3575 591 oportere
3600 535 3815 586 aurum,
3836 523 3923 576 vel

2281 615 2284 619 â€œ
2325 618 2602 682 argentum
2629 651 2646 677 ,
2698 611 2785 666 vel
2814 610 2951 667 duas
3004 611 3209 665 tunicas
3239 610 3475 675 habere,
3523 624 3698 681 neque
3743 618 3925 666 tamen

2324 699 2549 771 resipuit
2578 718 2592 755 :
2619 707 2672 755 et
2718 698 2985 771 quomodo
3029 708 3088 756 tu
3110 715 3328 770 sperare
3375 710 3526 770 petes
3552 741 3569 769 ,
3611 709 3670 755 te
3710 699 3781 755 ab
3820 699 3925 756 hoc

2325 791 2513 847 morbo
2555 791 2888 847 liberandum
2916 806 3039 848 esse
3062 833 3079 858 ,
3108 791 3211 848 nisi
3241 792 3461 848 multam
3496 807 3680 849 curam
3708 802 3766 849 et
3802 793 3927 849 dili-

2322 882 2555 951 gentiam
2580 880 2836 937 adhibeas
2850 882 2875 933 Ï„
2900 881 3054 938 Acris
3072 890 3176 946 est,
3198 882 3339 938 acris
3356 891 3505 940 certe
3522 892 3606 940 est
3630 883 3748 940 hac
3766 882 3881 940 fera
3906 902 3921 939 :

2322 977 2556 1025 attamen
2597 970 2644 1025 si
2674 970 2807 1026 velis
2831 1011 2846 1036 ,
2895 970 3053 1028 facile
3082 971 3283 1029 vinces.
3313 972 3441 1029 Habe
3481 972 3625 1029 enim
3654 974 3925 1046 cupiditas

2322 1074 2429 1116 non
2459 1061 2766 1117 necessario
2792 1077 2824 1117 a
2861 1069 3051 1118 natura
3079 1063 3297 1134 prodit,
3338 1073 3398 1120 ut
3426 1064 3605 1135 palam
3645 1075 3730 1122 est
3759 1082 3829 1122 ex
3854 1067 3925 1123 iis

2320 1150 2411 1222 qui
2441 1151 2529 1206 illa
2554 1162 2800 1223 expertes
2824 1162 2950 1209 sunt
2974 1170 2989 1208 :
3012 1169 3135 1210 nam
3161 1170 3281 1227 qua:
3297 1169 3329 1210 a
3353 1166 3545 1229 natura
3573 1156 3924 1228 proï¬ciscun-

2323 1248 2430 1306 tur,
2456 1248 2581 1297 sunt
2604 1243 2853 1298 omnibus
2880 1244 3218 1311 communia;
3251 1245 3367 1302 haec
3396 1260 3525 1303 vero
3552 1246 3821 1317 cupiditas
3846 1263 3918 1303 ex

2322 1328 2523 1387 desidia
2553 1331 2725 1388 solum
2753 1334 2993 1389 nascitur
3016 1353 3031 1390 :
3059 1335 3185 1392 inde
3211 1337 3470 1403 nascitur,
3502 1337 3631 1393 inde
3654 1349 3881 1410 augetur
3900 1380 3919 1405 ,

2321 1434 2520 1492 eosque
2547 1423 2637 1493 qui
2663 1422 2729 1477 ad
2751 1423 2923 1494 ipsam
2942 1423 3150 1481 inhiant
3172 1441 3294 1482 cum
3324 1427 3495 1483 semel
3523 1429 3749 1499 ceperit,
3778 1431 3928 1500 cogit

2323 1521 2515 1581 praeter
2534 1522 2774 1569 naturam
2796 1515 2996 1571 vivere.
3016 1515 3148 1572 Nam
3165 1533 3287 1572 cum
3307 1518 3555 1589 ignorent
3568 1519 3923 1588 eontribules.

2323 1601 2550 1670 amicos,
2581 1602 2794 1672 fratres,
2822 1616 3099 1678 cognatos,
3126 1621 3313 1664 omnes
3341 1609 3695 1679 simpliciter.
3720 1619 3779 1667 et
3798 1625 3924 1667 cum

2324 1691 2412 1746 his
2436 1692 2597 1749 etiam
2623 1696 2853 1764 seipsos,
2887 1710 3067 1751 annon
3096 1698 3195 1752 hoc
3222 1706 3307 1753 est
3334 1708 3529 1768 praeter
3569 1710 3814 1756 naturam
3846 1702 3929 1757 vi-

2321 1796 2448 1839 vere
2466 1783 2491 1836 â€˜l
2511 1783 2661 1840 Unde
2681 1786 2851 1855 palam
2867 1797 2969 1851 est,
2985 1788 3273 1858 nequitiam
3291 1803 3413 1845 esse
3430 1800 3629 1860 praeter
3653 1800 3925 1860 neutram,

2324 1887 2530 1929 necnon
2559 1876 2795 1931 avaritia:
2836 1878 3082 1949 morbum
3101 1918 3120 1946 ,
3155 1880 3207 1934 in
3236 1896 3396 1950 quem
3430 1881 3684 1952 delapsus
3713 1882 3882 1941 ludas
3904 1926 3924 1953 ,

2325 1964 2570 2033 proditor
2600 1965 2771 2023 factus
2792 1980 2896 2025 est.
2929 1968 2996 2024 Et
3022 1971 3291 2040 quomodo
3317 1972 3438 2027 talis
3466 1974 3638 2029 factus
3680 1985 3767 2030 est
3786 2017 3802 2043 ,
3830 1977 3926 2032 in-

2319 2057 2507 2127 quies.
2536 2067 2754 2115 vocatus
2793 2078 2825 2115 a
2848 2061 3105 2119 Christo?
3146 2062 3279 2132 Quia
3325 2064 3421 2121 Dei
3449 2068 3662 2123 vocatio
3706 2068 3921 2125 nullum

2320 2149 2500 2218 cogit,
2531 2164 2703 2220 neque
2746 2151 3050 2208 violentiam
3101 2154 3261 2210 infert
3289 2157 3546 2213 voluntati
3585 2173 3774 2215 eorum
3818 2162 3917 2231 qui

2322 2242 2511 2297 nolunt
2540 2243 2783 2299 virtutem
2821 2245 3020 2316 eligere
3042 2288 3069 2314 Ï„
3096 2247 3191 2303 sed
3222 2247 3467 2306 hortatur
3503 2250 3702 2322 datque
3738 2253 3930 2308 cousi-

2324 2332 2449 2387 lium
2469 2374 2485 2397 ,
2512 2342 2672 2405 atque
2698 2336 2877 2391 omnia
2912 2337 3038 2392 facit
3060 2348 3118 2394 et
3143 2349 3398 2409 operatur
3419 2382 3435 2407 ,
3467 2350 3526 2397 ut
3545 2342 3768 2399 suadeat
3793 2358 3928 2401 esse

2321 2422 2492 2477 bonos
2520 2443 2534 2479 :
2565 2424 2610 2478 si
2638 2438 2766 2479 vero
2791 2424 3004 2494 quidam
3037 2438 3368 2499 repugnent,
3402 2445 3510 2486 non
3536 2432 3925 2490 necessitatem

2321 2511 2504 2569 infert.
2536 2512 2595 2569 Si
2638 2515 2717 2568 vis
2745 2515 2990 2582 discere,
3022 2516 3164 2574 unde
3192 2519 3304 2589 ipse
3331 2520 3452 2576 talis
3480 2521 3651 2578 factus
3680 2523 3786 2589 sit,
3830 2524 3923 2579 in-

2319 2605 2503 2660 venies
2550 2606 2720 2676 ipsum
2777 2609 3119 2678 pecuniarum
3180 2610 3471 2681 cupiditate
3517 2613 3761 2684 periisse.
3810 2615 3926 2672 Sed

2317 2696 2589 2766 quomodo
2614 2737 2629 2759 ,
2679 2697 2887 2768 inquies
2909 2739 2923 2764 ,
2977 2699 3075 2755 hac
3107 2701 3354 2768 passione
3397 2711 3583 2773 captus
3626 2704 3751 2760 est!
3784 2705 3928 2771 Quia

2320 2787 2477 2844 deses
2500 2788 2880 2860 negligensque
2908 2790 3026 2846 fuit.
3061 2792 3194 2848 llinc
3217 2794 3361 2849 enim
3406 2796 3541 2851 tales
3570 2796 3703 2850 fiunt
3744 2810 3928 2851 nima-

2323 2882 2517 2943 tiones,
2551 2892 2606 2936 ut
2634 2883 2965 2938 contrarium
2992 2899 3058 2939 ex
3085 2884 3359 2955 diligentia
3382 2887 3578 2941 evenit.
3608 2887 3752 2955 Quot
3771 2891 3923 2942 enim

2320 2972 2409 3043 qui
2439 2972 2658 3028 violenti
2690 2980 2878 3038 erant,
2927 2990 3072 3029 nunc
3111 2985 3235 3030 sunt
3262 2975 3449 3032 ovibus
3486 2979 3927 3035 mansuetiores?

2319 3074 2451 3134 quot
2474 3064 2675 3130 lascivi,
2709 3075 2893 3135 postea
2920 3069 3052 3122 casti
3080 3066 3333 3123 fuerunt?
3355 3076 3487 3138 quot
3512 3070 3660 3125 avari
3689 3079 3743 3125 et
3768 3086 3930 3139 rapa-

2319 3169 2430 3222 ces,
2452 3170 2591 3211 nunc
2615 3171 2707 3212 sua
2732 3156 3093 3225 profundunt?
3112 3157 3451 3215 Contrarium
3474 3175 3603 3215 vero
3627 3175 3694 3216 ex
3714 3160 3929 3215 desidia

2314 3246 2508 3303 oritur.
2539 3246 2673 3301 Nam
2699 3247 2846 3303 Giezi
2887 3265 3008 3303 cum
3038 3249 3155 3305 viro
3194 3260 3381 3307 sancto
3418 3243 3667 3317 vivebat,
3722 3262 3777 3308 et
3810 3254 3931 3323 ipse

2322 3336 2595 3407 improbus
2621 3338 2810 3402 evasit,
2842 3340 2943 3394 hoc
2973 3340 3090 3409 ipso
3118 3342 3305 3397 morbo
3335 3341 3622 3409 laborans,
3650 3343 3739 3413 qui
3769 3354 3932 3399 certe

2320 3431 2557 3484 omnium
2598 3428 2923 3486 deterrimus
2954 3442 3036 3486 cst
3077 3434 3170 3504 (4.
3200 3431 3331 3505 Reg.
3372 3432 3469 3505 5).
3501 3434 3635 3490 Hinc
3654 3434 3934 3505 prodeunt

2318 3520 2683 3601 sepulcrorum
2714 3522 3028 3587 ellâ€˜ossores,
3059 3525 3181 3580 hinc
3204 3526 3502 3591 homicidas,
3538 3512 3665 3582 hinc
3696 3528 3837 3585 bella
3865 3539 3929 3585 et

2321 3626 2530 3681 pugnat,
2559 3610 2682 3667 hinc
2700 3612 2925 3683 quodvis
2948 3614 3165 3669 malum.
3200 3616 3513 3686 llujusmodi
3539 3618 3702 3674 homo
3724 3620 3933 3692 ubique

2320 3702 2520 3759 inutilis
2544 3713 2647 3769 est,
2676 3713 2785 3759 tum
2811 3705 2877 3760 ad
2903 3707 3198 3762 exercitum
3224 3706 3550 3777 ducendum,
3581 3720 3693 3765 tum
3714 3710 3782 3765 ad
3813 3727 3930 3766 ma-

2318 3794 2571 3862 gistratus
2617 3794 2850 3849 urbanos
2894 3797 3161 3867 gerendos
3213 3816 3227 3852 :
3278 3799 3391 3853 imo
3439 3814 3546 3855 non
3596 3801 3648 3855 in
3694 3801 3936 3871 publicis

2320 3884 2480 3938 modo
2510 3884 2670 3939 rebus
2690 3924 2705 3950 ,
2736 3884 2831 3940 sed
2861 3886 2912 3939 in
2939 3885 3267 3942 domesticis.
3293 3888 3350 3943 Si
3380 3904 3513 3944 uxor
3537 3888 3779 3946 ducenda
3807 3892 3884 3947 sit
3911 3933 3931 3959 ,

2322 3991 2427 4031 non
2458 3976 2675 4046 probam
2701 3976 2879 4043 ducet,
2908 3978 3001 4034 sed
3027 3982 3266 4035 omnium
3292 3980 3577 4050 pessimam
3606 3999 3620 4035 :
3652 3983 3935 4042 si'domtts

2322 4069 2544 4124 emenda
2568 4109 2585 4136 ,
2616 4084 2721 4124 non
2750 4070 2920 4125 libero
2950 4071 3161 4142 dignam
3190 4081 3330 4128 emet
3351 4114 3366 4137 ,
3396 4073 3490 4131 sed
3517 4090 3635 4144 quae
3662 4076 3934 4145 majorem

2323 4169 2635 4228 proventum
2678 4159 2869 4217 allâ€˜erre
2897 4163 3101 4231 possit;
3131 4163 3175 4217 si
3207 4163 3349 4218 servi
3386 4164 3602 4221 emendi
3627 4206 3643 4231 ,
3671 4167 3757 4222 vel
3787 4167 3929 4236 quid

2321 4251 2486 4317 aliud,
2512 4250 2654 4321 quod
2681 4253 2834 4306 vilius
2860 4253 2961 4306 erit
2982 4261 3143 4307 emet.
3164 4253 3303 4321 Quid
3336 4269 3464 4309 vero
3483 4255 3672 4325 loquor
3695 4257 3763 4313 de
3782 4257 3937 4316 duco

2322 4343 2606 4409 exercitus,
2640 4341 2706 4396 de
2735 4330 3068 4413 magistratu,
3095 4344 3162 4399 de
3181 4346 3341 4400 rebus
3360 4344 3711 4402 domesticis?
3733 4346 3792 4403 Si
3829 4366 3936 4406 rex

2323 4430 2499 4496 fuerit,
2530 4434 2768 4486 omnium
2801 4434 3136 4489 miserrimus
3161 4435 3286 4500 erit,
3315 4436 3463 4491 orbis
3490 4438 3778 4507 pernicies,
3805 4455 3937 4495 oin-

2266 4580 2271 4585 .
2328 4524 2577 4593 niumque
2594 4526 2980 4593 pauperrimus.
3000 4525 3129 4580 Nam
3150 4527 3287 4581 sicut
3313 4542 3449 4583 unus
3472 4545 3503 4584 e
3521 4530 3680 4601 vulgo
3694 4530 3940 4590 affectus

2325 4614 2446 4678 erit,
2477 4628 2581 4668 non
2602 4625 2799 4685 putans
2820 4616 3058 4669 omnium
3086 4617 3227 4671 bona
3254 4630 3352 4672 sna
3376 4632 3495 4674 esse
3515 4659 3531 4685 ,
3560 4620 3652 4675 sed
3676 4634 3735 4674 ae
3755 4636 3938 4678 unum

2325 4721 2391 4761 ex
2422 4706 2601 4762 multis
2626 4749 2641 4773 ,
2668 4716 2722 4762 et
2748 4709 2873 4761 dum
2901 4709 3139 4763 omnium
3168 4708 3308 4763 bona
3352 4711 3525 4781 rapiet
3543 4752 3561 4779 ,
3593 4713 3847 4782 pauciora
3871 4729 3939 4771 se

2329 4796 2529 4863 putabit
2559 4797 2767 4851 caeteris
2792 4799 3039 4853 omnibus
3072 4797 3292 4854 habere.
3317 4798 3449 4854 Nam
3476 4798 3712 4873 illaâ€˜qutc
3736 4807 3938 4874 possi-

2326 4885 2419 4941 det
2461 4900 2778 4957 comparans
2830 4903 2951 4942 cum
2994 4890 3057 4944 iis
3098 4905 3215 4960 qua
3265 4892 3412 4961 cupit
3456 4902 3512 4948 et
3556 4893 3787 4950 nondum
3839 4910 3942 4956 est

2327 4977 2571 5047 adeptus,
2598 4978 2727 5032 nihil
2761 4978 2846 5033 illa
2878 4979 2961 5033 his
2990 4981 3346 5050 comparanda
3370 4983 3583 5052 putabit
3611 4999 3748 5041 esse.

2362 5070 2416 5123 4.
2437 5067 2587 5121 Avari
2598 5069 2782 5139 imago.
2803 5067 3021 5138 Inï¬rnta
3034 5072 3251 5139 nequitia
3266 5081 3359 5133 est,
3380 5074 3525 5144 [ortis
3538 5073 3942 5133 uirtus.Datsvua

2326 5177 2440 5230 qua:
2460 5171 2651 5215 tantum
2671 5163 2737 5216 ad
2756 5179 2938 5232 corpus
2963 5164 3227 5231 pertinent,
3260 5166 3455 5218 minimi
3478 5168 3944 5237 facimdaulnima

2330 5263 2445 5305 tunc
2471 5266 2661 5322 pauper
2681 5269 2794 5305 cum
2819 5253 3018 5307 divitias
3052 5255 3292 5322 possidet,
3324 5265 3441 5309 tunc
3465 5259 3601 5312 dives
3620 5276 3732 5311 cum
3761 5260 3935 5332 inops

2318 5342 2624 5399 est.-â€”ldeo
2650 5345 2723 5398 ait
2748 5345 2984 5414 quidam,
3012 5348 3178 5399 Auaro
3198 5346 3326 5399 nihil
3353 5348 3573 5417 iniquius
3603 5348 3802 5419 (Eccli.
3838 5354 3941 5410 t0.

2332 5436 2406 5506 9).
2432 5437 2559 5491 Nam
2584 5438 2673 5508 qui
2694 5438 2814 5493 talis
2832 5448 2931 5504 est,
2955 5438 3187 5509 seipsum
3204 5453 3413 5509 quoque
3436 5442 3675 5507 venditâ€˜,
3697 5453 3753 5498 et
3772 5458 3937 5501 eum-

2397 5551 2428 5620 t
2444 5550 2494 5597 in
2522 5549 2729 5611 vulgatis
2749 5550 3054 5620 Edtttonibus
3074 5550 3251 5620 'Graacis
3267 5550 3523 5620 Bibliorutn
3558 5556 3755 5620 omnino
3791 5556 3943 5608 aliud

2334 5611 2532 5675 legitur,
2560 5625 2737 5673 nempe
2768 5627 2779 5660 :
2805 5613 3031 5672 Quoniam
3068 5611 3120 5662 in
3158 5611 3254 5663 vita
3291 5625 3381 5662 sua
3402 5613 3602 5675 proiecit
3624 5617 3796 5667 intima
3817 5633 3937 5669 tua.

2332 5673 2552 5737 Quadam
2596 5681 2757 5737 autem
2805 5675 3105 5737 exemptagria
3136 5676 3208 5722 sic
3255 5673 3653 5737 habeutt'Araro
3695 5678 3821 5730 mâ€˜ht'l
3862 5690 3943 5732 eat

2337 5733 2577 5784 scelestius
2596 5747 2613 5795 ;
2639 5734 2715 5785 hic
2738 5735 2864 5785 enim
2888 5742 2933 5786 ct
2955 5733 3169 5784 annnam
3190 5748 3328 5785 suam
3356 5735 3566 5788 uenalem
3587 5741 3724 5806 faxit.
