  <div class='ocr_page' id='page_1' title='image "/cluster/home/n/w/nwhite01/storage/ocr_20150623/58/pst.000005712571/272.png"; bbox 0 0 4174 6332; ppageno 0'>
   <div class='ocr_carea' id='block_1_1' title="bbox 316 472 1929 553">
    <p class='ocr_par' dir='ltr' id='par_1_1' title="bbox 316 472 1929 553">
     <span class='ocr_line' id='line_1_1' title="bbox 316 472 1929 553; baseline -0.015 -1"><span class='ocrx_word' id='word_1_1' title='bbox 316 497 496 552; x_wconf 84' lang='lat' dir='ltr'><strong>munis</strong></span> <span class='ocrx_word' id='word_1_2' title='bbox 517 493 762 549; x_wconf 84' lang='lat' dir='ltr'><strong>omnium</strong></span> <span class='ocrx_word' id='word_1_3' title='bbox 794 489 965 544; x_wconf 79' lang='lat' dir='ltr'><strong>hostis</strong></span> <span class='ocrx_word' id='word_1_4' title='bbox 991 486 1412 553; x_wconf 78' lang='lat' dir='ltr'><strong>circumquaque</strong></span> <span class='ocrx_word' id='word_1_5' title='bbox 1441 477 1701 542; x_wconf 76' lang='lat' dir='ltr'><strong>ambulat,</strong></span> <span class='ocrx_word' id='word_1_6' title='bbox 1737 472 1929 531; x_wconf 81' lang='lat' dir='ltr'><strong>dolens</strong></span> 
     </span>
    </p>
   </div>
   <div class='ocr_carea' id='block_1_2' title="bbox 314 565 1926 662">
    <p class='ocr_par' dir='ltr' id='par_1_2' title="bbox 314 565 1926 662">
     <span class='ocr_line' id='line_1_2' title="bbox 314 565 1926 662; baseline -0.016 -15"><span class='ocrx_word' id='word_1_7' title='bbox 314 590 460 662; x_wconf 66' lang='lat' dir='ltr'><strong>quod</strong></span> <span class='ocrx_word' id='word_1_8' title='bbox 493 599 636 644; x_wconf 87' lang='lat' dir='ltr'><strong>terra</strong></span> <span class='ocrx_word' id='word_1_9' title='bbox 669 600 776 640; x_wconf 91' lang='lat' dir='ltr'><strong>non</strong></span> <span class='ocrx_word' id='word_1_10' title='bbox 801 596 992 638; x_wconf 88' lang='lat' dir='ltr'><strong>aurum</strong></span> <span class='ocrx_word' id='word_1_11' title='bbox 1021 595 1118 650; x_wconf 90' lang='lat' dir='ltr'><strong>pro</strong></span> <span class='ocrx_word' id='word_1_12' title='bbox 1147 577 1314 649; x_wconf 79' lang='lat' dir='ltr'><strong>spicis</strong></span> <span class='ocrx_word' id='word_1_13' title='bbox 1334 573 1589 647; x_wconf 79' lang='lat' dir='ltr'><strong>proferat,</strong></span> <span class='ocrx_word' id='word_1_14' title='bbox 1621 584 1724 626; x_wconf 90' lang='lat' dir='ltr'><strong>nec</strong></span> <span class='ocrx_word' id='word_1_15' title='bbox 1744 565 1926 624; x_wconf 80' lang='lat' dir='ltr'><strong>fontes</strong></span> 
     </span>
    </p>
   </div>
   <div class='ocr_carea' id='block_1_3' title="bbox 316 664 1932 755">
    <p class='ocr_par' dir='ltr' id='par_1_3' title="bbox 316 664 1932 755">
     <span class='ocr_line' id='line_1_3' title="bbox 316 664 1932 755; baseline -0.015 -17"><span class='ocrx_word' id='word_1_16' title='bbox 316 700 418 755; x_wconf 76' lang='lat' dir='ltr'><strong>pro</strong></span> <span class='ocrx_word' id='word_1_17' title='bbox 447 683 619 753; x_wconf 82' lang='lat' dir='ltr'><strong>aquis,</strong></span> <span class='ocrx_word' id='word_1_18' title='bbox 644 693 747 734; x_wconf 85' lang='lat' dir='ltr'><strong>nec</strong></span> <span class='ocrx_word' id='word_1_19' title='bbox 787 684 1000 732; x_wconf 90' lang='lat' dir='ltr'><strong>montes</strong></span> <span class='ocrx_word' id='word_1_20' title='bbox 1030 689 1129 743; x_wconf 91' lang='lat' dir='ltr'><strong>pro</strong></span> <span class='ocrx_word' id='word_1_21' title='bbox 1158 667 1327 741; x_wconf 89' lang='lat' dir='ltr'><strong>petris</strong></span> <span class='ocrx_word' id='word_1_22' title='bbox 1357 684 1372 728; x_wconf 85' lang='lat'><strong>;</strong></span> <span class='ocrx_word' id='word_1_23' title='bbox 1405 664 1746 722; x_wconf 87' lang='lat' dir='ltr'><strong>sterilitatem</strong></span> <span class='ocrx_word' id='word_1_24' title='bbox 1787 673 1932 730; x_wconf 69' lang='lat' dir='ltr'><strong>aegre</strong></span> 
     </span>
    </p>
   </div>
   <div class='ocr_carea' id='block_1_4' title="bbox 315 750 1934 844">
    <p class='ocr_par' dir='ltr' id='par_1_4' title="bbox 315 750 1934 844">
     <span class='ocr_line' id='line_1_4' title="bbox 315 750 1934 844; baseline -0.018 -11"><span class='ocrx_word' id='word_1_25' title='bbox 315 750 445 842; x_wconf 57' lang='lat' dir='ltr'><strong>iert,</strong></span> <span class='ocrx_word' id='word_1_26' title='bbox 477 750 530 829; x_wconf 82' lang='lat' dir='ltr'><strong>in</strong></span> <span class='ocrx_word' id='word_1_27' title='bbox 560 772 789 844; x_wconf 84' lang='lat' dir='ltr'><strong>publicis</strong></span> <span class='ocrx_word' id='word_1_28' title='bbox 813 769 969 824; x_wconf 84' lang='lat' dir='ltr'><strong>bonis</strong></span> <span class='ocrx_word' id='word_1_29' title='bbox 1004 771 1338 828; x_wconf 88' lang='lat' dir='ltr'><strong>contractus,</strong></span> <span class='ocrx_word' id='word_1_30' title='bbox 1371 768 1698 825; x_wconf 90' lang='lat' dir='ltr'><strong>omnemque</strong></span> <span class='ocrx_word' id='word_1_31' title='bbox 1726 750 1934 807; x_wconf 81' lang='lat' dir='ltr'><strong>fastidit</strong></span> 
     </span>
    </p>
   </div>
   <div class='ocr_carea' id='block_1_5' title="bbox 311 845 1928 934">
    <p class='ocr_par' dir='ltr' id='par_1_5' title="bbox 311 845 1928 934">
     <span class='ocr_line' id='line_1_5' title="bbox 311 845 1928 934; baseline -0.019 -6"><span class='ocrx_word' id='word_1_32' title='bbox 311 885 562 934; x_wconf 65' lang='lat' dir='ltr'><strong>Causam,</strong></span> <span class='ocrx_word' id='word_1_33' title='bbox 593 867 736 922; x_wconf 91' lang='lat' dir='ltr'><strong>unde</strong></span> <span class='ocrx_word' id='word_1_34' title='bbox 763 872 1045 934; x_wconf 77' lang='lat' dir='ltr'><strong>argentum</strong></span> <span class='ocrx_word' id='word_1_35' title='bbox 1069 874 1177 914; x_wconf 93' lang='lat' dir='ltr'><strong>non</strong></span> <span class='ocrx_word' id='word_1_36' title='bbox 1208 853 1490 928; x_wconf 83' lang='lat' dir='ltr'><strong>provenit;</strong></span> <span class='ocrx_word' id='word_1_37' title='bbox 1522 848 1702 906; x_wconf 85' lang='lat' dir='ltr'><strong>omnia</strong></span> <span class='ocrx_word' id='word_1_38' title='bbox 1726 845 1928 912; x_wconf 77' lang='lat' dir='ltr'><strong>ferens,</strong></span> 
     </span>
    </p>
   </div>
   <div class='ocr_carea' id='block_1_6' title="bbox 312 936 1930 1027">
    <p class='ocr_par' dir='ltr' id='par_1_6' title="bbox 312 936 1930 1027">
     <span class='ocr_line' id='line_1_6' title="bbox 312 936 1930 1027; baseline -0.017 -11"><span class='ocrx_word' id='word_1_39' title='bbox 312 963 448 1016; x_wconf 87' lang='lat' dir='ltr'><strong>dum</strong></span> <span class='ocrx_word' id='word_1_40' title='bbox 480 958 619 1014; x_wconf 75' lang='lat' dir='ltr'><strong>duos</strong></span> <span class='ocrx_word' id='word_1_41' title='bbox 657 955 830 1027; x_wconf 83' lang='lat' dir='ltr'><strong>possit</strong></span> <span class='ocrx_word' id='word_1_42' title='bbox 858 952 1049 1008; x_wconf 86' lang='lat' dir='ltr'><strong>obolos</strong></span> <span class='ocrx_word' id='word_1_43' title='bbox 1093 947 1316 1004; x_wconf 87' lang='lat' dir='ltr'><strong>lucrari.</strong></span> <span class='ocrx_word' id='word_1_44' title='bbox 1344 943 1547 1000; x_wconf 82' lang='lat' dir='ltr'><strong>Omnes</strong></span> <span class='ocrx_word' id='word_1_45' title='bbox 1590 938 1717 995; x_wconf 93' lang='lat' dir='ltr'><strong>odio</strong></span> <span class='ocrx_word' id='word_1_46' title='bbox 1744 936 1930 1002; x_wconf 81' lang='lat' dir='ltr'><strong>habet,</strong></span> 
     </span>
    </p>
   </div>
   <div class='ocr_carea' id='block_1_7' title="bbox 315 1030 1930 1126">
    <p class='ocr_par' dir='ltr' id='par_1_7' title="bbox 315 1030 1930 1126">
     <span class='ocr_line' id='line_1_7' title="bbox 315 1030 1930 1126; baseline -0.003 -25"><span class='ocrx_word' id='word_1_47' title='bbox 315 1067 588 1126; x_wconf 77' lang='lat' dir='ltr'><strong>pauperes</strong></span> <span class='ocrx_word' id='word_1_48' title='bbox 606 1093 624 1120; x_wconf 87' lang='lat'><strong>,</strong></span> <span class='ocrx_word' id='word_1_49' title='bbox 653 1051 850 1105; x_wconf 78' lang='lat' dir='ltr'><strong>divites</strong></span> <span class='ocrx_word' id='word_1_50' title='bbox 878 1064 892 1101; x_wconf 90' lang='lat'><strong>:</strong></span> <span class='ocrx_word' id='word_1_51' title='bbox 942 1057 1208 1116; x_wconf 82' lang='lat' dir='ltr'><strong>pauperes</strong></span> <span class='ocrx_word' id='word_1_52' title='bbox 1230 1082 1245 1105; x_wconf 92' lang='lat'><strong>,</strong></span> <span class='ocrx_word' id='word_1_53' title='bbox 1276 1055 1344 1094; x_wconf 90' lang='lat' dir='ltr'><strong>ne</strong></span> <span class='ocrx_word' id='word_1_54' title='bbox 1370 1039 1597 1109; x_wconf 88' lang='lat' dir='ltr'><strong>petitum</strong></span> <span class='ocrx_word' id='word_1_55' title='bbox 1633 1030 1930 1102; x_wconf 69' lang='lat' dir='ltr'><strong>accedant;</strong></span> 
     </span>
    </p>
   </div>
   <div class='ocr_carea' id='block_1_8' title="bbox 315 1125 1935 1215">
    <p class='ocr_par' dir='ltr' id='par_1_8' title="bbox 315 1125 1935 1215">
     <span class='ocr_line' id='line_1_8' title="bbox 315 1125 1935 1215; baseline -0.015 -15"><span class='ocrx_word' id='word_1_56' title='bbox 315 1125 540 1209; x_wconf 76' lang='lat' dir='ltr'><strong>divites,</strong></span> <span class='ocrx_word' id='word_1_57' title='bbox 571 1142 714 1215; x_wconf 91' lang='lat' dir='ltr'><strong>quod</strong></span> <span class='ocrx_word' id='word_1_58' title='bbox 745 1142 885 1196; x_wconf 88' lang='lat' dir='ltr'><strong>bona</strong></span> <span class='ocrx_word' id='word_1_59' title='bbox 909 1138 1125 1193; x_wconf 89' lang='lat' dir='ltr'><strong>illorum</strong></span> <span class='ocrx_word' id='word_1_60' title='bbox 1158 1149 1264 1188; x_wconf 91' lang='lat' dir='ltr'><strong>non</strong></span> <span class='ocrx_word' id='word_1_61' title='bbox 1291 1128 1581 1202; x_wconf 85' lang='lat' dir='ltr'><strong>possideat.</strong></span> <span class='ocrx_word' id='word_1_62' title='bbox 1611 1125 1816 1184; x_wconf 85' lang='lat' dir='ltr'><strong>Omnes</strong></span> <span class='ocrx_word' id='word_1_63' title='bbox 1836 1137 1935 1192; x_wconf 84' lang='lat' dir='ltr'><strong>pu-</strong></span> 
     </span>
    </p>
   </div>
   <div class='ocr_carea' id='block_1_9' title="bbox 269 1215 1933 1308">
    <p class='ocr_par' dir='ltr' id='par_1_9' title="bbox 269 1215 1933 1308">
     <span class='ocr_line' id='line_1_9' title="bbox 269 1215 1933 1308; baseline -0.017 -13"><span class='ocrx_word' id='word_1_64' title='bbox 269 1284 272 1286; x_wconf 84' lang='lat'><strong>.</strong></span> <span class='ocrx_word' id='word_1_65' title='bbox 312 1250 397 1294; x_wconf 87' lang='lat' dir='ltr'><strong>tat</strong></span> <span class='ocrx_word' id='word_1_66' title='bbox 423 1255 518 1294; x_wconf 90' lang='lat' dir='ltr'><strong>sua</strong></span> <span class='ocrx_word' id='word_1_67' title='bbox 547 1235 870 1308; x_wconf 79' lang='lat' dir='ltr'><strong>possidere:</strong></span> <span class='ocrx_word' id='word_1_68' title='bbox 899 1218 1061 1302; x_wconf 85' lang='lat' dir='ltr'><strong>atque</strong></span> <span class='ocrx_word' id='word_1_69' title='bbox 1081 1237 1142 1284; x_wconf 89' lang='lat' dir='ltr'><strong>ut</strong></span> <span class='ocrx_word' id='word_1_70' title='bbox 1160 1227 1230 1282; x_wconf 87' lang='lat' dir='ltr'><strong>ab</strong></span> <span class='ocrx_word' id='word_1_71' title='bbox 1249 1223 1501 1280; x_wconf 87' lang='lat' dir='ltr'><strong>omnibus</strong></span> <span class='ocrx_word' id='word_1_72' title='bbox 1529 1220 1712 1284; x_wconf 62' lang='lat' dir='ltr'><strong>laesus,</strong></span> <span class='ocrx_word' id='word_1_73' title='bbox 1735 1215 1933 1270; x_wconf 88' lang='lat' dir='ltr'><strong>adver-</strong></span> 
     </span>
    </p>
   </div>
   <div class='ocr_carea' id='block_1_10' title="bbox 311 1308 1933 1396">
    <p class='ocr_par' dir='ltr' id='par_1_10' title="bbox 311 1308 1933 1396">
     <span class='ocr_line' id='line_1_10' title="bbox 311 1308 1933 1396; baseline -0.016 -11"><span class='ocrx_word' id='word_1_74' title='bbox 311 1348 438 1385; x_wconf 89' lang='lat' dir='ltr'><strong>sum</strong></span> <span class='ocrx_word' id='word_1_75' title='bbox 462 1344 655 1385; x_wconf 87' lang='lat' dir='ltr'><strong>omnes</strong></span> <span class='ocrx_word' id='word_1_76' title='bbox 681 1325 989 1396; x_wconf 78' lang='lat' dir='ltr'><strong>indignatur</strong></span> <span class='ocrx_word' id='word_1_77' title='bbox 1019 1335 1032 1378; x_wconf 87' lang='lat'><strong>:</strong></span> <span class='ocrx_word' id='word_1_78' title='bbox 1067 1316 1452 1391; x_wconf 83' lang='lat' dir='ltr'><strong>plenitudinem</strong></span> <span class='ocrx_word' id='word_1_79' title='bbox 1486 1310 1679 1375; x_wconf 82' lang='lat' dir='ltr'><strong>nescit,</strong></span> <span class='ocrx_word' id='word_1_80' title='bbox 1710 1308 1933 1364; x_wconf 87' lang='lat' dir='ltr'><strong>satieta-</strong></span> 
     </span>
    </p>
   </div>
   <div class='ocr_carea' id='block_1_11' title="bbox 314 1399 1937 1481">
    <p class='ocr_par' dir='ltr' id='par_1_11' title="bbox 314 1399 1937 1481">
     <span class='ocr_line' id='line_1_11' title="bbox 314 1399 1937 1481; baseline -0.017 -2"><span class='ocrx_word' id='word_1_81' title='bbox 314 1434 429 1479; x_wconf 79' lang='lat' dir='ltr'><strong>tem</strong></span> <span class='ocrx_word' id='word_1_82' title='bbox 458 1437 562 1477; x_wconf 90' lang='lat' dir='ltr'><strong>non</strong></span> <span class='ocrx_word' id='word_1_83' title='bbox 593 1419 764 1481; x_wconf 89' lang='lat' dir='ltr'><strong>novit,</strong></span> <span class='ocrx_word' id='word_1_84' title='bbox 797 1415 1039 1471; x_wconf 91' lang='lat' dir='ltr'><strong>omnium</strong></span> <span class='ocrx_word' id='word_1_85' title='bbox 1061 1421 1145 1468; x_wconf 79' lang='lat' dir='ltr'><strong>est</strong></span> <span class='ocrx_word' id='word_1_86' title='bbox 1166 1408 1502 1464; x_wconf 81' lang='lat' dir='ltr'><strong>miserrimus</strong></span> <span class='ocrx_word' id='word_1_87' title='bbox 1533 1423 1546 1460; x_wconf 90' lang='lat'><strong>:</strong></span> <span class='ocrx_word' id='word_1_88' title='bbox 1577 1399 1937 1474; x_wconf 88' lang='lat' dir='ltr'><strong>quemadmo-</strong></span> 
     </span>
    </p>
   </div>
   <div class='ocr_carea' id='block_1_12' title="bbox 312 1491 1937 1587">
    <p class='ocr_par' dir='ltr' id='par_1_12' title="bbox 312 1491 1937 1587">
     <span class='ocr_line' id='line_1_12' title="bbox 312 1491 1937 1587; baseline -0.018 -13"><span class='ocrx_word' id='word_1_89' title='bbox 312 1520 448 1574; x_wconf 89' lang='lat' dir='ltr'><strong>dum</strong></span> <span class='ocrx_word' id='word_1_90' title='bbox 477 1515 570 1587; x_wconf 90' lang='lat' dir='ltr'><strong>qui</strong></span> <span class='ocrx_word' id='word_1_91' title='bbox 598 1514 681 1568; x_wconf 81' lang='lat' dir='ltr'><strong>liis</strong></span> <span class='ocrx_word' id='word_1_92' title='bbox 697 1509 951 1568; x_wconf 87' lang='lat' dir='ltr'><strong>omnibus</strong></span> <span class='ocrx_word' id='word_1_93' title='bbox 974 1513 1060 1562; x_wconf 90' lang='lat' dir='ltr'><strong>est</strong></span> <span class='ocrx_word' id='word_1_94' title='bbox 1077 1518 1294 1576; x_wconf 79' lang='lat' dir='ltr'><strong>expers,</strong></span> <span class='ocrx_word' id='word_1_95' title='bbox 1320 1496 1658 1573; x_wconf 87' lang='lat' dir='ltr'><strong>philosophis</strong></span> <span class='ocrx_word' id='word_1_96' title='bbox 1683 1491 1937 1587; x_wconf 81' lang='lat' dir='ltr'><strong>omnibus</strong></span> 
     </span>
    </p>
   </div>
   <div class='ocr_carea' id='block_1_13' title="bbox 312 1582 1942 1667">
    <p class='ocr_par' dir='ltr' id='par_1_13' title="bbox 312 1582 1942 1667">
     <span class='ocr_line' id='line_1_13' title="bbox 312 1582 1942 1667; baseline -0.017 -1"><span class='ocrx_word' id='word_1_97' title='bbox 312 1612 421 1667; x_wconf 91' lang='lat' dir='ltr'><strong>erit</strong></span> <span class='ocrx_word' id='word_1_98' title='bbox 449 1582 678 1664; x_wconf 68' lang='grc' dir='ltr'>δεειίθι.</span> <span class='ocrx_word' id='word_1_99' title='bbox 710 1602 922 1660; x_wconf 85' lang='lat' dir='ltr'><strong>Probus</strong></span> <span class='ocrx_word' id='word_1_100' title='bbox 963 1599 1109 1657; x_wconf 91' lang='lat' dir='ltr'><strong>enim</strong></span> <span class='ocrx_word' id='word_1_101' title='bbox 1140 1599 1253 1662; x_wconf 90' lang='lat' dir='ltr'><strong>vir,</strong></span> <span class='ocrx_word' id='word_1_102' title='bbox 1288 1591 1393 1650; x_wconf 86' lang='lat' dir='ltr'><strong>etsi</strong></span> <span class='ocrx_word' id='word_1_103' title='bbox 1445 1602 1634 1646; x_wconf 85' lang='lat' dir='ltr'><strong>servus</strong></span> <span class='ocrx_word' id='word_1_104' title='bbox 1675 1587 1775 1651; x_wconf 87' lang='lat' dir='ltr'><strong>sit,</strong></span> <span class='ocrx_word' id='word_1_105' title='bbox 1838 1582 1942 1639; x_wconf 85' lang='lat' dir='ltr'><strong>etsi</strong></span> 
     </span>
    </p>
   </div>
   <div class='ocr_carea' id='block_1_14' title="bbox 303 1677 1937 1762">
    <p class='ocr_par' dir='ltr' id='par_1_14' title="bbox 303 1677 1937 1762">
     <span class='ocr_line' id='line_1_14' title="bbox 303 1677 1937 1762; baseline -0.013 -11"><span class='ocrx_word' id='word_1_106' title='bbox 303 1696 826 1762; x_wconf 73' lang='lat' dir='ltr'><strong>vinctus’,omnium</strong></span> <span class='ocrx_word' id='word_1_107' title='bbox 853 1703 938 1749; x_wconf 87' lang='lat' dir='ltr'><strong>est</strong></span> <span class='ocrx_word' id='word_1_108' title='bbox 965 1689 1330 1748; x_wconf 82' lang='lat' dir='ltr'><strong>beatissimus.</strong></span> <span class='ocrx_word' id='word_1_109' title='bbox 1361 1682 1537 1738; x_wconf 83' lang='lat' dir='ltr'><strong>Nemo</strong></span> <span class='ocrx_word' id='word_1_110' title='bbox 1581 1679 1728 1736; x_wconf 92' lang='lat' dir='ltr'><strong>enim</strong></span> <span class='ocrx_word' id='word_1_111' title='bbox 1758 1677 1937 1748; x_wconf 90' lang='lat' dir='ltr'><strong>ipsum</strong></span> 
     </span>
    </p>
   </div>
   <div class='ocr_carea' id='block_1_15' title="bbox 314 1768 1940 1853">
    <p class='ocr_par' dir='ltr' id='par_1_15' title="bbox 314 1768 1940 1853">
     <span class='ocr_line' id='line_1_15' title="bbox 314 1768 1940 1853; baseline -0.015 -4"><span class='ocrx_word' id='word_1_112' title='bbox 314 1791 463 1848; x_wconf 85' lang='lat' dir='ltr'><strong>malo</strong></span> <span class='ocrx_word' id='word_1_113' title='bbox 485 1789 705 1853; x_wconf 81' lang='lat' dir='ltr'><strong>afﬁciet,</strong></span> <span class='ocrx_word' id='word_1_114' title='bbox 729 1784 939 1840; x_wconf 89' lang='lat' dir='ltr'><strong>etiamsi</strong></span> <span class='ocrx_word' id='word_1_115' title='bbox 972 1790 1115 1838; x_wconf 89' lang='lat' dir='ltr'><strong>totus</strong></span> <span class='ocrx_word' id='word_1_116' title='bbox 1139 1777 1286 1836; x_wconf 87' lang='lat' dir='ltr'><strong>orbis</strong></span> <span class='ocrx_word' id='word_1_117' title='bbox 1306 1771 1593 1831; x_wconf 83' lang='lat' dir='ltr'><strong>conveniat</strong></span> <span class='ocrx_word' id='word_1_118' title='bbox 1619 1785 1744 1825; x_wconf 87' lang='lat' dir='ltr'><strong>cum</strong></span> <span class='ocrx_word' id='word_1_119' title='bbox 1771 1768 1940 1825; x_wconf 86' lang='lat' dir='ltr'><strong>armis</strong></span> 
     </span>
    </p>
   </div>
   <div class='ocr_carea' id='block_1_16' title="bbox 313 1866 1930 1948">
    <p class='ocr_par' dir='ltr' id='par_1_16' title="bbox 313 1866 1930 1948">
     <span class='ocr_line' id='line_1_16' title="bbox 313 1866 1930 1948; baseline -0.016 -7"><span class='ocrx_word' id='word_1_120' title='bbox 313 1894 377 1942; x_wconf 85' lang='lat' dir='ltr'><strong>et</strong></span> <span class='ocrx_word' id='word_1_121' title='bbox 401 1881 750 1947; x_wconf 75' lang='lat' dir='ltr'><strong>exercitibus,</strong></span> <span class='ocrx_word' id='word_1_122' title='bbox 781 1879 1064 1948; x_wconf 88' lang='lat' dir='ltr'><strong>ipsumque</strong></span> <span class='ocrx_word' id='word_1_123' title='bbox 1089 1873 1387 1942; x_wconf 84' lang='lat' dir='ltr'><strong>impugnet.</strong></span> <span class='ocrx_word' id='word_1_124' title='bbox 1423 1866 1704 1936; x_wconf 91' lang='lat' dir='ltr'><strong>Improbus</strong></span> <span class='ocrx_word' id='word_1_125' title='bbox 1726 1871 1930 1921; x_wconf 87' lang='lat' dir='ltr'><strong>autem.</strong></span> 
     </span>
    </p>
   </div>
   <div class='ocr_carea' id='block_1_17' title="bbox 314 1952 1968 2044">
    <p class='ocr_par' dir='ltr' id='par_1_17' title="bbox 314 1952 1968 2044">
     <span class='ocr_line' id='line_1_17' title="bbox 314 1952 1968 2044; baseline -0.016 -12"><span class='ocrx_word' id='word_1_126' title='bbox 314 1985 370 2032; x_wconf 82' lang='lat' dir='ltr'><strong>et</strong></span> <span class='ocrx_word' id='word_1_127' title='bbox 401 1975 524 2030; x_wconf 91' lang='lat' dir='ltr'><strong>talis</strong></span> <span class='ocrx_word' id='word_1_128' title='bbox 551 1972 765 2044; x_wconf 90' lang='lat' dir='ltr'><strong>qualem</strong></span> <span class='ocrx_word' id='word_1_129' title='bbox 802 1965 1217 2036; x_wconf 80' lang='lat' dir='ltr'><strong>descripsimus,</strong></span> <span class='ocrx_word' id='word_1_130' title='bbox 1240 1959 1451 2015; x_wconf 82' lang='lat' dir='ltr'><strong>etiamsi</strong></span> <span class='ocrx_word' id='word_1_131' title='bbox 1484 1972 1576 2011; x_wconf 76' lang='lat' dir='ltr'><strong>rex</strong></span> <span class='ocrx_word' id='word_1_132' title='bbox 1607 1955 1698 2021; x_wconf 90' lang='lat' dir='ltr'><strong>sit,</strong></span> <span class='ocrx_word' id='word_1_133' title='bbox 1723 1952 1968 2019; x_wconf 48' lang='lat' dir='ltr'><strong>etiamsi,</strong></span> 
     </span>
    </p>
   </div>
   <div class='ocr_carea' id='block_1_18' title="bbox 315 2048 1934 2124">
    <p class='ocr_par' dir='ltr' id='par_1_18' title="bbox 315 2048 1934 2124">
     <span class='ocr_line' id='line_1_18' title="bbox 315 2048 1934 2124; baseline -0.016 0"><span class='ocrx_word' id='word_1_134' title='bbox 315 2068 468 2124; x_wconf 84' lang='lat' dir='ltr'><strong>mille</strong></span> <span class='ocrx_word' id='word_1_135' title='bbox 485 2063 884 2122; x_wconf 83' lang='lat' dir='ltr'><strong>diadematibus</strong></span> <span class='ocrx_word' id='word_1_136' title='bbox 903 2070 1150 2123; x_wconf 77' lang='lat' dir='ltr'><strong>eruetur,</strong></span> <span class='ocrx_word' id='word_1_137' title='bbox 1169 2069 1200 2109; x_wconf 88' lang='lat' dir='ltr'><strong>a</strong></span> <span class='ocrx_word' id='word_1_138' title='bbox 1232 2051 1423 2123; x_wconf 85' lang='lat' dir='ltr'><strong>quovis</strong></span> <span class='ocrx_word' id='word_1_139' title='bbox 1446 2048 1666 2104; x_wconf 89' lang='lat' dir='ltr'><strong>homine</strong></span> <span class='ocrx_word' id='word_1_140' title='bbox 1692 2055 1934 2102; x_wconf 81' lang='lat' dir='ltr'><strong>extrema</strong></span> 
     </span>
    </p>
   </div>
   <div class='ocr_carea' id='block_1_19' title="bbox 317 2136 1935 2228">
    <p class='ocr_par' dir='ltr' id='par_1_19' title="bbox 317 2136 1935 2228">
     <span class='ocr_line' id='line_1_19' title="bbox 317 2136 1935 2228; baseline -0.014 -13"><span class='ocrx_word' id='word_1_141' title='bbox 317 2160 558 2228; x_wconf 84' lang='lat' dir='ltr'><strong>patietur</strong></span> <span class='ocrx_word' id='word_1_142' title='bbox 588 2173 604 2210; x_wconf 89' lang='lat'><strong><em>:</em></strong></span> <span class='ocrx_word' id='word_1_143' title='bbox 637 2169 812 2226; x_wconf 86' lang='lat' dir='ltr'><strong>usque</strong></span> <span class='ocrx_word' id='word_1_144' title='bbox 838 2151 976 2208; x_wconf 88' lang='lat' dir='ltr'><strong>adeo</strong></span> <span class='ocrx_word' id='word_1_145' title='bbox 1005 2146 1218 2203; x_wconf 80' lang='lat' dir='ltr'><strong>inﬁrma</strong></span> <span class='ocrx_word' id='word_1_146' title='bbox 1243 2142 1482 2214; x_wconf 89' lang='lat' dir='ltr'><strong>nequitia</strong></span> <span class='ocrx_word' id='word_1_147' title='bbox 1521 2148 1635 2205; x_wconf 89' lang='lat' dir='ltr'><strong>est;</strong></span> <span class='ocrx_word' id='word_1_148' title='bbox 1669 2139 1740 2194; x_wconf 91' lang='lat' dir='ltr'><strong>ita</strong></span> <span class='ocrx_word' id='word_1_149' title='bbox 1780 2136 1935 2192; x_wconf 82' lang='lat' dir='ltr'><strong>fortis</strong></span> 
     </span>
    </p>
   </div>
   <div class='ocr_carea' id='block_1_20' title="bbox 314 2238 1936 2319">
    <p class='ocr_par' dir='ltr' id='par_1_20' title="bbox 314 2238 1936 2319">
     <span class='ocr_line' id='line_1_20' title="bbox 314 2238 1936 2319; baseline -0.016 -10"><span class='ocrx_word' id='word_1_150' title='bbox 314 2266 404 2308; x_wconf 80' lang='lat' dir='ltr'><strong>est</strong></span> <span class='ocrx_word' id='word_1_151' title='bbox 432 2252 620 2307; x_wconf 84' lang='lat' dir='ltr'><strong>virtus.</strong></span> <span class='ocrx_word' id='word_1_152' title='bbox 649 2247 790 2319; x_wconf 84' lang='lat' dir='ltr'><strong>Quid</strong></span> <span class='ocrx_word' id='word_1_153' title='bbox 809 2246 969 2317; x_wconf 82' lang='lat' dir='ltr'><strong>igitur</strong></span> <span class='ocrx_word' id='word_1_154' title='bbox 989 2244 1162 2313; x_wconf 88' lang='lat' dir='ltr'><strong>luges,</strong></span> <span class='ocrx_word' id='word_1_155' title='bbox 1189 2253 1311 2294; x_wconf 92' lang='lat' dir='ltr'><strong>cum</strong></span> <span class='ocrx_word' id='word_1_156' title='bbox 1336 2238 1389 2292; x_wconf 92' lang='lat' dir='ltr'><strong>in</strong></span> <span class='ocrx_word' id='word_1_157' title='bbox 1412 2242 1728 2306; x_wconf 87' lang='lat' dir='ltr'><strong>paupertate</strong></span> <span class='ocrx_word' id='word_1_158' title='bbox 1753 2244 1936 2287; x_wconf 87' lang='lat' dir='ltr'><strong>versa-</strong></span> 
     </span>
    </p>
   </div>
   <div class='ocr_carea' id='block_1_21' title="bbox 315 2324 1934 2414">
    <p class='ocr_par' dir='ltr' id='par_1_21' title="bbox 315 2324 1934 2414">
     <span class='ocr_line' id='line_1_21' title="bbox 315 2324 1934 2414; baseline -0.014 -13"><span class='ocrx_word' id='word_1_159' title='bbox 315 2345 433 2401; x_wconf 80' lang='lat' dir='ltr'><strong>ris?</strong></span> <span class='ocrx_word' id='word_1_160' title='bbox 462 2343 591 2414; x_wconf 90' lang='lat' dir='ltr'><strong>quid</strong></span> <span class='ocrx_word' id='word_1_161' title='bbox 612 2341 790 2413; x_wconf 88' lang='lat' dir='ltr'><strong>ploras</strong></span> <span class='ocrx_word' id='word_1_162' title='bbox 818 2338 1012 2405; x_wconf 74' lang='lat' dir='ltr'><strong>festum</strong></span> <span class='ocrx_word' id='word_1_163' title='bbox 1037 2331 1247 2404; x_wconf 90' lang='lat' dir='ltr'><strong>agens?</strong></span> <span class='ocrx_word' id='word_1_164' title='bbox 1275 2329 1409 2385; x_wconf 85' lang='lat' dir='ltr'><strong>Nam</strong></span> <span class='ocrx_word' id='word_1_165' title='bbox 1436 2327 1542 2383; x_wconf 90' lang='lat' dir='ltr'><strong>diei</strong></span> <span class='ocrx_word' id='word_1_166' title='bbox 1565 2324 1688 2382; x_wconf 80' lang='lat' dir='ltr'><strong>festi</strong></span> <span class='ocrx_word' id='word_1_167' title='bbox 1719 2325 1934 2394; x_wconf 84' lang='lat' dir='ltr'><strong>tempus</strong></span> 
     </span>
    </p>
   </div>
   <div class='ocr_carea' id='block_1_22' title="bbox 310 2416 1934 2504">
    <p class='ocr_par' dir='ltr' id='par_1_22' title="bbox 310 2416 1934 2504">
     <span class='ocr_line' id='line_1_22' title="bbox 310 2416 1934 2504; baseline -0.015 -11"><span class='ocrx_word' id='word_1_168' title='bbox 310 2448 420 2493; x_wconf 87' lang='lat' dir='ltr'><strong>est.</strong></span> <span class='ocrx_word' id='word_1_169' title='bbox 449 2435 588 2504; x_wconf 87' lang='lat' dir='ltr'><strong>Quid</strong></span> <span class='ocrx_word' id='word_1_170' title='bbox 626 2432 764 2488; x_wconf 72' lang='lat' dir='ltr'><strong>lies?</strong></span> <span class='ocrx_word' id='word_1_171' title='bbox 792 2430 925 2485; x_wconf 88' lang='lat' dir='ltr'><strong>Nam</strong></span> <span class='ocrx_word' id='word_1_172' title='bbox 965 2434 1253 2498; x_wconf 87' lang='lat' dir='ltr'><strong>paupertas</strong></span> <span class='ocrx_word' id='word_1_173' title='bbox 1285 2430 1371 2478; x_wconf 89' lang='lat' dir='ltr'><strong>est</strong></span> <span class='ocrx_word' id='word_1_174' title='bbox 1415 2417 1727 2480; x_wconf 86' lang='lat' dir='ltr'><strong>celebritas,</strong></span> <span class='ocrx_word' id='word_1_175' title='bbox 1760 2416 1805 2472; x_wconf 88' lang='lat' dir='ltr'><strong>si</strong></span> <span class='ocrx_word' id='word_1_176' title='bbox 1847 2431 1934 2470; x_wconf 88' lang='lat' dir='ltr'><strong>sa-</strong></span> 
     </span>
    </p>
   </div>
   <div class='ocr_carea' id='block_1_23' title="bbox 315 2509 1933 2597">
    <p class='ocr_par' dir='ltr' id='par_1_23' title="bbox 315 2509 1933 2597">
     <span class='ocr_line' id='line_1_23' title="bbox 315 2509 1933 2597; baseline -0.013 -16"><span class='ocrx_word' id='word_1_177' title='bbox 315 2529 470 2597; x_wconf 80' lang='lat' dir='ltr'><strong>piens</strong></span> <span class='ocrx_word' id='word_1_178' title='bbox 503 2527 687 2583; x_wconf 85' lang='lat' dir='ltr'><strong>lueris.</strong></span> <span class='ocrx_word' id='word_1_179' title='bbox 729 2521 867 2592; x_wconf 85' lang='lat' dir='ltr'><strong>Quid</strong></span> <span class='ocrx_word' id='word_1_180' title='bbox 894 2519 1121 2592; x_wconf 76' lang='lat' dir='ltr'><strong>plangis,</strong></span> <span class='ocrx_word' id='word_1_181' title='bbox 1151 2532 1184 2572; x_wconf 93' lang='lat' dir='ltr'><strong>o</strong></span> <span class='ocrx_word' id='word_1_182' title='bbox 1208 2513 1382 2585; x_wconf 87' lang='lat' dir='ltr'><strong>puer?</strong></span> <span class='ocrx_word' id='word_1_183' title='bbox 1408 2511 1643 2568; x_wconf 87' lang='lat' dir='ltr'><strong>Puerum</strong></span> <span class='ocrx_word' id='word_1_184' title='bbox 1667 2509 1813 2566; x_wconf 91' lang='lat' dir='ltr'><strong>enim</strong></span> <span class='ocrx_word' id='word_1_185' title='bbox 1849 2516 1933 2562; x_wconf 85' lang='lat' dir='ltr'><strong>ta-</strong></span> 
     </span>
    </p>
   </div>
   <div class='ocr_carea' id='block_1_24' title="bbox 313 2597 1928 2682">
    <p class='ocr_par' dir='ltr' id='par_1_24' title="bbox 313 2597 1928 2682">
     <span class='ocr_line' id='line_1_24' title="bbox 313 2597 1928 2682; baseline -0.014 -8"><span class='ocrx_word' id='word_1_186' title='bbox 313 2621 423 2675; x_wconf 73' lang='lat' dir='ltr'><strong>lem</strong></span> <span class='ocrx_word' id='word_1_187' title='bbox 457 2618 633 2671; x_wconf 82' lang='lat' dir='ltr'><strong>virum</strong></span> <span class='ocrx_word' id='word_1_188' title='bbox 658 2629 855 2670; x_wconf 87' lang='lat' dir='ltr'><strong>vocare</strong></span> <span class='ocrx_word' id='word_1_189' title='bbox 879 2619 1118 2682; x_wconf 84' lang='lat' dir='ltr'><strong>oportet.</strong></span> <span class='ocrx_word' id='word_1_190' title='bbox 1157 2603 1472 2662; x_wconf 85' lang='lat' dir='ltr'><strong>Verberavit</strong></span> <span class='ocrx_word' id='word_1_191' title='bbox 1500 2603 1521 2633; x_wconf 81' lang='grc'><em>³</em></span> <span class='ocrx_word' id='word_1_192' title='bbox 1546 2611 1598 2657; x_wconf 85' lang='grc' dir='ltr'><strong>ιε</strong></span> <span class='ocrx_word' id='word_1_193' title='bbox 1623 2597 1928 2672; x_wconf 85' lang='lat' dir='ltr'><strong>quispiam?</strong></span> 
     </span>
    </p>
   </div>
   <div class='ocr_carea' id='block_1_25' title="bbox 313 2690 1963 2778">
    <p class='ocr_par' dir='ltr' id='par_1_25' title="bbox 313 2690 1963 2778">
     <span class='ocr_line' id='line_1_25' title="bbox 313 2690 1963 2778; baseline -0.015 -14"><span class='ocrx_word' id='word_1_194' title='bbox 313 2709 387 2763; x_wconf 79' lang='lat' dir='ltr'><strong>Et</strong></span> <span class='ocrx_word' id='word_1_195' title='bbox 411 2707 538 2778; x_wconf 89' lang='lat' dir='ltr'><strong>quid</strong></span> <span class='ocrx_word' id='word_1_196' title='bbox 559 2704 700 2760; x_wconf 84' lang='lat' dir='ltr'><strong>hoc?</strong></span> <span class='ocrx_word' id='word_1_197' title='bbox 727 2704 806 2759; x_wconf 82' lang='lat' dir='ltr'><strong>Te</strong></span> <span class='ocrx_word' id='word_1_198' title='bbox 835 2700 1212 2774; x_wconf 87' lang='lat' dir='ltr'><strong>patientiorem</strong></span> <span class='ocrx_word' id='word_1_199' title='bbox 1240 2695 1492 2751; x_wconf 88' lang='lat' dir='ltr'><strong>reddidit.</strong></span> <span class='ocrx_word' id='word_1_200' title='bbox 1522 2690 1630 2748; x_wconf 86' lang='lat' dir='ltr'><strong>Sed</strong></span> <span class='ocrx_word' id='word_1_201' title='bbox 1670 2691 1928 2759; x_wconf 72' lang='lat' dir='ltr'><strong>pecuarius</strong></span> <span class='ocrx_word' id='word_1_202' title='bbox 1957 2735 1963 2740; x_wconf 88' lang='lat'><strong>.</strong></span> 
     </span>
    </p>
   </div>
   <div class='ocr_carea' id='block_1_26' title="bbox 307 2784 1932 2854">
    <p class='ocr_par' dir='ltr' id='par_1_26' title="bbox 307 2784 1932 2854">
     <span class='ocr_line' id='line_1_26' title="bbox 307 2784 1932 2854; baseline -0.009 -2"><span class='ocrx_word' id='word_1_203' title='bbox 307 2797 566 2854; x_wconf 81' lang='lat' dir='ltr'><strong>abstulit?</strong></span> <span class='ocrx_word' id='word_1_204' title='bbox 597 2795 822 2851; x_wconf 79' lang='lat' dir='ltr'><strong>Multum</strong></span> <span class='ocrx_word' id='word_1_205' title='bbox 849 2794 1031 2850; x_wconf 87' lang='lat' dir='ltr'><strong>oneris</strong></span> <span class='ocrx_word' id='word_1_206' title='bbox 1081 2789 1323 2845; x_wconf 82' lang='lat' dir='ltr'><strong>abstulit.</strong></span> <span class='ocrx_word' id='word_1_207' title='bbox 1361 2786 1585 2844; x_wconf 83' lang='lat' dir='ltr'><strong>Famam</strong></span> <span class='ocrx_word' id='word_1_208' title='bbox 1638 2794 1784 2839; x_wconf 88' lang='lat' dir='ltr'><strong>tuam</strong></span> <span class='ocrx_word' id='word_1_209' title='bbox 1837 2784 1932 2837; x_wconf 71' lang='grc' dir='ltr'>ιω-</span> 
     </span>
    </p>
   </div>
   <div class='ocr_carea' id='block_1_27' title="bbox 309 2875 1928 2950">
    <p class='ocr_par' dir='ltr' id='par_1_27' title="bbox 309 2875 1928 2950">
     <span class='ocr_line' id='line_1_27' title="bbox 309 2875 1928 2950; baseline -0.009 -5"><span class='ocrx_word' id='word_1_210' title='bbox 309 2891 423 2946; x_wconf 88' lang='lat' dir='ltr'><strong>sit?</strong></span> <span class='ocrx_word' id='word_1_211' title='bbox 449 2889 684 2945; x_wconf 79' lang='lat' dir='ltr'><strong>Rursum</strong></span> <span class='ocrx_word' id='word_1_212' title='bbox 714 2885 858 2942; x_wconf 80' lang='lat' dir='ltr'><strong>aliud</strong></span> <span class='ocrx_word' id='word_1_213' title='bbox 882 2884 1013 2940; x_wconf 90' lang='lat' dir='ltr'><strong>mihi</strong></span> <span class='ocrx_word' id='word_1_214' title='bbox 1037 2880 1308 2939; x_wconf 85' lang='lat' dir='ltr'><strong>libertatis</strong></span> <span class='ocrx_word' id='word_1_215' title='bbox 1331 2892 1504 2950; x_wconf 85' lang='lat' dir='ltr'><strong>genus</strong></span> <span class='ocrx_word' id='word_1_216' title='bbox 1521 2877 1752 2933; x_wconf 87' lang='lat' dir='ltr'><strong>indicas.</strong></span> <span class='ocrx_word' id='word_1_217' title='bbox 1786 2875 1928 2931; x_wconf 85' lang='lat' dir='ltr'><strong>Audi</strong></span> 
     </span>
    </p>
   </div>
   <div class='ocr_carea' id='block_1_28' title="bbox 302 2974 1920 3047">
    <p class='ocr_par' dir='ltr' id='par_1_28' title="bbox 302 2974 1920 3047">
     <span class='ocr_line' id='line_1_28' title="bbox 302 2974 1920 3047; baseline -0.004 -16"><span class='ocrx_word' id='word_1_218' title='bbox 302 2986 530 3032; x_wconf 77' lang='lat' dir='ltr'><strong>exteros</strong></span> <span class='ocrx_word' id='word_1_219' title='bbox 542 2979 621 3031; x_wconf 85' lang='lat' dir='ltr'><strong>sic</strong></span> <span class='ocrx_word' id='word_1_220' title='bbox 639 2976 1116 3047; x_wconf 81' lang='lat' dir='ltr'><strong>philosOphantes:</strong></span> <span class='ocrx_word' id='word_1_221' title='bbox 1137 2975 1281 3030; x_wconf 81' lang='lat' dir='ltr'><strong>Nihil</strong></span> <span class='ocrx_word' id='word_1_222' title='bbox 1298 2977 1425 3032; x_wconf 90' lang='lat' dir='ltr'><strong>mali</strong></span> <span class='ocrx_word' id='word_1_223' title='bbox 1440 2990 1643 3046; x_wconf 85' lang='lat' dir='ltr'><strong>passus</strong></span> <span class='ocrx_word' id='word_1_224' title='bbox 1654 2990 1736 3034; x_wconf 89' lang='lat' dir='ltr'><strong>es.</strong></span> <span class='ocrx_word' id='word_1_225' title='bbox 1754 2974 1920 3028; x_wconf 88' lang='lat' dir='ltr'><strong>modo</strong></span> 
     </span>
    </p>
   </div>
   <div class='ocr_carea' id='block_1_29' title="bbox 303 3071 1924 3148">
    <p class='ocr_par' dir='ltr' id='par_1_29' title="bbox 303 3071 1924 3148">
     <span class='ocr_line' id='line_1_29' title="bbox 303 3071 1924 3148; baseline -0.002 -22"><span class='ocrx_word' id='word_1_226' title='bbox 303 3071 771 3148; x_wconf 76' lang='lat' dir='ltr'><strong>dissimularet-is.</strong></span> <span class='ocrx_word' id='word_1_227' title='bbox 791 3071 899 3126; x_wconf 89' lang='lat' dir='ltr'><strong>Sed</strong></span> <span class='ocrx_word' id='word_1_228' title='bbox 913 3073 1142 3127; x_wconf 91' lang='lat' dir='ltr'><strong>domum</strong></span> <span class='ocrx_word' id='word_1_229' title='bbox 1168 3072 1318 3127; x_wconf 88' lang='lat' dir='ltr'><strong>illam</strong></span> <span class='ocrx_word' id='word_1_230' title='bbox 1340 3086 1595 3142; x_wconf 82' lang='lat' dir='ltr'><strong>magnam</strong></span> <span class='ocrx_word' id='word_1_231' title='bbox 1619 3071 1714 3126; x_wconf 89' lang='lat' dir='ltr'><strong>tibi</strong></span> <span class='ocrx_word' id='word_1_232' title='bbox 1737 3071 1924 3125; x_wconf 89' lang='lat' dir='ltr'><strong>abstu-</strong></span> 
     </span>
    </p>
   </div>
   <div class='ocr_carea' id='block_1_30' title="bbox 305 3162 1920 3233">
    <p class='ocr_par' dir='ltr' id='par_1_30' title="bbox 305 3162 1920 3233">
     <span class='ocr_line' id='line_1_30' title="bbox 305 3162 1920 3233; baseline -0.003 -15"><span class='ocrx_word' id='word_1_233' title='bbox 305 3162 370 3218; x_wconf 87' lang='lat' dir='ltr'><strong>lit</strong></span> <span class='ocrx_word' id='word_1_234' title='bbox 381 3163 553 3233; x_wconf 89' lang='lat' dir='ltr'><strong>septis</strong></span> <span class='ocrx_word' id='word_1_235' title='bbox 565 3162 945 3218; x_wconf 85' lang='lat' dir='ltr'><strong>munitam?At</strong></span> <span class='ocrx_word' id='word_1_236' title='bbox 957 3177 1087 3222; x_wconf 87' lang='lat' dir='ltr'><strong>ecce</strong></span> <span class='ocrx_word' id='word_1_237' title='bbox 1103 3163 1361 3218; x_wconf 86' lang='lat' dir='ltr'><strong>universa</strong></span> <span class='ocrx_word' id='word_1_238' title='bbox 1375 3172 1522 3217; x_wconf 86' lang='lat' dir='ltr'><strong>terra</strong></span> <span class='ocrx_word' id='word_1_239' title='bbox 1540 3163 1598 3214; x_wconf 87' lang='lat' dir='ltr'><strong>in</strong></span> <span class='ocrx_word' id='word_1_240' title='bbox 1617 3170 1920 3230; x_wconf 89' lang='lat' dir='ltr'><strong>conspectu</strong></span> 
     </span>
    </p>
   </div>
   <div class='ocr_carea' id='block_1_31' title="bbox 306 3244 1921 3326">
    <p class='ocr_par' dir='ltr' id='par_1_31' title="bbox 306 3244 1921 3326">
     <span class='ocr_line' id='line_1_31' title="bbox 306 3244 1921 3326; baseline -0.011 -12"><span class='ocrx_word' id='word_1_241' title='bbox 306 3269 400 3314; x_wconf 90' lang='lat' dir='ltr'><strong>tuo</strong></span> <span class='ocrx_word' id='word_1_242' title='bbox 426 3269 533 3325; x_wconf 90' lang='lat' dir='ltr'><strong>est,</strong></span> <span class='ocrx_word' id='word_1_243' title='bbox 569 3257 778 3326; x_wconf 85' lang='lat' dir='ltr'><strong>publica</strong></span> <span class='ocrx_word' id='word_1_244' title='bbox 810 3254 1057 3318; x_wconf 68' lang='lat' dir='ltr'><strong>aedilicia,</strong></span> <span class='ocrx_word' id='word_1_245' title='bbox 1088 3253 1207 3306; x_wconf 83' lang='lat' dir='ltr'><strong>sive</strong></span> <span class='ocrx_word' id='word_1_246' title='bbox 1237 3249 1302 3304; x_wconf 86' lang='lat' dir='ltr'><strong>ad</strong></span> <span class='ocrx_word' id='word_1_247' title='bbox 1336 3248 1688 3318; x_wconf 80' lang='lat' dir='ltr'><strong>voluptatem,</strong></span> <span class='ocrx_word' id='word_1_248' title='bbox 1721 3245 1834 3299; x_wconf 82' lang='lat' dir='ltr'><strong>sive</strong></span> <span class='ocrx_word' id='word_1_249' title='bbox 1855 3244 1921 3297; x_wconf 92' lang='lat' dir='ltr'><strong>ad</strong></span> 
     </span>
    </p>
   </div>
   <div class='ocr_carea' id='block_1_32' title="bbox 303 3341 1920 3417">
    <p class='ocr_par' dir='ltr' id='par_1_32' title="bbox 303 3341 1920 3417">
     <span class='ocr_line' id='line_1_32' title="bbox 303 3341 1920 3417; baseline -0.009 -10"><span class='ocrx_word' id='word_1_250' title='bbox 303 3369 461 3407; x_wconf 89' lang='lat' dir='ltr'><strong>usum</strong></span> <span class='ocrx_word' id='word_1_251' title='bbox 491 3351 689 3406; x_wconf 88' lang='lat' dir='ltr'><strong>habere</strong></span> <span class='ocrx_word' id='word_1_252' title='bbox 720 3349 873 3404; x_wconf 81' lang='lat' dir='ltr'><strong>velis.</strong></span> <span class='ocrx_word' id='word_1_253' title='bbox 909 3347 1046 3416; x_wconf 85' lang='lat' dir='ltr'><strong>Quid</strong></span> <span class='ocrx_word' id='word_1_254' title='bbox 1073 3345 1366 3417; x_wconf 84' lang='lat' dir='ltr'><strong>jucundius</strong></span> <span class='ocrx_word' id='word_1_255' title='bbox 1409 3352 1465 3398; x_wconf 86' lang='lat' dir='ltr'><strong>et</strong></span> <span class='ocrx_word' id='word_1_256' title='bbox 1492 3341 1794 3410; x_wconf 80' lang='lat' dir='ltr'><strong>speciosius</strong></span> <span class='ocrx_word' id='word_1_257' title='bbox 1828 3341 1920 3392; x_wconf 84' lang='lat' dir='ltr'><strong>lir-</strong></span> 
     </span>
    </p>
   </div>
   <div class='ocr_carea' id='block_1_33' title="bbox 302 3431 1921 3510">
    <p class='ocr_par' dir='ltr' id='par_1_33' title="bbox 302 3431 1921 3510">
     <span class='ocr_line' id='line_1_33' title="bbox 302 3431 1921 3510; baseline -0.009 -12"><span class='ocrx_word' id='word_1_258' title='bbox 302 3453 580 3500; x_wconf 85' lang='lat' dir='ltr'><strong>mamento</strong></span> <span class='ocrx_word' id='word_1_259' title='bbox 598 3442 714 3498; x_wconf 71' lang='lat' dir='ltr'><strong>caeli</strong></span> <span class='ocrx_word' id='word_1_260' title='bbox 731 3442 757 3494; x_wconf 82' lang='lat' dir='ltr'><strong>‘t</strong></span> <span class='ocrx_word' id='word_1_261' title='bbox 786 3440 1077 3510; x_wconf 87' lang='lat' dir='ltr'><strong>Usquequo</strong></span> <span class='ocrx_word' id='word_1_262' title='bbox 1099 3436 1329 3492; x_wconf 90' lang='lat' dir='ltr'><strong>mendici</strong></span> <span class='ocrx_word' id='word_1_263' title='bbox 1353 3446 1410 3491; x_wconf 91' lang='lat' dir='ltr'><strong>et</strong></span> <span class='ocrx_word' id='word_1_264' title='bbox 1435 3446 1702 3504; x_wconf 85' lang='lat' dir='ltr'><strong>pauperes</strong></span> <span class='ocrx_word' id='word_1_265' title='bbox 1727 3431 1921 3486; x_wconf 88' lang='lat' dir='ltr'><strong>eritis?</strong></span> 
     </span>
    </p>
   </div>
   <div class='ocr_carea' id='block_1_34' title="bbox 299 3513 1921 3606">
    <p class='ocr_par' dir='ltr' id='par_1_34' title="bbox 299 3513 1921 3606">
     <span class='ocr_line' id='line_1_34' title="bbox 299 3513 1921 3606; baseline -0.01 -12"><span class='ocrx_word' id='word_1_266' title='bbox 299 3537 418 3594; x_wconf 74' lang='lat' dir='ltr'><strong>Non</strong></span> <span class='ocrx_word' id='word_1_267' title='bbox 454 3530 631 3606; x_wconf 77' lang='lat' dir='ltr'><strong>potest</strong></span> <span class='ocrx_word' id='word_1_268' title='bbox 658 3535 810 3590; x_wconf 86' lang='lat' dir='ltr'><strong>dives</strong></span> <span class='ocrx_word' id='word_1_269' title='bbox 838 3513 1093 3603; x_wconf 47' lang='lat' dir='ltr'><strong>essig&#39;qui</strong></span> <span class='ocrx_word' id='word_1_270' title='bbox 1126 3547 1230 3585; x_wconf 91' lang='lat' dir='ltr'><strong>non</strong></span> <span class='ocrx_word' id='word_1_271' title='bbox 1259 3529 1444 3583; x_wconf 90' lang='lat' dir='ltr'><strong>animo</strong></span> <span class='ocrx_word' id='word_1_272' title='bbox 1465 3528 1534 3581; x_wconf 86' lang='lat' dir='ltr'><strong>sit</strong></span> <span class='ocrx_word' id='word_1_273' title='bbox 1555 3526 1706 3580; x_wconf 69' lang='lat' dir='ltr'><strong>dives</strong></span> <span class='ocrx_word' id='word_1_274' title='bbox 1736 3541 1753 3579; x_wconf 92' lang='lat'><strong>:</strong></span> <span class='ocrx_word' id='word_1_275' title='bbox 1780 3525 1921 3579; x_wconf 86' lang='lat' dir='ltr'><strong>sicut</strong></span> 
     </span>
    </p>
   </div>
   <div class='ocr_carea' id='block_1_35' title="bbox 300 3620 1922 3702">
    <p class='ocr_par' dir='ltr' id='par_1_35' title="bbox 300 3620 1922 3702">
     <span class='ocr_line' id='line_1_35' title="bbox 300 3620 1922 3702; baseline -0.007 -18"><span class='ocrx_word' id='word_1_276' title='bbox 300 3646 407 3702; x_wconf 87' lang='lat' dir='ltr'><strong>non</strong></span> <span class='ocrx_word' id='word_1_277' title='bbox 442 3639 621 3697; x_wconf 87' lang='lat' dir='ltr'><strong>potest</strong></span> <span class='ocrx_word' id='word_1_278' title='bbox 655 3642 860 3697; x_wconf 91' lang='lat' dir='ltr'><strong>pauper</strong></span> <span class='ocrx_word' id='word_1_279' title='bbox 889 3641 1030 3688; x_wconf 75' lang='lat' dir='ltr'><strong>esse,</strong></span> <span class='ocrx_word' id='word_1_280' title='bbox 1071 3624 1162 3694; x_wconf 89' lang='lat' dir='ltr'><strong>qni</strong></span> <span class='ocrx_word' id='word_1_281' title='bbox 1190 3631 1560 3692; x_wconf 87' lang='lat' dir='ltr'><strong>paupertatem</strong></span> <span class='ocrx_word' id='word_1_282' title='bbox 1601 3635 1708 3674; x_wconf 89' lang='lat' dir='ltr'><strong>non</strong></span> <span class='ocrx_word' id='word_1_283' title='bbox 1737 3620 1922 3673; x_wconf 82' lang='lat' dir='ltr'><strong>animo</strong></span> 
     </span>
    </p>
   </div>
   <div class='ocr_carea' id='block_1_36' title="bbox 291 3718 1919 3794">
    <p class='ocr_par' dir='ltr' id='par_1_36' title="bbox 291 3718 1919 3794">
     <span class='ocr_line' id='line_1_36' title="bbox 291 3718 1919 3794; baseline -0.006 -18"><span class='ocrx_word' id='word_1_284' title='bbox 291 3733 492 3794; x_wconf 65' lang='lat' dir='ltr'><strong>gestet.</strong></span> <span class='ocrx_word' id='word_1_285' title='bbox 521 3721 654 3776; x_wconf 82' lang='lat' dir='ltr'><strong>Nam</strong></span> <span class='ocrx_word' id='word_1_286' title='bbox 678 3722 722 3775; x_wconf 91' lang='lat' dir='ltr'><strong>si</strong></span> <span class='ocrx_word' id='word_1_287' title='bbox 755 3719 1107 3775; x_wconf 70' lang='lat' dir='ltr'><strong>excellentior</strong></span> <span class='ocrx_word' id='word_1_288' title='bbox 1151 3718 1332 3771; x_wconf 88' lang='lat' dir='ltr'><strong>anima</strong></span> <span class='ocrx_word' id='word_1_289' title='bbox 1361 3729 1615 3784; x_wconf 89' lang='lat' dir='ltr'><strong>corpore,</strong></span> <span class='ocrx_word' id='word_1_290' title='bbox 1660 3727 1765 3766; x_wconf 89' lang='lat' dir='ltr'><strong>non</strong></span> <span class='ocrx_word' id='word_1_291' title='bbox 1795 3726 1919 3782; x_wconf 88' lang='lat' dir='ltr'><strong>pos-</strong></span> 
     </span>
    </p>
   </div>
   <div class='ocr_carea' id='block_1_37' title="bbox 294 3803 1916 3885">
    <p class='ocr_par' dir='ltr' id='par_1_37' title="bbox 294 3803 1916 3885">
     <span class='ocr_line' id='line_1_37' title="bbox 294 3803 1916 3885; baseline -0.008 -15"><span class='ocrx_word' id='word_1_292' title='bbox 294 3826 424 3870; x_wconf 80' lang='lat' dir='ltr'><strong>sunt</strong></span> <span class='ocrx_word' id='word_1_293' title='bbox 451 3830 573 3885; x_wconf 74' lang='lat' dir='ltr'><strong>qua:</strong></span> <span class='ocrx_word' id='word_1_294' title='bbox 611 3814 796 3868; x_wconf 79' lang='lat' dir='ltr'><strong>viliora</strong></span> <span class='ocrx_word' id='word_1_295' title='bbox 826 3821 950 3868; x_wconf 87' lang='lat' dir='ltr'><strong>sunt</strong></span> <span class='ocrx_word' id='word_1_296' title='bbox 981 3811 1126 3866; x_wconf 89' lang='lat' dir='ltr'><strong>illam</strong></span> <span class='ocrx_word' id='word_1_297' title='bbox 1171 3809 1239 3863; x_wconf 90' lang='lat' dir='ltr'><strong>ad</strong></span> <span class='ocrx_word' id='word_1_298' title='bbox 1271 3824 1330 3868; x_wconf 86' lang='lat' dir='ltr'><strong>se</strong></span> <span class='ocrx_word' id='word_1_299' title='bbox 1369 3806 1667 3862; x_wconf 77' lang='lat' dir='ltr'><strong>attrahere.</strong></span> <span class='ocrx_word' id='word_1_300' title='bbox 1702 3803 1809 3859; x_wconf 89' lang='lat' dir='ltr'><strong>Sed</strong></span> <span class='ocrx_word' id='word_1_301' title='bbox 1853 3819 1916 3858; x_wconf 87' lang='lat' dir='ltr'><strong>ea</strong></span> 
     </span>
    </p>
   </div>
   <div class='ocr_carea' id='block_1_38' title="bbox 292 3895 1915 3977">
    <p class='ocr_par' dir='ltr' id='par_1_38' title="bbox 292 3895 1915 3977">
     <span class='ocr_line' id='line_1_38' title="bbox 292 3895 1915 3977; baseline -0.006 -18"><span class='ocrx_word' id='word_1_302' title='bbox 292 3895 420 3977; x_wconf 77' lang='lat' dir='ltr'><strong>qua:</strong></span> <span class='ocrx_word' id='word_1_303' title='bbox 445 3906 663 3961; x_wconf 89' lang='lat' dir='ltr'><strong>domina</strong></span> <span class='ocrx_word' id='word_1_304' title='bbox 689 3914 797 3971; x_wconf 91' lang='grc' dir='ltr'>εει,</span> <span class='ocrx_word' id='word_1_305' title='bbox 823 3921 944 3974; x_wconf 76' lang='lat' dir='ltr'><strong>qua:</strong></span> <span class='ocrx_word' id='word_1_306' title='bbox 973 3920 1078 3956; x_wconf 91' lang='lat' dir='ltr'><strong>non</strong></span> <span class='ocrx_word' id='word_1_307' title='bbox 1111 3903 1182 3955; x_wconf 84' lang='lat' dir='ltr'><strong>ita</strong></span> <span class='ocrx_word' id='word_1_308' title='bbox 1216 3901 1316 3956; x_wconf 85' lang='lat' dir='ltr'><strong>sibi</strong></span> <span class='ocrx_word' id='word_1_309' title='bbox 1343 3898 1558 3971; x_wconf 86' lang='lat' dir='ltr'><strong>propria</strong></span> <span class='ocrx_word' id='word_1_310' title='bbox 1588 3907 1737 3961; x_wconf 90' lang='lat' dir='ltr'><strong>sunt,</strong></span> <span class='ocrx_word' id='word_1_311' title='bbox 1772 3895 1823 3950; x_wconf 91' lang='lat' dir='ltr'><strong>in</strong></span> <span class='ocrx_word' id='word_1_312' title='bbox 1855 3912 1915 3950; x_wconf 89' lang='lat' dir='ltr'><strong>se</strong></span> 
     </span>
    </p>
   </div>
   <div class='ocr_carea' id='block_1_39' title="bbox 287 3990 1916 4065">
    <p class='ocr_par' dir='ltr' id='par_1_39' title="bbox 287 3990 1916 4065">
     <span class='ocr_line' id='line_1_39' title="bbox 287 3990 1916 4065; baseline -0.006 -9"><span class='ocrx_word' id='word_1_313' title='bbox 287 3999 589 4056; x_wconf 73' lang='lat' dir='ltr'><strong>attrahitet</strong></span> <span class='ocrx_word' id='word_1_314' title='bbox 608 4007 925 4058; x_wconf 88' lang='lat' dir='ltr'><strong>commutat.</strong></span> <span class='ocrx_word' id='word_1_315' title='bbox 955 3995 1065 4053; x_wconf 87' lang='lat' dir='ltr'><strong>Cor</strong></span> <span class='ocrx_word' id='word_1_316' title='bbox 1090 3996 1235 4051; x_wconf 87' lang='lat' dir='ltr'><strong>enim</strong></span> <span class='ocrx_word' id='word_1_317' title='bbox 1265 4010 1389 4051; x_wconf 92' lang='lat' dir='ltr'><strong>cum</strong></span> <span class='ocrx_word' id='word_1_318' title='bbox 1420 3992 1696 4065; x_wconf 63' lang='lat' dir='ltr'><strong>quidpiam</strong></span> <span class='ocrx_word' id='word_1_319' title='bbox 1729 3990 1916 4046; x_wconf 87' lang='lat' dir='ltr'><strong>damni</strong></span> 
     </span>
    </p>
   </div>
   <div class='ocr_carea' id='block_1_40' title="bbox 287 4071 1914 4160">
    <p class='ocr_par' dir='ltr' id='par_1_40' title="bbox 287 4071 1914 4160">
     <span class='ocr_line' id='line_1_40' title="bbox 287 4071 1914 4160; baseline -0.006 -14"><span class='ocrx_word' id='word_1_320' title='bbox 287 4091 584 4160; x_wconf 67' lang='lat' dir='ltr'><strong>meperit,</strong></span> <span class='ocrx_word' id='word_1_321' title='bbox 615 4099 786 4145; x_wconf 90' lang='lat' dir='ltr'><strong>totum</strong></span> <span class='ocrx_word' id='word_1_322' title='bbox 810 4103 1008 4159; x_wconf 91' lang='lat' dir='ltr'><strong>corpus</strong></span> <span class='ocrx_word' id='word_1_323' title='bbox 1030 4087 1110 4143; x_wconf 85' lang='lat' dir='ltr'><strong>sic</strong></span> <span class='ocrx_word' id='word_1_324' title='bbox 1135 4086 1305 4142; x_wconf 85' lang='lat' dir='ltr'><strong>allicit</strong></span> <span class='ocrx_word' id='word_1_325' title='bbox 1322 4071 1350 4153; x_wconf 66' lang='grc'><strong>,’</strong></span> <span class='ocrx_word' id='word_1_326' title='bbox 1371 4094 1429 4142; x_wconf 89' lang='grc' dir='ltr'><strong>ει</strong></span> <span class='ocrx_word' id='word_1_327' title='bbox 1455 4083 1779 4154; x_wconf 88' lang='lat' dir='ltr'><strong>intemperie</strong></span> <span class='ocrx_word' id='word_1_328' title='bbox 1816 4096 1914 4136; x_wconf 88' lang='lat' dir='ltr'><strong>sua</strong></span> 
     </span>
    </p>
   </div>
   <div class='ocr_carea' id='block_1_41' title="bbox 288 4178 1911 4255">
    <p class='ocr_par' dir='ltr' id='par_1_41' title="bbox 288 4178 1911 4255">
     <span class='ocr_line' id='line_1_41' title="bbox 288 4178 1911 4255; baseline -0.006 -14"><span class='ocrx_word' id='word_1_329' title='bbox 288 4195 465 4241; x_wconf 83' lang='lat' dir='ltr'><strong>totum</strong></span> <span class='ocrx_word' id='word_1_330' title='bbox 492 4185 831 4255; x_wconf 76' lang='lat' dir='ltr'><strong>Corrumpit;</strong></span> <span class='ocrx_word' id='word_1_331' title='bbox 877 4185 960 4240; x_wconf 90' lang='lat' dir='ltr'><strong>sin</strong></span> <span class='ocrx_word' id='word_1_332' title='bbox 1001 4194 1188 4239; x_wconf 87' lang='lat' dir='ltr'><strong>contra</strong></span> <span class='ocrx_word' id='word_1_333' title='bbox 1239 4182 1375 4238; x_wconf 85' lang='lat' dir='ltr'><strong>bene</strong></span> <span class='ocrx_word' id='word_1_334' title='bbox 1416 4187 1780 4252; x_wconf 85' lang='lat' dir='ltr'><strong>temperatum</strong></span> <span class='ocrx_word' id='word_1_335' title='bbox 1817 4178 1911 4245; x_wconf 88' lang='lat' dir='ltr'><strong>sit,</strong></span> 
     </span>
    </p>
   </div>
   <div class='ocr_carea' id='block_1_42' title="bbox 352 4426 1906 4514">
    <p class='ocr_par' dir='ltr' id='par_1_42' title="bbox 352 4426 1906 4514">
     <span class='ocr_line' id='line_1_42' title="bbox 352 4426 1906 4514; baseline -0.009 -23"><span class='ocrx_word' id='word_1_336' title='bbox 352 4446 373 4481; x_wconf 85' lang='grc' dir='ltr'><strong>ι</strong></span> <span class='ocrx_word' id='word_1_337' title='bbox 395 4445 622 4514; x_wconf 75' lang='lat' dir='ltr'><strong>Quatuor</strong></span> <span class='ocrx_word' id='word_1_338' title='bbox 657 4440 1046 4514; x_wconf 25' lang='lat' dir='ltr'><strong>codd..habent:</strong></span> <span class='ocrx_word' id='word_1_339' title='bbox 1083 4435 1279 4487; x_wconf 80' lang='lat' dir='ltr'><strong>Probus</strong></span> <span class='ocrx_word' id='word_1_340' title='bbox 1312 4437 1474 4484; x_wconf 81' lang='lat' dir='ltr'><strong>autem</strong></span> <span class='ocrx_word' id='word_1_341' title='bbox 1493 4428 1595 4492; x_wconf 80' lang='lat' dir='ltr'><strong>vir,</strong></span> <span class='ocrx_word' id='word_1_342' title='bbox 1615 4426 1906 4482; x_wconf 79' lang='lat' dir='ltr'><strong>siveservus</strong></span> 
     </span>
    </p>
   </div>
   <div class='ocr_carea' id='block_1_43' title="bbox 278 4506 1440 4630">
    <p class='ocr_par' dir='ltr' id='par_1_43' title="bbox 278 4506 1440 4630">
     <span class='ocr_line' id='line_1_43' title="bbox 278 4506 1440 4630; baseline -0.012 -10"><span class='ocrx_word' id='word_1_343' title='bbox 278 4513 379 4602; x_wconf 52' lang='grc' dir='ltr'><strong>ωδ</strong></span> <span class='ocrx_word' id='word_1_344' title='bbox 400 4520 505 4620; x_wconf 55' lang='grc' dir='ltr'><strong>ἳῗὲ</strong></span> <span class='ocrx_word' id='word_1_345' title='bbox 532 4506 700 4619; x_wconf 54' lang='grc' dir='ltr'><strong>’ἐπεὶ</strong></span> <span class='ocrx_word' id='word_1_346' title='bbox 710 4573 746 4626; x_wconf 84' lang='grc' dir='ltr'>ι,</span> <span class='ocrx_word' id='word_1_347' title='bbox 764 4563 986 4630; x_wconf 70' lang='lat' dir='ltr'><strong>o/fasdit,</strong></span> <span class='ocrx_word' id='word_1_348' title='bbox 1012 4575 1122 4626; x_wconf 88' lang='lat' dir='ltr'><strong>pro,</strong></span> <span class='ocrx_word' id='word_1_349' title='bbox 1143 4555 1440 4613; x_wconf 77' lang='lat' dir='ltr'><strong>uerberauit.</strong></span> 
     </span>
    </p>
   </div>
   <div class='ocr_carea' id='block_1_44' title="bbox 291 4638 1977 4671">
    <p class='ocr_par' dir='ltr' id='par_1_44' title="bbox 291 4638 1977 4671">
     <span class='ocr_line' id='line_1_44' title="bbox 291 4638 1977 4671; baseline -0.01 -4"><span class='ocrx_word' id='word_1_350' title='bbox 291 4638 1977 4671; x_wconf 81' lang='lat'><strong>__________________.._—</strong></span> 
     </span>
    </p>
   </div>
   <div class='ocr_carea' id='block_1_45' title="bbox 1216 355 2717 424">
    <p class='ocr_par' dir='ltr' id='par_1_45' title="bbox 1216 355 2717 424">
     <span class='ocr_line' id='line_1_45' title="bbox 1216 355 2717 424; baseline -0.005 -2"><span class='ocrx_word' id='word_1_351' title='bbox 1216 367 1283 424; x_wconf 82' lang='lat' dir='ltr'><strong>IN</strong></span> <span class='ocrx_word' id='word_1_352' title='bbox 1318 359 1730 422; x_wconf 65' lang='lat' dir='ltr'><strong>MATTIIEUM</strong></span> <span class='ocrx_word' id='word_1_353' title='bbox 1775 357 2007 415; x_wconf 78' lang='lat' dir='ltr'><strong>HOMIL.</strong></span> <span class='ocrx_word' id='word_1_354' title='bbox 2050 355 2294 414; x_wconf 73' lang='lat' dir='ltr'><strong>LXXXI.</strong></span> <span class='ocrx_word' id='word_1_355' title='bbox 2335 355 2407 413; x_wconf 89' lang='lat' dir='ltr'><strong>al.</strong></span> <span class='ocrx_word' id='word_1_356' title='bbox 2449 355 2717 415; x_wconf 69' lang='lat' dir='ltr'><strong>LXXXII;</strong></span> 
     </span>
    </p>
   </div>
   <div class='ocr_carea' id='block_1_46' title="bbox 3559 354 3668 411">
    <p class='ocr_par' dir='ltr' id='par_1_46' title="bbox 3559 354 3668 411">
     <span class='ocr_line' id='line_1_46' title="bbox 3559 354 3668 411; baseline -0.009 0"><span class='ocrx_word' id='word_1_357' title='bbox 3559 354 3668 411; x_wconf 51' lang='lat'><strong>75&quot;!</strong></span> 
     </span>
    </p>
   </div>
   <div class='ocr_carea' id='block_1_47' title="bbox 2041 469 3664 545">
    <p class='ocr_par' dir='ltr' id='par_1_47' title="bbox 2041 469 3664 545">
     <span class='ocr_line' id='line_1_47' title="bbox 2041 469 3664 545; baseline -0.001 -19"><span class='ocrx_word' id='word_1_358' title='bbox 2041 471 2140 528; x_wconf 90' lang='lat' dir='ltr'><strong>toti</strong></span> <span class='ocrx_word' id='word_1_359' title='bbox 2163 470 2366 528; x_wconf 87' lang='lat' dir='ltr'><strong>homini</strong></span> <span class='ocrx_word' id='word_1_360' title='bbox 2391 472 2633 545; x_wconf 87' lang='lat' dir='ltr'><strong>prodest.</strong></span> <span class='ocrx_word' id='word_1_361' title='bbox 2675 472 2730 529; x_wconf 90' lang='lat' dir='ltr'><strong>Si</strong></span> <span class='ocrx_word' id='word_1_362' title='bbox 2764 469 2890 542; x_wconf 90' lang='lat' dir='ltr'><strong>quid</strong></span> <span class='ocrx_word' id='word_1_363' title='bbox 2917 485 3047 528; x_wconf 87' lang='lat' dir='ltr'><strong>vero</strong></span> <span class='ocrx_word' id='word_1_364' title='bbox 3076 487 3143 529; x_wconf 77' lang='lat' dir='ltr'><strong>ex</strong></span> <span class='ocrx_word' id='word_1_365' title='bbox 3173 471 3386 529; x_wconf 60' lang='lat' dir='ltr'><strong>exteris</strong></span> <span class='ocrx_word' id='word_1_366' title='bbox 3415 485 3664 528; x_wconf 76' lang='lat' dir='ltr'><strong>corrum-</strong></span> 
     </span>
    </p>
   </div>
   <div class='ocr_carea' id='block_1_48' title="bbox 2042 565 3666 638">
    <p class='ocr_par' dir='ltr' id='par_1_48' title="bbox 2042 565 3666 638">
     <span class='ocr_line' id='line_1_48' title="bbox 2042 565 3666 638; baseline 0 -17"><span class='ocrx_word' id='word_1_367' title='bbox 2042 576 2223 638; x_wconf 88' lang='lat' dir='ltr'><strong>patur,</strong></span> <span class='ocrx_word' id='word_1_368' title='bbox 2254 566 2360 623; x_wconf 91' lang='lat' dir='ltr'><strong>hoc</strong></span> <span class='ocrx_word' id='word_1_369' title='bbox 2390 569 2536 623; x_wconf 86' lang='lat' dir='ltr'><strong>intus</strong></span> <span class='ocrx_word' id='word_1_370' title='bbox 2576 582 2712 623; x_wconf 85' lang='lat' dir='ltr'><strong>sano</strong></span> <span class='ocrx_word' id='word_1_371' title='bbox 2741 576 2998 624; x_wconf 88' lang='lat' dir='ltr'><strong>manente</strong></span> <span class='ocrx_word' id='word_1_372' title='bbox 3022 609 3038 635; x_wconf 93' lang='lat'><strong>,</strong></span> <span class='ocrx_word' id='word_1_373' title='bbox 3071 566 3231 622; x_wconf 77' lang='lat' dir='ltr'><strong>facile</strong></span> <span class='ocrx_word' id='word_1_374' title='bbox 3278 565 3495 622; x_wconf 88' lang='lat' dir='ltr'><strong>illorum</strong></span> <span class='ocrx_word' id='word_1_375' title='bbox 3540 581 3666 621; x_wconf 85' lang='lat' dir='ltr'><strong>cor-</strong></span> 
     </span>
    </p>
   </div>
   <div class='ocr_carea' id='block_1_49' title="bbox 2040 659 3665 735">
    <p class='ocr_par' dir='ltr' id='par_1_49' title="bbox 2040 659 3665 735">
     <span class='ocr_line' id='line_1_49' title="bbox 2040 659 3665 735; baseline -0.004 -16"><span class='ocrx_word' id='word_1_376' title='bbox 2040 663 2308 735; x_wconf 91' lang='lat' dir='ltr'><strong>ruptelam</strong></span> <span class='ocrx_word' id='word_1_377' title='bbox 2334 663 2562 718; x_wconf 80' lang='lat' dir='ltr'><strong>excutit.</strong></span> <span class='ocrx_word' id='word_1_378' title='bbox 2581 660 2646 718; x_wconf 92' lang='lat' dir='ltr'><strong>Ut</strong></span> <span class='ocrx_word' id='word_1_379' title='bbox 2675 671 2857 717; x_wconf 90' lang='lat' dir='ltr'><strong>autem</strong></span> <span class='ocrx_word' id='word_1_380' title='bbox 2878 661 3078 717; x_wconf 90' lang='lat' dir='ltr'><strong>clarius</strong></span> <span class='ocrx_word' id='word_1_381' title='bbox 3096 660 3304 731; x_wconf 84' lang='lat' dir='ltr'><strong>loquar,</strong></span> <span class='ocrx_word' id='word_1_382' title='bbox 3332 659 3486 729; x_wconf 86' lang='lat' dir='ltr'><strong>quid,</strong></span> <span class='ocrx_word' id='word_1_383' title='bbox 3513 674 3665 730; x_wconf 71' lang='lat' dir='ltr'><strong>qure-</strong></span> 
     </span>
    </p>
   </div>
   <div class='ocr_carea' id='block_1_50' title="bbox 2040 750 3681 827">
    <p class='ocr_par' dir='ltr' id='par_1_50' title="bbox 2040 750 3681 827">
     <span class='ocr_line' id='line_1_50' title="bbox 2040 750 3681 827; baseline -0.002 -16"><span class='ocrx_word' id='word_1_384' title='bbox 2040 770 2124 824; x_wconf 89' lang='lat' dir='ltr'><strong>so,</strong></span> <span class='ocrx_word' id='word_1_385' title='bbox 2179 766 2408 827; x_wconf 91' lang='lat' dir='ltr'><strong>prosunt</strong></span> <span class='ocrx_word' id='word_1_386' title='bbox 2436 755 2572 811; x_wconf 88' lang='lat' dir='ltr'><strong>rami</strong></span> <span class='ocrx_word' id='word_1_387' title='bbox 2613 754 2818 811; x_wconf 86' lang='lat' dir='ltr'><strong>virides</strong></span> <span class='ocrx_word' id='word_1_388' title='bbox 2843 796 2858 822; x_wconf 95' lang='lat'><strong>,</strong></span> <span class='ocrx_word' id='word_1_389' title='bbox 2907 754 2953 810; x_wconf 89' lang='lat' dir='ltr'><strong>si</strong></span> <span class='ocrx_word' id='word_1_390' title='bbox 2995 753 3149 810; x_wconf 83' lang='lat' dir='ltr'><strong>radix</strong></span> <span class='ocrx_word' id='word_1_391' title='bbox 3195 752 3268 808; x_wconf 89' lang='lat' dir='ltr'><strong>sit</strong></span> <span class='ocrx_word' id='word_1_392' title='bbox 3296 752 3502 818; x_wconf 82' lang='lat' dir='ltr'><strong>arida?</strong></span> <span class='ocrx_word' id='word_1_393' title='bbox 3534 750 3681 823; x_wconf 80' lang='lat' dir='ltr'><strong>quid</strong></span> 
     </span>
    </p>
   </div>
   <div class='ocr_carea' id='block_1_51' title="bbox 2040 847 3669 923">
    <p class='ocr_par' dir='ltr' id='par_1_51' title="bbox 2040 847 3669 923">
     <span class='ocr_line' id='line_1_51' title="bbox 2040 847 3669 923; baseline -0.004 -14"><span class='ocrx_word' id='word_1_394' title='bbox 2040 853 2250 920; x_wconf 89' lang='lat' dir='ltr'><strong>damni,</strong></span> <span class='ocrx_word' id='word_1_395' title='bbox 2283 852 2329 909; x_wconf 93' lang='lat' dir='ltr'><strong>si</strong></span> <span class='ocrx_word' id='word_1_396' title='bbox 2358 866 2595 923; x_wconf 89' lang='lat' dir='ltr'><strong>superna</strong></span> <span class='ocrx_word' id='word_1_397' title='bbox 2624 849 2754 906; x_wconf 79' lang='lat' dir='ltr'><strong>folia</strong></span> <span class='ocrx_word' id='word_1_398' title='bbox 2793 849 3159 918; x_wconf 81' lang='lat' dir='ltr'><strong>exsiccentur,</strong></span> <span class='ocrx_word' id='word_1_399' title='bbox 3187 847 3370 904; x_wconf 86' lang='lat' dir='ltr'><strong>radice</strong></span> <span class='ocrx_word' id='word_1_400' title='bbox 3391 861 3518 902; x_wconf 85' lang='lat' dir='ltr'><strong>sana</strong></span> <span class='ocrx_word' id='word_1_401' title='bbox 3551 860 3669 903; x_wconf 83' lang='lat' dir='ltr'><strong>ma-</strong></span> 
     </span>
    </p>
   </div>
   <div class='ocr_carea' id='block_1_52' title="bbox 2042 940 3665 1016">
    <p class='ocr_par' dir='ltr' id='par_1_52' title="bbox 2042 940 3665 1016">
     <span class='ocr_line' id='line_1_52' title="bbox 2042 940 3665 1016; baseline -0.005 -11"><span class='ocrx_word' id='word_1_402' title='bbox 2042 949 2242 1005; x_wconf 82' lang='lat' dir='ltr'><strong>nente?</strong></span> <span class='ocrx_word' id='word_1_403' title='bbox 2283 947 2376 1004; x_wconf 91' lang='lat' dir='ltr'><strong>Sic</strong></span> <span class='ocrx_word' id='word_1_404' title='bbox 2410 957 2467 1004; x_wconf 89' lang='lat' dir='ltr'><strong>et</strong></span> <span class='ocrx_word' id='word_1_405' title='bbox 2515 947 2620 1003; x_wconf 92' lang='lat' dir='ltr'><strong>hoc</strong></span> <span class='ocrx_word' id='word_1_406' title='bbox 2667 947 2787 1003; x_wconf 86' lang='lat' dir='ltr'><strong>loco</strong></span> <span class='ocrx_word' id='word_1_407' title='bbox 2814 945 2958 1002; x_wconf 89' lang='lat' dir='ltr'><strong>nulla</strong></span> <span class='ocrx_word' id='word_1_408' title='bbox 2988 940 3340 1016; x_wconf 86' lang='lat' dir='ltr'><strong>pecuniarum</strong></span> <span class='ocrx_word' id='word_1_409' title='bbox 3363 941 3590 1012; x_wconf 87' lang='lat' dir='ltr'><strong>utilitas,</strong></span> <span class='ocrx_word' id='word_1_410' title='bbox 3617 943 3665 998; x_wconf 88' lang='lat' dir='ltr'><strong>si</strong></span> 
     </span>
    </p>
   </div>
   <div class='ocr_carea' id='block_1_53' title="bbox 2043 1035 3682 1115">
    <p class='ocr_par' dir='ltr' id='par_1_53' title="bbox 2043 1035 3682 1115">
     <span class='ocr_line' id='line_1_53' title="bbox 2043 1035 3682 1115; baseline -0.003 -15"><span class='ocrx_word' id='word_1_411' title='bbox 2043 1045 2201 1115; x_wconf 89' lang='lat' dir='ltr'><strong>inops</strong></span> <span class='ocrx_word' id='word_1_412' title='bbox 2222 1043 2295 1099; x_wconf 87' lang='lat' dir='ltr'><strong>sit</strong></span> <span class='ocrx_word' id='word_1_413' title='bbox 2317 1043 2521 1110; x_wconf 87' lang='lat' dir='ltr'><strong>anima;</strong></span> <span class='ocrx_word' id='word_1_414' title='bbox 2542 1056 2716 1114; x_wconf 87' lang='lat' dir='ltr'><strong>neque</strong></span> <span class='ocrx_word' id='word_1_415' title='bbox 2743 1035 3077 1112; x_wconf 86' lang='lat' dir='ltr'><strong>paupertatis</strong></span> <span class='ocrx_word' id='word_1_416' title='bbox 3102 1039 3389 1104; x_wconf 89' lang='lat' dir='ltr'><strong>damnum,</strong></span> <span class='ocrx_word' id='word_1_417' title='bbox 3412 1038 3458 1093; x_wconf 88' lang='lat' dir='ltr'><strong>si</strong></span> <span class='ocrx_word' id='word_1_418' title='bbox 3484 1039 3682 1095; x_wconf 86' lang='lat' dir='ltr'><strong>anima-</strong></span> 
     </span>
    </p>
   </div>
   <div class='ocr_carea' id='block_1_54' title="bbox 2044 1132 3668 1207">
    <p class='ocr_par' dir='ltr' id='par_1_54' title="bbox 2044 1132 3668 1207">
     <span class='ocr_line' id='line_1_54' title="bbox 2044 1132 3668 1207; baseline -0.004 -13"><span class='ocrx_word' id='word_1_419' title='bbox 2044 1138 2114 1194; x_wconf 88' lang='lat' dir='ltr'><strong>sit</strong></span> <span class='ocrx_word' id='word_1_420' title='bbox 2138 1137 2313 1193; x_wconf 90' lang='lat' dir='ltr'><strong>dives.</strong></span> <span class='ocrx_word' id='word_1_421' title='bbox 2347 1134 2416 1191; x_wconf 86' lang='lat' dir='ltr'><strong>Et</strong></span> <span class='ocrx_word' id='word_1_422' title='bbox 2443 1135 2738 1207; x_wconf 90' lang='lat' dir='ltr'><strong>quomodo,</strong></span> <span class='ocrx_word' id='word_1_423' title='bbox 2783 1134 3020 1207; x_wconf 90' lang='lat' dir='ltr'><strong>inquies,</strong></span> <span class='ocrx_word' id='word_1_424' title='bbox 3065 1135 3247 1189; x_wconf 90' lang='lat' dir='ltr'><strong>anima</strong></span> <span class='ocrx_word' id='word_1_425' title='bbox 3278 1133 3433 1189; x_wconf 79' lang='lat' dir='ltr'><strong>dives</strong></span> <span class='ocrx_word' id='word_1_426' title='bbox 3457 1133 3583 1199; x_wconf 89' lang='lat' dir='ltr'><strong>erit,</strong></span> <span class='ocrx_word' id='word_1_427' title='bbox 3620 1132 3668 1188; x_wconf 91' lang='lat' dir='ltr'><strong>si</strong></span> 
     </span>
    </p>
   </div>
   <div class='ocr_carea' id='block_1_55' title="bbox 2043 1227 3671 1304">
    <p class='ocr_par' dir='ltr' id='par_1_55' title="bbox 2043 1227 3671 1304">
     <span class='ocr_line' id='line_1_55' title="bbox 2043 1227 3671 1304; baseline -0.004 -15"><span class='ocrx_word' id='word_1_428' title='bbox 2043 1231 2273 1304; x_wconf 87' lang='lat' dir='ltr'><strong>pecunia</strong></span> <span class='ocrx_word' id='word_1_429' title='bbox 2300 1231 2499 1302; x_wconf 82' lang='lat' dir='ltr'><strong>egeat?</strong></span> <span class='ocrx_word' id='word_1_430' title='bbox 2530 1230 2684 1288; x_wconf 90' lang='lat' dir='ltr'><strong>Tunc</strong></span> <span class='ocrx_word' id='word_1_431' title='bbox 2708 1231 2945 1286; x_wconf 81' lang='lat' dir='ltr'><strong>maxime</strong></span> <span class='ocrx_word' id='word_1_432' title='bbox 2971 1228 3160 1296; x_wconf 84' lang='lat' dir='ltr'><strong>dives;</strong></span> <span class='ocrx_word' id='word_1_433' title='bbox 3195 1237 3325 1283; x_wconf 87' lang='lat' dir='ltr'><strong>tunc</strong></span> <span class='ocrx_word' id='word_1_434' title='bbox 3348 1227 3495 1283; x_wconf 92' lang='lat' dir='ltr'><strong>enim</strong></span> <span class='ocrx_word' id='word_1_435' title='bbox 3530 1227 3671 1282; x_wconf 89' lang='lat' dir='ltr'><strong>dite-</strong></span> 
     </span>
    </p>
   </div>
   <div class='ocr_carea' id='block_1_56' title="bbox 2049 1316 3676 1392">
    <p class='ocr_par' dir='ltr' id='par_1_56' title="bbox 2049 1316 3676 1392">
     <span class='ocr_line' id='line_1_56' title="bbox 2049 1316 3676 1392; baseline -0.007 -9"><span class='ocrx_word' id='word_1_436' title='bbox 2049 1341 2210 1383; x_wconf 89' lang='lat' dir='ltr'><strong>scere</strong></span> <span class='ocrx_word' id='word_1_437' title='bbox 2237 1325 2403 1381; x_wconf 86' lang='lat' dir='ltr'><strong>solet.</strong></span> <span class='ocrx_word' id='word_1_438' title='bbox 2434 1322 2492 1378; x_wconf 89' lang='lat' dir='ltr'><strong>Si</strong></span> <span class='ocrx_word' id='word_1_439' title='bbox 2533 1322 2706 1389; x_wconf 90' lang='lat' dir='ltr'><strong>enim,</strong></span> <span class='ocrx_word' id='word_1_440' title='bbox 2745 1329 2805 1375; x_wconf 93' lang='lat' dir='ltr'><strong>ut</strong></span> <span class='ocrx_word' id='word_1_441' title='bbox 2851 1335 2997 1392; x_wconf 58' lang='lat' dir='ltr'><strong>saepe</strong></span> <span class='ocrx_word' id='word_1_442' title='bbox 3026 1316 3564 1384; x_wconf 82' lang='lat' dir='ltr'><strong>demonstravimus,</strong></span> <span class='ocrx_word' id='word_1_443' title='bbox 3599 1331 3676 1372; x_wconf 62' lang='lat' dir='ltr'><strong>ex-</strong></span> 
     </span>
    </p>
   </div>
   <div class='ocr_carea' id='block_1_57' title="bbox 2045 1409 3673 1488">
    <p class='ocr_par' dir='ltr' id='par_1_57' title="bbox 2045 1409 3673 1488">
     <span class='ocr_line' id='line_1_57' title="bbox 2045 1409 3673 1488; baseline -0.008 -13"><span class='ocrx_word' id='word_1_444' title='bbox 2045 1432 2116 1475; x_wconf 89' lang='lat' dir='ltr'><strong>eo</strong></span> <span class='ocrx_word' id='word_1_445' title='bbox 2155 1417 2316 1473; x_wconf 84' lang='lat' dir='ltr'><strong>dives</strong></span> <span class='ocrx_word' id='word_1_446' title='bbox 2361 1415 2690 1488; x_wconf 83' lang='lat' dir='ltr'><strong>agnoscitur</strong></span> <span class='ocrx_word' id='word_1_447' title='bbox 2729 1412 2878 1483; x_wconf 88' lang='lat' dir='ltr'><strong>quod</strong></span> <span class='ocrx_word' id='word_1_448' title='bbox 2926 1409 3199 1482; x_wconf 89' lang='lat' dir='ltr'><strong>pecunias</strong></span> <span class='ocrx_word' id='word_1_449' title='bbox 3245 1415 3568 1480; x_wconf 89' lang='lat' dir='ltr'><strong>contemnat</strong></span> <span class='ocrx_word' id='word_1_450' title='bbox 3616 1417 3673 1462; x_wconf 90' lang='lat' dir='ltr'><strong>et</strong></span> 
     </span>
    </p>
   </div>
   <div class='ocr_carea' id='block_1_58' title="bbox 2049 1498 3671 1582">
    <p class='ocr_par' dir='ltr' id='par_1_58' title="bbox 2049 1498 3671 1582">
     <span class='ocr_line' id='line_1_58' title="bbox 2049 1498 3671 1582; baseline -0.009 -15"><span class='ocrx_word' id='word_1_451' title='bbox 2049 1511 2413 1582; x_wconf 87' lang='lat' dir='ltr'><strong>nullo_egeat,</strong></span> <span class='ocrx_word' id='word_1_452' title='bbox 2447 1523 2658 1581; x_wconf 88' lang='lat' dir='ltr'><strong>pauper</strong></span> <span class='ocrx_word' id='word_1_453' title='bbox 2702 1521 2836 1563; x_wconf 82' lang='lat' dir='ltr'><strong>vero</strong></span> <span class='ocrx_word' id='word_1_454' title='bbox 2876 1521 2944 1561; x_wconf 80' lang='lat' dir='ltr'><strong>ex</strong></span> <span class='ocrx_word' id='word_1_455' title='bbox 2975 1518 3044 1560; x_wconf 92' lang='lat' dir='ltr'><strong>eo</strong></span> <span class='ocrx_word' id='word_1_456' title='bbox 3085 1502 3233 1574; x_wconf 88' lang='lat' dir='ltr'><strong>quod</strong></span> <span class='ocrx_word' id='word_1_457' title='bbox 3277 1498 3671 1572; x_wconf 81' lang='lat' dir='ltr'><strong>indigeat;-la-</strong></span> 
     </span>
    </p>
   </div>
   <div class='ocr_carea' id='block_1_59' title="bbox 2048 1593 3689 1675">
    <p class='ocr_par' dir='ltr' id='par_1_59' title="bbox 2048 1593 3689 1675">
     <span class='ocr_line' id='line_1_59' title="bbox 2048 1593 3689 1675; baseline -0.009 -14"><span class='ocrx_word' id='word_1_458' title='bbox 2048 1604 2327 1675; x_wconf 88' lang='lat' dir='ltr'><strong>ciliusque</strong></span> <span class='ocrx_word' id='word_1_459' title='bbox 2355 1604 2428 1660; x_wconf 88' lang='lat' dir='ltr'><strong>sit</strong></span> <span class='ocrx_word' id='word_1_460' title='bbox 2458 1605 2513 1658; x_wconf 92' lang='lat' dir='ltr'><strong>in</strong></span> <span class='ocrx_word' id='word_1_461' title='bbox 2541 1609 2868 1674; x_wconf 85' lang='lat' dir='ltr'><strong>paupertate</strong></span> <span class='ocrx_word' id='word_1_462' title='bbox 2890 1612 3058 1669; x_wconf 80' lang='lat' dir='ltr'><strong>quam</strong></span> <span class='ocrx_word' id='word_1_463' title='bbox 3085 1597 3141 1652; x_wconf 89' lang='lat' dir='ltr'><strong>iu</strong></span> <span class='ocrx_word' id='word_1_464' title='bbox 3165 1595 3375 1652; x_wconf 89' lang='lat' dir='ltr'><strong>divitiis</strong></span> <span class='ocrx_word' id='word_1_465' title='bbox 3406 1593 3689 1663; x_wconf 81' lang='lat' dir='ltr'><strong>pecunias</strong></span> 
     </span>
    </p>
   </div>
   <div class='ocr_carea' id='block_1_60' title="bbox 2049 1687 3677 1769">
    <p class='ocr_par' dir='ltr' id='par_1_60' title="bbox 2049 1687 3677 1769">
     <span class='ocr_line' id='line_1_60' title="bbox 2049 1687 3677 1769; baseline -0.007 -14"><span class='ocrx_word' id='word_1_466' title='bbox 2049 1707 2430 1768; x_wconf 80' lang='lat' dir='ltr'><strong>contemnere,</strong></span> <span class='ocrx_word' id='word_1_467' title='bbox 2441 1697 2626 1769; x_wconf 88' lang='lat' dir='ltr'><strong>palam</strong></span> <span class='ocrx_word' id='word_1_468' title='bbox 2638 1703 2722 1753; x_wconf 89' lang='lat' dir='ltr'><strong>est</strong></span> <span class='ocrx_word' id='word_1_469' title='bbox 2734 1703 3114 1767; x_wconf 87' lang='lat' dir='ltr'><strong>paupertatem</strong></span> <span class='ocrx_word' id='word_1_470' title='bbox 3129 1689 3372 1762; x_wconf 84' lang='lat' dir='ltr'><strong>majores</strong></span> <span class='ocrx_word' id='word_1_471' title='bbox 3389 1702 3582 1758; x_wconf 86' lang='lat' dir='ltr'><strong>parere</strong></span> <span class='ocrx_word' id='word_1_472' title='bbox 3596 1687 3677 1745; x_wconf 89' lang='lat' dir='ltr'><strong>di-</strong></span> 
     </span>
    </p>
   </div>
   <div class='ocr_carea' id='block_1_61' title="bbox 2051 1784 3678 1863">
    <p class='ocr_par' dir='ltr' id='par_1_61' title="bbox 2051 1784 3678 1863">
     <span class='ocr_line' id='line_1_61' title="bbox 2051 1784 3678 1863; baseline -0.007 -15"><span class='ocrx_word' id='word_1_473' title='bbox 2051 1794 2239 1850; x_wconf 85' lang='lat' dir='ltr'><strong>vitias.</strong></span> <span class='ocrx_word' id='word_1_474' title='bbox 2267 1792 2406 1848; x_wconf 80' lang='lat' dir='ltr'><strong>Nam</strong></span> <span class='ocrx_word' id='word_1_475' title='bbox 2421 1792 2569 1863; x_wconf 92' lang='lat' dir='ltr'><strong>quod</strong></span> <span class='ocrx_word' id='word_1_476' title='bbox 2586 1792 2740 1848; x_wconf 89' lang='lat' dir='ltr'><strong>dives</strong></span> <span class='ocrx_word' id='word_1_477' title='bbox 2757 1790 2884 1862; x_wconf 83' lang='lat' dir='ltr'><strong>plus</strong></span> <span class='ocrx_word' id='word_1_478' title='bbox 2901 1803 3065 1860; x_wconf 90' lang='lat' dir='ltr'><strong>quam</strong></span> <span class='ocrx_word' id='word_1_479' title='bbox 3084 1801 3293 1858; x_wconf 85' lang='lat' dir='ltr'><strong>pauper</strong></span> <span class='ocrx_word' id='word_1_480' title='bbox 3308 1784 3678 1840; x_wconf 79' lang='lat' dir='ltr'><strong>divitiascon-</strong></span> 
     </span>
    </p>
   </div>
   <div class='ocr_carea' id='block_1_62' title="bbox 2053 1878 3680 1961">
    <p class='ocr_par' dir='ltr' id='par_1_62' title="bbox 2053 1878 3680 1961">
     <span class='ocr_line' id='line_1_62' title="bbox 2053 1878 3680 1961; baseline -0.01 -14"><span class='ocrx_word' id='word_1_481' title='bbox 2053 1890 2325 1961; x_wconf 89' lang='lat' dir='ltr'><strong>cupiscat,</strong></span> <span class='ocrx_word' id='word_1_482' title='bbox 2356 1887 2566 1944; x_wconf 88' lang='lat' dir='ltr'><strong>nemini</strong></span> <span class='ocrx_word' id='word_1_483' title='bbox 2596 1902 2707 1941; x_wconf 91' lang='lat' dir='ltr'><strong>non</strong></span> <span class='ocrx_word' id='word_1_484' title='bbox 2750 1893 2940 1940; x_wconf 91' lang='lat' dir='ltr'><strong>notum</strong></span> <span class='ocrx_word' id='word_1_485' title='bbox 2972 1891 3056 1939; x_wconf 89' lang='lat' dir='ltr'><strong>est</strong></span> <span class='ocrx_word' id='word_1_486' title='bbox 3079 1878 3598 1952; x_wconf 85' lang='lat' dir='ltr'><strong>:&#39;queniadmoduui</strong></span> <span class='ocrx_word' id='word_1_487' title='bbox 3624 1885 3680 1932; x_wconf 88' lang='lat' dir='ltr'><strong>et</strong></span> 
     </span>
    </p>
   </div>
   <div class='ocr_carea' id='block_1_63' title="bbox 2054 1979 3676 2054">
    <p class='ocr_par' dir='ltr' id='par_1_63' title="bbox 2054 1979 3676 2054">
     <span class='ocr_line' id='line_1_63' title="bbox 2054 1979 3676 2054; baseline -0.01 -11"><span class='ocrx_word' id='word_1_488' title='bbox 2054 1987 2246 2044; x_wconf 89' lang='lat' dir='ltr'><strong>ebrius</strong></span> <span class='ocrx_word' id='word_1_489' title='bbox 2262 1984 2598 2054; x_wconf 74' lang='lat' dir='ltr'><strong>magissitit,</strong></span> <span class='ocrx_word' id='word_1_490' title='bbox 2622 1998 2789 2054; x_wconf 90' lang='lat' dir='ltr'><strong>quam</strong></span> <span class='ocrx_word' id='word_1_491' title='bbox 2816 1981 2912 2052; x_wconf 91' lang='lat' dir='ltr'><strong>qui</strong></span> <span class='ocrx_word' id='word_1_492' title='bbox 2932 1979 3221 2036; x_wconf 90' lang='lat' dir='ltr'><strong>moderato</strong></span> <span class='ocrx_word' id='word_1_493' title='bbox 3246 1993 3383 2032; x_wconf 89' lang='lat' dir='ltr'><strong>usus</strong></span> <span class='ocrx_word' id='word_1_494' title='bbox 3405 1985 3493 2031; x_wconf 86' lang='lat' dir='ltr'><strong>est</strong></span> <span class='ocrx_word' id='word_1_495' title='bbox 3520 1984 3676 2046; x_wconf 93' lang='lat' dir='ltr'><strong>potu.</strong></span> 
     </span>
    </p>
   </div>
   <div class='ocr_carea' id='block_1_64' title="bbox 2055 2067 3709 2146">
    <p class='ocr_par' dir='ltr' id='par_1_64' title="bbox 2055 2067 3709 2146">
     <span class='ocr_line' id='line_1_64' title="bbox 2055 2067 3709 2146; baseline -0.013 -9"><span class='ocrx_word' id='word_1_496' title='bbox 2055 2080 2178 2137; x_wconf 86' lang='lat' dir='ltr'><strong>Non</strong></span> <span class='ocrx_word' id='word_1_497' title='bbox 2195 2080 2346 2137; x_wconf 90' lang='lat' dir='ltr'><strong>enim</strong></span> <span class='ocrx_word' id='word_1_498' title='bbox 2365 2079 2492 2135; x_wconf 87' lang='lat' dir='ltr'><strong>talis</strong></span> <span class='ocrx_word' id='word_1_499' title='bbox 2505 2088 2589 2134; x_wconf 90' lang='lat' dir='ltr'><strong>est</strong></span> <span class='ocrx_word' id='word_1_500' title='bbox 2602 2075 3053 2146; x_wconf 89' lang='lat' dir='ltr'><strong>concupiscentia</strong></span> <span class='ocrx_word' id='word_1_501' title='bbox 3069 2089 3196 2145; x_wconf 75' lang='lat' dir='ltr'><strong>qua:</strong></span> <span class='ocrx_word' id='word_1_502' title='bbox 3213 2088 3275 2126; x_wconf 79' lang='lat' dir='ltr'><strong>ex</strong></span> <span class='ocrx_word' id='word_1_503' title='bbox 3298 2070 3496 2141; x_wconf 90' lang='lat' dir='ltr'><strong>majori</strong></span> <span class='ocrx_word' id='word_1_504' title='bbox 3517 2067 3679 2137; x_wconf 86' lang='lat' dir='ltr'><strong>c0pia</strong></span> <span class='ocrx_word' id='word_1_505' title='bbox 3705 2111 3709 2115; x_wconf 87' lang='lat'><strong>.</strong></span> 
     </span>
    </p>
   </div>
   <div class='ocr_carea' id='block_1_65' title="bbox 2043 2159 3692 2243">
    <p class='ocr_par' dir='ltr' id='par_1_65' title="bbox 2043 2159 3692 2243">
     <span class='ocr_line' id='line_1_65' title="bbox 2043 2159 3692 2243; baseline -0.009 -14"><span class='ocrx_word' id='word_1_506' title='bbox 2043 2173 2446 2243; x_wconf 83' lang='lat' dir='ltr'><strong>exstinguatur,</strong></span> <span class='ocrx_word' id='word_1_507' title='bbox 2473 2169 2584 2224; x_wconf 92' lang='lat' dir='ltr'><strong>imo</strong></span> <span class='ocrx_word' id='word_1_508' title='bbox 2610 2167 2791 2238; x_wconf 90' lang='lat' dir='ltr'><strong>potius</strong></span> <span class='ocrx_word' id='word_1_509' title='bbox 2821 2163 2948 2222; x_wconf 87' lang='lat' dir='ltr'><strong>inde</strong></span> <span class='ocrx_word' id='word_1_510' title='bbox 2975 2165 3150 2234; x_wconf 86' lang='lat' dir='ltr'><strong>magis</strong></span> <span class='ocrx_word' id='word_1_511' title='bbox 3177 2162 3505 2219; x_wconf 87' lang='lat' dir='ltr'><strong>incenditur.</strong></span> <span class='ocrx_word' id='word_1_512' title='bbox 3529 2159 3692 2216; x_wconf 74' lang='lat' dir='ltr'><strong>Nam=</strong></span> 
     </span>
    </p>
   </div>
   <div class='ocr_carea' id='block_1_66' title="bbox 2044 2253 3669 2337">
    <p class='ocr_par' dir='ltr' id='par_1_66' title="bbox 2044 2253 3669 2337">
     <span class='ocr_line' id='line_1_66' title="bbox 2044 2253 3669 2337; baseline -0.009 -16"><span class='ocrx_word' id='word_1_513' title='bbox 2044 2266 2183 2337; x_wconf 83' lang='lat' dir='ltr'><strong>ignis</strong></span> <span class='ocrx_word' id='word_1_514' title='bbox 2204 2272 2408 2337; x_wconf 91' lang='lat' dir='ltr'><strong>quanto</strong></span> <span class='ocrx_word' id='word_1_515' title='bbox 2451 2260 2714 2332; x_wconf 87' lang='lat' dir='ltr'><strong>majorem</strong></span> <span class='ocrx_word' id='word_1_516' title='bbox 2745 2272 2926 2315; x_wconf 87' lang='lat' dir='ltr'><strong>escam</strong></span> <span class='ocrx_word' id='word_1_517' title='bbox 2956 2255 3174 2326; x_wconf 87' lang='lat' dir='ltr'><strong>accipit.</strong></span> <span class='ocrx_word' id='word_1_518' title='bbox 3205 2263 3358 2310; x_wconf 90' lang='lat' dir='ltr'><strong>tanto</strong></span> <span class='ocrx_word' id='word_1_519' title='bbox 3390 2255 3560 2324; x_wconf 79' lang='lat' dir='ltr'><strong>magis</strong></span> <span class='ocrx_word' id='word_1_520' title='bbox 3589 2253 3669 2306; x_wconf 81' lang='lat' dir='ltr'><strong>in~</strong></span> 
     </span>
    </p>
   </div>
   <div class='ocr_carea' id='block_1_67' title="bbox 2042 2345 3670 2424">
    <p class='ocr_par' dir='ltr' id='par_1_67' title="bbox 2042 2345 3670 2424">
     <span class='ocr_line' id='line_1_67' title="bbox 2042 2345 3670 2424; baseline -0.008 -11"><span class='ocrx_word' id='word_1_521' title='bbox 2042 2358 2380 2420; x_wconf 80' lang='lat' dir='ltr'><strong>ﬂammatur;</strong></span> <span class='ocrx_word' id='word_1_522' title='bbox 2423 2353 2504 2410; x_wconf 90' lang='lat' dir='ltr'><strong>sic</strong></span> <span class='ocrx_word' id='word_1_523' title='bbox 2537 2362 2595 2409; x_wconf 90' lang='lat' dir='ltr'><strong>et</strong></span> <span class='ocrx_word' id='word_1_524' title='bbox 2636 2351 2988 2424; x_wconf 89' lang='lat' dir='ltr'><strong>pecuniarum</strong></span> <span class='ocrx_word' id='word_1_525' title='bbox 3021 2348 3328 2420; x_wconf 88' lang='lat' dir='ltr'><strong>cupiditas,</strong></span> <span class='ocrx_word' id='word_1_526' title='bbox 3379 2362 3503 2403; x_wconf 89' lang='lat' dir='ltr'><strong>cum</strong></span> <span class='ocrx_word' id='word_1_527' title='bbox 3547 2345 3670 2417; x_wconf 84' lang='lat' dir='ltr'><strong>plus</strong></span> 
     </span>
    </p>
   </div>
   <div class='ocr_carea' id='block_1_68' title="bbox 2040 2439 3669 2521">
    <p class='ocr_par' dir='ltr' id='par_1_68' title="bbox 2040 2439 3669 2521">
     <span class='ocr_line' id='line_1_68' title="bbox 2040 2439 3669 2521; baseline -0.007 -15"><span class='ocrx_word' id='word_1_528' title='bbox 2040 2451 2311 2521; x_wconf 86' lang='lat' dir='ltr'><strong>acceperit</strong></span> <span class='ocrx_word' id='word_1_529' title='bbox 2337 2448 2494 2515; x_wconf 90' lang='lat' dir='ltr'><strong>auri,</strong></span> <span class='ocrx_word' id='word_1_530' title='bbox 2529 2456 2659 2502; x_wconf 90' lang='lat' dir='ltr'><strong>tunc</strong></span> <span class='ocrx_word' id='word_1_531' title='bbox 2689 2444 2859 2515; x_wconf 83' lang='lat' dir='ltr'><strong>magis</strong></span> <span class='ocrx_word' id='word_1_532' title='bbox 2894 2444 3140 2500; x_wconf 79' lang='lat' dir='ltr'><strong>elle&#39;rtur.</strong></span> <span class='ocrx_word' id='word_1_533' title='bbox 3186 2441 3242 2496; x_wconf 88' lang='lat' dir='ltr'><strong>Si</strong></span> <span class='ocrx_word' id='word_1_534' title='bbox 3291 2456 3421 2511; x_wconf 86' lang='lat' dir='ltr'><strong>ergo</strong></span> <span class='ocrx_word' id='word_1_535' title='bbox 3461 2439 3669 2510; x_wconf 80' lang='lat' dir='ltr'><strong>majora</strong></span> 
     </span>
    </p>
   </div>
   <div class='ocr_carea' id='block_1_69' title="bbox 2039 2532 3669 2619">
    <p class='ocr_par' dir='ltr' id='par_1_69' title="bbox 2039 2532 3669 2619">
     <span class='ocr_line' id='line_1_69' title="bbox 2039 2532 3669 2619; baseline -0.006 -19"><span class='ocrx_word' id='word_1_536' title='bbox 2039 2561 2242 2619; x_wconf 90' lang='lat' dir='ltr'><strong>cupere</strong></span> <span class='ocrx_word' id='word_1_537' title='bbox 2274 2545 2325 2600; x_wconf 92' lang='lat' dir='ltr'><strong>id</strong></span> <span class='ocrx_word' id='word_1_538' title='bbox 2358 2550 2649 2614; x_wconf 83' lang='lat' dir='ltr'><strong>paupertas</strong></span> <span class='ocrx_word' id='word_1_539' title='bbox 2673 2547 2760 2596; x_wconf 88' lang='lat' dir='ltr'><strong>est</strong></span> <span class='ocrx_word' id='word_1_540' title='bbox 2782 2581 2798 2605; x_wconf 93' lang='lat'><strong>,</strong></span> <span class='ocrx_word' id='word_1_541' title='bbox 2826 2538 2916 2609; x_wconf 92' lang='lat' dir='ltr'><strong>qui</strong></span> <span class='ocrx_word' id='word_1_542' title='bbox 2956 2539 3007 2592; x_wconf 92' lang='lat' dir='ltr'><strong>in</strong></span> <span class='ocrx_word' id='word_1_543' title='bbox 3046 2532 3249 2593; x_wconf 73' lang='lat' dir='ltr'><strong>divitiis</strong></span> <span class='ocrx_word' id='word_1_544' title='bbox 3276 2545 3360 2591; x_wconf 90' lang='lat' dir='ltr'><strong>est</strong></span> <span class='ocrx_word' id='word_1_545' title='bbox 3387 2535 3545 2600; x_wconf 88' lang='lat' dir='ltr'><strong>talis,</strong></span> <span class='ocrx_word' id='word_1_546' title='bbox 3582 2535 3669 2590; x_wconf 89' lang='lat' dir='ltr'><strong>hic</strong></span> 
     </span>
    </p>
   </div>
   <div class='ocr_carea' id='block_1_70' title="bbox 2041 2629 3667 2711">
    <p class='ocr_par' dir='ltr' id='par_1_70' title="bbox 2041 2629 3667 2711">
     <span class='ocr_line' id='line_1_70' title="bbox 2041 2629 3667 2711; baseline -0.01 -14"><span class='ocrx_word' id='word_1_547' title='bbox 2041 2642 2277 2698; x_wconf 79' lang='lat' dir='ltr'><strong>maxime</strong></span> <span class='ocrx_word' id='word_1_548' title='bbox 2307 2654 2512 2711; x_wconf 89' lang='lat' dir='ltr'><strong>pauper</strong></span> <span class='ocrx_word' id='word_1_549' title='bbox 2538 2632 2862 2692; x_wconf 67' lang='lat' dir='ltr'><strong>est.&#39;Viden&#39;</strong></span> <span class='ocrx_word' id='word_1_550' title='bbox 2890 2633 3130 2688; x_wconf 89' lang='lat' dir='ltr'><strong>animam</strong></span> <span class='ocrx_word' id='word_1_551' title='bbox 3165 2639 3278 2686; x_wconf 90' lang='lat' dir='ltr'><strong>tum</strong></span> <span class='ocrx_word' id='word_1_552' title='bbox 3325 2629 3497 2700; x_wconf 84' lang='lat' dir='ltr'><strong>magis</strong></span> <span class='ocrx_word' id='word_1_553' title='bbox 3529 2643 3667 2699; x_wconf 86' lang='lat' dir='ltr'><strong>pan.-</strong></span> 
     </span>
    </p>
   </div>
   <div class='ocr_carea' id='block_1_71' title="bbox 2039 2723 3668 2806">
    <p class='ocr_par' dir='ltr' id='par_1_71' title="bbox 2039 2723 3668 2806">
     <span class='ocr_line' id='line_1_71' title="bbox 2039 2723 3668 2806; baseline -0.01 -15"><span class='ocrx_word' id='word_1_554' title='bbox 2039 2750 2224 2806; x_wconf 86' lang='lat' dir='ltr'><strong>percm</strong></span> <span class='ocrx_word' id='word_1_555' title='bbox 2253 2747 2397 2793; x_wconf 85' lang='lat' dir='ltr'><strong>esse,</strong></span> <span class='ocrx_word' id='word_1_556' title='bbox 2429 2746 2553 2785; x_wconf 91' lang='lat' dir='ltr'><strong>cum</strong></span> <span class='ocrx_word' id='word_1_557' title='bbox 2580 2728 2735 2784; x_wconf 86' lang='lat' dir='ltr'><strong>dives</strong></span> <span class='ocrx_word' id='word_1_558' title='bbox 2774 2733 2861 2782; x_wconf 88' lang='lat' dir='ltr'><strong>est</strong></span> <span class='ocrx_word' id='word_1_559' title='bbox 2893 2742 2906 2779; x_wconf 88' lang='lat'><strong>:</strong></span> <span class='ocrx_word' id='word_1_560' title='bbox 2937 2733 3174 2795; x_wconf 88' lang='lat' dir='ltr'><strong>tuncque</strong></span> <span class='ocrx_word' id='word_1_561' title='bbox 3201 2723 3491 2791; x_wconf 77' lang='lat' dir='ltr'><strong>ditescere,</strong></span> <span class='ocrx_word' id='word_1_562' title='bbox 3541 2731 3668 2776; x_wconf 88' lang='lat' dir='ltr'><strong>cum</strong></span> 
     </span>
    </p>
   </div>
   <div class='ocr_carea' id='block_1_72' title="bbox 2036 2813 3683 2896">
    <p class='ocr_par' dir='ltr' id='par_1_72' title="bbox 2036 2813 3683 2896">
     <span class='ocr_line' id='line_1_72' title="bbox 2036 2813 3683 2896; baseline -0.012 -12"><span class='ocrx_word' id='word_1_563' title='bbox 2036 2838 2120 2885; x_wconf 90' lang='lat' dir='ltr'><strong>est</strong></span> <span class='ocrx_word' id='word_1_564' title='bbox 2151 2824 2343 2896; x_wconf 81' lang='lat' dir='ltr'><strong>inops?</strong></span> <span class='ocrx_word' id='word_1_565' title='bbox 2373 2823 2418 2879; x_wconf 90' lang='lat' dir='ltr'><strong>si</strong></span> <span class='ocrx_word' id='word_1_566' title='bbox 2448 2823 2531 2877; x_wconf 90' lang='lat' dir='ltr'><strong>vis</strong></span> <span class='ocrx_word' id='word_1_567' title='bbox 2560 2830 2740 2876; x_wconf 89' lang='lat' dir='ltr'><strong>autem</strong></span> <span class='ocrx_word' id='word_1_568' title='bbox 2771 2827 2830 2873; x_wconf 93' lang='lat' dir='ltr'><strong>ut</strong></span> <span class='ocrx_word' id='word_1_569' title='bbox 2857 2817 2911 2872; x_wconf 93' lang='lat' dir='ltr'><strong>in</strong></span> <span class='ocrx_word' id='word_1_570' title='bbox 2942 2816 3154 2872; x_wconf 87' lang='lat' dir='ltr'><strong>duabus</strong></span> <span class='ocrx_word' id='word_1_571' title='bbox 3198 2814 3446 2886; x_wconf 89' lang='lat' dir='ltr'><strong>personis</strong></span> <span class='ocrx_word' id='word_1_572' title='bbox 3482 2813 3532 2867; x_wconf 92' lang='lat' dir='ltr'><strong>id</strong></span> <span class='ocrx_word' id='word_1_573' title='bbox 3562 2829 3683 2869; x_wconf 47' lang='lat' dir='ltr'><strong>ex.-</strong></span> 
     </span>
    </p>
   </div>
   <div class='ocr_carea' id='block_1_73' title="bbox 2037 2907 3662 2997">
    <p class='ocr_par' dir='ltr' id='par_1_73' title="bbox 2037 2907 3662 2997">
     <span class='ocr_line' id='line_1_73' title="bbox 2037 2907 3662 2997; baseline -0.011 -18"><span class='ocrx_word' id='word_1_574' title='bbox 2037 2925 2353 2997; x_wconf 89' lang='lat' dir='ltr'><strong>ploremus,</strong></span> <span class='ocrx_word' id='word_1_575' title='bbox 2385 2927 2531 2973; x_wconf 90' lang='lat' dir='ltr'><strong>stent</strong></span> <span class='ocrx_word' id='word_1_576' title='bbox 2557 2916 2666 2970; x_wconf 93' lang='lat' dir='ltr'><strong>duo</strong></span> <span class='ocrx_word' id='word_1_577' title='bbox 2714 2914 2978 2985; x_wconf 73' lang='lat' dir='ltr'><strong>quipiam,</strong></span> <span class='ocrx_word' id='word_1_578' title='bbox 3011 2925 3242 2980; x_wconf 88' lang='lat' dir='ltr'><strong>quorum</strong></span> <span class='ocrx_word' id='word_1_579' title='bbox 3283 2908 3422 2964; x_wconf 88' lang='lat' dir='ltr'><strong>alius</strong></span> <span class='ocrx_word' id='word_1_580' title='bbox 3470 2907 3662 2962; x_wconf 84' lang='lat' dir='ltr'><strong>decem</strong></span> 
     </span>
    </p>
   </div>
   <div class='ocr_carea' id='block_1_74' title="bbox 2037 2999 3664 3073">
    <p class='ocr_par' dir='ltr' id='par_1_74' title="bbox 2037 2999 3664 3073">
     <span class='ocr_line' id='line_1_74' title="bbox 2037 2999 3664 3073; baseline -0.013 -1"><span class='ocrx_word' id='word_1_581' title='bbox 2037 3016 2203 3073; x_wconf 90' lang='lat' dir='ltr'><strong>millia</strong></span> <span class='ocrx_word' id='word_1_582' title='bbox 2247 3013 2448 3069; x_wconf 88' lang='lat' dir='ltr'><strong>talenta</strong></span> <span class='ocrx_word' id='word_1_583' title='bbox 2485 3009 2703 3072; x_wconf 86' lang='lat' dir='ltr'><strong>haheat,</strong></span> <span class='ocrx_word' id='word_1_584' title='bbox 2751 3006 2891 3060; x_wconf 86' lang='lat' dir='ltr'><strong>alius</strong></span> <span class='ocrx_word' id='word_1_585' title='bbox 2926 3019 3057 3060; x_wconf 87' lang='lat' dir='ltr'><strong>vero</strong></span> <span class='ocrx_word' id='word_1_586' title='bbox 3079 3002 3266 3058; x_wconf 88' lang='lat' dir='ltr'><strong>decem</strong></span> <span class='ocrx_word' id='word_1_587' title='bbox 3297 3009 3546 3059; x_wconf 82' lang='lat' dir='ltr'><strong>tantum;</strong></span> <span class='ocrx_word' id='word_1_588' title='bbox 3594 2999 3664 3054; x_wconf 82' lang='lat' dir='ltr'><strong>ab</strong></span> 
     </span>
    </p>
   </div>
   <div class='ocr_carea' id='block_1_75' title="bbox 2035 3093 3661 3181">
    <p class='ocr_par' dir='ltr' id='par_1_75' title="bbox 2035 3093 3661 3181">
     <span class='ocr_line' id='line_1_75' title="bbox 2035 3093 3661 3181; baseline -0.012 -15"><span class='ocrx_word' id='word_1_589' title='bbox 2035 3123 2266 3181; x_wconf 83' lang='lat' dir='ltr'><strong>utroque</strong></span> <span class='ocrx_word' id='word_1_590' title='bbox 2305 3117 2486 3163; x_wconf 86' lang='lat' dir='ltr'><strong>autem</strong></span> <span class='ocrx_word' id='word_1_591' title='bbox 2520 3108 2636 3158; x_wconf 77' lang='lat' dir='ltr'><strong>huc</strong></span> <span class='ocrx_word' id='word_1_592' title='bbox 2661 3100 2975 3157; x_wconf 80' lang='lat' dir='ltr'><strong>auferamus</strong></span> <span class='ocrx_word' id='word_1_593' title='bbox 3005 3116 3018 3152; x_wconf 91' lang='lat'>:</span> <span class='ocrx_word' id='word_1_594' title='bbox 3050 3106 3170 3152; x_wconf 84' lang='lat' dir='ltr'><strong>nter</strong></span> <span class='ocrx_word' id='word_1_595' title='bbox 3201 3096 3374 3166; x_wconf 83' lang='lat' dir='ltr'><strong>magis</strong></span> <span class='ocrx_word' id='word_1_596' title='bbox 3415 3093 3661 3148; x_wconf 84' lang='lat' dir='ltr'><strong>dolebit?</strong></span> 
     </span>
    </p>
   </div>
   <div class='ocr_carea' id='block_1_76' title="bbox 2033 3189 3659 3272">
    <p class='ocr_par' dir='ltr' id='par_1_76' title="bbox 2033 3189 3659 3272">
     <span class='ocr_line' id='line_1_76' title="bbox 2033 3189 3659 3272; baseline -0.015 -12"><span class='ocrx_word' id='word_1_597' title='bbox 2033 3220 2214 3261; x_wconf 87' lang='lat' dir='ltr'><strong>:mnon</strong></span> <span class='ocrx_word' id='word_1_598' title='bbox 2262 3203 2353 3258; x_wconf 91' lang='lat' dir='ltr'><strong>ille</strong></span> <span class='ocrx_word' id='word_1_599' title='bbox 2393 3203 2482 3272; x_wconf 88' lang='lat' dir='ltr'><strong>qui</strong></span> <span class='ocrx_word' id='word_1_600' title='bbox 2511 3201 2698 3255; x_wconf 85' lang='lat' dir='ltr'><strong>decem</strong></span> <span class='ocrx_word' id='word_1_601' title='bbox 2732 3193 2898 3250; x_wconf 86' lang='lat' dir='ltr'><strong>millia</strong></span> <span class='ocrx_word' id='word_1_602' title='bbox 2929 3191 3144 3270; x_wconf 78' lang='lat' dir='ltr'><strong>atriisit?</strong></span> <span class='ocrx_word' id='word_1_603' title='bbox 3171 3189 3286 3245; x_wconf 77' lang='lat' dir='ltr'><strong>Non</strong></span> <span class='ocrx_word' id='word_1_604' title='bbox 3316 3197 3500 3243; x_wconf 90' lang='lat' dir='ltr'><strong>autem</strong></span> <span class='ocrx_word' id='word_1_605' title='bbox 3538 3202 3659 3240; x_wconf 80' lang='lat' dir='ltr'><strong>ma-</strong></span> 
     </span>
    </p>
   </div>
   <div class='ocr_carea' id='block_1_77' title="bbox 2030 3282 3659 3371">
    <p class='ocr_par' dir='ltr' id='par_1_77' title="bbox 2030 3282 3659 3371">
     <span class='ocr_line' id='line_1_77' title="bbox 2030 3282 3659 3371; baseline -0.011 -20"><span class='ocrx_word' id='word_1_606' title='bbox 2030 3301 2112 3371; x_wconf 80' lang='lat' dir='ltr'><strong>gis</strong></span> <span class='ocrx_word' id='word_1_607' title='bbox 2143 3298 2373 3363; x_wconf 84' lang='lat' dir='ltr'><strong>doleret,</strong></span> <span class='ocrx_word' id='word_1_608' title='bbox 2406 3296 2507 3350; x_wconf 90' lang='lat' dir='ltr'><strong>nisi</strong></span> <span class='ocrx_word' id='word_1_609' title='bbox 2537 3292 2710 3361; x_wconf 83' lang='lat' dir='ltr'><strong>magis</strong></span> <span class='ocrx_word' id='word_1_610' title='bbox 2736 3296 2980 3351; x_wconf 87' lang='lat' dir='ltr'><strong>amaret;</strong></span> <span class='ocrx_word' id='word_1_611' title='bbox 3009 3286 3054 3342; x_wconf 89' lang='lat' dir='ltr'><strong>si</strong></span> <span class='ocrx_word' id='word_1_612' title='bbox 3083 3285 3258 3355; x_wconf 89' lang='lat' dir='ltr'><strong>magis</strong></span> <span class='ocrx_word' id='word_1_613' title='bbox 3290 3292 3456 3347; x_wconf 82' lang='lat' dir='ltr'><strong>amat,</strong></span> <span class='ocrx_word' id='word_1_614' title='bbox 3487 3282 3659 3350; x_wconf 79' lang='lat' dir='ltr'><strong>magis</strong></span> 
     </span>
    </p>
   </div>
   <div class='ocr_carea' id='block_1_78' title="bbox 2033 3375 3664 3460">
    <p class='ocr_par' dir='ltr' id='par_1_78' title="bbox 2033 3375 3664 3460">
     <span class='ocr_line' id='line_1_78' title="bbox 2033 3375 3664 3460; baseline -0.013 -13"><span class='ocrx_word' id='word_1_615' title='bbox 2033 3389 2403 3460; x_wconf 82' lang='lat' dir='ltr'><strong>concupiscit;</strong></span> <span class='ocrx_word' id='word_1_616' title='bbox 2430 3388 2474 3440; x_wconf 90' lang='lat' dir='ltr'><strong>si</strong></span> <span class='ocrx_word' id='word_1_617' title='bbox 2500 3384 2670 3454; x_wconf 85' lang='lat' dir='ltr'><strong>magis</strong></span> <span class='ocrx_word' id='word_1_618' title='bbox 2700 3378 3058 3451; x_wconf 89' lang='lat' dir='ltr'><strong>concupiscit,</strong></span> <span class='ocrx_word' id='word_1_619' title='bbox 3091 3375 3266 3446; x_wconf 83' lang='lat' dir='ltr'><strong>magis</strong></span> <span class='ocrx_word' id='word_1_620' title='bbox 3305 3388 3510 3446; x_wconf 81' lang='lat' dir='ltr'><strong>pauper</strong></span> <span class='ocrx_word' id='word_1_621' title='bbox 3549 3380 3664 3427; x_wconf 72' lang='lat' dir='ltr'><strong>est;</strong></span> 
     </span>
    </p>
   </div>
   <div class='ocr_carea' id='block_1_79' title="bbox 2030 3466 3658 3557">
    <p class='ocr_par' dir='ltr' id='par_1_79' title="bbox 2030 3466 3658 3557">
     <span class='ocr_line' id='line_1_79' title="bbox 2030 3466 3658 3557; baseline -0.013 -14"><span class='ocrx_word' id='word_1_622' title='bbox 2030 3487 2163 3543; x_wconf 89' lang='lat' dir='ltr'><strong>Illud</strong></span> <span class='ocrx_word' id='word_1_623' title='bbox 2196 3485 2340 3541; x_wconf 89' lang='lat' dir='ltr'><strong>enim</strong></span> <span class='ocrx_word' id='word_1_624' title='bbox 2375 3481 2546 3557; x_wconf 83' lang='lat' dir='ltr'><strong>magis</strong></span> <span class='ocrx_word' id='word_1_625' title='bbox 2568 3475 3025 3546; x_wconf 86' lang='lat' dir='ltr'><strong>concupiscimus,</strong></span> <span class='ocrx_word' id='word_1_626' title='bbox 3057 3487 3167 3543; x_wconf 90' lang='lat' dir='ltr'><strong>quo</strong></span> <span class='ocrx_word' id='word_1_627' title='bbox 3190 3469 3426 3525; x_wconf 81' lang='lat' dir='ltr'><strong>maxime</strong></span> <span class='ocrx_word' id='word_1_628' title='bbox 3451 3466 3658 3538; x_wconf 87' lang='lat' dir='ltr'><strong>indige-</strong></span> 
     </span>
    </p>
   </div>
   <div class='ocr_carea' id='block_1_80' title="bbox 2029 3560 3658 3649">
    <p class='ocr_par' dir='ltr' id='par_1_80' title="bbox 2029 3560 3658 3649">
     <span class='ocr_line' id='line_1_80' title="bbox 2029 3560 3658 3649; baseline -0.015 -10"><span class='ocrx_word' id='word_1_629' title='bbox 2029 3597 2151 3639; x_wconf 86' lang='lat' dir='ltr'><strong>mus</strong></span> <span class='ocrx_word' id='word_1_630' title='bbox 2182 3598 2194 3636; x_wconf 91' lang='lat'><strong>:</strong></span> <span class='ocrx_word' id='word_1_631' title='bbox 2229 3596 2293 3633; x_wconf 80' lang='lat' dir='ltr'><strong>ex</strong></span> <span class='ocrx_word' id='word_1_632' title='bbox 2329 3574 2626 3649; x_wconf 87' lang='lat' dir='ltr'><strong>imligeutia</strong></span> <span class='ocrx_word' id='word_1_633' title='bbox 2654 3572 2798 3628; x_wconf 87' lang='lat' dir='ltr'><strong>enim</strong></span> <span class='ocrx_word' id='word_1_634' title='bbox 2819 3567 3111 3638; x_wconf 86' lang='lat' dir='ltr'><strong>cupiditas.</strong></span> <span class='ocrx_word' id='word_1_635' title='bbox 3149 3564 3285 3620; x_wconf 83' lang='lat' dir='ltr'><strong>Nam</strong></span> <span class='ocrx_word' id='word_1_636' title='bbox 3319 3562 3410 3617; x_wconf 90' lang='lat' dir='ltr'><strong>ubi</strong></span> <span class='ocrx_word' id='word_1_637' title='bbox 3434 3560 3658 3619; x_wconf 83' lang='lat' dir='ltr'><strong>satietas</strong></span> 
     </span>
    </p>
   </div>
   <div class='ocr_carea' id='block_1_81' title="bbox 2027 3657 3656 3744">
    <p class='ocr_par' dir='ltr' id='par_1_81' title="bbox 2027 3657 3656 3744">
     <span class='ocr_line' id='line_1_81' title="bbox 2027 3657 3656 3744; baseline -0.015 -10"><span class='ocrx_word' id='word_1_638' title='bbox 2027 3688 2109 3734; x_wconf 83' lang='grc' dir='ltr'><strong>εει</strong></span> <span class='ocrx_word' id='word_1_639' title='bbox 2134 3719 2149 3742; x_wconf 85' lang='grc'><em>,</em></span> <span class='ocrx_word' id='word_1_640' title='bbox 2205 3672 2474 3744; x_wconf 77' lang='lat' dir='ltr'><strong>cupiditas</strong></span> <span class='ocrx_word' id='word_1_641' title='bbox 2513 3682 2635 3724; x_wconf 82' lang='lat' dir='ltr'><strong>esse</strong></span> <span class='ocrx_word' id='word_1_642' title='bbox 2663 3681 2770 3721; x_wconf 93' lang='lat' dir='ltr'><strong>non</strong></span> <span class='ocrx_word' id='word_1_643' title='bbox 2804 3670 3004 3735; x_wconf 75' lang='lat' dir='ltr'><strong>potest;</strong></span> <span class='ocrx_word' id='word_1_644' title='bbox 3034 3659 3189 3716; x_wconf 87' lang='lat' dir='ltr'><strong>Tune</strong></span> <span class='ocrx_word' id='word_1_645' title='bbox 3226 3659 3374 3715; x_wconf 89' lang='lat' dir='ltr'><strong>enim</strong></span> <span class='ocrx_word' id='word_1_646' title='bbox 3414 3657 3656 3713; x_wconf 85' lang='lat' dir='ltr'><strong>maxime</strong></span> 
     </span>
    </p>
   </div>
   <div class='ocr_carea' id='block_1_82' title="bbox 2028 3749 3655 3830">
    <p class='ocr_par' dir='ltr' id='par_1_82' title="bbox 2028 3749 3655 3830">
     <span class='ocr_line' id='line_1_82' title="bbox 2028 3749 3655 3830; baseline -0.012 -6"><span class='ocrx_word' id='word_1_647' title='bbox 2028 3770 2115 3825; x_wconf 84' lang='lat' dir='ltr'><strong>siti</strong></span> <span class='ocrx_word' id='word_1_648' title='bbox 2148 3780 2428 3830; x_wconf 81' lang='lat' dir='ltr'><strong>vexamur,</strong></span> <span class='ocrx_word' id='word_1_649' title='bbox 2453 3777 2576 3818; x_wconf 90' lang='lat' dir='ltr'><strong>cum</strong></span> <span class='ocrx_word' id='word_1_650' title='bbox 2610 3767 2738 3829; x_wconf 88' lang='lat' dir='ltr'><strong>potu</strong></span> <span class='ocrx_word' id='word_1_651' title='bbox 2769 3770 3014 3828; x_wconf 87' lang='lat' dir='ltr'><strong>egemus.</strong></span> <span class='ocrx_word' id='word_1_652' title='bbox 3047 3753 3175 3808; x_wconf 70' lang='grc' dir='ltr'><strong>Ηωε</strong></span> <span class='ocrx_word' id='word_1_653' title='bbox 3196 3767 3226 3826; x_wconf 85' lang='lat' dir='ltr'><strong>a</strong></span> <span class='ocrx_word' id='word_1_654' title='bbox 3249 3764 3336 3806; x_wconf 90' lang='lat' dir='ltr'><strong>me</strong></span> <span class='ocrx_word' id='word_1_655' title='bbox 3365 3749 3508 3806; x_wconf 87' lang='lat' dir='ltr'><strong>dicta</strong></span> <span class='ocrx_word' id='word_1_656' title='bbox 3528 3757 3655 3804; x_wconf 88' lang='lat' dir='ltr'><strong>sunt</strong></span> 
     </span>
    </p>
   </div>
   <div class='ocr_carea' id='block_1_83' title="bbox 2028 3844 3651 3933">
    <p class='ocr_par' dir='ltr' id='par_1_83' title="bbox 2028 3844 3651 3933">
     <span class='ocr_line' id='line_1_83' title="bbox 2028 3844 3651 3933; baseline -0.013 -17"><span class='ocrx_word' id='word_1_657' title='bbox 2028 3873 2085 3917; x_wconf 88' lang='lat' dir='ltr'><strong>ut</strong></span> <span class='ocrx_word' id='word_1_658' title='bbox 2109 3862 2362 3933; x_wconf 83' lang='lat' dir='ltr'><strong>probem,</strong></span> <span class='ocrx_word' id='word_1_659' title='bbox 2396 3857 2440 3911; x_wconf 90' lang='lat' dir='ltr'><strong>si</strong></span> <span class='ocrx_word' id='word_1_660' title='bbox 2473 3853 2780 3925; x_wconf 82' lang='lat' dir='ltr'><strong>vigilemus,</strong></span> <span class='ocrx_word' id='word_1_661' title='bbox 2816 3848 3092 3905; x_wconf 89' lang='lat' dir='ltr'><strong>neminem</strong></span> <span class='ocrx_word' id='word_1_662' title='bbox 3114 3844 3272 3900; x_wconf 91' lang='lat' dir='ltr'><strong>nobis</strong></span> <span class='ocrx_word' id='word_1_663' title='bbox 3303 3855 3500 3898; x_wconf 80' lang='lat' dir='ltr'><strong>nocere</strong></span> <span class='ocrx_word' id='word_1_664' title='bbox 3521 3857 3651 3912; x_wconf 80' lang='lat' dir='ltr'><strong>pes-</strong></span> 
     </span>
    </p>
   </div>
   <div class='ocr_carea' id='block_1_84' title="bbox 2025 3937 3650 4017">
    <p class='ocr_par' dir='ltr' id='par_1_84' title="bbox 2025 3937 3650 4017">
     <span class='ocr_line' id='line_1_84' title="bbox 2025 3937 3650 4017; baseline -0.013 -8"><span class='ocrx_word' id='word_1_665' title='bbox 2025 3971 2086 4011; x_wconf 80' lang='lat' dir='ltr'><strong>se</strong></span> <span class='ocrx_word' id='word_1_666' title='bbox 2113 3974 2126 4008; x_wconf 90' lang='lat'><strong>:</strong></span> <span class='ocrx_word' id='word_1_667' title='bbox 2156 3968 2221 4008; x_wconf 91' lang='lat' dir='ltr'><strong>ac</strong></span> <span class='ocrx_word' id='word_1_668' title='bbox 2248 3967 2354 4006; x_wconf 93' lang='lat' dir='ltr'><strong>non</strong></span> <span class='ocrx_word' id='word_1_669' title='bbox 2387 3965 2456 4004; x_wconf 79' lang='lat' dir='ltr'><strong>ex</strong></span> <span class='ocrx_word' id='word_1_670' title='bbox 2483 3953 2822 4017; x_wconf 89' lang='lat' dir='ltr'><strong>paupertate,</strong></span> <span class='ocrx_word' id='word_1_671' title='bbox 2846 3941 2941 3998; x_wconf 89' lang='lat' dir='ltr'><strong>sed</strong></span> <span class='ocrx_word' id='word_1_672' title='bbox 2958 3956 3026 3996; x_wconf 80' lang='lat' dir='ltr'><strong>ex</strong></span> <span class='ocrx_word' id='word_1_673' title='bbox 3056 3938 3213 3995; x_wconf 90' lang='lat' dir='ltr'><strong>nobis</strong></span> <span class='ocrx_word' id='word_1_674' title='bbox 3231 3938 3362 4008; x_wconf 86' lang='lat' dir='ltr'><strong>ipsis</strong></span> <span class='ocrx_word' id='word_1_675' title='bbox 3389 3937 3650 4008; x_wconf 85' lang='lat' dir='ltr'><strong>damnum</strong></span> 
     </span>
    </p>
   </div>
   <div class='ocr_carea' id='block_1_85' title="bbox 2025 4032 3648 4112">
    <p class='ocr_par' dir='ltr' id='par_1_85' title="bbox 2025 4032 3648 4112">
     <span class='ocr_line' id='line_1_85' title="bbox 2025 4032 3648 4112; baseline -0.012 -7"><span class='ocrx_word' id='word_1_676' title='bbox 2025 4048 2234 4105; x_wconf 82' lang='lat' dir='ltr'><strong>inferri.</strong></span> <span class='ocrx_word' id='word_1_677' title='bbox 2265 4046 2446 4112; x_wconf 88' lang='lat' dir='ltr'><strong>Quare</strong></span> <span class='ocrx_word' id='word_1_678' title='bbox 2473 4056 2624 4111; x_wconf 88' lang='lat' dir='ltr'><strong>rogo,</strong></span> <span class='ocrx_word' id='word_1_679' title='bbox 2654 4038 2799 4092; x_wconf 91' lang='lat' dir='ltr'><strong>omni</strong></span> <span class='ocrx_word' id='word_1_680' title='bbox 2828 4036 3102 4108; x_wconf 87' lang='lat' dir='ltr'><strong>diligentia</strong></span> <span class='ocrx_word' id='word_1_681' title='bbox 3123 4033 3367 4089; x_wconf 70' lang='lat' dir='ltr'><strong>avaritia:</strong></span> <span class='ocrx_word' id='word_1_682' title='bbox 3397 4032 3648 4087; x_wconf 86' lang='lat' dir='ltr'><strong>morbum</strong></span> 
     </span>
    </p>
   </div>
   <div class='ocr_carea' id='block_1_86' title="bbox 2025 4129 3645 4214">
    <p class='ocr_par' dir='ltr' id='par_1_86' title="bbox 2025 4129 3645 4214">
     <span class='ocr_line' id='line_1_86' title="bbox 2025 4129 3645 4214; baseline -0.014 -15"><span class='ocrx_word' id='word_1_683' title='bbox 2025 4143 2327 4214; x_wconf 85' lang='lat' dir='ltr'><strong>cjiciamus,</strong></span> <span class='ocrx_word' id='word_1_684' title='bbox 2380 4148 2437 4192; x_wconf 89' lang='lat' dir='ltr'><strong>ut</strong></span> <span class='ocrx_word' id='word_1_685' title='bbox 2464 4146 2518 4192; x_wconf 88' lang='lat' dir='ltr'><strong>et</strong></span> <span class='ocrx_word' id='word_1_686' title='bbox 2564 4133 2654 4190; x_wconf 88' lang='lat' dir='ltr'><strong>hic</strong></span> <span class='ocrx_word' id='word_1_687' title='bbox 2674 4132 2870 4188; x_wconf 82' lang='lat' dir='ltr'><strong>divites</strong></span> <span class='ocrx_word' id='word_1_688' title='bbox 2900 4129 3095 4197; x_wconf 88' lang='lat' dir='ltr'><strong>simus,</strong></span> <span class='ocrx_word' id='word_1_689' title='bbox 3131 4135 3187 4183; x_wconf 95' lang='lat' dir='ltr'><strong>et</strong></span> <span class='ocrx_word' id='word_1_690' title='bbox 3211 4135 3415 4182; x_wconf 70' lang='lat' dir='ltr'><strong>aeterna</strong></span> <span class='ocrx_word' id='word_1_691' title='bbox 3444 4139 3645 4180; x_wconf 86' lang='lat' dir='ltr'><strong>conse-</strong></span> 
     </span>
    </p>
   </div>
   <div class='ocr_carea' id='block_1_87' title="bbox 2024 4216 3646 4309">
    <p class='ocr_par' dir='ltr' id='par_1_87' title="bbox 2024 4216 3646 4309">
     <span class='ocr_line' id='line_1_87' title="bbox 2024 4216 3646 4309; baseline -0.014 -15"><span class='ocrx_word' id='word_1_692' title='bbox 2024 4251 2252 4309; x_wconf 82' lang='lat' dir='ltr'><strong>quamur</strong></span> <span class='ocrx_word' id='word_1_693' title='bbox 2275 4235 2437 4296; x_wconf 90' lang='lat' dir='ltr'><strong>bona,</strong></span> <span class='ocrx_word' id='word_1_694' title='bbox 2464 4229 2633 4301; x_wconf 75' lang='lat' dir='ltr'><strong>gratia</strong></span> <span class='ocrx_word' id='word_1_695' title='bbox 2655 4236 2709 4282; x_wconf 90' lang='lat' dir='ltr'><strong>et</strong></span> <span class='ocrx_word' id='word_1_696' title='bbox 2738 4223 3070 4296; x_wconf 87' lang='lat' dir='ltr'><strong>benignitate</strong></span> <span class='ocrx_word' id='word_1_697' title='bbox 3095 4219 3307 4276; x_wconf 89' lang='lat' dir='ltr'><strong>Domini</strong></span> <span class='ocrx_word' id='word_1_698' title='bbox 3327 4218 3495 4272; x_wconf 88' lang='lat' dir='ltr'><strong>nostri</strong></span> <span class='ocrx_word' id='word_1_699' title='bbox 3519 4216 3646 4272; x_wconf 84' lang='lat' dir='ltr'><strong>Jesu</strong></span> 
     </span>
    </p>
   </div>
   <div class='ocr_carea' id='block_1_88' title="bbox 2022 4317 3496 4398">
    <p class='ocr_par' dir='ltr' id='par_1_88' title="bbox 2022 4317 3496 4398">
     <span class='ocr_line' id='line_1_88' title="bbox 2022 4317 3496 4398; baseline -0.014 -11"><span class='ocrx_word' id='word_1_700' title='bbox 2022 4329 2250 4395; x_wconf 79' lang='lat' dir='ltr'><strong>Christi,</strong></span> <span class='ocrx_word' id='word_1_701' title='bbox 2285 4329 2368 4384; x_wconf 92' lang='lat' dir='ltr'><strong>cui</strong></span> <span class='ocrx_word' id='word_1_702' title='bbox 2394 4326 2565 4398; x_wconf 89' lang='lat' dir='ltr'><strong>gloria</strong></span> <span class='ocrx_word' id='word_1_703' title='bbox 2597 4324 2648 4377; x_wconf 91' lang='lat' dir='ltr'><strong>in</strong></span> <span class='ocrx_word' id='word_1_704' title='bbox 2681 4319 2884 4376; x_wconf 72' lang='lat' dir='ltr'><strong>smcula</strong></span> <span class='ocrx_word' id='word_1_705' title='bbox 2916 4317 3261 4373; x_wconf 64' lang='lat' dir='ltr'><strong>saeculorum.</strong></span> <span class='ocrx_word' id='word_1_706' title='bbox 3298 4317 3496 4370; x_wconf 85' lang='lat' dir='ltr'><strong>Amen.</strong></span> 
     </span>
    </p>
   </div>
   <div class='ocr_carea' id='block_1_89' title="bbox 2099 4503 3276 4572">
    <p class='ocr_par' dir='ltr' id='par_1_89' title="bbox 2099 4503 3276 4572">
     <span class='ocr_line' id='line_1_89' title="bbox 2099 4503 3276 4572; baseline -0.016 1"><span class='ocrx_word' id='word_1_707' title='bbox 2099 4521 2118 4554; x_wconf 84' lang='grc'>¹</span> <span class='ocrx_word' id='word_1_708' title='bbox 2149 4518 2246 4572; x_wconf 70' lang='grc' dir='ltr'><strong>Οτι.</strong></span> <span class='ocrx_word' id='word_1_709' title='bbox 2277 4515 2456 4569; x_wconf 78' lang='grc' dir='ltr'><strong>Αάηοι.</strong></span> <span class='ocrx_word' id='word_1_710' title='bbox 2484 4510 2734 4565; x_wconf 86' lang='lat' dir='ltr'><strong>Friderici</strong></span> <span class='ocrx_word' id='word_1_711' title='bbox 2756 4509 2904 4561; x_wconf 87' lang='lat' dir='ltr'><strong>Field</strong></span> <span class='ocrx_word' id='word_1_712' title='bbox 2932 4507 2998 4559; x_wconf 88' lang='lat' dir='ltr'><strong>ad</strong></span> <span class='ocrx_word' id='word_1_713' title='bbox 3018 4516 3134 4571; x_wconf 88' lang='lat' dir='ltr'><strong>pag.</strong></span> <span class='ocrx_word' id='word_1_714' title='bbox 3161 4503 3276 4554; x_wconf 70' lang='lat'><strong>773.</strong></span> 
     </span>
    </p>
   </div>
   <div class='ocr_carea' id='block_1_90' title="bbox 1989 4608 3654 4648">
    <p class='ocr_par' dir='ltr' id='par_1_90' title="bbox 1989 4608 3654 4648">
     <span class='ocr_line' id='line_1_90' title="bbox 1989 4608 3654 4648; baseline -0.01 -7"><span class='ocrx_word' id='word_1_715' title='bbox 1989 4608 3654 4648; x_wconf 76' lang='lat'><strong>___________________———-</strong></span> 
     </span>
    </p>
   </div>
   <div class='ocr_carea' id='block_1_91' title="bbox 1378 4701 2594 4781">
    <p class='ocr_par' dir='ltr' id='par_1_91' title="bbox 1378 4701 2594 4781">
     <span class='ocr_line' id='line_1_91' title="bbox 1378 4701 2594 4781; baseline -0.016 1"><span class='ocrx_word' id='word_1_716' title='bbox 1378 4718 1730 4781; x_wconf 82' lang='lat' dir='ltr'><strong>HOMILIA</strong></span> <span class='ocrx_word' id='word_1_717' title='bbox 1777 4713 2082 4776; x_wconf 78' lang='lat' dir='ltr'><strong>LXXXI.</strong></span> <span class='ocrx_word' id='word_1_718' title='bbox 2127 4709 2214 4772; x_wconf 86' lang='lat' dir='ltr'><strong>al.</strong></span> <span class='ocrx_word' id='word_1_719' title='bbox 2261 4701 2594 4768; x_wconf 76' lang='lat' dir='ltr'><strong>LXXXII.</strong></span> 
     </span>
    </p>
   </div>
   <div class='ocr_carea' id='block_1_92' title="bbox 274 4864 1908 4934">
    <p class='ocr_par' dir='ltr' id='par_1_92' title="bbox 274 4864 1908 4934">
     <span class='ocr_line' id='line_1_92' title="bbox 274 4864 1908 4934; baseline -0.009 -9"><span class='ocrx_word' id='word_1_720' title='bbox 274 4870 422 4926; x_wconf 67' lang='lat' dir='ltr'><strong>CAP.</strong></span> <span class='ocrx_word' id='word_1_721' title='bbox 451 4867 543 4922; x_wconf 74' lang='lat'><strong>26.</strong></span> <span class='ocrx_word' id='word_1_722' title='bbox 589 4883 644 4921; x_wconf 75' lang='grc' dir='ltr'><strong>ν.</strong></span> <span class='ocrx_word' id='word_1_723' title='bbox 680 4866 768 4922; x_wconf 80' lang='lat' dir='ltr'><strong>l7.</strong></span> <span class='ocrx_word' id='word_1_724' title='bbox 819 4864 996 4920; x_wconf 77' lang='lat' dir='ltr'><strong>Prima</strong></span> <span class='ocrx_word' id='word_1_725' title='bbox 1030 4873 1198 4920; x_wconf 86' lang='lat' dir='ltr'><strong>autem</strong></span> <span class='ocrx_word' id='word_1_726' title='bbox 1250 4878 1550 4934; x_wconf 74' lang='lat' dir='ltr'><strong>azymorum</strong></span> <span class='ocrx_word' id='word_1_727' title='bbox 1588 4868 1908 4915; x_wconf 77' lang='lat' dir='ltr'><strong>accesserunt</strong></span> 
     </span>
    </p>
   </div>
   <div class='ocr_carea' id='block_1_93' title="bbox 357 4951 1911 5030">
    <p class='ocr_par' dir='ltr' id='par_1_93' title="bbox 357 4951 1911 5030">
     <span class='ocr_line' id='line_1_93' title="bbox 357 4951 1911 5030; baseline -0.008 -13"><span class='ocrx_word' id='word_1_728' title='bbox 357 4962 602 5030; x_wconf 76' lang='lat' dir='ltr'><strong>discipuli</strong></span> <span class='ocrx_word' id='word_1_729' title='bbox 629 4960 698 5014; x_wconf 82' lang='lat' dir='ltr'><strong>ad</strong></span> <span class='ocrx_word' id='word_1_730' title='bbox 738 4958 917 5014; x_wconf 71' lang='lat' dir='ltr'><strong>Iesum</strong></span> <span class='ocrx_word' id='word_1_731' title='bbox 937 5002 953 5027; x_wconf 96' lang='lat'><strong>,</strong></span> <span class='ocrx_word' id='word_1_732' title='bbox 981 4959 1203 5014; x_wconf 80' lang='lat' dir='ltr'><strong>dicentes</strong></span> <span class='ocrx_word' id='word_1_733' title='bbox 1231 4973 1250 5010; x_wconf 87' lang='lat'><strong><em>:</em></strong></span> <span class='ocrx_word' id='word_1_734' title='bbox 1282 4955 1380 5012; x_wconf 84' lang='lat' dir='ltr'><strong>Ubi</strong></span> <span class='ocrx_word' id='word_1_735' title='bbox 1424 4955 1499 5010; x_wconf 77' lang='lat' dir='ltr'><strong>vis</strong></span> <span class='ocrx_word' id='word_1_736' title='bbox 1539 4969 1776 5025; x_wconf 75' lang='lat' dir='ltr'><strong>parsurus</strong></span> <span class='ocrx_word' id='word_1_737' title='bbox 1821 4951 1911 5004; x_wconf 81' lang='lat' dir='ltr'><strong>tibi</strong></span> 
     </span>
    </p>
   </div>
   <div class='ocr_carea' id='block_1_94' title="bbox 355 5044 1924 5129">
    <p class='ocr_par' dir='ltr' id='par_1_94' title="bbox 355 5044 1924 5129">
     <span class='ocr_line' id='line_1_94' title="bbox 355 5044 1924 5129; baseline -0.008 -18"><span class='ocrx_word' id='word_1_738' title='bbox 355 5068 413 5111; x_wconf 81' lang='lat' dir='ltr'><strong>ut</strong></span> <span class='ocrx_word' id='word_1_739' title='bbox 446 5057 718 5129; x_wconf 71' lang='lat' dir='ltr'><strong>mendaces</strong></span> <span class='ocrx_word' id='word_1_740' title='bbox 756 5054 992 5125; x_wconf 81' lang='lat' dir='ltr'><strong>pascha?</strong></span> <span class='ocrx_word' id='word_1_741' title='bbox 1035 5053 1122 5109; x_wconf 81' lang='grc'><strong>18.</strong></span> <span class='ocrx_word' id='word_1_742' title='bbox 1169 5050 1294 5123; x_wconf 81' lang='lat' dir='ltr'><strong>Ipse</strong></span> <span class='ocrx_word' id='word_1_743' title='bbox 1328 5059 1502 5105; x_wconf 85' lang='lat' dir='ltr'><strong>autem</strong></span> <span class='ocrx_word' id='word_1_744' title='bbox 1539 5049 1670 5101; x_wconf 80' lang='lat' dir='ltr'><strong>dixit</strong></span> <span class='ocrx_word' id='word_1_745' title='bbox 1701 5062 1718 5100; x_wconf 88' lang='lat'><strong><em>:</em></strong></span> <span class='ocrx_word' id='word_1_746' title='bbox 1745 5045 1828 5101; x_wconf 79' lang='lat' dir='ltr'><strong>he</strong></span> <span class='ocrx_word' id='word_1_747' title='bbox 1856 5044 1924 5099; x_wconf 72' lang='lat' dir='ltr'><strong>in‘</strong></span> 
     </span>
    </p>
   </div>
   <div class='ocr_carea' id='block_1_95' title="bbox 361 5141 1905 5220">
    <p class='ocr_par' dir='ltr' id='par_1_95' title="bbox 361 5141 1905 5220">
     <span class='ocr_line' id='line_1_95' title="bbox 361 5141 1905 5220; baseline -0.008 -16"><span class='ocrx_word' id='word_1_748' title='bbox 361 5153 614 5204; x_wconf 79' lang='lat' dir='ltr'><strong>civitatem</strong></span> <span class='ocrx_word' id='word_1_749' title='bbox 648 5150 717 5203; x_wconf 85' lang='lat' dir='ltr'><strong>ad</strong></span> <span class='ocrx_word' id='word_1_750' title='bbox 765 5148 1056 5220; x_wconf 82' lang='lat' dir='ltr'><strong>quemdam,</strong></span> <span class='ocrx_word' id='word_1_751' title='bbox 1091 5157 1140 5202; x_wconf 88' lang='lat' dir='ltr'><strong>et</strong></span> <span class='ocrx_word' id='word_1_752' title='bbox 1160 5147 1313 5201; x_wconf 82' lang='lat' dir='ltr'><strong>dicite</strong></span> <span class='ocrx_word' id='word_1_753' title='bbox 1340 5146 1427 5199; x_wconf 88' lang='lat' dir='ltr'><strong>ei:</strong></span> <span class='ocrx_word' id='word_1_754' title='bbox 1457 5142 1707 5214; x_wconf 78' lang='lat' dir='ltr'><strong>Magister</strong></span> <span class='ocrx_word' id='word_1_755' title='bbox 1745 5141 1905 5206; x_wconf 86' lang='lat' dir='ltr'><strong>dicit,</strong></span> 
     </span>
    </p>
   </div>
   <div class='ocr_carea' id='block_1_96' title="bbox 357 5233 1908 5316">
    <p class='ocr_par' dir='ltr' id='par_1_96' title="bbox 357 5233 1908 5316">
     <span class='ocr_line' id='line_1_96' title="bbox 357 5233 1908 5316; baseline -0.007 -19"><span class='ocrx_word' id='word_1_756' title='bbox 357 5241 585 5308; x_wconf 77' lang='lat' dir='ltr'><strong>Tempus</strong></span> <span class='ocrx_word' id='word_1_757' title='bbox 613 5257 781 5295; x_wconf 85' lang='lat' dir='ltr'><strong>meum</strong></span> <span class='ocrx_word' id='word_1_758' title='bbox 811 5257 971 5312; x_wconf 83' lang='lat' dir='ltr'><strong>prope</strong></span> <span class='ocrx_word' id='word_1_759' title='bbox 993 5250 1089 5307; x_wconf 80' lang='lat' dir='ltr'><strong>est,</strong></span> <span class='ocrx_word' id='word_1_760' title='bbox 1137 5239 1280 5309; x_wconf 88' lang='lat' dir='ltr'><strong>apud</strong></span> <span class='ocrx_word' id='word_1_761' title='bbox 1311 5247 1358 5293; x_wconf 81' lang='lat' dir='ltr'><strong>te</strong></span> <span class='ocrx_word' id='word_1_762' title='bbox 1387 5236 1522 5308; x_wconf 80' lang='lat' dir='ltr'><strong>facio</strong></span> <span class='ocrx_word' id='word_1_763' title='bbox 1570 5233 1762 5305; x_wconf 82' lang='lat' dir='ltr'><strong>pascha</strong></span> <span class='ocrx_word' id='word_1_764' title='bbox 1791 5249 1908 5316; x_wconf 77' lang='lat' dir='ltr'><strong>cum</strong></span> 
     </span>
    </p>
   </div>
   <div class='ocr_carea' id='block_1_97' title="bbox 360 5333 806 5405">
    <p class='ocr_par' dir='ltr' id='par_1_97' title="bbox 360 5333 806 5405">
     <span class='ocr_line' id='line_1_97' title="bbox 360 5333 806 5405; baseline -0.002 -16"><span class='ocrx_word' id='word_1_765' title='bbox 360 5334 630 5405; x_wconf 77' lang='lat' dir='ltr'><strong>discipulis</strong></span> <span class='ocrx_word' id='word_1_766' title='bbox 657 5333 806 5388; x_wconf 77' lang='lat' dir='ltr'><strong>meis.</strong></span> 
     </span>
    </p>
   </div>
   <div class='ocr_carea' id='block_1_98' title="bbox 366 5425 1907 5499">
    <p class='ocr_par' dir='ltr' id='par_1_98' title="bbox 366 5425 1907 5499">
     <span class='ocr_line' id='line_1_98' title="bbox 366 5425 1907 5499; baseline -0.008 -13"><span class='ocrx_word' id='word_1_767' title='bbox 366 5432 416 5486; x_wconf 85' lang='grc' dir='ltr'><strong>Ι.</strong></span> <span class='ocrx_word' id='word_1_768' title='bbox 449 5430 684 5486; x_wconf 84' lang='lat' dir='ltr'><strong>Primam</strong></span> <span class='ocrx_word' id='word_1_769' title='bbox 735 5442 1050 5499; x_wconf 82' lang='lat' dir='ltr'><strong>azymorum</strong></span> <span class='ocrx_word' id='word_1_770' title='bbox 1099 5442 1219 5482; x_wconf 89' lang='lat' dir='ltr'><strong>eam</strong></span> <span class='ocrx_word' id='word_1_771' title='bbox 1248 5425 1392 5481; x_wconf 90' lang='lat' dir='ltr'><strong>diem</strong></span> <span class='ocrx_word' id='word_1_772' title='bbox 1432 5430 1593 5479; x_wconf 88' lang='lat' dir='ltr'><strong>vocat</strong></span> <span class='ocrx_word' id='word_1_773' title='bbox 1631 5435 1752 5491; x_wconf 54' lang='lat' dir='ltr'><strong>quae,</strong></span> <span class='ocrx_word' id='word_1_774' title='bbox 1780 5427 1907 5474; x_wconf 83' lang='lat' dir='ltr'><strong>ante</strong></span> 
     </span>
    </p>
   </div>
   <div class='ocr_carea' id='block_1_99' title="bbox 278 5514 1910 5598">
    <p class='ocr_par' dir='ltr' id='par_1_99' title="bbox 278 5514 1910 5598">
     <span class='ocr_line' id='line_1_99' title="bbox 278 5514 1910 5598; baseline -0.012 -16"><span class='ocrx_word' id='word_1_775' title='bbox 278 5539 479 5598; x_wconf 76' lang='lat' dir='ltr'><strong>azyma</strong></span> <span class='ocrx_word' id='word_1_776' title='bbox 507 5530 628 5580; x_wconf 89' lang='lat' dir='ltr'><strong>erat</strong></span> <span class='ocrx_word' id='word_1_777' title='bbox 658 5540 672 5578; x_wconf 89' lang='lat'><strong>:</strong></span> <span class='ocrx_word' id='word_1_778' title='bbox 706 5522 882 5577; x_wconf 89' lang='lat' dir='ltr'><strong>solent</strong></span> <span class='ocrx_word' id='word_1_779' title='bbox 901 5521 1044 5576; x_wconf 92' lang='lat' dir='ltr'><strong>enim</strong></span> <span class='ocrx_word' id='word_1_780' title='bbox 1072 5535 1103 5575; x_wconf 90' lang='lat' dir='ltr'><strong>a</strong></span> <span class='ocrx_word' id='word_1_781' title='bbox 1137 5533 1361 5588; x_wconf 89' lang='lat' dir='ltr'><strong>vespera</strong></span> <span class='ocrx_word' id='word_1_782' title='bbox 1390 5517 1608 5587; x_wconf 82' lang='lat' dir='ltr'><strong>semper</strong></span> <span class='ocrx_word' id='word_1_783' title='bbox 1641 5514 1782 5568; x_wconf 89' lang='lat' dir='ltr'><strong>diem</strong></span> <span class='ocrx_word' id='word_1_784' title='bbox 1809 5527 1910 5564; x_wconf 86' lang='lat' dir='ltr'><strong>nu-</strong></span> 
     </span>
    </p>
   </div>
   <div class='ocr_carea' id='block_1_100' title="bbox 278 5606 1906 5684">
    <p class='ocr_par' dir='ltr' id='par_1_100' title="bbox 278 5606 1906 5684">
     <span class='ocr_line' id='line_1_100' title="bbox 278 5606 1906 5684; baseline -0.011 -7"><span class='ocrx_word' id='word_1_785' title='bbox 278 5636 501 5678; x_wconf 85' lang='lat' dir='ltr'><strong>merare</strong></span> <span class='ocrx_word' id='word_1_786' title='bbox 535 5637 548 5672; x_wconf 90' lang='lat'>:</span> <span class='ocrx_word' id='word_1_787' title='bbox 582 5627 638 5674; x_wconf 91' lang='lat' dir='ltr'><strong>et</strong></span> <span class='ocrx_word' id='word_1_788' title='bbox 675 5616 815 5671; x_wconf 88' lang='lat' dir='ltr'><strong>hanc</strong></span> <span class='ocrx_word' id='word_1_789' title='bbox 847 5626 1113 5671; x_wconf 88' lang='lat' dir='ltr'><strong>memorat</strong></span> <span class='ocrx_word' id='word_1_790' title='bbox 1137 5615 1190 5669; x_wconf 91' lang='lat' dir='ltr'><strong>in</strong></span> <span class='ocrx_word' id='word_1_791' title='bbox 1233 5612 1386 5684; x_wconf 87' lang='lat' dir='ltr'><strong>cujus</strong></span> <span class='ocrx_word' id='word_1_792' title='bbox 1431 5623 1655 5680; x_wconf 82' lang='lat' dir='ltr'><strong>vespera</strong></span> <span class='ocrx_word' id='word_1_793' title='bbox 1705 5606 1906 5679; x_wconf 87' lang='lat' dir='ltr'><strong>pascha</strong></span> 
     </span>
    </p>
   </div>
   <div class='ocr_carea' id='block_1_101' title="bbox 273 5706 1900 5782">
    <p class='ocr_par' dir='ltr' id='par_1_101' title="bbox 273 5706 1900 5782">
     <span class='ocr_line' id='line_1_101' title="bbox 273 5706 1900 5782; baseline -0.009 -10"><span class='ocrx_word' id='word_1_794' title='bbox 273 5713 680 5772; x_wconf 81' lang='lat' dir='ltr'><strong>immolandum</strong></span> <span class='ocrx_word' id='word_1_795' title='bbox 697 5718 824 5767; x_wconf 82' lang='lat' dir='ltr'><strong>erat</strong></span> <span class='ocrx_word' id='word_1_796' title='bbox 855 5728 871 5764; x_wconf 88' lang='lat'><strong><em>:</em></strong></span> <span class='ocrx_word' id='word_1_797' title='bbox 901 5709 1087 5782; x_wconf 91' lang='lat' dir='ltr'><strong>quinta</strong></span> <span class='ocrx_word' id='word_1_798' title='bbox 1115 5710 1262 5765; x_wconf 88' lang='lat' dir='ltr'><strong>enim</strong></span> <span class='ocrx_word' id='word_1_799' title='bbox 1295 5706 1504 5762; x_wconf 88' lang='lat' dir='ltr'><strong>sabbati</strong></span> <span class='ocrx_word' id='word_1_800' title='bbox 1530 5710 1900 5759; x_wconf 87' lang='lat' dir='ltr'><strong>accesserunt.</strong></span> 
     </span>
    </p>
   </div>
   <div class='ocr_carea' id='block_1_102' title="bbox 279 5795 1904 5876">
    <p class='ocr_par' dir='ltr' id='par_1_102' title="bbox 279 5795 1904 5876">
     <span class='ocr_line' id='line_1_102' title="bbox 279 5795 1904 5876; baseline -0.012 -7"><span class='ocrx_word' id='word_1_801' title='bbox 279 5810 440 5869; x_wconf 74' lang='lat' dir='ltr'><strong>ﬂanc</strong></span> <span class='ocrx_word' id='word_1_802' title='bbox 465 5823 594 5864; x_wconf 86' lang='lat' dir='ltr'><strong>vero</strong></span> <span class='ocrx_word' id='word_1_803' title='bbox 625 5806 762 5862; x_wconf 89' lang='lat' dir='ltr'><strong>alius</strong></span> <span class='ocrx_word' id='word_1_804' title='bbox 788 5805 931 5860; x_wconf 90' lang='lat' dir='ltr'><strong>diem</strong></span> <span class='ocrx_word' id='word_1_805' title='bbox 968 5813 1094 5860; x_wconf 88' lang='lat' dir='ltr'><strong>ante</strong></span> <span class='ocrx_word' id='word_1_806' title='bbox 1136 5817 1323 5876; x_wconf 78' lang='lat' dir='ltr'><strong>azyma</strong></span> <span class='ocrx_word' id='word_1_807' title='bbox 1355 5809 1534 5864; x_wconf 89' lang='lat' dir='ltr'><strong>vocat,</strong></span> <span class='ocrx_word' id='word_1_808' title='bbox 1568 5807 1780 5869; x_wconf 90' lang='lat' dir='ltr'><strong>tempus</strong></span> <span class='ocrx_word' id='word_1_809' title='bbox 1803 5795 1904 5851; x_wconf 88' lang='lat' dir='ltr'><strong>de-</strong></span> 
     </span>
    </p>
   </div>
   <div class='ocr_carea' id='block_1_103' title="bbox 282 5889 1902 5974">
    <p class='ocr_par' dir='ltr' id='par_1_103' title="bbox 282 5889 1902 5974">
     <span class='ocr_line' id='line_1_103' title="bbox 282 5889 1902 5974; baseline -0.012 -10"><span class='ocrx_word' id='word_1_810' title='bbox 282 5913 484 5964; x_wconf 78' lang='lat' dir='ltr'><strong>notans</strong></span> <span class='ocrx_word' id='word_1_811' title='bbox 509 5915 618 5974; x_wconf 85' lang='lat' dir='ltr'><strong>quo</strong></span> <span class='ocrx_word' id='word_1_812' title='bbox 648 5904 999 5957; x_wconf 87' lang='lat' dir='ltr'><strong>accesserunt</strong></span> <span class='ocrx_word' id='word_1_813' title='bbox 1027 5914 1041 5954; x_wconf 87' lang='lat'>:</span> <span class='ocrx_word' id='word_1_814' title='bbox 1076 5897 1215 5954; x_wconf 89' lang='lat' dir='ltr'><strong>alius</strong></span> <span class='ocrx_word' id='word_1_815' title='bbox 1257 5910 1387 5953; x_wconf 89' lang='lat' dir='ltr'><strong>vero</strong></span> <span class='ocrx_word' id='word_1_816' title='bbox 1421 5894 1500 5952; x_wconf 90' lang='lat' dir='ltr'><strong>sic</strong></span> <span class='ocrx_word' id='word_1_817' title='bbox 1537 5891 1667 5950; x_wconf 85' lang='lat' dir='ltr'><strong>dicit</strong></span> <span class='ocrx_word' id='word_1_818' title='bbox 1698 5909 1711 5946; x_wconf 88' lang='lat'><strong>:</strong></span> <span class='ocrx_word' id='word_1_819' title='bbox 1753 5889 1902 5946; x_wconf 77' lang='lat' dir='ltr'><strong>Venit</strong></span> 
     </span>
    </p>
   </div>
   <div class='ocr_carea' id='block_1_104' title="bbox 2018 4837 3646 4922">
    <p class='ocr_par' dir='ltr' id='par_1_104' title="bbox 2018 4837 3646 4922">
     <span class='ocr_line' id='line_1_104' title="bbox 2018 4837 3646 4922; baseline -0.01 -14"><span class='ocrx_word' id='word_1_820' title='bbox 2018 4854 2127 4908; x_wconf 84' lang='lat' dir='ltr'><strong>dies</strong></span> <span class='ocrx_word' id='word_1_821' title='bbox 2177 4865 2478 4922; x_wconf 78' lang='lat' dir='ltr'><strong>azymorum</strong></span> <span class='ocrx_word' id='word_1_822' title='bbox 2503 4888 2517 4908; x_wconf 83' lang='lat'><strong>,</strong></span> <span class='ocrx_word' id='word_1_823' title='bbox 2567 4845 2619 4899; x_wconf 84' lang='lat' dir='ltr'><strong>in</strong></span> <span class='ocrx_word' id='word_1_824' title='bbox 2681 4859 2784 4913; x_wconf 86' lang='lat' dir='ltr'><strong>qua</strong></span> <span class='ocrx_word' id='word_1_825' title='bbox 2828 4840 3093 4911; x_wconf 83' lang='lat' dir='ltr'><strong>oportebat</strong></span> <span class='ocrx_word' id='word_1_826' title='bbox 3135 4839 3394 4894; x_wconf 80' lang='lat' dir='ltr'><strong>immolari</strong></span> <span class='ocrx_word' id='word_1_827' title='bbox 3453 4837 3646 4909; x_wconf 80' lang='lat' dir='ltr'><strong>pascha</strong></span> 
     </span>
    </p>
   </div>
   <div class='ocr_carea' id='block_1_105' title="bbox 2023 4932 3642 5012">
    <p class='ocr_par' dir='ltr' id='par_1_105' title="bbox 2023 4932 3642 5012">
     <span class='ocr_line' id='line_1_105' title="bbox 2023 4932 3642 5012; baseline -0.009 -14"><span class='ocrx_word' id='word_1_828' title='bbox 2023 4945 2172 5009; x_wconf 84' lang='lat' dir='ltr'><strong>(Luc.</strong></span> <span class='ocrx_word' id='word_1_829' title='bbox 2206 4943 2298 4997; x_wconf 72' lang='lat'><strong>22.</strong></span> <span class='ocrx_word' id='word_1_830' title='bbox 2351 4943 2426 5012; x_wconf 92' lang='lat' dir='ltr'><strong>l).</strong></span> <span class='ocrx_word' id='word_1_831' title='bbox 2461 4937 2618 5005; x_wconf 90' lang='lat' dir='ltr'><strong>Illud,</strong></span> <span class='ocrx_word' id='word_1_832' title='bbox 2646 4935 2796 4991; x_wconf 79' lang='lat' dir='ltr'><strong>Venit</strong></span> <span class='ocrx_word' id='word_1_833' title='bbox 2821 4977 2836 5003; x_wconf 90' lang='lat'><strong>,</strong></span> <span class='ocrx_word' id='word_1_834' title='bbox 2861 4935 2965 4990; x_wconf 89' lang='lat' dir='ltr'><strong>hoc</strong></span> <span class='ocrx_word' id='word_1_835' title='bbox 2986 4932 3277 5005; x_wconf 82' lang='lat' dir='ltr'><strong>signiﬁcat,</strong></span> <span class='ocrx_word' id='word_1_836' title='bbox 3311 4946 3478 5002; x_wconf 89' lang='lat' dir='ltr'><strong>prope</strong></span> <span class='ocrx_word' id='word_1_837' title='bbox 3503 4941 3642 4996; x_wconf 91' lang='lat' dir='ltr'><strong>erat,</strong></span> 
     </span>
    </p>
   </div>
   <div class='ocr_carea' id='block_1_106' title="bbox 1997 5027 3642 5107">
    <p class='ocr_par' dir='ltr' id='par_1_106' title="bbox 1997 5027 3642 5107">
     <span class='ocr_line' id='line_1_106' title="bbox 1997 5027 3642 5107; baseline -0.008 -14"><span class='ocrx_word' id='word_1_838' title='bbox 1997 5061 1999 5063; x_wconf 93' lang='grc'>·</span> <span class='ocrx_word' id='word_1_839' title='bbox 2019 5040 2072 5093; x_wconf 89' lang='lat' dir='ltr'><strong>in</strong></span> <span class='ocrx_word' id='word_1_840' title='bbox 2094 5037 2274 5107; x_wconf 89' lang='lat' dir='ltr'><strong>januis</strong></span> <span class='ocrx_word' id='word_1_841' title='bbox 2288 5045 2428 5097; x_wconf 89' lang='lat' dir='ltr'><strong>erat,</strong></span> <span class='ocrx_word' id='word_1_842' title='bbox 2446 5046 2728 5101; x_wconf 75' lang='lat' dir='ltr'><strong>vesperam</strong></span> <span class='ocrx_word' id='word_1_843' title='bbox 2749 5027 2998 5083; x_wconf 88' lang='lat' dir='ltr'><strong>videlicet</strong></span> <span class='ocrx_word' id='word_1_844' title='bbox 3016 5027 3161 5082; x_wconf 86' lang='lat' dir='ltr'><strong>illam</strong></span> <span class='ocrx_word' id='word_1_845' title='bbox 3181 5039 3642 5080; x_wconf 88' lang='lat' dir='ltr'><strong>commemorans.</strong></span> 
     </span>
    </p>
   </div>
   <div class='ocr_carea' id='block_1_107' title="bbox 2017 5119 3644 5201">
    <p class='ocr_par' dir='ltr' id='par_1_107' title="bbox 2017 5119 3644 5201">
     <span class='ocr_line' id='line_1_107' title="bbox 2017 5119 3644 5201; baseline -0.01 -13"><span class='ocrx_word' id='word_1_846' title='bbox 2017 5135 2059 5188; x_wconf 83' lang='lat' dir='ltr'><strong>A</strong></span> <span class='ocrx_word' id='word_1_847' title='bbox 2089 5145 2314 5201; x_wconf 86' lang='lat' dir='ltr'><strong>vespera</strong></span> <span class='ocrx_word' id='word_1_848' title='bbox 2333 5130 2476 5184; x_wconf 88' lang='lat' dir='ltr'><strong>enim</strong></span> <span class='ocrx_word' id='word_1_849' title='bbox 2502 5125 2865 5197; x_wconf 82' lang='lat' dir='ltr'><strong>incipiebant:</strong></span> <span class='ocrx_word' id='word_1_850' title='bbox 2900 5123 3023 5178; x_wconf 89' lang='lat' dir='ltr'><strong>ideo</strong></span> <span class='ocrx_word' id='word_1_851' title='bbox 3040 5121 3237 5192; x_wconf 90' lang='lat' dir='ltr'><strong>singuli</strong></span> <span class='ocrx_word' id='word_1_852' title='bbox 3262 5119 3491 5187; x_wconf 87' lang='lat' dir='ltr'><strong>addunt,</strong></span> <span class='ocrx_word' id='word_1_853' title='bbox 3514 5119 3644 5176; x_wconf 85' lang='lat' dir='ltr'><strong>Cum</strong></span> 
     </span>
    </p>
   </div>
   <div class='ocr_carea' id='block_1_108' title="bbox 2016 5214 3644 5292">
    <p class='ocr_par' dir='ltr' id='par_1_108' title="bbox 2016 5214 3644 5292">
     <span class='ocr_line' id='line_1_108' title="bbox 2016 5214 3644 5292; baseline -0.01 -10"><span class='ocrx_word' id='word_1_854' title='bbox 2016 5225 2370 5282; x_wconf 76' lang='lat' dir='ltr'><strong>immolaretur</strong></span> <span class='ocrx_word' id='word_1_855' title='bbox 2398 5221 2610 5292; x_wconf 74' lang='lat' dir='ltr'><strong>pascha.</strong></span> <span class='ocrx_word' id='word_1_856' title='bbox 2663 5219 2731 5274; x_wconf 84' lang='lat' dir='ltr'><strong>Et</strong></span> <span class='ocrx_word' id='word_1_857' title='bbox 2759 5218 2947 5273; x_wconf 88' lang='lat' dir='ltr'><strong>dicunt</strong></span> <span class='ocrx_word' id='word_1_858' title='bbox 2976 5233 2987 5270; x_wconf 90' lang='lat'><strong>:</strong></span> <span class='ocrx_word' id='word_1_859' title='bbox 3026 5214 3126 5272; x_wconf 82' lang='lat' dir='ltr'><strong>Ubi</strong></span> <span class='ocrx_word' id='word_1_860' title='bbox 3170 5217 3245 5268; x_wconf 83' lang='lat' dir='ltr'><strong>vis</strong></span> <span class='ocrx_word' id='word_1_861' title='bbox 3274 5230 3516 5285; x_wconf 84' lang='lat' dir='ltr'><strong>paremus</strong></span> <span class='ocrx_word' id='word_1_862' title='bbox 3556 5214 3644 5267; x_wconf 85' lang='lat' dir='ltr'><strong>tibi</strong></span> 
     </span>
    </p>
   </div>
   <div class='ocr_carea' id='block_1_109' title="bbox 2016 5311 3640 5388">
    <p class='ocr_par' dir='ltr' id='par_1_109' title="bbox 2016 5311 3640 5388">
     <span class='ocr_line' id='line_1_109' title="bbox 2016 5311 3640 5388; baseline -0.011 -11"><span class='ocrx_word' id='word_1_863' title='bbox 2016 5321 2280 5378; x_wconf 74' lang='lat' dir='ltr'><strong>comedere</strong></span> <span class='ocrx_word' id='word_1_864' title='bbox 2305 5315 2546 5388; x_wconf 78' lang='lat' dir='ltr'><strong>pascha?</strong></span> <span class='ocrx_word' id='word_1_865' title='bbox 2564 5313 2750 5384; x_wconf 74' lang='lat' dir='ltr'><strong>itaque</strong></span> <span class='ocrx_word' id='word_1_866' title='bbox 2779 5313 2906 5368; x_wconf 89' lang='lat' dir='ltr'><strong>hinc</strong></span> <span class='ocrx_word' id='word_1_867' title='bbox 2930 5320 3098 5382; x_wconf 90' lang='lat' dir='ltr'><strong>patet,</strong></span> <span class='ocrx_word' id='word_1_868' title='bbox 3131 5311 3229 5381; x_wconf 91' lang='lat' dir='ltr'><strong>ipsi</strong></span> <span class='ocrx_word' id='word_1_869' title='bbox 3266 5325 3367 5366; x_wconf 86' lang='lat' dir='ltr'><strong>nec</strong></span> <span class='ocrx_word' id='word_1_870' title='bbox 3394 5311 3640 5372; x_wconf 90' lang='lat' dir='ltr'><strong>domum,</strong></span> 
     </span>
    </p>
   </div>
   <div class='ocr_carea' id='block_1_110' title="bbox 1996 5402 3643 5478">
    <p class='ocr_par' dir='ltr' id='par_1_110' title="bbox 1996 5402 3643 5478">
     <span class='ocr_line' id='line_1_110' title="bbox 1996 5402 3643 5478; baseline -0.009 -9"><span class='ocrx_word' id='word_1_871' title='bbox 1996 5430 2119 5471; x_wconf 88' lang='lat' dir='ltr'><strong>.nec</strong></span> <span class='ocrx_word' id='word_1_872' title='bbox 2152 5411 2511 5469; x_wconf 91' lang='lat' dir='ltr'><strong>diversorium</strong></span> <span class='ocrx_word' id='word_1_873' title='bbox 2540 5409 2737 5463; x_wconf 82' lang='lat' dir='ltr'><strong>fuisse:</strong></span> <span class='ocrx_word' id='word_1_874' title='bbox 2775 5421 2950 5478; x_wconf 88' lang='lat' dir='ltr'><strong>neque</strong></span> <span class='ocrx_word' id='word_1_875' title='bbox 2977 5404 3277 5473; x_wconf 87' lang='lat' dir='ltr'><strong>discipulis,</strong></span> <span class='ocrx_word' id='word_1_876' title='bbox 3312 5411 3461 5472; x_wconf 80' lang='lat' dir='ltr'><strong>puto.</strong></span> <span class='ocrx_word' id='word_1_877' title='bbox 3491 5402 3643 5456; x_wconf 88' lang='lat' dir='ltr'><strong>Alio-</strong></span> 
     </span>
    </p>
   </div>
   <div class='ocr_carea' id='block_1_111' title="bbox 2017 5496 3642 5582">
    <p class='ocr_par' dir='ltr' id='par_1_111' title="bbox 2017 5496 3642 5582">
     <span class='ocr_line' id='line_1_111' title="bbox 2017 5496 3642 5582; baseline -0.009 -17"><span class='ocrx_word' id='word_1_878' title='bbox 2017 5512 2148 5582; x_wconf 88' lang='lat' dir='ltr'><strong>quin</strong></span> <span class='ocrx_word' id='word_1_879' title='bbox 2178 5508 2272 5563; x_wconf 90' lang='lat' dir='ltr'><strong>illo</strong></span> <span class='ocrx_word' id='word_1_880' title='bbox 2299 5505 2574 5560; x_wconf 87' lang='lat' dir='ltr'><strong>divertere</strong></span> <span class='ocrx_word' id='word_1_881' title='bbox 2611 5511 2914 5571; x_wconf 80' lang='lat' dir='ltr'><strong>rogassent.</strong></span> <span class='ocrx_word' id='word_1_882' title='bbox 2961 5498 3069 5555; x_wconf 89' lang='lat' dir='ltr'><strong>Sed</strong></span> <span class='ocrx_word' id='word_1_883' title='bbox 3110 5499 3221 5554; x_wconf 85' lang='lat' dir='ltr'><strong>illis</strong></span> <span class='ocrx_word' id='word_1_884' title='bbox 3250 5496 3396 5552; x_wconf 89' lang='lat' dir='ltr'><strong>nulla</strong></span> <span class='ocrx_word' id='word_1_885' title='bbox 3445 5496 3642 5551; x_wconf 87' lang='lat' dir='ltr'><strong>domus</strong></span> 
     </span>
    </p>
   </div>
   <div class='ocr_carea' id='block_1_112' title="bbox 2016 5589 3640 5672">
    <p class='ocr_par' dir='ltr' id='par_1_112' title="bbox 2016 5589 3640 5672">
     <span class='ocr_line' id='line_1_112' title="bbox 2016 5589 3640 5672; baseline -0.01 -11"><span class='ocrx_word' id='word_1_886' title='bbox 2016 5613 2156 5667; x_wconf 87' lang='lat' dir='ltr'><strong>erat,</strong></span> <span class='ocrx_word' id='word_1_887' title='bbox 2187 5601 2279 5672; x_wconf 86' lang='lat' dir='ltr'><strong>qui</strong></span> <span class='ocrx_word' id='word_1_888' title='bbox 2307 5597 2562 5655; x_wconf 88' lang='lat' dir='ltr'><strong>omnibus</strong></span> <span class='ocrx_word' id='word_1_889' title='bbox 2582 5595 3052 5651; x_wconf 86' lang='lat' dir='ltr'><strong>renuntiaverant.</strong></span> <span class='ocrx_word' id='word_1_890' title='bbox 3086 5593 3195 5649; x_wconf 88' lang='lat' dir='ltr'><strong>Cur</strong></span> <span class='ocrx_word' id='word_1_891' title='bbox 3225 5601 3408 5648; x_wconf 81' lang='lat' dir='ltr'><strong>autem</strong></span> <span class='ocrx_word' id='word_1_892' title='bbox 3439 5589 3640 5661; x_wconf 86' lang='lat' dir='ltr'><strong>pascha</strong></span> 
     </span>
    </p>
   </div>
   <div class='ocr_carea' id='block_1_113' title="bbox 2015 5686 3641 5756">
    <p class='ocr_par' dir='ltr' id='par_1_113' title="bbox 2015 5686 3641 5756">
     <span class='ocr_line' id='line_1_113' title="bbox 2015 5686 3641 5756; baseline -0.009 0"><span class='ocrx_word' id='word_1_893' title='bbox 2015 5696 2356 5756; x_wconf 88' lang='lat' dir='ltr'><strong>celebravit?</strong></span> <span class='ocrx_word' id='word_1_894' title='bbox 2384 5694 2447 5750; x_wconf 83' lang='lat' dir='ltr'><strong>Ut</strong></span> <span class='ocrx_word' id='word_1_895' title='bbox 2479 5693 2533 5746; x_wconf 91' lang='lat' dir='ltr'><strong>in</strong></span> <span class='ocrx_word' id='word_1_896' title='bbox 2563 5691 2816 5746; x_wconf 91' lang='lat' dir='ltr'><strong>omnibus</strong></span> <span class='ocrx_word' id='word_1_897' title='bbox 2857 5689 3174 5746; x_wconf 86' lang='lat' dir='ltr'><strong>Ostenderet</strong></span> <span class='ocrx_word' id='word_1_898' title='bbox 3202 5703 3262 5743; x_wconf 91' lang='lat' dir='ltr'><strong>se</strong></span> <span class='ocrx_word' id='word_1_899' title='bbox 3287 5686 3353 5744; x_wconf 87' lang='lat' dir='ltr'><strong>ad</strong></span> <span class='ocrx_word' id='word_1_900' title='bbox 3393 5687 3641 5742; x_wconf 86' lang='lat' dir='ltr'><strong>ultimum</strong></span> 
     </span>
    </p>
   </div>
   <div class='ocr_carea' id='block_1_114' title="bbox 2015 5781 3635 5866">
    <p class='ocr_par' dir='ltr' id='par_1_114' title="bbox 2015 5781 3635 5866">
     <span class='ocr_line' id='line_1_114' title="bbox 2015 5781 3635 5866; baseline -0.009 -16"><span class='ocrx_word' id='word_1_901' title='bbox 2015 5810 2187 5866; x_wconf 88' lang='lat' dir='ltr'><strong>usque</strong></span> <span class='ocrx_word' id='word_1_902' title='bbox 2221 5794 2343 5847; x_wconf 73' lang='lat' dir='ltr'><strong>vitzr</strong></span> <span class='ocrx_word' id='word_1_903' title='bbox 2377 5806 2488 5845; x_wconf 60' lang='lat' dir='ltr'><strong>sure</strong></span> <span class='ocrx_word' id='word_1_904' title='bbox 2530 5790 2673 5844; x_wconf 89' lang='lat' dir='ltr'><strong>diem</strong></span> <span class='ocrx_word' id='word_1_905' title='bbox 2709 5804 2817 5841; x_wconf 91' lang='lat' dir='ltr'><strong>non</strong></span> <span class='ocrx_word' id='word_1_906' title='bbox 2848 5785 2984 5858; x_wconf 88' lang='lat' dir='ltr'><strong>legis</strong></span> <span class='ocrx_word' id='word_1_907' title='bbox 3027 5784 3398 5841; x_wconf 82' lang='lat' dir='ltr'><strong>adversarium</strong></span> <span class='ocrx_word' id='word_1_908' title='bbox 3447 5781 3635 5837; x_wconf 87' lang='lat' dir='ltr'><strong>luisse.</strong></span> 
     </span>
    </p>
   </div>
   <div class='ocr_carea' id='block_1_115' title="bbox 2016 5875 3636 5957">
    <p class='ocr_par' dir='ltr' id='par_1_115' title="bbox 2016 5875 3636 5957">
     <span class='ocr_line' id='line_1_115' title="bbox 2016 5875 3636 5957; baseline -0.008 -12"><span class='ocrx_word' id='word_1_909' title='bbox 2016 5889 2087 5945; x_wconf 85' lang='lat' dir='ltr'><strong>Et</strong></span> <span class='ocrx_word' id='word_1_910' title='bbox 2112 5904 2205 5943; x_wconf 87' lang='lat' dir='ltr'><strong>cur</strong></span> <span class='ocrx_word' id='word_1_911' title='bbox 2234 5886 2298 5943; x_wconf 88' lang='lat' dir='ltr'><strong>ad</strong></span> <span class='ocrx_word' id='word_1_912' title='bbox 2339 5885 2580 5957; x_wconf 70' lang='lat' dir='ltr'><strong>ignotum</strong></span> <span class='ocrx_word' id='word_1_913' title='bbox 2606 5881 2882 5939; x_wconf 88' lang='lat' dir='ltr'><strong>hominem</strong></span> <span class='ocrx_word' id='word_1_914' title='bbox 2923 5880 3120 5936; x_wconf 79' lang='lat' dir='ltr'><strong>mittit?</strong></span> <span class='ocrx_word' id='word_1_915' title='bbox 3169 5877 3304 5935; x_wconf 90' lang='lat' dir='ltr'><strong>liinc</strong></span> <span class='ocrx_word' id='word_1_916' title='bbox 3339 5875 3636 5934; x_wconf 83' lang='lat' dir='ltr'><strong>ostendens</strong></span> 
     </span>
    </p>
   </div>
  </div>
