4174 6332
421 709 472 721 ,Ι

610 349 706 404 73!
1325 337 1381 394 S.
1418 332 1703 392 JOANNIS-
1730 325 2198 387 CIIRYSOSTOMI
2237 325 2553 383 ARClllEP.
2594 320 3123 379 CONSTANTINOP.

602 479 664 520 se
691 477 797 517 non
823 472 1100 530 passurum
1126 452 1287 510 fuisse
1306 452 1352 507 si
1376 449 1648 504 voluisset.
1671 445 1802 500 Nam
1825 442 1916 514 qui
1947 441 2183 496 animum

608 556 752 609 illius
794 551 969 606 verbis
994 558 1196 602 tantum
1229 542 1472 607 induxit,
1532 546 1592 592 ut
1628 537 1745 592 illos
1775 535 2060 603 reciperet,
2092 545 2190 585 cur

612 663 716 701 non
746 660 838 700 eos
865 644 953 714 qui
985 657 1042 696 se
1068 638 1443 709 cruciﬂgebant
1472 639 1746 693 mutasset,
1779 629 1822 683 si
1852 626 1954 697 pati
1983 624 2188 679 noluis-

608 738 724 793 setl
751 738 1008 807 Quodque
1035 736 1174 789 circa
1216 732 1420 788 asinam
1450 729 1665 789 fecerat,
1697 724 1783 777 hic
1807 735 2019 790 quoque
2043 717 2186 772 fecit.

607 830 679 883 lbi
708 843 934 900 namque
958 827 1092 882 dixit
1115 843 1129 879 :
1154 825 1216 879 Si
1232 840 1343 893 quis
1360 822 1497 876 vobis
1515 816 1774 888 quidpiam
1793 812 2000 875 dixerit,
2021 809 2186 872 dicite,

608 922 751 991 Opus
775 929 845 974 est
867 916 1088 972 Domino
1105 915 1317 985 (Matth.
1336 912 1427 967 21.
1449 911 1532 979 5);
1552 908 1627 963 sic
1643 913 1697 961 et
1717 905 1819 959 hoc
1841 903 1958 958 loco
1982 919 1996 956 :
2016 900 2187 971 ﬂagi-

600 1023 702 1067 sIer
743 1012 886 1075 dicit,
913 1009 1066 1081 Apud
1094 1019 1141 1062 te
1165 1007 1296 1078 facio
1325 1003 1534 1074 pascha.
1567 1001 1678 1070 Ego
1710 1011 1840 1052 vero
1866 1009 1970 1050 non
2006 992 2055 1046 id
2095 1008 2185 1045 so-

607 1105 715 1157 lum
748 1103 934 1169 miror,
980 1099 1118 1171 quod
1146 1099 1380 1168 ignotum
1417 1093 1733 1162 susceperit,
1766 1088 1858 1142 sed
1896 1084 2034 1155 quod
2064 1097 2185 1137 cum

607 1207 808 1248 tantam
835 1193 1120 1248 adversum
1142 1205 1202 1245 se
1223 1190 1356 1243 iram
1377 1185 1629 1241 concitari
1657 1185 2016 1248 exspectaret,
2037 1184 2090 1229 et
2117 1174 2190 1226 ir-

605 1281 1006 1340 reconciliabile
1030 1281 1260 1344 bellum,
1289 1278 1573 1332 multorum
1619 1272 1806 1326 odium
1847 1277 2187 1334 contempse—

605 1377 696 1430 rit.
728 1373 928 1428 Deinde
959 1354 1322 1444 ignorantibus
1364 1369 1569 1436 signum
1619 1363 1799 1425 dedit,
1847 1358 2003 1430 quale
2040 1355 2185 1411 Sauli

606 1466 862 1537 propheta
894 1483 908 1520 :
937 1463 1204 1518 lnveniens
1233 1461 1484 1513 hominem
1526 1457 1910 1517 ascendentem,
1941 1461 1988 1506 et
2025 1459 2187 1502 utrem

605 1555 867 1610 habentem
888 1555 906 1627 (
925 1557 974 1610 l.
992 1553 1118 1625 Reg.
1143 1553 1228 1607 £0.
1250 1552 1341 1622 5);
1366 1550 1452 1605 hic
1470 1563 1618 1615 vero,
1648 1545 1956 1616 Amp/torem
1979 1552 2188 1612 portan-

607 1657 704 1700 tem
727 1646 877 1717 (Luc.
909 1643 996 1698 22.
1028 1643 1136 1714 10).
1168 1641 1266 1697 llic
1303 1642 1462 1696 etiam
1484 1638 1605 1693 vide
1623 1635 1877 1708 potentia:
1899 1647 2189 1702 argumen-

610 1750 742 1793 tum.
773 1736 887 1792 Non
908 1736 1048 1791 enim
1065 1734 1237 1789 solum
1258 1733 1411 1799 dixit,
1436 1729 1638 1785 Pascha
1666 1728 1835 1798 facit”
1861 1726 1953 1782 sed
1982 1723 2184 1793 adjicit,

607 1834 829 1900 Tempus
853 1845 1018 1883 meum
1034 1843 1192 1900 prape
1210 1837 1303 1881 est.
1327 1825 1440 1879 lloc
1462 1831 1641 1878 autem
1667 1821 1913 1886 faciebat,
1947 1827 2004 1872 ut
2030 1815 2188 1872 simul

607 1920 881 1991 discipulis
925 1920 1232 1987 frequenter
1269 1916 1572 1986 passionem
1615 1916 2099 1971 commemoraret,
2134 1915 2192 1961 ut

609 2029 674 2066 ex
721 2011 1084 2082 przedictionis
1109 2009 1402 2080 frequentia
1429 2014 1812 2062 exercerentur
1859 2002 1912 2057 in
1958 1999 2187 2057 medita-
2217 1998 2246 2032 λ

611 2104 756 2158 tione
786 2104 860 2158 rei
898 2104 1122 2168 futurae;
1155 2110 1316 2171 utque
1357 2097 1667 2155 ostenderet
1691 2096 1816 2161 illis,
1848 2101 1902 2148 et
1953 2107 2012 2146 se
2039 2089 2188 2146 exci-

607 2195 794 2266 pienti,
846 2194 1200 2262 omnibusque
1233 2190 1464 2256 J-udzeis,
1505 2197 1564 2244 ut
1603 2201 1746 2256 sape
1790 2183 1922 2248 dixi.
1971 2197 2030 2237 se
2081 2197 2188 2235 non

611 2287 836 2341 invitum
866 2285 932 2341 ad
963 2285 1267 2355 passionem
1304 2281 1509 2338 venire.
1557 2277 1775 2335 Addidit
1816 2285 1992 2330 autem
2015 2315 2032 2340 ,
2063 2272 2192 2329 Cum

610 2378 878 2449 discipulis
925 2370 1069 2442 meis,
1110 2386 1168 2432 ut
1216 2373 1486 2431 sufficiens
1528 2380 1814 2442 apparatus
1852 2376 2017 2432 esset,
2059 2379 2194 2422 nere

611 2471 938 2526 existimaret
960 2469 1072 2534 ille,
1101 2468 1276 2538 ipsum
1303 2466 1536 2522 latebras
1555 2477 1817 2534 quaerere.
1844 2461 1936 2516 ΞΟ.
1974 2458 2193 2530 Vespere

611 2570 775 2614 autent
797 2564 951 2632 facta,
977 2557 1316 2612 discumbebat
1341 2573 1453 2610 cum
1470 2553 1756 2624 discipulis.
1781 2551 1825 2607 0
1845 2549 1996 2606 Judte
2022 2549 2195 2618 impu-

612 2650 878 2706 dentiam!
908 2648 1040 2704 Nam
1064 2656 1121 2704 et
1163 2647 1250 2703 ille
1282 2647 1401 2702 istic
1425 2644 1632 2710 aderat,
1658 2643 1909 2712 venitque
1932 2640 2203 2710 particeps

613 2741 822 2796 futurus
851 2748 907 2795 et
931 2738 1307 2812 mysteriorum
1335 2745 1392 2792 et
1432 2748 1633 2791 menszn
1657 2749 1678 2788 :
1705 2740 1759 2788 et
1783 2732 1835 2785 in
1867 2732 1979 2800 ipsa
2008 2742 2194 2784 mensa

613 2833 958 2903 arguebatur,
1003 2831 1092 2886 ubi
1123 2827 1328 2885 etiamsi
1356 2826 1468 2882 fera
1493 2834 1666 2890 esset,
1693 2822 2022 2878 mansuetior
2054 2817 2196 2874 futu-

616 2938 709 2978 rus
731 2929 867 2977 crat.
900 2919 1132 2990 Ideoque
1161 2919 1274 2989 ipse
1298 2916 1624 2989 evangelista
1653 2912 1938 2985 signiﬁcat,
1971 2909 2195 2965 mandu-

614 3015 859 3071 cautibus
883 3013 1011 3080 illis,
1042 3011 1312 3068 Christum
1342 3010 1410 3065 de
1431 3008 1734 3079 proditione
1759 3007 2034 3077 loquutum
2066 3002 2198 3060 fuis-

617 3121 698 3169 se,
747 3114 802 3159 ut
825 3111 926 3159 et-a
953 3112 1198 3172 tempore
1239 3110 1294 3155 et
1321 3116 1350 3152 a
1382 3113 1565 3154 mensa
1592 3095 1878 3167 proditoris
1904 3095 2194 3165 nequitiam

615 3197 947 3253 ostenderet.
991 3196 1278 3265 Postquam
1325 3193 1468 3249 enim
1513 3191 1749 3246 fecerant
1774 3188 2021 3258 discipuli
2061 3187 2198 3243 sicut

619 3290 724 3347 illis
750 3288 906 3346 Iesus
958 3295 1318 3360 prmceperat,
1364 3297 1588 3354 vespere
1618 3282 1792 3349 facto,
1831 3280 2201 3336 discumbebat

616 3398 739 3437 cum
783 3380 1065 3436 duodecim
1093 3376 1385 3448 discipulis.
1427 3376 1518 3431 21.
1565 3372 1993 3428 Μαηάιωαηιὸὺιιι
2034 3382 2205 3426 autem

619 3474 727 3528 illis
750 3473 876 3527 dixit
894 3488 913 3527 :
937 3471 1096 3526 Amen
1120 3471 1232 3524 dico
1273 3469 1430 3536 vobis,
1462 3483 1596 3522 unus
1617 3483 1678 3520 ea:
1696 3465 1832 3521 vobis
1868 3481 1948 3520 me
1978 3464 2204 3518 traditu-

619 3582 712 3620 rus
733 3573 804 3620 est
821 3579 842 3631 ;
868 3573 994 3620 ante
1021 3577 1228 3620 cenam
1267 3577 1394 3617 vero
1423 3560 1585 3632 pedes
1611 3560 1725 3628 ejus
1765 3557 1913 3613 lavit.
1942 3556 2074 3612 Vide
2099 3571 2203 3610 au—

623 3668 729 3714 tern
757 3656 1028 3730 quomodo
1079 3656 1336 3729 proditori
1365 3663 1567 3726 parcat.
1597 3653 1714 3709 Non
1744 3653 1886 3708 enim
1915 3650 2084 3718 dixit,
2108 3651 2200 3706 Ille

623 3767 710 3806 me
732 3751 938 3817 tradet;
979 3749 1074 3807 sed
1098 3789 1114 3817 ,
1166 3749 1414 3824 Unas_e:c
1451 3749 1587 3802 vobis
1609 3787 1625 3810 .
1661 3756 1718 3801 ut
1759 3761 1944 3801 rursus
1989 3745 2086 3814 ipsi
2115 3744 2196 3799 la-

623 3843 754 3900 tenti
798 3841 1086 3913 paenitendi
1116 3840 1414 3896 facultatem
1451 3839 1602 3894 daret
1631 3857 1645 3892 :
1681 3837 1969 3907 maluitque
2012 3849 2200 3890 omnes

626 3947 854 3998 terrere,
888 3944 944 3988 ut
975 3933 1115 3987 hunc
1162 3932 1378 3994 salvum,
1393 3930 1611 3985 faceret.
1636 3927 1784 3984 Unus
1810 3942 1876 3983 ex
1904 3925 2055 3981 vobis
2076 3923 2209 3979 duo-

625 4029 819 4092 decim,
863 4026 1054 4096 inquit,
1083 4025 1172 4094 qui
1216 4024 1412 4092 ubique
1439 4037 1646 4077 mecum
1677 4029 1821 4084 sunt,
1853 4032 2080 4087 quorum
2111 4031 2202 4085 pe-

627 4121 724 4175 des
764 4119 900 4182 lavi,
941 4117 1134 4187 quibus
1178 4125 1255 4168 tot
1300 4123 1549 4183 tantaque
1579 4112 1820 4181 promisi.
1851 4109 2001 4164 Tunc
2033 4109 2204 4163 luctus

627 4216 813 4284 ingens
842 4225 1049 4266 sacrum
1075 4210 1218 4263 illum
1237 4205 1696 4262 ehoruminvasit.
1726 4202 1958 4258 Joannes
1978 4202 2191 4272 quidem

626 4307 718 4368 ait,
751 4307 892 4373 ipsos
924 4302 1161 4357 turbatos
1216 4300 1396 4364 fuisse,
1447 4311 1495 4353 et
1543 4312 1602 4353 se
1629 4306 1812 4351 mutuo
1862 4295 2200 4364 resnexisse,

625 4399 967 4468 singulosque
1013 4397 1186 4464 ipsum
1219 4396 1575 4463 interrogasse
1617 4392 1864 4445 timentes
1906 4389 2030 4452 sibi,
2080 4387 2203 4443 licet

629 4495 825 4547 nullius
848 4492 921 4546 rei
954 4488 1260 4559 lmjusmodi
1303 4487 1402 4540 sibi
1449 4485 1693 4540 conscios
1720 4483 1914 4552 (Joan.
1948 4482 2034 4537 18.
2061 4480 2202 4551 22);

629 4589 717 4642 hic
746 4603 871 4641 vero
912 4587 983 4639 ait
1017 4603 1030 4638 :
1077 4585 1168 4638 2‘2.
1201 4580 1492 4636 Contristati
1534 4577 1679 4631 valde
1717 4585 1973 4646 coeperunt
2019 4573 2206 4645 singuli

629 4681 814 4741 dicere,
848 4678 1108 4748 Numquid
1134 4693 1223 4746 ego
1261 4693 1392 4739 sum,
1437 4671 1685 4728 Domine?
1711 4669 1801 4724 25.
1830 4669 1857 4722 Ι
1865 4684 1950 4738 pse
1979 4683 2092 4722 vero
2121 4683 2206 4721 res

628 4780 879 4841 spondens
903 4770 972 4822 ait
1007 4786 1023 4822 :
1053 4766 1144 4822 Cui
1165 4783 1254 4836 ego
1283 4767 1545 4818 intinctam
1585 4762 1749 4815 cibum
1787 4776 2076 4831 porrexero,
2101 4761 2210 4828 ipse

631 4875 701 4919 est
728 4861 886 4936 (Ibid.
918 4876 964 4912 v.
995 4856 1108 4930 26).
1143 4856 1277 4910 Vide
1307 4854 1518 4925 quando
1546 4854 1716 4924 ipsum
1749 4851 2004 4906 revelavit
2024 4892 2039 4917 ,
2086 4865 2204 4904 cum

633 4956 790 5010 vellet
819 4968 1008 5021 nempe
1034 4961 1258 5004 caeteros
1280 4963 1308 5000 a
1343 4947 1430 5001 tali
1458 4946 1621 5000 animi
1649 4944 1919 5000 anxietate
1942 4944 2205 4998 liberare:

637 5063 755 5101 nam
803 5060 995 5115 pavore
1044 5041 1193 5110 quasi
1239 5039 1433 5093 mortui
1470 5048 1654 5100 erant;
1702 5037 1926 5106 ideoque
1955 5035 2211 5104 urgebant

637 5141 1043 5205 interrogantes.
1074 5135 1253 5202 Neque
1283 5140 1482 5184 tantum
1513 5139 1568 5183 ut
1594 5130 1712 5184 illos
1737 5144 1766 5181 a
1798 5138 1946 5182 tanto
1968 5137 2111 5180 metu
2145 5127 2210 5179 li-

629 5219 880 5291 beraret,
927 5227 1018 5281 sed
1065 5226 1222 5280 etiam
1256 5233 1315 5277 ut
1367 5221 1692 5292 proditorem
1739 5216 2080 5281 emendaret,
2112 5217 2213 5270 hoc

635 5324 778 5377 fecit.
812 5322 941 5388 Quia
972 5321 1111 5374 enim
1159 5332 1278 5372 cum
1319 5330 1460 5384 sche
1501 5312 1807 5367 indistincte
1858 5310 1909 5365 id
1953 5309 2210 5373 audisset,

637 5433 739 5470 non
773 5412 1102 5474 movebatur,
1130 5420 1184 5464 ut
1214 5408 1545 5478 magisillum
1577 5403 1986 5474 perstringeret,
2011 5403 2211 5455 larvam

636 5509 751 5576 ejus
783 5506 998 5572 dejecit.
1045 5503 1178 5557 Cmn
1209 5517 1335 5570 ergo
1366 5500 1439 5553 illi
1467 5508 1757 5554 mcerentes
1800 5495 2212 5563 interrogarent,

635 5599 900 5670 Numquid
926 5613 1017 5668 ego
1055 5611 1183 5657 sum,
1219 5593 1451 5656 Domine,
1479 5591 1784 5659 respondens
1819 5586 1986 5640 dixit:
2017 5583 2115 5650 Qui
2140 5586 2219 5638 in-

637 5696 782 5764 tingit
826 5709 1017 5747 mecum
1059 5704 1262 5743 manum
1301 5687 1352 5738 in
1405 5684 1694 5756 paropside,
1730 5674 1810 5734 hic
1838 5696 1915 5731 me
1942 5679 2219 5731 traditurus

639 5801 728 5845 est.
751 5789 838 5844 24.
873 5788 979 5844 Sed
1003 5785 1173 5840 Filius
1189 5780 1390 5854 quidem
1410 5779 1622 5832 hominis
1653 5778 1810 5844 vadit,
1829 5783 1955 5828 sicut
1976 5781 2216 5844 srnptum

3771 320 3888 376 752

2296 448 2368 492 est
2410 438 2473 491 de
2497 438 2586 491 illo
2605 453 2626 502 ;
2646 454 2720 493 var
2747 447 2912 491 autem
2941 438 3133 491 homini
3161 435 3258 501 illi,
3284 451 3373 502 per
3395 451 3538 505 quem
3579 433 3744 489 Filius
3773 437 3877 491 Aa-

2294 531 2442 584 minis
2462 533 2686 586 tradetur
2705 551 2727 587 :
2749 534 2929 586 bonum
2945 544 3050 586 erat
3075 533 3146 598 ei,
3169 533 3213 585 si
3235 541 3384 585 natus
3410 549 3511 585 non
3533 532 3709 600 [uisset
3728 532 3901 585 homo

2294 622 2402 676 ille.
2448 622 2674 688 Quidam
2709 635 2929 678 narrant
2951 624 3123 693 ipsum
3151 623 3220 679 ita
3245 622 3573 694 petulantem
3601 623 3793 685 fuisse,
3826 631 3880 676 ut

2294 717 2606 782 magistrum
2637 731 2741 770 non
2763 727 3120 782 revereretur,
3149 715 3242 771 sed
3283 732 3404 770 cum
3427 717 3541 784 ipso
3563 716 3878 786 intingeret;

2294 806 2425 860 mihi
2453 816 2628 860 autem
2672 808 2886 864 videtur
2914 808 3016 864 hoc
3061 809 3261 863 fecisse
3282 808 3565 872 Christus,
3620 817 3675 859 ut
3729 807 3878 861 Illum

2293 897 2486 966 majori
2518 897 2757 954 alliceret
2779 899 3000 968 pudore,
3029 907 3085 954 et
3109 899 3175 954 ad
3209 899 3485 953 meliorem
3519 897 3768 954 affectum
3797 898 3882 967 ip-

2293 999 2411 1042 sum
2463 989 2836 1058 pertraheret;
2885 1005 2990 1060 qua
3035 990 3089 1045 in
3137 1004 3203 1046 re
3237 988 3436 1061 aliquid
3465 990 3638 1059 majus
3683 989 3881 1060 deprc-

2295 1076 2564 1134 henditnr.

2363 1171 2418 1226 2.
2461 1170 2565 1225 Irte
2589 1183 2756 1226 matus
2779 1173 3008 1227 sedandi.
3035 1202 3106 1214 -—
3134 1172 3259 1229 ilice
3285 1187 3446 1242 porro
3470 1187 3576 1226 non
3615 1171 3881 1243 simplici-

2295 1269 2376 1316 ter
2425 1262 2881 1330 prtetereurrenda
2926 1273 3072 1324 sunt.
3124 1263 3219 1319 sed
3265 1263 3318 1316 in
3368 1262 3562 1317 animis
3612 1260 3888 1330 inﬁgenda

2293 1352 2510 1415 nostris,
2551 1363 2608 1405 ut
2654 1353 2856 1406 nullum
2902 1368 3152 1423 umquam
3177 1353 3270 1408 ira:
3297 1353 3470 1407 locum
3500 1351 3711 1407 demus.
3751 1351 3895 1420 Quis

2293 1443 2433 1498 enim
2474 1457 2680 1498 comam
2706 1443 2855 1497 illam
2897 1452 3076 1499 mente
3114 1445 3412 1510 revolvens,
3446 1443 3892 1514 proditoremque

2293 1548 2416 1588 cum
2442 1534 2679 1588 omnium
2720 1533 3007 1590 Servatore
3049 1535 3479 1600 recumbentem,
3517 1549 3750 1605 eumque
3788 1535 3894 1603 qui-

2292 1625 2599 1696 prodendus
2618 1637 2734 1682 erat
2755 1637 2863 1682 tam
2887 1627 3002 1682 miti
3026 1641 3274 1682 sermone
3301 1635 3557 1695 utentem,
3586 1641 3695 1682 non
3732 1627 3886 1681 virus

2295 1725 2466 1772 totum
2512 1717 2605 1772 ira:
2650 1727 2810 1787 atque
2854 1717 3048 1772 furoris
3095 1716 3316 1786 ejiciat'?
3349 1715 3482 1772 Vide
3518 1717 3680 1786 igitur
3716 1731 3892 1786 quam

2293 1818 2572 1864 mansuete
2599 1823 2902 1864 sermonem
2929 1807 2997 1863 ad
3025 1809 3197 1878 ipsum
3236 1816 3533 1863 convertat.
3570 1807 3740 1860 Filius
3765 1807 3886 1876 qui-

2294 1897 2408 1952 dem
2456 1899 2673 1953 hominis
2708 1900 2866 1965 vadit,
2911 1899 3040 1953 sicut
3085 1899 3330 1968 scriptum
3375 1907 3447 1953 est
3487 1899 3552 1953 de
3599 1896 3712 1951 illo.
3756 1896 3891 1952 [lace

2293 2002 2457 2058 porro
2483 1987 2617 2042 dixit
2641 1998 2700 2043 ut
2721 1988 3012 2059 discipulos
3039 1991 3406 2056 confirmaret,
3437 1996 3496 2043 ut
3520 2003 3587 2044 ne
3616 1988 3746 2044 illud
3777 1989 3886 2042 im-

2292 2078 2570 2134 becillitati
2609 2080 2923 2148 tribuerent,
2955 2089 3117 2152 utque
3155 2081 3315 2136 etiam
3345 2080 3673 2151 proditorem
3699 2096 3889 2137 emen-

2293 2170 2466 2226 daret.
2512 2169 2600 2226 Vte
2639 2181 2806 2226 autem
2831 2172 3025 2225 homini
3065 2172 3144 2226 illi
3168 2188 3258 2243 per
3291 2187 3437 2242 quem
3469 2171 3637 2226 Filius
3666 2172 3898 2226 hominis

2296 2263 2522 2316 tradetur
2543 2277 2562 2318 :
2583 2262 2766 2318 bonum
2791 2273 2898 2318 erat
2920 2263 3020 2329 illi,
3045 2263 3090 2319 si
3107 2272 3255 2319 natus
3279 2279 3382 2318 non
3405 2264 3583 2335 fuisset
3602 2263 3753 2318 homo
3772 2263 3890 2318 ille.

2297 2354 2430 2412 Vide
2460 2371 2669 2411 rursum
2701 2358 2753 2411 in
2780 2357 3053 2428 arguendo
3083 2356 3404 2414 ineﬂ‘abilem
3445 2358 3739 2414 lenitatem.
3765 2358 3900 2414 Non

2297 2448 2439 2501 enim
2469 2447 2556 2502 hic
2597 2448 2814 2514 acriter,
2866 2449 2960 2504 sed
2992 2450 3281 2504 miserabili
3315 2451 3488 2519 potius
3532 2451 3691 2505 modo
3720 2452 3900 2507 verba-

2299 2537 2446 2601 facit,
2495 2549 2657 2609 atque
2711 2555 2923 2594 rursum
2974 2542 3307 2596 subobscure
3349 2560 3363 2596 :
3401 2558 3720 2614 quamquam
3776 2560 3894 2602 non

2297 2630 2459 2685 modo
2482 2633 2727 2700 superior
2751 2632 3020 2699 vecordia,
3046 2632 3146 2688 sed
3169 2644 3224 2689 et
3244 2636 3509 2705 posterior
3533 2637 3908 2708 impudentia,

2297 2720 2498 2792 ingenti
2537 2721 2695 2794 digna
2723 2731 2867 2778 esset
2909 2723 3293 2795 indignatione.
3342 2725 3476 2781 Nam
3503 2737 3781 2797 postquam
3813 2729 3893 2784 ita

2297 2813 2571 2868 convictus
2589 2816 2777 2880 fuerat,
2791 2815 2926 2870 dixit
2944 2835 2958 2870 :
2974 2816 3066 2872 25.
3088 2816 3353 2890 Numquid
3370 2835 3461 2890 ego
3477 2836 3608 2885 sunt,
3633 2819 3850 2876 Domine
3865 2823 3906 2876 ἶ

2297 2903 2350 2960 0‘
2365 2904 2707 2960 vecordiam!
2733 2905 2933 2961 llerum
2969 2907 3067 2961 sibi
3108 2909 3358 2964 conscius
3392 2909 3722 2965 sciscitatur:
3763 2927 3906 2966 nam

2297 2997 2621 3068 evangelista
2660 2997 2778 3067 ejus
2805 2997 3076 3054 admirans
3104 2999 3454 3069 petulantiam
3477 3001 3592 3058 lucc
3618 3003 3712 3059 ait.
3747 3003 3910 3070 Quid

2297 3101 2426 3159 ergo
2473 3089 2782 3144 lenissimus
2832 3090 3250 3163 mitissimusque
3295 3091 3493 3148 Jesus?
3554 3092 3632 3148 Tu
3691 3094 3904 3152 dixisti.

2298 3180 2630 3252 Quamquam
2656 3182 2836 3239 dicere
2862 3186 3122 3255 potuisset
3151 3206 3165 3242 :
3191 3185 3426 3243 Sceleste
3453 3195 3516 3243 ‘et
3537 3190 3896 3258 exsecrande,

2300 3284 2460 3344 atque
2483 3274 2862 3346 impurissime,
2895 3286 3043 3333 tanto
3079 3286 3322 3350 tempore
3351 3279 3453 3337 hoc
3479 3281 3674 3336 malum
3705 3291 3900 3354 partis-

2301 3367 2466 3436 riens,
2499 3378 2620 3439 post
2647 3372 2948 3440 pactionem
2977 3371 3295 3428 diabolicam
3324 3382 3769 3445 numeratamque
3797 3389 3900 3446 μοι

2301 3458 2534 3525 euniam,
2564 3474 2595 3514 a
2623 3475 2710 3516 me
2729 3463 3024 3529 convictus,
3046 3462 3214 3518 audes
3237 3462 3413 3518 adhuc
3438 3462 3803 3535 interrogant
3821 3467 3911 3521 At

2304 3546 2500 3606 horum
2537 3551 2670 3606 nihil
2710 3551 2843 3607 dixit
2868 3570 2883 3608 :
2908 3551 3002 3608 sed
3045 3553 3209 3623 quid?
3248 3551 3326 3608 Tu
3371 3554 3569 3620 dixisti,
3618 3556 3697 3612 sic
3737 3554 3899 3612 nobis

2303 3641 2452 3713 leges
2484 3650 2726 3698 statuens
2771 3643 3005 3698 ferenda:
3046 3644 3272 3712 injurite.
3314 3643 3515 3700 Verum
3553 3645 3699 3702 dicet
3738 3646 3901 3718 quis-

2302 3734 2483 3802 piam:
2513 3733 2568 3789 Si
2598 3735 2853 3804 scriptum
2899 3744 2982 3790 est
3009 3734 3278 3791 Christum
3321 3737 3391 3792 ita
3420 3752 3698 3808 passurum
3741 3753 3906 3808 esse,

2302 3837 2400 3878 cur
2445 3834 2724 3880 accusatur
2750 3825 2915 3881 ludas
2939 3829 2962 3879 τ
3005 3841 3125 3881 nam
3151 3841 3270 3897 quae
3299 3828 3495 3896 scripta
3523 3838 3680 3884 erant
3712 3829 3899 3901 perfe-
3950 3826 3952 3828 ’

2303 3919 2394 3971 cit.
2425 3917 2494 3971 At
2525 3933 2632 3971 non
2664 3918 2764 3972 hoc
2791 3918 2876 3972 ille
2901 3918 3080 3972 animo
3108 3918 3254 3984 fecit,
3287 3919 3381 3974 sed
3407 3934 3474 3974 ex
3517 3920 3745 3975 scelere.
3777 3919 3894 3977 Nisi

2305 4021 2482 4065 autem
2514 4009 2747 4063 animum
2786 4009 3172 4077 exploraveris,
3221 4011 3391 4078 ipsum
3419 4008 3689 4066 diabolum
3733 4026 3762 4064 a
3795 4013 3912 4066 crio

2307 4107 2450 4161 mine
2481 4104 2749 4161 liberabis.
2799 4101 2904 4156 Sed
2948 4117 3052 4156 non
3095 4102 3188 4169 ita,
3222 4117 3335 4157 non
3377 4101 3446 4156 ita
3473 4110 3622 4158 certe
3657 4117 3748 4159 res
3791 4114 3904 4159 est.

2305 4199 2582 4255 Sexecntis
2624 4198 2764 4252 enim
2806 4206 2860 4251 et
2905 4197 2990 4250 hic
3027 4204 3080 4250 et
3123 4195 3213 4251 ille
3255 4203 3379 4250 sunt
3411 4194 3552 4264 digni
3595 4195 3905 4267 suppliciis,

2307 4293 2512 4350 etiamsi
2555 4290 2701 4346 orbis
2745 4289 2869 4344 hinc
2911 4299 3158 4344 servatus
3201 4289 3291 4343 sit.
3338 4287 3522 4359 Neque
3560 4289 3705 4344 enim
3746 4289 3912 4345 ludar

2307 4385 2538 4456 proditio
2568 4385 2792 4438 salutem
2839 4380 2993 4436 nobis
3021 4390 3240 4450 operata
3279 4388 3384 4444 est,
3434 4378 3527 4434 sed
3570 4378 3769 4435 Christi
3809 4397 3910 4435 sa-

2308 4477 2529 4548 pientia,
2558 4476 2645 4546 qui
2669 4475 2799 4529 mira
2825 4473 3038 4527 solertia
3069 4471 3294 4525 aliorum
3327 4469 3624 4526 sceleribus
3651 4471 3719 4526 ad
3757 4471 3910 4526 salu-

2311 4577 2418 4624 tem
2466 4576 2701 4622 nostram
2741 4574 2823 4619 est
2849 4578 2996 4619 usus.
3025 4562 3163 4630 Quid
3205 4575 3353 4632 ergo,
3402 4562 3630 4632 inquies,
3662 4563 3707 4617 si
3735 4563 3915 4619 ludas

2311 4677 2416 4717 non
2474 4659 2818 4729 prodidisset,
2868 4670 3047 4710 annon
3102 4654 3237 4708 alius
3277 4653 3582 4723 proditurus
3630 4653 3785 4710 erat?
3840 4656 3906 4711 Et

2311 4753 2437 4825 quid
2478 4752 2580 4807 hoc
2621 4749 2686 4805 ad
2730 4764 2844 4804 rem
2885 4745 3211 4818 quaesitam?
3245 4747 3310 4801 Si
3338 4745 3593 4817 crucifigi'
3621 4747 3912 4817 Oportebat

2311 4845 2600 4909 Christum,
2637 4841 2862 4911 inquies,
2908 4855 3003 4910 per
3032 4837 3314 4910 quemdam
3363 4837 3662 4906 Oportebat.
3705 4836 3761 4894 Si
3808 4852 3906 4908 per.

2314 4935 2616 5008 quemdam,
2648 4948 2742 5003 per
2786 4931 3057 4985 hominem
3104 4928 3409 4997 hujusmoai
3442 4927 3816 4997 proeuldubio.
3847 4928 3901 4984 Si

2316 5043 2474 5098 porro
2518 5025 2641 5080 boni
2690 5024 2914 5077 fuissent
2952 5035 3160 5085 onmcs,
3212 5020 3332 5073 hinc
3373 5020 3666 5074 cohibitum
3714 5020 3905 5076 fuisset

2315 5119 2500 5174 salutis
2526 5125 2723 5171 nostra:
2751 5112 3041 5183 negotium.
3068 5111 3240 5165 Absit.
3269 5109 3387 5180 ipse
3416 5125 3582 5174 enim,
3614 5112 3902 5181 sapientis-

2317 5212 2481 5266 simus
2511 5225 2631 5264 cum
2677 5217 2843 5270 esset,
2891 5205 3096 5261 sciebat
3134 5204 3403 5273 quomodo
3431 5213 3612 5257 nostra
3654 5215 3800 5260 esset
3827 5207 3907 5262 di.

2319 5311 2664 5372 spensaturus
2699 5332 2713 5357 ,
2774 5295 2985 5351 etiamsi
3053 5310 3140 5350 res
3192 5295 3212 5328 ⁸
3259 5293 3332 5350 ita
3424 5295 3710 5350 cecidisset
3749 5299 3907 5368 :cjns

2320 5395 2514 5463 quippe
2541 5390 2798 5460 sapientia
2826 5399 2873 5443 et
2915 5399 3102 5457 potens
3132 5394 3182 5439 et
3213 5385 3775 5455 incomprehensibilis
3802 5400 3901 5444 cst.

2323 5487 2446 5543 Ideo
2473 5495 2648 5540 autem
2677 5499 2743 5537 ne
2776 5483 2893 5551 quis
2920 5487 3148 5548 putaret,
3174 5476 3364 5531 ludam
3394 5477 3554 5547 hujus
3592 5483 3907 5538 ωοοηοιιιίεε

2323 5580 2488 5635 fuisse
2513 5576 2837 5638 ministrum,
2865 5572 3119 5626 miserum
3159 5568 3308 5624 illum
3337 5569 3612 5641 pradicat.

2385 5782 2402 5812 ί
2430 5779 2509 5828 Sic
2534 5777 2684 5829 Satil.
2719 5777 2895 5828 Morel.
2928 5782 3095 5827 autem
3122 5779 3174 5825 et
3194 5789 3321 5825 unus
3346 5773 3455 5825 cod.
3479 5774 3671 5826 habent
3691 5786 3788 5825 non

3888 5913 3897 5960 l

3891 6017 3904 6112 ἓ

3893 6125 3908 6183 l
