4174 6332
237 443 337 499 733

307 557 472 622 Quare
521 550 655 605 Deus
692 545 946 619 improbas
986 545 1124 598 nasci
1166 543 1441 612 permittat.
1471 567 1542 578 —
1570 538 1637 596 At
1682 535 1824 588 dicet

238 649 424 702 iterum
472 639 864 715 quispiam:Si
911 639 1108 694 bonum
1161 643 1278 692 erat
1321 648 1442 689 eum
1486 647 1592 686 non
1642 637 1822 684 natum

237 741 417 804 fuisse,
459 752 561 792 cur
598 731 838 806 permisit
884 730 1034 786 illttm
1078 725 1321 799 produci,
1373 739 1480 780 non
1523 724 1686 784 hunc,
1729 717 1825 774 sed

235 825 394 887 etiam
424 828 696 900 improbos
734 823 962 881 omnes?
991 820 1127 878 Cum
1154 823 1429 888 oporteret
1471 823 1523 869 te
1553 809 1827 882 improbos

233 935 422 978 omnes
448 921 714 985 incusare,
740 916 881 989 quod
908 931 1030 971 eum
1065 927 1220 969 secus
1247 910 1422 965 facere
1459 913 1699 977 possent,
1729 904 1830 957 im-

238 1012 386 1084 probi
416 1010 704 1073 evaserint,
735 1018 813 1076 tu,
855 1008 958 1062 illis
986 1003 1382 1076 praetermissis,
1413 1015 1534 1070 quae
1561 996 1628 1052 ad
1657 996 1828 1051 Deum

235 1111 477 1173 spectant
501 1099 764 1155 curiosius
801 1096 1049 1167 inquiris,
1081 1107 1280 1166 gnarus
1311 1101 1486 1146 tamen
1525 1088 1729 1144 nullum
1759 1099 1828 1147 ex

237 1194 558 1248 necessitate
585 1190 786 1246 malum
827 1203 968 1246 esse.
999 1186 1130 1254 Sed,
1158 1184 1390 1255 inquies,
1418 1181 1589 1238 bonos
1619 1175 1827 1234 ta'ntum

237 1285 380 1339 nasci
406 1284 751 1356 oportuisset,
779 1289 951 1351 neque
979 1288 1105 1333 tunc
1139 1285 1283 1332 esset
1307 1274 1566 1346 gehennae
1595 1269 1832 1327 necessi-

237 1389 336 1443 tas,
364 1391 466 1432 nec
490 1392 663 1448 patum
692 1372 1028 1446 suppliciive,
1059 1385 1234 1442 neque
1260 1369 1426 1423 ullum
1453 1365 1705 1436 nequitiae
1733 1377 1830 1417 ve-

235 1470 485 1541 stigium;
512 1469 682 1525 malos
707 1478 885 1524 autem
917 1479 1205 1534 numquam
1229 1475 1349 1516 esse
1380 1477 1474 1532 par
1504 1458 1716 1524 fuisset,
1745 1457 1830 1512 vel

236 1565 279 1616 si
310 1563 421 1617 nati
446 1572 646 1626 essent,
677 1561 856 1616 statim
899 1557 1178 1616 recedere.
1213 1555 1392 1610 Primo
1423 1554 1514 1609 tibi
1540 1552 1830 1626 dicendum

236 1662 316 1709 est
340 1654 694 1724 apostolicum
719 1651 848 1707 illud
878 1669 890 1706 :
921 1649 1091 1719 Atqui,
1117 1665 1148 1702 ο
1169 1649 1341 1713 homo,
1372 1655 1427 1699 tu
1450 1647 1537 1715 qui
1559 1661 1612 1699 es
1636 1643 1723 1714 qui
1749 1661 1832 1699 re-

235 1747 490 1814 spondeas
520 1743 670 1797 Deo?
697 1741 841 1798 Nunt
872 1742 1002 1796 dicet
1041 1740 1337 1812 ﬁgmentum
1367 1739 1412 1792 ei
1451 1738 1537 1808 qui
1565 1753 1622 1791 se
1659 1735 1830 1806 ﬁnxit,

239 1837 342 1892 Cur
380 1852 461 1898 me
487 1837 559 1890 ita
589 1834 822 1905 formasti
842 1833 1016 1905 (Rom.
1043 1833 1096 1888 9.
1129 1830 1258 1902 20)?
1284 1830 1341 1884 Si
1385 1839 1567 1883 autem
1612 1827 1833 1884 ratioci-

235 1928 320 1981 nia
347 1929 568 2000 quaris,
601 1927 706 1982 hoc
730 1927 1046 1992 dixerimus,
1079 1924 1269 1995 majori
1292 1922 1633 1977 admirationi
1660 1920 1834 1975 bonos

234 2038 377 2086 esse,
409 2037 533 2078 cum
557 2021 713 2076 malis
745 2021 1038 2090 permixtos
1065 2035 1077 2072 :
1109 2033 1232 2072 nam
1260 2025 1388 2070 tunc
1418 2015 1632 2070 illorum
1661 2025 1716 2070 et
1742 2028 1836 2084 pa-

236 2115 420 2172 tientia
442 2123 495 2170 et
522 2111 857 2183 philosophia
885 2111 1053 2181 magis
1072 2109 1378 2178 conspicuae
1402 2116 1544 2162 sunt.
1576 2104 1658 2161 Tu
1679 2120 1830 2174 vero,

233 2208 323 2276 qui
351 2207 468 2262 lucc
492 2205 647 2269 dicis,
675 2219 889 2260 omnem
921 2203 1066 2259 tollis
1091 2203 1442 2258 certaminum
1469 2200 1830 2256 occasionem.

235 2301 344 2356 Cur
371 2315 525 2368 ergo,
554 2299 782 2370 inquies,
818 2307 877 2352 ut
913 2297 1003 2352 alii
1030 2297 1288 2353 meliores
1312 2295 1619 2363 videantur,
1653 2295 1706 2348 hi
1739 2310 1834 2364 pu-

238 2393 494 2448 nientu‘r?
524 2392 710 2456 Absit;
750 2390 846 2447 sed
888 2389 959 2446 ob
999 2404 1153 2446 suam
1184 2389 1476 2459 nequitiam
1519 2389 1832 2459 puniuntur.

235 2485 422 2556 Neque
449 2485 594 2540 enim
619 2484 745 2554 quia
775 2482 884 2539 nati
914 2493 1060 2551 sunt,
1093 2481 1324 2553 improbi
1349 2481 1594 2546 fuerunt;
1639 2480 1736 2537 sed
1764 2481 1836 2536 ob

238 2577 505 2647 ignaviam
532 2591 684 2633 suam
705 2577 746 2641 ⁸,
774 2575 1001 2646 ideoque
1026 2576 1351 2646 plectuntur.
1382 2573 1665 2643 Quomodo
1689 2573 1834 2629 enim

239 2687 343 2724 nun
372 2669 636 2740 supplicio
664 2667 810 2738 digni
840 2668 967 2730 sint,
997 2668 1086 2738 qui
1113 2677 1190 2722 tot
1214 2667 1428 2722 virtutis
1455 2665 1708 2722 doctores
1736 2665 1835 2718 lia-

238 2765 425 2829 beant,
457 2762 696 2832 nihilque
720 2761 843 2816 inde
870 2761 1003 2816 lucri
1030 2759 1310 2817 referant?
1337 2758 1486 2816 Sicut
1507 2759 1649 2814 enim
1677 2758 1836 2828 probi

238 2853 443 2924 duplici
475 2853 542 2910 de
567 2868 726 2908 causa
770 2861 897 2906 sunt
944 2853 1166 2921 praemio
1209 2850 1383 2921 digni,
1416 2858 1526 2904 tum
1555 2850 1677 2919 quia
1707 2849 1837 2904 boni

238 2957 380 3011 sunt,
436 2954 547 3000 tum
590 2944 715 3016 quia
762 2945 890 3000 nihil
940 2945 1009 2998 ab
1048 2943 1308 3015 improbis
1349 2952 1474 2998 sunt
1503 2942 1614 2998 laesi
1645 2959 1658 2995 :
1684 2941 1754 2997 ita
1783 2949 1839 2998 et

240 3040 472 3109 improbi
498 3038 694 3108 duplici
737 3047 861 3093 sunt
886 3037 1030 3109 digni
1074 3036 1362 3108 supplicio,
1402 3045 1516 3092 tum
1556 3036 1680 3108 quia
1712 3035 1837 3090 mali

237 3142 384 3202 sunt,
425 3147 551 3188 cum
596 3146 716 3187 esse
759 3131 884 3187 boni
928 3131 1247 3202 potuissent,
1295 3139 1353 3185 ut
1392 3145 1460 3186 ex
1509 3131 1665 3186 bonis
1709 3130 1838 3200 ipsis

241 3225 518 3295 probatur,
550 3233 662 3279 tum
685 3226 807 3295 quia
834 3225 966 3280 nihil
992 3239 1059 3280 ex
1080 3225 1341 3280 bonorum
1371 3225 1618 3294 exemplo
1647 3224 1838 3279 lucrati

239 3327 383 3372 sunt.
418 3321 489 3372 At
529 3316 806 3373 videamus
843 3315 968 3387 quid
1012 3317 1157 3372 dicat
1199 3317 1365 3373 miser
1393 3318 1484 3373 ille
1519 3334 1551 3373 a
1581 3318 1840 3389 Magistro

239 3417 544 3477 correptus.
589 3407 726 3473 Quid
767 3422 897 3478 ergo
937 3407 1104 3463 dicit?
1135 3407 1403 3477 Numquid
1446 3425 1538 3481 ego
1567 3427 1700 3476 sum,
1737 3408 1842 3466 Do-

239 3493 370 3555 mine
389 3501 417 3556 2
445 3499 510 3555 Et
538 3515 634 3556 cur
660 3514 766 3555 non
787 3492 865 3554 sic
894 3499 962 3554 ab
988 3500 1142 3554 initio
1181 3501 1573 3571 interrogavit?
1602 3501 1658 3558 ld
1687 3512 1843 3574 puta-

241 3590 328 3645 bat
354 3591 544 3657 latere,
577 3589 720 3661 quod
760 3590 1003 3658 dixisset,
1041 3589 1186 3647 Unus
1208 3603 1466 3657 vestrum;
1494 3608 1620 3649 cum
1658 3604 1840 3650 autem

241 3683 390 3740 illum
446 3683 800 3748 declarasset,
855 3699 1019 3739 ausus
1064 3694 1149 3740 est
1196 3685 1547 3757 interrogare,
1601 3688 1839 3745 doctoris

239 3777 639 3833 mansuetudini
672 3776 860 3841 ﬁdens,
901 3791 961 3832 se
1004 3791 1229 3847 sperans
1272 3793 1379 3834 non
1411 3779 1839 3851 redarguendum

237 3869 374 3927 fore.
406 3869 642 3941 Ideoque
663 3868 814 3925 illum
845 3868 1014 3926 Rabbi
1042 3870 1270 3925 vocavit.

308 3965 364 4020 3.
412 3961 655 4017 Pecunia
696 3977 842 4015 amor
884 3977 1038 4031 quam
1085 3977 1237 4030 prave
1276 3962 1503 4016 animum
1541 3963 1747 4034 efﬁciat.
1770 3995 1844 4006 —

238 4055 283 4112 0
306 4054 638 4110 caecitatem!
685 4066 962 4122 quousque
999 4050 1070 4108 ab
1109 4050 1198 4106 illa
1232 4052 1494 4122 impulsus
1537 4055 1657 4110 est?
1696 4055 1843 4112 Talis

179 4155 199 4168 ‘
237 4157 318 4204 est
348 4146 594 4218 pecuniae
618 4159 772 4200 amor
798 4161 812 4199 :
841 4145 1034 4199 stultos
1057 4142 1244 4209 efﬁcit,
1271 4144 1570 4214 petulantes
1599 4156 1653 4202 et
1679 4161 1842 4203 canes

236 4253 299 4294 ex
331 4235 682 4298 hominibus;
715 4235 824 4290 imo
853 4235 1077 4290 canibus
1105 4233 1426 4301 deteriores,
1453 4243 1507 4290 et
1527 4250 1592 4292 ex
1620 4236 1843 4293 canibus

236 4331 534 4386 dmmonas.
571 4326 670 4382 Hic
698 4325 894 4397 quippe
915 4324 1186 4381 diabolum
1214 4325 1314 4380 sibi
1352 4325 1695 4382 insidiantem
1726 4327 1843 4383 adi-

236 4422 348 4489 bat,
381 4419 570 4476 Jesum
595 4426 778 4474 autem
816 4417 918 4472 sibi
962 4417 1262 4472 benelicum
1304 4417 1560 4488 prodidit,
1604 4435 1728 4475 cum
1767 4436 1841 4477 ex

237 4514 516 4584 proposito
539 4511 652 4581 jam
679 4509 927 4566 diabolus
971 4508 1196 4566 ellectus
1235 4520 1402 4568 esset.
1447 4510 1607 4567 Tales
1644 4513 1843 4583 quippe

235 4606 403 4663 eflicit
433 4604 756 4661 insatiabilis
799 4601 1143 4672 pecuniarum
1174 4602 1461 4672 cupiditas,
1504 4605 1719 4670 stultos,
1751 4604 1842 4660 fu-

231 4699 434 4765 riosos,
487 4704 632 4751 totos
661 4694 904 4765 pecunia:
946 4693 1213 4759 addictos,
1242 4705 1299 4748 ut
1335 4693 1503 4772 Judas
1539 4694 1658 4753 fuit.
1691 4698 1842 4764 Quo-

236 4789 400 4846 modo
438 4795 624 4842 autem
667 4784 951 4841 Matthaeus
979 4793 1035 4840 et
1081 4785 1172 4840 alii
1201 4785 1409 4855 dicunt,
1451 4797 1577 4844 tunc
1624 4788 1773 4844 illum
1810 4805 1841 4845 a

235 4882 454 4940 diabolo
496 4888 711 4952 captum
742 4879 926 4945 fuisse,
958 4894 1080 4934 cum
1107 4879 1177 4934 de
1204 4880 1508 4950 proditione
1546 4891 1699 4952 pacta
1740 4882 1844 4939 ini-

235 4985 337 5044 ret,
366 4975 609 5032 Joannes
635 4989 785 5040 vero,
822 4970 948 5026 Post
986 4971 1263 5026 buccellam
1308 4973 1610 5044 ingressum
1660 4975 1713 5029 in
1747 4976 1841 5031 illo

235 5083 359 5124 esse
378 5076 651 5130 satanam,
675 5080 797 5119 cum
824 5063 954 5118 illud
985 5064 1099 5133 ipse
1124 5064 1329 5119 sciret?
1356 5064 1526 5134 Supra
1556 5066 1698 5120 enim
1727 5068 1836 5142 ait:

236 5158 391 5216 Cena
415 5162 578 5229 facta,
605 5171 721 5210 cum
737 5155 853 5222 jam
883 5153 1115 5209 diabolus
1143 5155 1430 5210 immisisset
1469 5157 1523 5210 in
1551 5174 1640 5212 cor
1662 5158 1839 5228 Judie,

237 5260 291 5304 ut
328 5251 554 5304 traderet
593 5263 710 5301 eum
741 5244 918 5317 (Joan.
951 5246 1037 5300 i5.
1073 5245 1155 5316 2).
1189 5246 1473 5314 Quomodo
1517 5263 1645 5319 ergo
1685 5248 1837 5317 dicit,

238 5340 363 5397 Post
389 5337 914 5394 bucceltan'intraln't
956 5337 1008 5391 in
1046 5354 1163 5392 euut
1185 5349 1392 5393 satanas
1417 5339 1581 5408 (Ibid.
1622 5358 1670 5398 υ.
1703 5342 1841 5412 27)?

236 5434 369 5501 Quia
397 5448 509 5486 non
550 5430 830 5484 confertim
861 5429 1043 5492 intrat,
1087 5428 1182 5483 sed
1224 5429 1520 5498 periculum
1553 5431 1678 5486 facit
1717 5443 1843 5490 ante

239 5527 529 5596 diligenter
555 5542 569 5577 :
597 5523 739 5592 quod
774 5523 860 5576 hic
898 5537 1116 5591 quoque
1157 5523 1402 5592 contigit.
1452 5523 1664 5579 Sensim
1696 5527 1842 5581 enim

239 5619 504 5673 accedens
550 5616 722 5680 initio,
767 5625 822 5668 et
869 5613 1072 5683 placide
1118 5627 1460 5683 congressus,
1495 5625 1552 5668 ut
1593 5615 1734 5670 videt
1781 5617 1844 5670 il-

241 5710 352 5767 lum
378 5709 448 5763 ad
497 5724 557 5763 se
606 5705 973 5776 recipiendum
1013 5714 1279 5775 paratum,
1325 5714 1492 5760 totum
1536 5722 1595 5762 sc
1625 5707 1844 5766 demum

304 5863 320 5896 l
346 5870 398 5913 in
425 5862 594 5913 Morel.
625 5862 822 5927 legitur,
851 5863 933 5914 sed
957 5861 1016 5914 ob
1042 5861 1276 5915 malitiam
1298 5869 1343 5913 et
1369 5861 1609 5927 ignauiam
1632 5880 1788 5917 suam.

1160 427 1226 484 SN
1264 420 1671 483 MATTll/EUM
1715 416 1944 472 Il0.\llL.
1989 417 2229 476 LXXXI.
2272 420 2344 474 al.
2385 418 2650 474 LXXXII.

1935 532 2191 602 spirando
2222 533 2463 598 immisit,
2492 544 2547 590 ct
2570 535 2733 605 plane
2761 535 3034 605 superavit
3064 535 3234 591 illum.
3260 536 3545 604 Quomodo

1935 635 2113 679 autem
2141 626 2186 680 si
2215 625 2412 695 pascha
2446 625 2826 692 comedebant,
2856 637 3043 681 contra
3081 627 3253 698 legem
3285 629 3337 684 id
3378 628 3542 682 facie-

1934 713 2099 770 bant?
2126 715 2242 771 Non
2292 717 2436 771 enim
2485 717 2860 773 recumbentes
2903 720 3186 786 oportebat
3226 721 3522 777 comedere

1934 806 2070 874 Quid
2098 823 2228 878 ergo
2267 808 2598 865 dicendum?
2627 809 2779 878 lpsos
2806 817 3090 880 postquam
3120 813 3317 880 pascha
3361 829 3546 868 cume-

1934 898 2162 968 dissent,
2203 901 2402 958 deinde
2445 902 2760 960 recubuisse
2789 904 2856 960 ad
2889 905 3236 962 ctenandum.
3266 908 3420 963 Alius
3448 925 3545 962 an.

1936 999 2043 1046 tem
2072 995 2398 1063 evangelista
2440 996 2535 1060 ait,
2562 996 2707 1065 quod
2735 1011 2961 1066 vespera
2991 995 3080 1052 illa
3124 1011 3230 1052 non
3259 999 3420 1054 modo
3445 1014 3546 1054 co-

1936 1085 2166 1140 mederit
2187 1087 2407 1156 pascha,
2438 1087 2535 1143 sed
2571 1089 2733 1145 etiam
2762 1089 2961 1145 dixerit
2992 1107 3004 1144 :
3039 1088 3309 1144 Desiderio
3338 1091 3540 1146 deside-

1935 1178 2044 1230 ravi
2073 1179 2169 1232 hoc
2196 1182 2388 1249 pascha
2411 1181 2725 1236 manducare
2749 1182 3002 1236 vobiscum
3037 1182 3188 1252 (Luc.
3217 1183 3308 1237 εἰ.
3339 1186 3457 1252 l5);
3489 1184 3542 1239 id
3583 1247 3587 1250 _

1937 1279 2042 1336 est,
2075 1270 2178 1325 hoc
2205 1286 2368 1327 anno.
2413 1272 2631 1338 Quare?
2673 1272 2806 1341 Quia
2836 1283 2963 1328 tunc
3000 1274 3148 1329 orbis
3175 1276 3324 1330 salus
3369 1275 3540 1333 futura

1933 1630 2070 1691 dixit
2144 1637 2230 1694 his
2294 1642 2476 1698 verbis

3441 420 3545 476 735

1939 1371 2075 1426 erat,
2104 1365 2356 1435 mysteria
2378 1365 2656 1432 tradenda,
2683 1366 2852 1420 tristia
2878 1381 2974 1435 per
2992 1374 3221 1421 mortem
3252 1368 3542 1437 solvenda;

1939 1455 2018 1510 sic
2042 1455 2116 1509 illi
2143 1471 2274 1511 crux
2305 1473 2369 1511 ex
2399 1466 2526 1512 voto
2559 1458 2871 1513 accedebat.
2911 1458 3107 1513 Verum
3155 1459 3307 1515 illam
3350 1463 3544 1516 imma-

1941 1560 2064 1600 nem
2098 1545 2263 1600 ferain
2291 1547 2425 1601 nihil
2456 1549 2739 1620 mitigavit,
2777 1549 2910 1603 nihil
2932 1549 3101 1606 ﬂexit.
3133 1550 3225 1606 Va:
3258 1562 3439 1607 autem
3471 1553 3543 1607 illi

2536 1659 2550 1696 :
2610 1638 2700 1694 Va:
2723 1640 2918 1694 homini
2952 1641 3050 1695 illi.
3077 1641 3294 1696 Terruit
3323 1659 3540 1714 quoque

1941 1734 2088 1787 illum
2144 1733 2597 1790 dicenszBeuum
2633 1730 2681 1786 ei
2719 1740 2854 1797 erat,
2892 1729 2939 1784 si
3005 1745 3156 1790 natus
3203 1753 3303 1789 non
3344 1738 3543 1804 fuisset.

1934 1819 2154 1876 Pudore
2193 1837 2321 1878 eum
2363 1820 2548 1887 allicit,
2596 1820 2786 1874 dicens
2811 1856 2828 1883 ,
2869 1816 2972 1873 Cui
3008 1834 3102 1888 ego
3153 1819 3376 1872 tinctam
3418 1817 3548 1869 buc-

1935 1911 2129 1968 cellam
2184 1929 2489 1984 perrexere.
2546 1916 2617 1964 At
2684 1909 2824 1963 nihil
2885 1909 3081 1963 horum
3143 1909 3324 1980 ipsum
3386 1922 3545 1962 coer-

1937 2007 2093 2074 cuit,
2134 2007 2230 2063 sed
2269 2005 2429 2075 quasi
2479 2004 2698 2059 insania
2741 2013 2935 2070 captus
2975 2011 3059 2056 est
3097 2002 3343 2056 avaritiae
3372 2044 3386 2066 ,
3435 2001 3548 2054 imo

1941 2098 2185 2167 graviore
2214 2098 2404 2153 morbo
2451 2106 2755 2168 correptus.
2804 2096 2937 2152 Nam
2969 2097 3186 2168 gravior
3228 2107 3375 2151 certe
3404 2097 3550 2151 furor

1941 2197 2044 2243 est.
2076 2186 2214 2254 Quid
2248 2188 2391 2242 enim
2439 2202 2692 2258 umquam
2743 2187 2919 2242 simile
2963 2185 3151 2242 furens
3182 2185 3347 2242 homo
3385 2186 3548 2242 fecit?

1942 2279 2059 2336 Non
2102 2281 2382 2336 emittebat
2425 2279 2513 2335 hic
2561 2294 2808 2350 spumam
2855 2295 2919 2333 ex
2959 2293 3075 2346 ore,
3127 2279 3225 2335 sed
3267 2279 3552 2337 emittebat
3613 2312 3620 2318 -

1945 2371 2156 2428 Domini
2184 2373 2387 2427 caulem
2417 2389 2431 2425 :
2461 2388 2569 2426 non
2603 2372 2887 2441 torquebat
2916 2387 3131 2438 manus,
3155 2371 3250 2428 sed
3285 2373 3401 2428 illas
3427 2382 3550 2429 ten-

1943 2463 2124 2529 debat,
2155 2473 2212 2517 ιιι
2235 2464 2529 2534 pretiosum
2559 2463 2874 2533 Sanguinem
2907 2463 3184 2519 venderet.
3219 2463 3348 2519 ldeo
3377 2464 3554 2534 major

1946 2557 2095 2613 furor
2122 2568 2260 2621 erat,
2291 2558 2417 2636 quia
2456 2571 2619 2611 sanus
2643 2554 2877 2611 furebat.
2905 2554 3016 2612 Sed
3059 2571 3165 2611 non
3195 2556 3434 2627 loquitur
3464 2558 3544 2612 in-

1941 2651 2113 2715 sulsa,
2144 2651 2330 2707 dices?
2367 2649 2572 2720 Ecquid
2602 2649 2863 2705 insulsius
2891 2649 2984 2703 illa
3030 2663 3187 2716 voce,
3219 2648 3360 2715 Quid
3400 2650 3555 2706 vultis

1943 2742 2071 2796 mihi
2096 2743 2238 2809 dare,
2268 2750 2313 2794 et
2342 2757 2434 2812 ego
2455 2741 2591 2795 vobis
2617 2740 2818 2794 tradam
2845 2755 2959 2795 eum
2979 2740 3006 2793 γ
3033 2740 3285 2796 Diabolus
3313 2741 3554 2796 insonuit

1946 2848 2044 2904 per
2067 2848 2127 2889 os
2153 2834 2289 2902 ejus.
2317 2832 2422 2888 Sed
2463 2847 2567 2887 non
2596 2832 2862 2901 percussit
2899 2840 3102 2887 terram
3132 2831 3358 2903 pedibus
3385 2833 3556 2890 calci-

1947 2927 2135 2979 trans?
2163 2923 2233 2979 Et
2254 2932 2457 2994 quanto
2486 2925 2680 2979 melius
2706 2923 3013 2992 calcitrare,
3045 2940 3205 2996 quam
3233 2926 3312 2981 sic
3342 2935 3553 2983 rectum

1946 3016 2260 3073 stare?Sed
2299 3017 2568 3088 lapidibus
2590 3017 2831 3086 seipsum
2868 3032 2976 3072 non
3013 3019 3322 3088 percussit?
3355 3019 3554 3076 Verum

1947 3117 2150 3177 quanto
2173 3107 2369 3163 melius
2409 3107 2462 3162 id
2488 3106 2699 3172 fuisset,
2725 3122 2884 3177 quam
2916 3108 3021 3163 tale
3060 3107 3268 3164 facinus
3298 3111 3559 3180 aggredi?

2023 3199 2180 3253 Avari
2220 3199 2493 3254 deteriores
2537 3199 2890 3254 dtenioniacis.
2912 3229 2985 3239 —
3015 3198 3188 3255 Vultis
3233 3201 3284 3254 in
3319 3202 3557 3259 medium

1947 3289 2278 3345 adducamus
2301 3289 2667 3344 diemoniacos
2707 3299 2761 3343 et
2785 3303 3000 3356 avaros,
3035 3298 3090 3344 et
3124 3300 3382 3360 utrosque
3406 3308 3558 3348 com-

1947 3380 2242 3452 paremus?
2285 3380 2393 3438 Sed
2439 3395 2599 3436 nemo
2642 3380 2694 3435 id
2739 3380 2791 3435 in
2837 3381 2918 3436 sui
2945 3383 3326 3437 contumeliam
3357 3393 3557 3440 vertat.

1948 3472 2066 3528 Non
2109 3473 2253 3528 enim
2286 3481 2534 3527 naturam
2574 3472 2875 3541 culpamus,
2921 3471 3017 3526 sed
3063 3487 3179 3527 rem
3223 3472 3558 3544 hujusmodi.

1948 3565 2250 3636 Numquam
2297 3555 2665 3620 dtemoniacus
2705 3564 2948 3619 vestibus
2996 3563 3254 3630 induitur,
3292 3566 3562 3638 lapidibus

1950 3659 2186 3728 seipsum
2207 3656 2444 3723 cmdens,
2475 3670 2538 3711 ac
2566 3671 2663 3727 per
2689 3657 2831 3711 invia
2871 3665 2926 3712 et
2951 3671 3141 3728 aspera
3165 3657 3278 3714 loca
3309 3675 3557 3730 currens,

1950 3748 2304 3806 vehementer
2341 3764 2370 3802 a
2410 3748 2658 3804 daemone
2686 3757 2860 3803 actus.
2905 3748 3099 3803 Annon
3145 3746 3260 3804 hzec
3289 3750 3560 3809 horrenda

1952 3842 2248 3900 videntur?
2279 3839 2416 3911 Quid
2455 3856 2586 3912 ergo
2609 3841 2654 3896 si
2682 3840 3033 3897 ostendamus
3063 3857 3257 3898 avaros
3288 3843 3371 3898 his
3399 3845 3572 3904 detes-

1951 3934 2145 4000 riores,
2191 3933 2374 4004 pejora
2423 3932 2479 3989 in
2524 3931 2761 3989 animam
2812 3947 2965 3989 suam
2996 3943 3233 4005 patrare,
3282 3944 3446 4007 atque
3487 3939 3559 3994 ita

1965 4023 2176 4094 pejora,
2196 4035 2256 4079 ut
2282 4025 2399 4082 haec
2422 4025 2586 4081 ludus
2611 4041 2736 4082 esse
2758 4025 3091 4081 videantur?
3120 4024 3316 4082 Nonne
3353 4028 3580 4100 fugietis

1966 4117 2132 4173 talem
2152 4118 2406 4174 morbum
2427 4119 2449 4174 ?
2466 4120 2601 4191 Age,
2621 4119 3059 4190 videamusquis
3072 4136 3264 4176 eorum
3281 4121 3352 4177 sit
3369 4122 3579 4177 tolera-

1966 4207 2154 4264 bilior.
2171 4209 2318 4266 Nihil
2338 4220 2488 4266 certe
2505 4212 2667 4266 ambo
2685 4211 2972 4266 dill'erunt:
2998 4212 3163 4267 ambo
3183 4212 3330 4267 enim
3346 4228 3578 4269 sexcen-

1952 4303 2022 4358 tis
2042 4302 2201 4358 nudis
2230 4299 2539 4357 hominibus
2567 4306 2698 4356 sunt
2722 4298 3012 4369 turpiores.
3037 4298 3219 4368 Longe
3259 4300 3405 4355 enim
3446 4316 3564 4356 me-

1949 4397 2055 4452 lius
2075 4404 2160 4452 est
2178 4395 2381 4450 nudum
2402 4393 2639 4449 vestibus
2659 4407 2801 4460 esse,
2826 4406 2987 4464 quam
3011 4407 3076 4448 ex
3099 4392 3284 4462 rapina
3315 4393 3564 4448 indutum

1951 4488 2223 4555 incedere,
2257 4487 2400 4543 sicut
2429 4485 2754 4542 bacchantes
2782 4484 3059 4540 incedunt.
3091 4485 3562 4553 Quemadmodum

1951 4581 2096 4637 enim
2126 4580 2202 4634 illi
2233 4580 2413 4634 larvas
2466 4587 2521 4636 et
2556 4588 2734 4633 vestes
2779 4577 3070 4632 furentium
3115 4577 3333 4638 habent,
3386 4579 3466 4633 sic
3507 4588 3565 4634 et

1951 4670 2063 4727 isti.
2114 4674 2193 4727 Ac
2241 4669 2696 4742 quemadmodum
2745 4669 3205 4724 daemoniacorum
3257 4670 3557 4726 nuditatem

1951 4765 2102 4820 furor
2135 4763 2324 4828 eflicit,
2355 4763 2427 4818 ita
2466 4776 2680 4834 quoque
2706 4770 2762 4816 et
2789 4760 2932 4816 hunc
2972 4760 3229 4815 amictum
3263 4760 3431 4817 furori
3463 4763 3563 4817 tri-

1949 4856 2224 4915 buendum
2249 4871 2448 4912 censeo
2473 4873 2485 4909 :
2510 4855 2602 4924 qui
2642 4854 2873 4927 amictus
2901 4853 3145 4909 nuditate
3178 4853 3290 4923 ipsa
3323 4853 3564 4910 deterior

1950 4962 2052 5008 est.
2087 4951 2143 5006 ld
2168 4950 2313 5022 quod
2345 4949 2471 5005 hinc
2498 4948 2876 5004 demonstrare
2903 4947 3164 5002 conabor.
3199 4946 3372 5012 Quem
3412 4949 3561 5003 enim

1951 5043 2185 5098 maxime
2228 5040 2410 5096 furere
2447 5039 2713 5106 dicamus,
2753 5053 2822 5092 an
2861 5037 2952 5108 qui
2997 5037 3234 5107 seipsum
3273 5037 3452 5103 ωιάἰι,
3493 5053 3561 5092 an

1951 5137 2045 5209 qui
2073 5150 2258 5191 secum
2295 5144 2524 5189 caeteros
2549 5146 2740 5186 omnes
2770 5129 2994 5185 obvios?
3025 5129 3248 5184 Planum
3290 5137 3393 5192 est,
3421 5129 3563 5185 hunc

1951 5244 2072 5286 esse
2101 5236 2454 5298 postremum.
2503 5223 2668 5296 Igitur
2714 5223 2790 5278 illi
2829 5238 2949 5278 sese
2993 5222 3285 5286 denudant,
3335 5221 3387 5276 hi
3434 5237 3563 5277 vero

1951 5320 2140 5377 obvios
2183 5333 2396 5374 omnes.
2442 5317 2516 5373 At
2564 5316 2638 5371 illi
2684 5315 3008 5371 vestimenta
3058 5315 3409 5370 discindunt?
3453 5315 3560 5370 Sed

1952 5421 2210 5485 quantum
2244 5411 2598 5468 mallentlmsi
2622 5409 2818 5479 singuli
2841 5409 3160 5465 vesﬁmenta
3183 5423 3280 5463 sua
3307 5407 3557 5474 discindi,

1951 5523 2112 5578 quam
2154 5520 2344 5560 omnes
2390 5504 2492 5557 sibi
2544 5503 2832 5557 facultates
2877 5501 3090 5570 abripi?
3134 5501 3241 5557 Sed
3285 5502 3462 5571 plagas
3504 5499 3559 5554 in

1952 5599 2157 5654 vultum
2213 5614 2318 5652 non
2375 5594 2649 5652 inferunt?
2704 5595 2864 5664 Atqui
2914 5592 3017 5648 hoc
3074 5596 3308 5648 maxime
3361 5592 3561 5646 faciunt

1951 5694 2096 5748 avari
2126 5692 2197 5747 illi
2236 5705 2480 5762 rapaces,
2513 5703 2619 5743 non
2661 5698 2839 5743 tamen
2868 5695 3076 5756 omnes,
3109 5688 3206 5744 sed
3252 5688 3304 5743 in
3345 5693 3562 5744 ventres

2021 5916 2038 5944 ι
2071 5911 2264 5973 Manili,
2292 5914 2426 5963 Num
2449 5909 2638 5963 sentitis
2664 5909 2760 5962 vim
2773 5910 2966 5964 morbi?
