4174 6332
678 509 906 565 aliorum
929 501 1084 561 famis
1109 512 1164 558 et
1189 498 1509 571 paupertatis
1529 498 1802 569 graviores
1831 494 2122 565 immittunt
2153 490 2251 546 do-

685 603 843 656 lores.
871 595 976 654 Sed
1000 610 1103 651 non
1133 592 1376 649 mordent
1393 589 1684 648 dentibus?
1712 589 1922 646 Utinam
1942 584 2254 642 morderent

680 690 946 755 dentibus,
975 695 1031 743 et
1054 701 1160 742 non
1187 684 1491 755 rapacitatis
1521 682 1664 747 telis,
1699 695 1818 751 qua:
1847 677 2091 749 graviora
2121 675 2252 730 den-

681 783 820 838 tibus
831 788 974 835 sunt.
992 777 1124 834 Nam
1147 777 1332 832 Dentes
1345 791 1517 830 eorum
1536 791 1679 828 arma
1697 782 1746 827 et
1763 772 1989 843 sagittce(
2003 769 2142 824 Psal.
2158 769 2247 823 56.

677 873 757 942 5).
792 870 920 927 Uter
944 869 1112 939 magis
1138 867 1306 928 dolet,
1335 865 1423 935 qui
1454 864 1619 920 semel
1649 861 1941 927 mordetur,
1985 870 2040 916 et
2071 859 2247 914 statim

673 970 912 1024 curatur,
941 975 1009 1014 an
1040 959 1126 1029 qui
1155 972 1365 1026 semper
1384 955 1709 1026 paupertatis
1735 951 1985 1008 dentibus
2010 948 2249 1006 corrodi-

675 1052 800 1106 tur?
831 1051 1116 1118 Paupertas
1143 1049 1338 1117 quippe
1381 1044 1738 1100 involuntaria
1780 1041 1997 1098 fornace
2025 1049 2080 1095 et
2118 1039 2249 1094 feris

675 1140 889 1212 gravior
915 1148 1016 1195 est.
1048 1137 1151 1194 Sed
1182 1153 1286 1191 non
1318 1151 1413 1205 per
1436 1135 1646 1190 deserta
1674 1142 1933 1204 vagantur
1960 1141 2016 1186 ut
2048 1131 2247 1185 dzemo-

675 1231 850 1286 niacil
879 1229 1086 1285 Utinam
1110 1243 1204 1297 per
1233 1227 1466 1292 deserta,
1498 1240 1604 1280 non
1641 1240 1734 1294 per
1758 1223 1918 1280 urbes
1944 1232 2242 1288 currerent,

674 1334 731 1379 et
760 1333 883 1377 tunc
903 1333 1087 1376 omnes
1109 1319 1197 1390 qui
1227 1320 1278 1392 in
1301 1318 1519 1373 urbibus
1543 1325 1666 1370 sunt
1695 1317 1745 1370 in
1772 1316 1950 1386 quiete
1969 1314 2242 1385 degerent,

676 1429 818 1475 nunc
844 1427 971 1468 vero
1000 1412 1101 1466 illis
1127 1409 1375 1464 omnibus
1399 1407 1838 1463 intolerabiliores
1864 1415 2010 1469 sunt,
2042 1404 2164 1480 quia
2194 1404 2245 1457 in

677 1506 891 1561 urbibus
921 1506 1034 1557 haec
1057 1501 1273 1563 faciunt,
1302 1499 1440 1570 quod
1468 1499 1541 1553 illi
1571 1500 1624 1552 in
1644 1497 1890 1562 desertis,
1920 1497 2062 1566 ipsas
2088 1495 2248 1550 urbes

676 1615 729 1653 ιιι
761 1598 970 1652 deserta
1011 1603 1297 1658 mutantes,
1334 1607 1398 1646 ac
1425 1591 1568 1646 velut
1607 1592 1658 1644 in
1705 1591 1918 1644 deserto
1959 1588 2048 1643 ubi
2089 1603 2248 1642 nemo

674 1693 924 1746 cohibere
958 1697 1154 1762 potest,
1184 1689 1262 1743 sic
1287 1687 1523 1742 omnium
1556 1686 1692 1740 bona
1721 1681 2111 1752 dcprmdantes.
2143 1681 2244 1736 Sed

674 1784 860 1839 obvios
905 1797 1007 1836 non
1036 1779 1296 1850 lapidibus
1324 1777 1573 1832 ea‘dunt‘l
1605 1777 1668 1830 Et
1693 1775 1824 1847 quid
1865 1773 2004 1828 hoc?
2037 1775 2075 1826 A
2118 1773 2242 1840 lapi-

673 1874 828 1929 dibus
856 1872 996 1927 enim
1036 1871 1135 1924 sibi
1175 1884 1367 1924 cavere
1410 1867 1565 1921 facile
1601 1867 1753 1930 est‘;
1800 1878 1917 1932 qure
1953 1879 2080 1918 vero
2125 1877 2246 1916 cum

671 1967 855 2021 charta
883 1973 937 2019 ct
962 1973 1258 2018 atramento
1285 1963 1493 2016 miseris
1521 1957 1837 2030 pauperibus
1867 1957 2085 2012 vulnera
2114 1957 2244 2010 infe-

671 2069 815 2122 runt,
845 2057 1070 2112 schedas
1100 2055 1246 2109 mille
1278 2052 1442 2122 plagis
1461 2062 1679 2107 onustas
1702 2049 2102 2112 eoneinnantes,
2129 2046 2247 2118 quis

672 2150 839 2221 possit
860 2149 1047 2203 obvius
1073 2161 1264 2202 cavere
1291 2155 1346 2207 et
1369 2141 1647 2199 avertere?

743 2242 797 2297 ι.
841 2240 1125 2294 Videamus
1153 2247 1331 2294 autem
1361 2244 1490 2306 quot
1518 2234 1617 2290 sibi
1658 2233 1787 2304 ipsis
1825 2233 1964 2287 mala
1991 2229 2244 2285 inferunt.

669 2334 806 2391 Nudi
846 2333 1114 2389 ambulant
1153 2347 1248 2402 per
1291 2330 1473 2385 urbem
1500 2350 1514 2384 :
1541 2337 1740 2383 vestem
1789 2329 1986 2397 quippe
2037 2324 2245 2380 virtutis

671 2443 778 2484 non
817 2427 1033 2482 habent.
1054 2424 1205 2492 Quod
1235 2424 1278 2478 si
1304 2423 1353 2479 id
1382 2423 1488 2477 illis
1519 2428 1672 2490 turpe
1699 2434 1805 2475 non
1832 2417 2065 2473 videatur
2101 2431 2243 2481 esse,

669 2516 772 2572 hoc
807 2531 872 2572 ex
921 2515 1108 2586 grandi
1152 2514 1354 2568 insania
1404 2511 1666 2581 procedit,
1717 2510 1859 2581 quod
1905 2508 2246 2578 ignominiam

668 2623 775 2664 non
805 2609 1070 2674 sentiant;
1109 2606 1205 2663 sed
1229 2620 1454 2676 corpore
1480 2604 1607 2660 nudi
1645 2603 1989 2668 erubescunt,
2015 2601 2243 2656 animam

664 2710 798 2757 Vero
825 2699 1020 2756 nudam
1045 2697 1483 2753 circumferentes
1509 2695 1817 2765 gloriantur.
1861 2692 1917 2749 Si
1957 2694 2116 2749 vultis
2152 2709 2245 2746 an-

669 2803 798 2859 tem,
821 2808 916 2848 cur
940 2790 1140 2847 nullum
1166 2803 1381 2845 sensum
1411 2785 1676 2842 babeant'
1705 2786 1897 2841 dicam.
1927 2785 2056 2854 Quze
2085 2784 2244 2855 igitur

667 2897 828 2940 carm
863 2881 983 2937 est?
1030 2880 1174 2936 Inter
1223 2878 1422 2934 multos
1467 2877 1636 2934 nudos
1683 2876 1970 2942 nudantur,
2017 2877 2242 2946 ideoque

666 2990 774 3029 non
819 2972 1160 3036 erubescunt,
1206 2977 1265 3024 ut
1303 2983 1476 3038 neque
1511 2982 1611 3023 nos
1648 2967 1701 3024 in
1742 2966 1967 3023 balneis.
2005 2966 2156 3034 Quod
2195 2967 2241 3022 si

665 3064 818 3120 rnulti
847 3072 1025 3120 essent
1049 3062 1245 3118 virtute
1286 3061 1474 3127 induti,
1519 3059 1690 3130 major
1721 3059 1849 3130 ipsis
1880 3061 2053 3131 pudor
2076 3069 2239 3118 esset.

666 3157 816 3213 Nunc
841 3166 1014 3211 autem
1044 3155 1169 3210 illud
1197 3154 1426 3209 maxime
1450 3154 1699 3224 Iacrymis
1726 3153 1944 3223 dignum
1972 3163 2074 3219 est,
2099 3152 2240 3224 quod

665 3264 789 3303 cum
822 3245 972 3302 mttlti
997 3246 1102 3302 sint
1126 3246 1275 3308 mali,
1307 3244 1486 3320 nullus
1508 3252 1594 3299 est
1628 3242 1798 3314 pudor
1821 3259 1886 3300 ex
1914 3244 2075 3300 malo.
2106 3243 2240 3299 Cum

664 3340 785 3395 aliis
806 3340 948 3395 enim
978 3341 1080 3394 hoc
1113 3337 1274 3393 etiam
1301 3321 1424 3392 fecit
1451 3334 1715 3402 diabolus,
1741 3343 1800 3390 ut
1822 3350 1996 3406 neque
2020 3349 2240 3391 sensum

665 3431 924 3487 malorum
946 3431 1108 3485 ullum
1135 3429 1402 3496 habeant;
1433 3439 1595 3500 utque
1623 3444 1687 3486 ex
1714 3427 2076 3499 improborum
2103 3427 2241 3483 mul-

666 3523 890 3579 titudine
909 3521 1079 3593 pudor
1097 3521 1378 3592 obtegatur
1406 3538 1420 3576 :
1449 3536 1571 3577 nam
1601 3521 1648 3576 si
1675 3521 1728 3576 in
1755 3519 2093 3576 multitudine
2119 3520 2239 3590 phi-

664 3614 1005 3686 losophorum
1046 3623 1369 3680 versaretur,
1415 3627 1566 3668 suam
1607 3613 1696 3668 ille
1735 3611 2029 3667 nuditatem
2074 3613 2242 3682 magis

664 3716 867 3764 nosset.
896 3706 1118 3763 Planum
1163 3720 1291 3775 ergo
1329 3713 1414 3761 est
1450 3705 1570 3760 illos
1610 3703 1952 3760 daamoniacis
1989 3718 2109 3759 esse
2150 3718 2241 3756 nn.

662 3797 871 3860 diores;
902 3795 1041 3867 qnod
1067 3804 1244 3851 autem
1285 3795 1498 3863 deserta
1531 3796 1645 3851 ioca
1673 3795 2029 3866 frequentem,
2081 3810 2239 3848 nemo

664 3901 811 3947 certe
850 3889 1138 3960 negaverit.
1184 3888 1314 3944 Lata
1359 3889 1555 3959 quippe
1594 3900 1650 3944 et
1691 3889 1924 3960 spatiosa
1966 3888 2048 3942 via
2091 3887 2236 3941 omni

663 3983 877 4039 deserto
909 3981 1171 4038 desertior
1209 3991 1310 4037 est.
1352 3980 1464 4036 Etsi
1496 3994 1726 4051 namque
1765 3979 1997 4034 viatores
2042 3979 2237 4032 multos

663 4074 891 4142 habeat,
936 4073 1030 4128 sed
1074 4071 1344 4126 hominem
1399 4072 1640 4127 nullum:
1685 4085 1868 4126 verum
1920 4077 2234 4139 serpentes,

660 4164 992 4232 scorpiones,
1016 4163 1189 4232 lupos,
1211 4162 1441 4232 viperas,
1462 4160 1695 4230 aspidas.
1719 4161 1879 4218 Tales
1901 4160 2096 4230 quippe
2111 4167 2239 4214 sunt

662 4255 698 4309 ii
736 4255 825 4324 qui
857 4253 1145 4323 nequitiam
1186 4261 1480 4307 sectantur.
1512 4251 1636 4308 Haec
1663 4266 1769 4307 non
1807 4251 2019 4307 deserta
2063 4250 2234 4305 solum

659 4358 763 4416 est,
793 4347 884 4404 sed
912 4349 1069 4403 etiam
1093 4347 1354 4417 asperior.
1387 4345 1441 4401 Id
1468 4345 1608 4416 quod
1638 4345 1762 4404 hinc
1789 4344 1960 4415 palam
1979 4351 2061 4399 est
2091 4366 2104 4398 :
2129 4357 2233 4397 non

658 4439 801 4494 enim
849 4437 1069 4508 lapides,
1116 4444 1403 4507 praerupta,
1451 4436 1725 4491 cacumina
1772 4434 2125 4492 ascendentes
2165 4435 2234 4488 ita

658 4530 912 4595 lacerant,
940 4537 998 4583 ut
1041 4529 1224 4598 rapina
1263 4537 1318 4583 et
1346 4527 1566 4583 avaritia
1595 4528 1799 4582 animas
1823 4542 1942 4596 qua:
1969 4526 2110 4579 illam
2149 4526 2236 4579 ad-

659 4621 893 4675 mittunt.
938 4619 1086 4686 Quod
1115 4629 1292 4673 autem
1335 4619 1474 4672 circa
1516 4617 1759 4687 sepulcra
1789 4618 1948 4670 vitam
1993 4625 2151 4686 agant
2178 4624 2235 4670 ut

658 4711 990 4774 dmmoniaci,
1024 4711 1132 4766 imo
1170 4712 1344 4781 potius
1375 4709 1517 4781 quod
1553 4711 1652 4779 ipsi
1695 4709 1935 4782 sepulcra
1962 4709 2086 4773 sint,
2112 4707 2235 4762 hinc

659 4803 993 4859 manifestum
1014 4811 1118 4858 est.
1146 4802 1282 4870 Quid
1308 4802 1450 4857 enim
1481 4810 1563 4858 est
1583 4801 1926 4872 sepulcrum?
1957 4800 2113 4871 Lapis
2142 4800 2233 4871 qui

659 4905 990 4952 mortuorum
1032 4911 1253 4966 corpora
1291 4895 1551 4951 continet.
1585 4894 1642 4950 In
1684 4910 1790 4967 quo
1831 4910 1961 4966 ergo
1984 4894 2235 4950 dilierunt

658 4993 869 5047 illorum
915 5005 1141 5060 corpora
1183 4989 1250 5044 ab
1291 4989 1594 5059 hujusmodi
1627 4987 1926 5059 lapidibus?
1966 4987 2077 5044 imo
2119 4988 2233 5044 haec

660 5084 765 5138 illis
803 5082 1187 5137 miserabiliora
1227 5091 1368 5136 sunt.
1401 5080 1514 5136 Non
1545 5082 1686 5137 enim
1717 5082 1852 5151 lapis
1898 5089 1981 5136 est
2007 5079 2234 5135 cadaver

658 5175 953 5240 continens,
999 5172 1093 5228 sed
1137 5188 1331 5243 corpus
1370 5171 1633 5243 lapidibus
1674 5172 2050 5235 insensibilius,
2091 5187 2236 5226 mor-

660 5277 801 5321 tuam
832 5266 1211 5321 circumferens
1235 5265 1486 5319 animam.
1509 5263 1865 5331 Quamobrem
1892 5279 1995 5319 non
2022 5264 2235 5318 aberrat

657 5359 702 5414 si
732 5359 849 5428 quis
868 5358 987 5413 illos
1009 5360 1248 5428 sepulcra
1278 5357 1568 5412 vocaverit.
1599 5355 1731 5410 Nam
1771 5357 2024 5411 Dominus
2050 5366 2235 5410 noster

657 5465 736 5505 sic
765 5448 975 5504 Judazos
1016 5451 1259 5512 vocavit;
1305 5449 1531 5520 ideoque
1572 5447 1845 5518 subjunxit
1874 5463 1889 5501 ε
1922 5447 2233 5502 Inlrinsecus

655 5543 839 5613 rapina
881 5551 926 5596 α
955 5542 1163 5596 avaritia
1200 5543 1334 5612 pleni
1373 5553 1488 5597 sunt
1519 5540 1732 5613 (Matth.
1774 5540 1865 5595 25.
1902 5537 2016 5611 25).
2061 5539 2233 5595 Vultis

655 5634 868 5692 demum
908 5629 1185 5690 ostendam
1220 5633 1488 5707 quomodo
1515 5632 1779 5705 lapidibus
1817 5633 1989 5703 capita
2018 5646 2112 5689 sua
2148 5631 2230 5689 fe-

730 5850 750 5921 :
776 5849 1036 5921 i_n__\torel._,
1065 5849 1251 5921 lapides
1272 5850 1400 5921 enim
1419 5853 1561 5921 facile
1583 5863 1659 5921 est
1675 5858 1899 5921 efﬂigere.

728 5912 750 5942 ³
768 5910 877 5974 Alli,
902 5924 990 5963 cur
1012 5910 1191 5967 tantam
1213 5910 1557 5980 impudentiam
1580 5910 1797 5975 habeant:

1512 386 1570 445 S.
1598 382 1873 444 JOANNIS
1911 352 2384 437 CflltYSOSTOMl
2423 377 2733 435 ARCIIIEP.
2775 379 3308 442 CONSTANTINOP.

3841 389 3967 446 τδσ

2357 489 2531 545 riant?
2559 491 2878 548 Undenam?
2906 494 3010 550 Sed
3043 498 3216 564 primo
3242 497 3325 552 dic
3355 497 3484 552 mihi
3513 498 3654 555 unde
3681 498 3786 556 hoc
3810 505 3951 558 velis

2355 581 2582 651 discere,
2604 598 2632 636 a
2666 586 3100 654 praesentibusnc,
3132 603 3200 641 an
3226 604 3257 642 a
3283 588 3516 644 futuris”!
3543 590 3613 644 At
3641 590 3946 649 futurorum

2355 672 2430 726 illi
2451 689 2553 728 non
2572 689 2813 745 magnam
2836 679 3094 732 rationem
3114 679 3339 734 habent:
3357 679 3422 735 de
3438 683 3796 750 praesentibus
3813 700 3947 756 ergo

2354 765 2695 837 loquendum.
2719 767 2923 834 Quibus
2949 770 3213 839 lapidibus
3232 772 3509 842 graviores
3524 787 3627 826 non
3653 785 3945 831 suntcum:

2353 856 2480 924 illae,
2511 875 2629 930 qua:
2651 875 2754 914 non
2787 861 2959 930 capita
2992 862 3208 927 feriunt,
3233 863 3326 918 sed
3354 864 3586 918 animam
3613 865 3944 924 corrodunt?

2362 947 2573 1004 Timent
2592 951 2754 1015 enim,
2780 966 2846 1005 ne
2863 955 2984 1019 jure
3004 967 3066 1006 ex
3089 949 3249 1007 domo
3270 961 3464 1008 exeant
3490 954 3574 1008 illa
3603 968 3722 1025 quze
3740 957 3944 1024 injuste

2353 1047 2500 1108 parta
2541 1049 2696 1106 sunt;
2733 1051 2970 1096 extrema
3013 1041 3329 1109 formidant,
3373 1046 3705 1111 irascuntur,
3751 1057 3945 1102 contra

2350 1142 2499 1193 suos,
2545 1141 2729 1184 contra
2774 1141 3059 1186 extraneos
3102 1133 3376 1186 irritantur
3407 1147 3666 1200 :‘mceror,
3711 1145 3942 1203 tremor,

2351 1216 2498 1273 furor
2525 1219 2623 1274 sibi
2656 1229 2842 1276 mutuo
2880 1222 3189 1290 succedunt,
3223 1233 3278 1278 et
3300 1225 3452 1295 quasi
3482 1240 3512 1280 a
3551 1226 3848 1296 praicipitio
3885 1227 3942 1282 in

2352 1309 2702 1379 praecipitium
2754 1321 3128 1378 transeuntes,
3195 1329 3314 1385 qua:
3371 1314 3607 1369 nondum
3661 1316 3949 1385 possident

2352 1400 2587 1469 quotidie
2626 1411 2961 1471 exspectant.
3001 1403 3339 1474 QnapmpIer
3375 1419 3549 1475 neque
3577 1406 3792 1475 placent
3833 1407 3942 1464 illis

2350 1507 2412 1547 ea
2453 1508 2572 1563 qua:
2599 1494 2893 1563 possident,
2922 1495 3064 1565 quod
3107 1505 3220 1550 tuto
3265 1498 3464 1552 servari
3510 1512 3615 1551 non
3643 1499 3940 1564 conﬁdant,

2351 1583 2599 1652 quodque
2638 1594 2752 1638 toto
2794 1587 2974 1639 animo
2999 1586 3063 1638 ad
3093 1601 3178 1652 ea,
3222 1602 3342 1656 quae
3373 1587 3608 1641 nondum
3637 1589 3940 1659 possident,

2349 1672 2620 1728 anhelent.
2645 1675 2722 1728 Ae
2743 1675 3193 1744 quemadmodum
3220 1677 3264 1731 is
3283 1677 3371 1746 qui
3392 1676 3640 1732 diuturna
3668 1680 3754 1732 siti
3780 1695 3943 1733 vexa-

2354 1773 2436 1816 tus
2460 1772 2564 1828 est,
2597 1764 2803 1818 etiamsi
2839 1767 3034 1820 inultos
3055 1768 3364 1821 exhauserit
3388 1769 3586 1832 fontes,
3610 1770 3940 1840 voluptatem

2352 1869 2456 1910 non
2486 1856 2667 1920 sentit,
2699 1854 2842 1924 quod
2872 1857 3052 1910 satiari
3083 1866 3350 1927 nequeat:
3384 1858 3454 1911 ita
3481 1869 3537 1913 et
3560 1859 3610 1911 hi
3643 1875 3748 1911 non
3779 1859 3944 1913 modo

2355 1963 2460 2002 non
2494 1947 2846 2012 delectantur,
2892 1948 2985 2002 sed
3014 1963 3079 2002 eo
3120 1950 3287 2017 magis
3325 1950 3631 2003 cruciantur
3655 1965 3762 2019 quo
3790 1949 3960 2020 plurar

2353 2047 2552 2104 tenent,
2576 2037 2717 2108 quod
2739 2037 2914 2092 nullus
2944 2039 3013 2091 sit
3036 2037 3343 2107 cupiditatis
3370 2038 3512 2094 ﬂuis.
3539 2040 3604 2093 Et
3625 2039 3741 2095 hac
3767 2056 3943 2110 quan-

2351 2139 2460 2183 tum
2498 2128 2565 2184 ad
2595 2130 2876 2199 prmseutia
2906 2146 2922 2183 :
2955 2144 3095 2184 nunc
3125 2129 3194 2185 de
3212 2127 3389 2184 futuro
3428 2129 3519 2185 illo
3545 2130 3630 2184 die
3669 2131 3941 2185 dicamus.

2349 2223 2496 2277 Licet
2518 2223 2658 2277 enim
2695 2222 2771 2276 illi
2800 2237 2904 2276 non
2934 2220 3246 2286 attendant;
3275 2229 3329 2276 at
3352 2236 3534 2290 Operm
3567 2223 3796 2291 pretium
3838 2222 3950 2277 eris

2348 2313 2416 2368 de
2447 2313 2539 2367 illo
2566 2313 2764 2368 dicere.
2800 2313 2856 2368 In
2897 2312 3076 2368 futuro
3115 2312 3294 2384 itaque
3318 2311 3407 2367 die
3435 2313 3671 2383 undique
3701 2314 3778 2368 illi
3806 2330 3939 2368 cru-

2348 2404 2649 2457 ciabuntur.
2697 2400 2830 2456 Nam
2872 2416 2995 2456 cum
3035 2400 3186 2467 dixit,
3235 2398 3460 2468 Esuriri,
3497 2411 3544 2455 et
3583 2417 3687 2455 non
3730 2401 3955 2457 dedistis

2349 2493 2474 2546 milii
2515 2492 2840 2557 manducare,
2892 2491 3044 2556 sitioi,
3095 2502 3142 2545 et
3181 2507 3305 2546 non.
3333 2501 3508 2562 polum
3563 2493 3687 2545 mihi
3732 2493 3946 2547 dedistis

2353 2583 2565 2656 (Matth.
2610 2583 2704 2640 25.
2748 2582 2865 2654 42),
2900 2583 2984 2638 his
3013 2583 3190 2638 verbis
3216 2583 3475 2652 castigat;
3521 2593 3576 2638 et
3617 2597 3740 2637 eum
3785 2583 3948 2647 dicit,

2348 2674 2431 2731 Ite
2463 2677 2517 2730 in
2562 2677 2727 2747 ignem
2753 2683 2998 2729 (sternam
3026 2683 3264 2745 paratum
3309 2672 3512 2728 diabolo
3537 2671 3699 2744 (Ibid.
3741 2689 3791 2728 υ.
3818 2675 3938 2742 41),

2345 2782 2440 2824 eos
2484 2768 2578 2839 qui
2621 2766 2760 2822 male
2803 2767 2970 2838 partis
3011 2763 3213 2820 divitiis
3255 2763 3484 2820 afﬂuunt
3513 2765 3606 2820 illo
3649 2767 3829 2822 mittit.
3874 2766 3950 2820 Et

2347 2877 2539 2918 servus
2568 2860 2658 2916 ille
2688 2875 2939 2929 nequam,
2981 2859 3072 2930 qui
3100 2859 3377 2913 conservis
3416 2858 3554 2913 bona
3583 2858 3786 2914 domini
3825 2874 3945 2914 non

2345 2953 2586 3024 largitur,
2617 2952 2669 3007 in
2693 2951 2882 3006 eadem
2910 2958 2994 3007 est
3030 2949 3241 3018 classe;
3271 2965 3477 3006 necnon
3507 2951 3554 3005 is
3583 2955 3701 3021 quis
3728 2952 3816 3022 qni
3852 2961 3941 3006 ta-

2347 3045 2549 3100 lentum
2577 3043 2812 3112 sull'odit,
2855 3054 2908 3098 et
2947 3043 3182 3113 quinque
3202 3043 3459 3112 virgines.
3488 3041 3555 3096 Et
3593 3057 3948 3114 quocumque

2343 3135 2565 3202 abieris,
2601 3148 2794 3190 avaros
2822 3133 2981 3205 plecti
3020 3133 3246 3189 videbis.
3295 3137 3373 3188 Ac
3403 3149 3544 3188 nunc
3587 3134 3800 3204 quidem
3829 3150 3940 3188 au-

2343 3225 2511 3290 dient,
2547 3226 2713 3280 Chaos
2751 3236 2825 3280 est
2848 3226 2979 3279 inter
3015 3241 3107 3279 nos
3133 3234 3181 3280 et
3223 3239 3309 3278 vos
3332 3221 3482 3296 (Luc.
3504 3225 3600 3280 .16.
3631 3223 3763 3296 26);
3793 3241 3942 3281 nunc

2356 3309 2599 3370 Recedite
2639 3335 2671 3370 ει
2715 3332 2796 3369 me
2842 3318 2899 3368 in
2938 3329 3108 3384 ignem
3149 3311 3350 3382 [vobis]
3387 3321 3680 3379 paratum;
3721 3322 3777 3368 et
3808 3321 3948 3370 ιιιικ

2349 3403 2401 3457 in
2425 3402 2560 3457 duas
2581 3413 2760 3473 partes
2783 3400 2990 3458 discissi
3015 3400 3110 3456 illo
3140 3399 3291 3456 ibunt
3319 3399 3409 3455 ubi
3437 3399 3636 3455 stridor
3668 3399 3940 3465 dentium,

2346 3507 2508 3566 atque
2535 3495 2771 3565 undique
2799 3494 2936 3564 pulsi
2961 3493 3304 3560 videbuntur,
3335 3506 3600 3563 nusquam
3626 3491 3806 3548 locum
3832 3493 3943 3548 ha-

2346 3587 2536 3642 bentes
2565 3586 2662 3641 nisi
2695 3587 2746 3640 in
2775 3587 3038 3654 gehenna.

2417 3677 2472 3732 5.
2516 3677 2664 3732 Sana
2687 3675 2813 3744 ﬁdes
2833 3691 2932 3728 non
2950 3672 3154 3746 prodest
3176 3673 3287 3729 sine
3303 3673 3632 3744 oper-ibus.—
3649 3671 3786 3742 Quid
3807 3687 3948 3744 ergo

2345 3768 2500 3823 nobis
2523 3782 2654 3822 sana
2695 3765 2829 3820 fides
2868 3763 3110 3836 proderit
3145 3763 3213 3819 ad
3242 3761 3496 3830 salutem,
3523 3778 3644 3818 cum
3683 3763 3800 3818 bare
3841 3781 3946 3817 au-

2344 3861 2592 3919 diemus?
2636 3858 2770 3924 lilic,
2814 3856 3014 3912 stridor
3052 3856 3318 3921 dentium,
3347 3855 3585 3912 tenebra:
3614 3855 3946 3920 exteriores,

2343 3965 2400 4010 et
2453 3955 2591 4022 ignis
2643 3958 2861 4022 paratus
2907 3948 3142 4014 diabolo,
3196 3946 3463 4012 discissis,
3512 3947 3802 4022 expulsio;
3850 3946 3946 4004 hic

2345 4021 2495 4109 vero,
2542 4021 2854 4106 inimicitiae,
2879 4039 3183 4104 calumniis,
3217 4037 3484 4109 pericula,
3517 4021 3946 4107 sollicitudines,

2346 4133 2588 4200 insidiae,
2635 4133 2816 4188 odium
2865 4131 3131 4194 omnium,
3157 4129 3486 4185 abominatio
3529 4130 3678 4200 apud
3719 4147 3934 4196 omnes,
3971 4146 3978 4150 ·

2344 4227 2506 4282 etiam
2528 4240 2622 4281 eos
2645 4224 2733 4295 qui
2763 4223 2970 4278 adulari
2993 4221 3259 4277 videntur.
3287 4222 3438 4278 Sient
3461 4223 3606 4280 enim
3637 4221 3809 4279 bonos
3830 4237 3944 4280 non

2343 4318 2470 4374 boni
2497 4316 2692 4382 solum,
2717 4315 2813 4370 sed
2842 4315 3003 4369 etiam
3034 4311 3262 4383 improbi
3288 4313 3592 4370 mirantur:
3623 4313 3703 4370 sie
3732 4315 3942 4385 impro-

2343 4411 2442 4467 bos
2465 4423 2572 4463 non
2597 4406 2724 4461 boni
2753 4415 2981 4471 tantum,
3001 4404 3095 4459 sed
3121 4405 3284 4459 etiam
3311 4403 3542 4475 improbi
3563 4401 3688 4460 odio
3709 4403 3941 4463 habent.

2342 4502 2473 4568 Qua:
2495 4515 2584 4555 res
2610 4497 2748 4553 adeo
2772 4511 2899 4551 vera
2927 4503 3031 4561 est,
3066 4504 3123 4550 ut
3163 4508 3353 4550 avaros
3397 4495 3544 4564 ipsos
3585 4494 3820 4550 libenter
3858 4497 3945 4552 in-

2297 4601 2299 4604 ‘
2346 4604 2638 4663 terrogem,
2670 4605 2850 4644 annon
2893 4589 3030 4643 alter
3067 4586 3223 4642 alteri
3269 4586 3475 4641 invisus
3520 4587 3611 4647 sit.
3641 4594 3696 4641 et
3736 4587 3782 4641 si
3829 4603 3942 4643 non

2345 4684 2567 4756 perinde
2593 4683 2701 4737 sint
2727 4682 2867 4736 inter
2893 4695 2952 4736 se
2983 4679 3207 4746 inimici,
3238 4693 3302 4734 ac
3329 4677 3376 4734 si
3419 4693 3480 4734 se
3523 4689 3710 4733 mutuo
3749 4677 3943 4736 admo-

2342 4780 2468 4834 dum
2496 4777 2781 4840 laesissent,
2813 4788 2995 4829 annon
3031 4787 3090 4828 se
3119 4780 3306 4827 mutuo
3345 4770 3721 4850 criminentur,
3751 4785 3942 4829 annon

2343 4868 2724 4926 contumeliam
2768 4880 2881 4920 rem
2925 4864 3115 4934 ipsam,
3159 4876 3320 4933 quam
3346 4868 3533 4932 agunt,
3578 4874 3700 4917 esse
3745 4863 3940 4918 ριῖειί-

2343 4969 2510 5027 ment,
2541 4975 2661 5015 cum
2690 4957 2811 5028 quis
2841 4955 2947 5011 illis
2982 4955 3085 5009 hoc
3113 4953 3460 5022 opprobrium
3489 4951 3693 5021 objicit.
3719 4952 3940 5022 Oppre-

2342 5055 2516 5111 brium
2536 5053 2733 5122 quippe
2769 5047 2871 5104 hoc
2894 5055 2978 5102 est
3001 5054 3325 5110 extremum,
3347 5052 3403 5099 et
3437 5058 3664 5100 summae
3687 5044 3943 5115 maligni-

2343 5148 2466 5202 tatis
2490 5151 2883 5215 argumentum.
2917 5137 3052 5194 Nam
3089 5137 3135 5192 si
3175 5135 3434 5206 pecunias
3455 5145 3800 5192 contemnere
3827 5149 3942 5192 non

2343 5247 2513 5309 potes,
2542 5232 2815 5305 quomodo
2846 5231 3032 5286 vinces
3057 5227 3571 5299 concupiscentiam,
3594 5241 3786 5282 vanam
3816 5227 3942 5298 gie-

2341 5330 2498 5392 riam,
2531 5326 2787 5389 furorem,
2813 5323 2987 5377 iram?
3015 5321 3081 5377 Et
3106 5320 3379 5392 quomodo
3416 5320 3536 5391 quh
3563 5318 3648 5374 his
3685 5319 3741 5375 in
3769 5319 3941 5377 rebus

2342 5417 2716 5489 obtemperet?
2745 5415 2883 5470 Nam
2909 5412 3402 5481 concupiscentiam
3430 5424 3749 5481 corporum,
3774 5409 3940 5477 iram,

2343 5512 2615 5578 furorem,
2650 5509 2826 5564 carnis
2877 5505 3236 5576 complexioni
3296 5501 3571 5570 tribuunt,
3631 5500 3942 5574 mediciqne

2344 5607 2470 5662 huic
2509 5602 2899 5659 vehementiam
2925 5609 3168 5655 motuum
3196 5596 3544 5662 adscribunt;
3587 5595 3943 5654 calidiorem-

2341 5714 2446 5770 que
2471 5706 2523 5752 et
2553 5693 2908 5749 humidiorem
2953 5690 3208 5746 lascivum
3237 5703 3360 5744 esse
3393 5695 3597 5757 putant,
3626 5701 3750 5742 eum
3781 5701 3940 5754 vero,

2342 5792 2432 5861 qui
2460 5789 2684 5844 sicciore
2711 5786 2781 5840 sit
2807 5782 3145 5853 intemperie,
3175 5779 3477 5845 ardentem,
3517 5779 3857 5846 iracundum,
3886 5789 3941 5837 et

2345 5885 2625 5942 furiosum.
2675 5881 2748 5938 De
2778 5878 3002 5936 avaritia
3053 5885 3229 5934 autem
3275 5874 3410 5933 nihil
3453 5873 3644 5933 horum
3674 5875 3876 5932 dicitur
3906 5888 3938 5932 ι
