4174 6332
214 386 317 442 757

215 497 464 554 medicis.
489 494 579 553 Si:
605 511 672 552 ex
704 493 922 565 ignavia
947 501 1152 548 tantum
1179 501 1234 547 et
1260 493 1425 547 animi
1452 500 1674 562 stupore
1700 490 1817 546 tunc

214 587 478 659 :rgritudo
523 587 782 641 nascitur.
811 584 1173 651 Quamobrem
1222 581 1433 654 precor;
1472 582 1589 637 hare
1633 583 1815 636 omnia

213 679 589 742 emendetnus,
613 685 951 746 eteterosque
972 675 1136 728 animi
1166 674 1384 728 morbos
1407 675 1494 744 qui
1517 672 1813 728 secundum

213 782 428 825 tetatem
452 771 726 833 accidunt,
750 770 800 821 in
827 768 1155 822 contrarium
1179 766 1588 822 transferamus.
1607 766 1663 821 Si
1687 780 1816 820 vero

212 877 308 928 per
355 862 593 931 singulas
631 863 753 914 vitm
795 871 976 930 partes
1009 856 1310 929 navigando
1351 858 1566 912 virtutis
1599 856 1814 912 labores

211 953 534 1018 devitetnus,
567 962 620 1006 et
645 951 842 1021 ubique
872 949 1150 1020 naufragia
1182 948 1462 1014 facientes,
1491 946 1558 1002 ad
1597 955 1813 1018 portum

211 1045 546 1115 appellamus
597 1043 854 1098 sarcinis‘
906 1041 1278 1110 spiritualibus
1336 1040 1521 1105 vacui,
1569 1049 1814 1106 extrema

215 1139 506 1206 patiemur.
553 1136 801 1191 Praesens
830 1135 1026 1205 quippe
1051 1135 1158 1189 vita
1191 1133 1415 1204 pelagus
1435 1140 1522 1187 est
1547 1131 1805 1202 amplum.

208 1231 274 1283 Et
305 1231 448 1284 sicut
491 1229 544 1283 itt
576 1228 678 1284 hoc
723 1228 857 1283 mari
898 1227 1032 1282 varii
1077 1236 1204 1281 sunt
1248 1226 1420 1290 sinus,
1447 1225 1538 1295 qui
1567 1224 1810 1280 diversas

207 1319 410 1375 habent
447 1328 826 1389 tempestates:
854 1316 1208 1390 Egzeumque
1233 1331 1384 1372 mare
1414 1333 1442 1370 a
1475 1316 1650 1372 ventis
1681 1316 1814 1371 infe-

209 1422 418 1478 statur;
450 1412 789 1488 Tyrrhenum
818 1412 1034 1477 fretum,
1053 1419 1338 1482 angustum
1366 1422 1481 1474 est;
1509 1409 1815 1480 Charybdis

209 1519 361 1570 vero,
381 1519 502 1573 qum
520 1514 604 1559 est
626 1504 771 1558 circa
793 1503 1018 1574 Lybiam
1047 1503 1120 1558 ob
1149 1503 1329 1558 brevia
1360 1500 1600 1574 pericula
1621 1501 1807 1566 oﬂ'ert;

204 1593 498 1664 Propontis
541 1603 690 1649 extra
734 1593 1291 1661 Euxinum-Pontum,
1335 1599 1408 1650 ob
1453 1593 1712 1663 impetum
1757 1601 1814 1647 et

206 1687 603 1744 vehementiam
641 1703 825 1758 aquai;
869 1704 990 1758 qua
1018 1697 1176 1745 extra
1197 1687 1396 1753 Gades,
1418 1686 1564 1758 quod
1591 1687 1812 1758 pelagus

204 1776 338 1833 illud
385 1777 457 1832 sit
487 1776 942 1846 infrequentatum
984 1787 1040 1834 et
1084 1779 1346 1850 ignotum,
1375 1779 1604 1848 alaeque
1646 1777 1810 1832 maris

205 1876 391 1936 partes
419 1868 490 1923 ob
519 1867 653 1923 alias
681 1883 875 1924 causas
904 1883 921 1923 :
964 1868 1047 1925 sic
1072 1877 1126 1924 et
1156 1870 1208 1924 in
1233 1869 1341 1924 vita
1380 1878 1565 1925 nostra
1591 1868 1806 1923 accidit.

205 1958 556 2029 Primumque
581 1961 804 2032 pelagus
831 1969 916 2016 est
936 1961 1160 2031 puerilis
1189 1969 1340 2026 tetas,
1374 1976 1496 2032 quae
1527 1961 1708 2016 multis
1726 1972 1809 2016 est

202 2051 615 2118 tempestatibus
640 2051 892 2118 obnoxia,
921 2051 992 2106 ob
1035 2052 1472 2122 imprudentiam,
1498 2052 1806 2108 facilitatem

203 2141 450 2207 nimiam,
477 2156 774 2212 parumque
807 2143 966 2198 fisam
997 2142 1254 2198 indolem.
1291 2143 1526 2214 Ideoque
1557 2144 1808 2213 paedago-

201 2247 300 2303 gos
321 2243 375 2286 et
399 2231 654 2288 doctores
695 2233 878 2303 pueris
907 2233 1214 2300 statuimus,
1241 2233 1334 2304 qui
1363 2233 1415 2290 id
1443 2235 1584 2301 quod
1629 2235 1680 2286 in
1708 2249 1807 2286 na-

203 2334 319 2379 tura
352 2324 536 2379 deﬁcit
562 2324 870 2394 suppleam,
895 2334 954 2379 ut
979 2324 1032 2379 in
1062 2326 1196 2380 mari
1219 2341 1316 2396 per
1339 2333 1511 2380 artem
1535 2325 1810 2395 guberna-

203 2417 420 2470 loriam.
451 2415 578 2471 Post
609 2416 748 2470 hanc
773 2424 989 2488 aetatem
1019 2415 1403 2472 adolescentiae
1432 2430 1585 2472 mare
1613 2430 1805 2472 succe-

199 2507 302 2574 dit,
333 2507 422 2562 ubi
453 2509 600 2562 venti
630 2508 999 2570 vehementes.
1029 2515 1086 2562 ut
1129 2507 1182 2562 in
1228 2504 1420 2576 Egeo
1462 2505 1620 2570 tnari,
1648 2515 1806 2561 aucta

199 2614 398 2669 uctnpe
441 2598 900 2669 concupiscentia.
945 2597 1004 2654 In
1051 2599 1152 2655 hac
1190 2601 1422 2652 maxime
1466 2605 1629 2652 aetate
1667 2611 1806 2652 rat-te

263 2794 282 2825 ⁸
309 2791 368 2842 In
393 2791 558 2842 Iorel.
584 2804 681 2843 nou
704 2791 891 2857 legitur
911 2805 1025 2854 vox,
1045 2791 1270 2844 sarcinis.

1149 376 1212 433 IN
1253 374 1662 435 MATTIUEUM
1697 376 1934 433 IIOMIL.
1968 375 2233 434 LXXXII.
2278 381 2350 434 al.
2393 377 2676 434 LXXXIII.

3423 381 3528 436 75.5

1921 501 2043 545 sunt
2071 493 2514 557 etnendationes;
2548 509 2654 547 non
2685 493 2845 546 modo
2869 495 3006 563 quod
3039 493 3128 547 illa
3159 494 3533 552 vehementius

1921 585 2258 654 exagitetur;
2292 586 2385 640 sed
2408 586 2550 656 quod
2579 594 2798 656 peccata
2823 601 2930 639 non
2952 596 3374 654 redarguantur;
3405 599 3534 644 tunc

1922 676 2062 729 enitr
2095 675 2284 730 doctor
2312 687 2365 730 et
2395 675 2717 746 ptedagogus
2751 676 3159 730 abscesserunt.
3185 677 3318 731 Cum
3352 685 3534 748 itaque

1920 777 2068 821 ventt
2101 767 2477 822 vehementius
2507 769 2722 832 reﬂant,
2757 770 2800 822 si
2831 769 3160 838 gubernator
3187 771 3256 824 sit
3288 772 3528 827 imbecil-

1921 858 2043 926 lior,
2068 875 2336 928 nemoque
2367 860 2435 914 sit
2457 861 2547 930 qui
2571 861 2870 916 subsidium
2902 862 3111 926 atl'erat,
3133 862 3307 931 cogita
3335 874 3530 933 quanta

1919 953 1991 1005 sit
2024 953 2363 1021 tempestatis
2391 952 2728 1023 magnitudo.
2752 952 2889 1008 lIuie
2917 953 3162 1008 succedit
3187 950 3352 1007 altera
3377 964 3529 1022 tetas,

1918 1059 2037 1113 qua:
2064 1054 2150 1098 est
2178 1044 2437 1106 virorum,
2471 1044 2522 1098 in
2551 1057 2653 1114 qua
2685 1043 2762 1098 rei
2793 1043 3079 1099 familiaris
3105 1044 3527 1110 administratio,

1920 1143 2032 1188 tum
2073 1149 2210 1189 uxor
2251 1135 2488 1199 ducitur,
2536 1135 2693 1190 liberi
2746 1148 3124 1204 procreantur,
3157 1134 3354 1190 donms
3401 1150 3528 1188 cura

1918 1227 2145 1296 geritur,
2193 1226 2446 1296 milleque
2493 1225 2885 1282 sollicitudines
2931 1227 3344 1296 superveniunt.
3377 1225 3532 1280 Tunc
3596 1256 3598 1258 τ

1917 1319 2154 1374 maxime
2180 1320 2362 1389 vigent
2390 1319 2614 1375 avaritia
2645 1327 2701 1374 et
2742 1317 2962 1374 invidia.
3003 1317 3060 1375 Si
3094 1319 3256 1388 igitur
3292 1319 3532 1388 singulas

1917 1411 2039 1465 vita:
2096 1421 2279 1480 partes
2330 1423 2454 1464 cum
2514 1409 2810 1480 naufragiis
2858 1397 3203 1476 emetiamur,
3255 1408 3532 1479 quomodo

1882 1512 2244 1571 .prtesentem
2294 1501 2461 1555 vitam
2517 1500 2912 1556 transibimus?
2961 1502 3235 1570 quomodo
3285 1501 3530 1556 futurum

1916 1592 2237 1662 supplicium
2282 1592 2574 1647 vitabimus
2596 1580 2723 1648 i'Si
2751 1593 2897 1648 enim
2927 1593 2980 1647 in
3010 1593 3180 1660 prima
3211 1601 3371 1651 tetate
3398 1593 3531 1647 nihil

1915 1684 2032 1739 sani
2059 1682 2430 1748 didicerimus,
2460 1683 2512 1737 in
2548 1683 2842 1752 iuventute
2871 1685 3219 1740 continenter
3247 1700 3354 1740 non
3383 1687 3534 1739 vixe-

1917 1774 2110 1840 rimus,
2143 1774 2352 1829 virilem
2393 1774 2575 1844 adepti
2619 1783 2837 1829 aetatem
2881 1776 3163 1830 avaritiam
3195 1791 3302 1831 non
3332 1776 3531 1832 viceri-

1915 1881 2072 1931 mus;
2106 1867 2157 1920 in
2187 1875 2522 1922 senectutem
2563 1867 2718 1936 quasi
2757 1867 2812 1921 in
2844 1867 3114 1923 sentinam
3146 1868 3380 1935 devecti,
3404 1882 3528 1924 cum

1918 1972 2014 2024 per
2045 1956 2144 2012 hos
2173 1973 2362 2011 omnes
2387 1958 2539 2027 quasi
2573 1959 2797 2028 laqueos
2839 1959 3036 2014 anima:
3085 1960 3388 2016 naviculam
3420 1961 3529 2015 im-

1917 2049 2249 2103 becilliorem
2305 2048 2726 2117 reddiderimus,
2774 2050 3084 2122 tabulisqne
3131 2051 3427 2119 dissolutis,
3461 2053 3530 2108 ad

1916 2139 2066 2194 illum
2092 2151 2309 2209 portum
2351 2141 2754 2207 devenerimus,
2789 2156 2889 2213 pro
2929 2144 3301 2215 spiritualibus
3331 2147 3529 2201 merci-

1915 2233 2016 2288 bus
2060 2233 2288 2288 multum
2343 2243 2751 2303 eomportantes
2803 2235 2974 2291 lutum
3019 2255 3032 2291 :
3077 2236 3294 2292 diabolo
3338 2237 3527 2301 risum,

1916 2325 2074 2379 nob's
2122 2323 2325 2378 luctum
2379 2324 2712 2394 parabimus,
2742 2327 3214 2400 intolerabiliaque
3263 2330 3528 2400 supplicia

1915 2414 2225 2470 atl‘eremns.
2252 2415 2330 2472 Ne
2357 2417 2539 2487 itaque
2569 2417 2686 2474 hare
2711 2419 2843 2473 fiant
2885 2433 2986 2474 nos
3012 2420 3250 2492 undique
3277 2423 3529 2478 munien-

1916 2517 2017 2572 tes,
2049 2507 2418 2580 adversusque
2445 2525 2639 2565 omnes
2674 2512 2840 2566 animi
2879 2513 3101 2568 morbos
3127 2523 3356 2582 stantes,
3388 2515 3530 2571 divi-

1915 2601 2110 2655 tiarum
2130 2603 2482 2670 cupiditatem
2513 2603 2816 2673 eiiciamus,
2841 2613 2901 2658 ut
2925 2605 3098 2659 futura
3131 2621 3531 2676 consequamur

1916 2691 2076 2752 bona.
2109 2696 2280 2761 gratia
2314 2701 2369 2746 et
2401 2692 2735 2763 benignitate
2780 2692 2996 2748 Domini
3038 2693 3166 2750 Iesu
3196 2696 3418 2764 Christi,
3442 2699 3529 2754 cui

1915 2780 2086 2851 gloria
2121 2783 2172 2835 in
2201 2781 2398 2836 sarcula
2424 2784 2772 2838 saeculorum.
2805 2785 3002 2840 Amen.

201 2915 3528 2944 ww

1210 2991 1560 3054 HOMILIA
1601 2990 1931 3056 LXXXII.
1978 2991 2066 3053 al.
2110 2989 2472 3055 LXXXIII.

197 3139 331 3196 Car.
399 3138 490 3195 26.
545 3153 601 3193 v.
647 3137 737 3195 26.
807 3138 1132 3194 (latrantibus
1187 3149 1356 3194 autem
1408 3138 1553 3204 illis,
1607 3135 1803 3206 accepit

268 3232 424 3286 Iesus
454 3247 658 3300 panem,
691 3240 737 3284 et
765 3231 957 3301 gratias
993 3247 1167 3301 agens,
1205 3231 1353 3301 fregit
1381 3228 1617 3296 deditque
1643 3226 1800 3279 disci-

273 3323 432 3390 palis,
480 3332 528 3375 et
574 3323 648 3374 ait
684 3337 704 3374 :
746 3323 989 3390 Accipite,
1030 3322 1312 3384 contedite;
1353 3321 1448 3374 hoc
1493 3329 1566 3372 est
1616 3333 1802 3386 corpus

270 3430 462 3466 sitcum.
487 3411 577 3466 27.
607 3411 669 3465 fit
692 3412 948 3482 accipiens
976 3413 1204 3469 calicem.
1237 3411 1428 3483 gratias
1445 3411 1566 3480 egit,
1598 3418 1643 3462 et
1664 3407 1802 3460 dedit

271 3507 364 3568 eis,
397 3505 571 3559 dicens
599 3519 618 3558 :
659 3504 821 3558 Bibite
850 3521 914 3558 ea:
939 3505 1032 3558 hoc
1061 3521 1256 3558 omnes.
1293 3503 1385 3559 28.
1421 3503 1522 3557 Hic
1567 3511 1639 3556 est
1665 3501 1802 3554 enim

271 3598 485 3669 sanguis
513 3614 653 3652 naeus
693 3597 810 3651 noui
851 3597 1152 3660 testamenti,
1181 3597 1266 3669 qui
1298 3613 1390 3666 pro
1417 3595 1593 3650 multis
1629 3592 1802 3662 effun-

273 3686 426 3740 detur
453 3687 508 3740 in
526 3687 874 3740 remissionem
901 3699 1237 3757 peccatorum.

275 3828 332 3880 l.
379 3825 558 3895 I‘apm,
587 3833 782 3895 quanta
819 3824 1032 3880 accitas
1061 3825 1384 3895 proditoris!
1426 3823 1799 3896 Mysteriornm

201 3933 452 3983 consors,
477 3917 616 3972 idem
642 3918 969 3986 permansit;
1002 3926 1056 3972 et
1078 3917 1205 3972 dum
1229 3916 1504 3972 tremenda
1537 3915 1803 3970 frueretur

202 4025 414 4074 mensa,
446 4027 552 4064 non
604 4018 840 4063 mutatus
888 4017 991 4065 est.
1025 4009 1090 4064 Et
1140 4009 1243 4065 hoc
1291 4009 1462 4066 Lucas
1514 4008 1800 4080 signiﬁcat,

201 4102 416 4164 timens,
453 4109 566 4166 post
621 4099 737 4154 lure
779 4101 830 4154 in
863 4115 983 4154 cum
1015 4099 1315 4171 ingressum
1348 4101 1514 4156 fuisse
1558 4109 1802 4154 satanam

201 4190 360 4257 (Luc.
386 4190 480 4244 22.
513 4192 567 4260 3)
596 4208 610 4245 :
653 4206 759 4245 non
789 4190 930 4260 quod
957 4190 1286 4246 dominicum
1331 4205 1529 4261 corpus
1554 4189 1802 4261 despice-

204 4293 308 4343 ret,
326 4282 421 4336 sed
446 4280 586 4350 quod
615 4281 1001 4350 impudentiam
1033 4283 1321 4352 proditoris
1347 4283 1616 4338 irrideret.
1635 4280 1805 4353 Majns

203 4373 348 4424 enim
408 4380 684 4440 percatum
727 4371 977 4441 utrinque
1029 4373 1481 4444 flebat:etqnod
1533 4390 1654 4430 cum
1712 4375 1805 4432 tali

202 4466 390 4518 animo
415 4463 480 4520 ad
511 4467 762 4537 mysteria
796 4466 1096 4532 accederet,
1134 4476 1187 4522 et
1216 4467 1356 4538 quod
1385 4483 1508 4523 cum
1535 4469 1802 4525 accessis-

203 4563 310 4619 set,
342 4567 448 4609 ncc
478 4555 693 4622 timore,
740 4571 840 4610 nec
881 4555 1164 4623 beneflcio,
1211 4572 1311 4612 nec
1361 4557 1568 4614 honore
1613 4559 1807 4615 melior

202 4646 482 4700 evaderet.
511 4644 758 4701 Christus
801 4661 928 4702 vero
977 4647 1185 4703 etiamsi
1233 4649 1413 4703 omnia
1465 4661 1666 4716 nosset,
1696 4666 1803 4705 non

203 4737 518 4805 prohibuit;
551 4747 607 4790 ttt
642 4737 818 4791 discas
859 4739 1031 4808 ipstttn
1074 4739 1208 4793 nihil
1240 4755 1426 4794 eorum
1480 4743 1805 4811 praetermit-

204 4837 342 4893 tere,
370 4843 488 4896 quae
515 4827 580 4881 ad
620 4829 1053 4885 emendationem
1097 4829 1404 4886 conferunt.
1449 4831 1573 4888 Ideo
1597 4845 1651 4889 et
1680 4845 1806 4891 ante

203 4929 254 4973 ct
298 4930 484 4989 postea
515 4919 824 4991 frequenter
845 4922 1016 4992 ipsum
1042 4928 1247 4978 monuit
1268 4939 1329 4979 ac
1351 4926 1803 4994 retinuit,verbis,

201 5009 486 5079 operibus,
521 5011 733 5077 timore,
781 5013 962 5078 minis,
1007 5013 1213 5070 honore
1255 5024 1309 5069 ct
1333 5017 1501 5071 cultu.
1535 5018 1640 5072 Sed
1674 5019 1804 5073 nihil

202 5116 326 5154 eum
358 5116 389 5153 a
420 5113 523 5156 tam
567 5103 714 5173 gravi
743 5105 933 5159 morbo
963 5106 1195 5161 reduxit.
1227 5107 1431 5163 Idcirco
1471 5109 1561 5164 illo
1587 5110 1804 5165 demum

191 5195 417 5259 relicto,
444 5193 722 5264 discipulis
753 5210 848 5266 per
876 5200 1132 5268 mysteria
1167 5215 1355 5256 necem
1387 5215 1537 5256 suam
1569 5218 1807 5260 comme-

195 5291 404 5346 morat,
433 5293 483 5338 et
525 5285 666 5338 inter
695 5285 1014 5340 coenandum
1062 5288 1130 5343 de
1169 5304 1329 5344 cruce
1375 5291 1632 5361 loquitur,
1666 5310 1804 5362 prte-

193 5375 456 5428 dictionis
487 5374 782 5446 frequentia
817 5379 1120 5448 passionem
1154 5397 1305 5436 suam
1338 5385 1568 5439 toleratu
1600 5386 1806 5442 facilio-

195 5481 316 5519 rem
373 5467 626 5525 reddens.
677 5469 809 5525 Nant
858 5475 902 5527 si
932 5485 1055 5543 post
1083 5484 1160 5529 tot
1192 5490 1278 5529 res
1321 5489 1500 5548 gestas
1528 5492 1580 5536 et
1610 5484 1806 5552 prtuli-

194 5575 215 5590 η
236 5559 410 5613 lintres
443 5560 640 5616 turbati
673 5573 817 5631 sunt,
840 5565 886 5620 si
929 5566 1062 5620 nihil
1095 5567 1290 5620 horum
1319 5571 1646 5638 audissettt',
1679 5575 1805 5644 quid

195 5665 309 5704 non
352 5653 562 5721 passuri
609 5655 800 5711 erant?
833 5656 899 5710 Et
944 5661 1371 5718 manducantibus
1403 5664 1506 5718 illis
1555 5668 1806 5737 accipiens

272 5810 288 5835 ’
315 5809 427 5873 Alit,
453 5823 494 5862 st
518 5823 579 5861 ne
601 5811 709 5866 Iure
732 5813 927 5877 quidem
950 5817 1225 5880 audissent;
1253 5834 1346 5870 non
1378 5827 1523 5873 male.

1910 3149 2094 3204 panem
2124 3135 2296 3205 fregit.
2324 3134 2436 3190 Cur
2458 3145 2585 3193 tunc
2616 3146 2860 3209 tempore
2888 3141 3160 3211 paschalis
3189 3143 3292 3202 hoc
3322 3157 3526 3219 myste-

1911 3228 2052 3282 rium
2097 3227 2438 3284 celebravit?
2481 3229 2554 3285 Ut
2597 3231 2838 3303 undique
2878 3235 3078 3300 discas,
3128 3234 3287 3292 illuni
3312 3239 3526 3296 Veteris

1909 3317 2240 3373 Testamenti
2270 3318 2440 3391 fuisse
2467 3320 2853 3392 Iegislatorem,
2873 3335 2931 3380 et
2954 3340 3017 3380 ea
3047 3343 3168 3396 quae
3193 3329 3245 3384 in
3275 3329 3370 3386 illo
3397 3344 3528 3387 sunt

1909 3420 2130 3480 prepter
2175 3409 2294 3466 haec
2344 3411 2661 3469 adumbrata
2713 3413 2904 3473 fuisse.
2943 3416 3178 3492 Ideoque
3221 3422 3312 3476 ubi
3366 3433 3526 3496 typus

1909 3509 2043 3565 erat,
2077 3499 2150 3555 ibi
2180 3501 2462 3557 veritatem
2490 3505 2793 3562 constituit.
2828 3506 3066 3579 Vespera
3117 3519 3300 3568 autem
3350 3514 3526 3585 pleni-

1909 3594 2110 3648 tudinis
2136 3603 2442 3665 !emporum
2478 3596 2690 3668 signum
2723 3609 2860 3666 erat,
2894 3600 3276 3676 indicabatqne
3306 3621 3395 3662 res
3425 3609 3523 3666 tle-

1911 3701 2059 3741 mum
2083 3686 2150 3740 ad
2181 3685 2344 3744 linem
2372 3687 2655 3746 accedere.
2684 3690 3008 3764 Gratiasque
3027 3696 3160 3766 agit,
3189 3697 3393 3756 docens
3423 3717 3524 3756 nos

1907 3775 2183 3848 quomodo
2212 3787 2459 3847 oporteat
2490 3781 2594 3836 hoc
2637 3785 2960 3854 mysterium
3000 3787 3302 3856 celebrare,
3335 3804 3524 3848 osten-

1907 3868 2045 3925 dens
2071 3884 2131 3925 se
2158 3886 2267 3925 non
2297 3871 2523 3927 invitum
2550 3874 2617 3928 ad
2641 3877 2954 3946 passionem
2983 3883 3191 3950 venire,
3210 3883 3526 3941 instituens-

1908 3975 2016 4032 que
2041 3977 2162 4030 nos,
2180 3971 2239 4017 ut
2259 3964 2515 4034 quidquid
2538 3967 2831 4036 patiamur,
2850 3985 2974 4026 cum
2994 3974 3288 4042 gratiarum
3309 3979 3526 4036 actione

1911 4051 2169 4118 feramus,
2203 4054 2512 4126 bonamque
2557 4057 2684 4115 Inde
2725 4076 2878 4130 spem
2907 4063 3160 4120 all'erens.
3195 4067 3326 4122 Nam
3355 4071 3399 4124 si
3445 4080 3524 4143 ty-

1878 4160 1882 4164 "
1910 4157 2013 4213 pus
2038 4153 2094 4200 et
2121 4144 2291 4216 ﬁgura
2321 4162 2351 4201 a
2389 4155 2535 4202 tanta
2580 4151 2754 4218 potuit
2782 4155 3047 4211 servitute
3076 4156 3326 4226 liberare,
3357 4163 3527 4216 multo

1911 4236 2084 4305 magis
2111 4237 2314 4292 veritas
2337 4239 2527 4294 orbem
2580 4241 2851 4310 liberabit,
2883 4245 3044 4317 inque
3083 4249 3402 4308 beneficium
3433 4271 3516 4324 ge-

1913 4325 2061 4381 neris
2089 4327 2259 4382 nostri
2286 4328 2549 4385 tradetur.
2586 4331 2790 4388 ldcirco
2822 4350 2926 4389 non
2953 4338 3183 4396 antehae
3211 4345 3526 4412 mysterium

1911 4417 2081 4485 dedit,
2109 4419 2204 4475 sed
2231 4435 2353 4475 cum
2386 4422 2582 4492 legalis
2619 4434 2742 4494 post
2783 4425 2902 4483 haec
2928 4438 3203 4487 cessatura
3229 4445 3429 4488 essent.
3463 4437 3523 4491 Lt

1912 4520 2074 4581 caput
2120 4513 2523 4570 solemnitatum
2570 4531 2760 4572 eorum
2813 4520 2994 4586 solvit,
3043 4521 3111 4578 ad
3163 4525 3322 4580 aliam
3381 4526 3524 4596 ipsus

1914 4602 2251 4660 transferens
2301 4622 2542 4662 mensam
2594 4610 3075 4680 terribilissimam,
3118 4618 3339 4686 aitque:
3373 4620 3520 4672 Acri-

1915 4696 2039 4764 pile,
2069 4699 2353 4759 comra’ite;
2381 4700 2475 4753 hoc
2502 4710 2576 4754 est
2604 4718 2792 4771 corpus
2821 4721 3008 4770 meum,
3040 4709 3175 4776 quod
3219 4727 3313 4779 pro
3352 4712 3520 4765 τοιῇδ’

1915 4789 2175 4858 frangitur
2202 4787 2414 4856 (I.Cor.
2434 4792 2653 4862 “.20.
2681 4794 2744 4848 Et
2761 4798 3032 4864 quomodo
3051 4815 3154 4854 non
3180 4801 3373 4856 turbati
3401 4815 3521 4857 sunt

1915 4876 2018 4933 hoc
2048 4881 2369 4936 audientes?
2398 4882 2535 4950 Quia
2575 4887 2743 4940 multa
2792 4904 3093 4962 magnaque
3121 4908 3184 4948 ea
3215 4894 3283 4950 de
3326 4912 3385 4952 re
3411 4898 3520 4967 jam

1916 4972 2046 5041 ipsis
2074 4972 2306 5029 dixerat.
2341 4973 2468 5030 Ideo
2497 4991 2603 5030 non
2636 4977 2769 5034 illud
2798 4980 2936 5036 ultra
2982 4985 3200 5050 statuit;
3245 4988 3369 5057 quia
3413 4990 3523 5058 jam

1915 5065 2045 5119 satis
2075 5066 2380 5121 audierant.
2408 5067 2642 5125 Causam
2671 5087 2800 5127 vero
2849 5077 3117 5143 passionis
3147 5079 3299 5147 dicit,
3335 5097 3512 5150 pecea-

1915 5164 2091 5210 tornm
2121 5173 2316 5226 nempe
2344 5160 2747 5218 remissionem.
2779 5165 2847 5220 Et
2871 5170 3188 5238 sanguinem
3213 5175 3334 5228 novi
3365 5185 3522 5230 testa-

1910 5247 2080 5303 menti
2112 5257 2294 5314 voeat,
2319 5248 2373 5304 id
2405 5258 2510 5318 est,
2540 5254 2978 5323 pollicitationis,
3013 5273 3171 5312 novae
3206 5259 3362 5329 legis.
3397 5257 3514 5312 Iloe

1913 5338 2058 5393 enim
2078 5338 2189 5406 jam
2215 5340 2346 5394 olim
2377 5342 2645 5411 pollicitus
2675 5356 2814 5412 erat,
2843 5355 2898 5400 et
2920 5364 3116 5402 novum
3143 5359 3523 5408 testamentum

1915 5428 2222 5483 conﬁrmat.
2254 5433 2331 5486 Ae
2358 5435 2814 5501 quemadmodum
2849 5437 3013 5493 Vetus
3060 5456 3188 5496 oves
3237 5453 3292 5498 et
3331 5446 3523 5497 vitulos

1918 5520 2121 5588 habuit,
2155 5523 2235 5578 sic
2261 5534 2314 5578 et
2338 5523 2440 5580 hoc
2462 5525 2793 5584 dominicum
2829 5531 3167 5603 sanguinem.
3196 5534 3332 5590 Ilinc
3362 5538 3523 5591 etiam

1915 5614 2151 5669 ostendit
2192 5631 2251 5670 se
2291 5620 2610 5674 moriturum
2656 5636 2778 5678 esse
2823 5640 2839 5679 :
2887 5624 3009 5680 ideo
3045 5635 3100 5682 et
3145 5636 3523 5684 testamentum

1919 5717 2205 5769 memorat,
2235 5717 2290 5761 et
2331 5711 2526 5767 veteris
2555 5715 2716 5767 etiam
2751 5718 3082 5772 mentionem
3109 5718 3273 5774 facit:
3317 5739 3437 5775 nam
3471 5734 3521 5780 et

1985 5832 1999 5862 ¹
2030 5830 2142 5889 Alii,
2166 5847 2258 5896 pro
2283 5834 2462 5885 multis.
