4174 6332
710 397 817 457 159

711 506 842 563 iilud
862 518 1074 576 quoque
1096 515 1199 572 per
1216 498 1520 569 sanguinem
1545 495 1844 550 dedicatum
1871 491 2059 545 fuerat.
2077 486 2275 576 lterum

710 573 922 666 quoque
949 573 1135 644 mortis
1154 602 1368 644 causam
1407 586 1555 651 diett,
1589 584 1689 649 Qui
1732 598 1824 651 pro
1851 581 2021 633 multis
2045 573 2275 643 effunde-

710 694 795 741 tur
817 687 869 739 in
897 683 1234 739 remissienem
1278 688 1593 751 peccatorum
1624 691 1644 729 :
1680 677 1877 743 aitque,
1911 669 2021 724 Hoc
2048 669 2197 740 facite
2224 669 2277 720 in

709 791 873 830 meam
910 771 1448 828 commotionem.
1477 767 1670 822 Viden‘
1710 757 2276 833 quomodoaiudaicis
2312 810 2315 813 ,

702 863 938 920 abducat
957 872 1020 919 et
1043 869 1233 917 avocet
1260 857 1534 915 moribus?
1570 856 1701 910 Nam
1740 854 1879 908 sicut
1906 850 2053 915 illud,
2083 849 2272 918 inquit,

706 951 1063 1009 celebrabatis
1100 949 1153 1004 in
1196 945 1755 1005 commemorationem
1799 940 2171 997 miraculorum
2220 940 2272 994 in

708 1042 943 1114 Egypto
968 1042 1254 1107 editorum,
1283 1038 1355 1094 ita
1380 1048 1435 1093 et
1473 1037 1574 1091 hoc
1601 1037 1654 1090 in
1681 1050 1854 1090 meam
1883 1045 2272 1087 commemora-

703 1134 906 1189 tionem
932 1132 1106 1190 facite.
1134 1129 1265 1186 Illud
1294 1128 1517 1185 eﬁ'asum
1547 1136 1628 1182 est
1666 1125 1736 1180 ad
1759 1125 1981 1180 salutem
2004 1122 2272 1193 primoge-

706 1222 943 1277 nitorum
989 1238 1003 1273 :
1053 1218 1157 1275 hoc
1194 1218 1261 1273 ad
1308 1216 1679 1273 remissionem
1723 1220 2059 1285 peccatorum
2113 1213 2271 1267 totius

704 1311 873 1367 orbis.
901 1308 1002 1365 Hic
1028 1317 1103 1363 est
1139 1307 1270 1362 enim
1296 1306 1502 1377 sanguis
1530 1321 1687 1371 meus,
1717 1302 1904 1373 inquit,
1935 1302 2023 1372 qui
2045 1300 2273 1369 emende-

704 1413 791 1457 tur
827 1402 879 1457 in
918 1400 1256 1456 remissionem
1283 1407 1618 1470 peccatorum.
1652 1396 1766 1450 Hoc
1808 1409 1967 1465 porro
2007 1393 2165 1460 dixit,
2213 1402 2272 1449 ut

704 1491 864 1547 simul
889 1491 1195 1545 ostenderet
1228 1489 1527 1559 passionem
1552 1494 1609 1541 et
1644 1499 1857 1540 crucem
1904 1498 2024 1539 esse
2067 1493 2270 1555 myste-

703 1581 866 1645 rium,
886 1591 1053 1649 atque
1080 1579 1179 1633 bac
1202 1578 1406 1633 ratione
1430 1568 1621 1630 inirem
1646 1574 1935 1644 discipulos
1963 1574 2269 1628 consolare-

706 1681 811 1726 tur.
842 1671 906 1725 Et
932 1671 1068 1725 sicut
1092 1669 1296 1741 Moyses
1322 1667 1415 1731 ait,
1447 1666 1559 1721 Hoc
1598 1666 1733 1720 vobis
1773 1665 2062 1721 mcmoriats
2080 1665 2267 1736 sempi-

699 1771 901 1816 ternum
928 1760 1121 1831 (Exod.
1149 1760 1204 1815 5.
1232 1757 1322 1830 15)
1344 1775 1363 1811 :
1392 1760 1469 1812 sic
1507 1766 1562 1813 et
1586 1756 1720 1828 ipse,
1761 1755 1827 1810 In
1863 1773 2025 1811 nteant
2052 1772 2267 1810 comme-

701 1852 1030 1905 morationem
1054 1848 1079 1920 (
1100 1848 1226 1903 Luc.
1258 1847 1348 1902 22.
1378 1848 1445 1903 19
1471 1849 1511 1918 ),
1563 1848 1733 1903 donec
1783 1847 2011 1902 veniam.
2066 1846 2266 1901 Idcirco

697 1941 798 2005 ait,
846 1940 1104 1995 Desideria
1132 1939 1412 1994 desiderari
1449 1939 1544 1992 hoc
1584 1940 1773 2009 pascha
1822 1936 2164 2001 manducare;
2214 1936 2265 1990 id

696 2037 804 2098 est,
834 2030 983 2084 vobis
1007 2044 1093 2085 res
1110 2043 1276 2084 novas
1299 2028 1529 2091 tradere,
1552 2036 1606 2081 et
1648 2026 1842 2097 pascha
1871 2026 2019 2091 dare,
2043 2041 2149 2096 quo
2171 2040 2266 2081 vos

697 2121 1002 2192 spirituales
1030 2120 1272 2175 reddam.
1300 2120 1366 2174 Et
1393 2121 1508 2189 ipse
1541 2134 1751 2188 quoque
1775 2132 1840 2173 ex
1869 2117 1959 2173 illo
1999 2117 2150 2172 bibit.
2187 2117 2265 2174 Ne

697 2215 843 2271 enim
863 2215 974 2270 haec
988 2214 1262 2269 audientes
1275 2212 1512 2268 dicerent
1525 2228 1541 2266 :
1556 2211 1690 2278 Quid
1702 2212 1865 2283 ergo?
1882 2212 2261 2281 sanguinemue

700 2305 952 2370 bibimus,
977 2314 1034 2361 et
1075 2319 1288 2360 carnem
1338 2302 1752 2359 manducamus?
1792 2313 1846 2358 et
1890 2304 2259 2368 turbarentur;

693 2407 819 2448 nam
850 2390 974 2448 cum
1017 2393 1115 2448 bac
1151 2392 1220 2449 de
1246 2408 1305 2449 re
1343 2392 1504 2447 verba
1556 2393 1771 2458 facerm,
1801 2392 1871 2448 de
1920 2392 2049 2464 ipsis
2086 2394 2263 2450 verbis

695 2483 845 2538 multi
873 2482 1058 2539 oti‘ensi
1083 2492 1207 2539 sunt
1235 2501 1249 2537 :
1278 2497 1347 2538 ne
1375 2484 1552 2553 itaque
1592 2492 1716 2540 tunc
1756 2486 2117 2553 turbarentur,
2147 2486 2262 2556 prio

698 2588 821 2628 mus
847 2573 959 2644 ipse
1001 2574 1103 2629 hoc
1139 2572 1284 2638 facit,
1315 2581 1372 2629 ut
1397 2573 1518 2627 illos
1540 2574 1611 2628 ad
1639 2573 2015 2647 mysteriorum
2052 2576 2264 2646 partici-

697 2667 964 2737 pationem
1023 2665 1306 2737 tranquillo
1350 2666 1531 2720 animo
1576 2664 1904 2721 subeundam
1965 2666 2260 2723 induceret.

652 2811 669 2831 ,
697 2756 823 2812 Ideo
850 2772 975 2827 ergo
1010 2770 1163 2812 suum
1209 2757 1325 2827 ipse
1356 2758 1665 2828 sanguinem
1714 2756 1867 2813 bibit.
1897 2757 2032 2825 Quid
2078 2758 2259 2829 igitur,

698 2848 923 2918 inquies,
957 2862 1023 2903 an
1052 2848 1153 2903 hoc
1180 2857 1237 2905 et
1278 2857 1430 2905 vetus
1455 2850 1583 2905 illud
1611 2851 1769 2905 simul
1812 2850 2109 2907 faciendum
2138 2851 2261 2906 est?

692 2935 1054 3007 Nequaquam.
1078 2937 1201 2994 Ideo
1226 2954 1457 3009 namque
1484 2938 1641 3004 dixit,
1669 2938 1781 2994 Hoc
1799 2941 1970 3010 facite,
1989 2950 2046 2995 ut
2073 2940 2142 2994 ab
2166 2941 2261 2997 illo

684 3026 999 3099 abduceret.
1020 3026 1150 3081 Nam
1172 3027 1218 3082 si
1241 3027 1342 3082 hoc
1365 3028 1735 3083 remissionem
1759 3040 2093 3100 peccatorum
2113 3030 2256 3097 facit,

689 3124 751 3172 ut
778 3114 936 3171 etiam
965 3115 1110 3181 facit,
1138 3116 1460 3186 superﬂuum
1488 3118 1590 3172 erit
1616 3118 1764 3172 illud.
1804 3118 1951 3173 Sicut
1979 3133 2106 3191 ergo
2128 3120 2257 3175 olim

686 3205 831 3277 apud
850 3206 1082 3273 Iudaea,
1100 3208 1178 3263 sic
1197 3215 1253 3262 et
1278 3222 1417 3262 nunc
1440 3222 1651 3278 quoque
1674 3207 1917 3265 beneﬁcii
1943 3211 2256 3265 memoriam

690 3297 946 3367 mysterio
970 3297 1255 3367 colligavit,
1287 3297 1413 3353 hinc
1437 3298 1807 3353 luereticorum
1832 3314 1924 3353 ora
1949 3300 2253 3356 obstruens.

685 3385 823 3440 Cum
851 3385 992 3441 enim
1018 3386 1218 3452 dicunt,
1242 3385 1395 3443 Unde
1421 3387 1591 3456 palam
1616 3399 1700 3443 est
1725 3389 2053 3444 immolatum
2094 3389 2256 3445 fuisse

683 3474 997 3530 Christum?
1040 3491 1159 3531 cum
1197 3476 1346 3543 aliis,
1395 3476 1554 3531 etiam
1598 3492 1628 3530 a
1674 3479 1968 3548 mysteriis,
2018 3479 2253 3547 ipsorum

680 3565 1010 3621 obstruimus
1055 3582 1169 3622 ora.
1219 3566 1351 3622 Nam
1392 3568 1439 3622 si
1481 3566 1637 3623 Jcsus
1685 3583 1790 3621 non
1820 3577 2060 3625 mortuus
2086 3578 2249 3638 esset,

683 3655 842 3726 cujus
866 3657 1104 3727 symbols
1130 3666 1311 3713 essent
1348 3658 1433 3711 illa
1458 3673 1575 3728 quae
1602 3657 1935 3713 oﬁ'eruntur?

751 3747 808 3801 2.
841 3747 1020 3803 Viden'
1049 3764 1167 3804 cum
1193 3760 1385 3818 quanta
1414 3762 1541 3803 cura
1568 3750 1842 3819 provisum
1872 3751 1959 3816 sit,
1991 3762 2048 3805 ut
2069 3767 2250 3807 recor-

675 3836 875 3894 demur
899 3853 1110 3908 semper
1139 3839 1309 3908 ipsum
1332 3827 1436 3909 pro
1460 3840 1615 3896 nobis
1639 3852 1905 3897 mortuum
1933 3858 2053 3898 esse
2072 3844 2095 3897 ?
2115 3844 2246 3911 Quia

674 3929 825 3985 enim
852 3929 1067 3996 Marcio,
1094 3930 1404 3986 Valentinus
1424 3940 1477 3986 et
1503 3931 1682 3988 Manes
1716 3933 1855 3989 hanc
1890 3940 2247 3991 meonomiam

679 4021 923 4088 negaturi
953 4028 1127 4086 erant,
1169 4022 1432 4091 passionis
1460 4026 1773 4078 memoriam
1795 4025 2007 4079 assidue
2035 4035 2248 4081 revocat

680 4111 843 4163 etiam
870 4123 965 4179 per
1012 4110 1261 4179 mysteria
1283 4151 1299 4176 ,
1331 4120 1389 4164 ut
1417 4126 1574 4165 nemo
1618 4111 1796 4168 seduci
1829 4104 2013 4183 possit,
2045 4129 2247 4186 perque

678 4215 888 4255 sacram
921 4200 1063 4254 illam
1109 4214 1346 4255 mensam
1373 4201 1527 4256 simul
1554 4214 1732 4257 servat
1755 4214 1808 4257 et
1838 4204 2087 4259 instituit.
2116 4206 2243 4261 Ete-

678 4291 789 4347 nim
814 4290 941 4346 illttd
969 4300 1127 4361 caput
1149 4292 1408 4347 bonorum
1439 4302 1542 4348 est.
1572 4293 1697 4349 Ideo
1725 4294 1921 4351 Paulus
1943 4295 2246 4365 frequenter

676 4383 778 4437 hoc
802 4382 1014 4452 repetit.
1034 4382 1230 4437 Deinde
1256 4393 1530 4453 postquam
1560 4385 1791 4453 tradidit,
1816 4386 1944 4441 dicit
1971 4403 1986 4441 :
2009 4388 2095 4443 29.
2122 4388 2245 4444 Non

676 4472 839 4526 bibant
862 4473 927 4526 de
969 4472 1063 4525 hoc
1102 4474 1350 4541 geuimine
1373 4476 1485 4529 uitis
1514 4492 1669 4543 usque
1699 4478 1752 4531 in
1777 4478 1909 4532 diem
1936 4480 2100 4546 illam,
2127 4498 2243 4535 cum

677 4562 805 4615 illud
828 4561 992 4615 bibant
1018 4578 1199 4616 nouum
1224 4563 1471 4618 uobiscum
1498 4566 1549 4619 in
1577 4583 1729 4637 regno
1754 4568 1929 4624 Patris
1965 4572 2080 4625 mei.
2109 4571 2241 4627 Nam

676 4652 819 4728 quia
842 4652 968 4721 ipsis
991 4652 1059 4707 de
1086 4644 1328 4721 paSsione
1354 4664 1407 4709 et
1452 4672 1612 4711 cruce
1656 4658 1901 4728 loquutus
1927 4672 2032 4725 est,
2057 4679 2241 4718 resur-

675 4742 926 4796 rectionis
964 4759 1148 4799 rursus
1191 4746 1517 4800 motionem
1564 4745 1724 4813 facit,
1758 4749 2006 4821 illamque
2038 4753 2121 4807 hic
2150 4770 2238 4809 re—

672 4847 834 4901 gnum
860 4842 1031 4886 vocat.
1065 4833 1129 4887 Et
1156 4850 1319 4903 quare
1345 4847 1461 4904 post
1489 4840 1931 4894 resurremionem
1962 4843 2134 4897 bibit?
2161 4844 2237 4899 Ne

674 4923 917 4979 rndiores
947 4933 1191 4992 putarent
1218 4928 1656 4982 resurrectionem
1709 4944 1827 4985 esse
1874 4932 2224 4999 phantasma;

674 5014 775 5068 hoc
813 5014 954 5067 enim
1000 5014 1150 5068 multi
1186 5016 1199 5045 ¹
1228 5016 1432 5084 signum
1462 5032 1580 5072 esse
1607 5023 2010 5076 resurrectionis
2034 5033 2238 5080 statue-

674 5105 818 5157 bant.
844 5104 968 5159 ideo
997 5106 1228 5182 apostoli.
1261 5116 1315 5159 ut
1346 5112 1712 5165 resurrectioui
1746 5111 1902 5167 ﬁdem
1956 5114 2193 5170 facerent
2217 5160 2233 5181 ,

675 5194 779 5249 hoc
810 5196 1056 5251 dicebant
1091 5215 1104 5250 :
1138 5197 1236 5263 Qui
1264 5199 1413 5252 simul
1450 5204 1774 5269 comedimus,
1802 5201 2095 5262 et'bibimus
2122 5227 2236 5262 cum

676 5301 733 5339 eo
780 5285 915 5352 (Act.
966 5287 1051 5341 10.
1097 5290 1212 5360 ti).
1243 5288 1311 5344 Ut
1368 5290 1525 5360 igitur
1559 5295 1838 5362 ostendat,
1884 5299 2027 5367 quod
2066 5300 2236 5370 ipsum

669 5377 812 5431 clare
845 5387 961 5446 post
1014 5383 1453 5437 resurrectionem
1485 5384 1643 5437 visuri
1674 5389 1807 5451 sint,
1830 5390 1967 5457 quod
1991 5406 2109 5443 cum
2139 5394 2235 5445 illi"

669 5468 847 5522 donuo
870 5468 1077 5525 futurus
1104 5473 1195 5537 sit,
1227 5484 1280 5527 et
1306 5474 1448 5544 quod
1500 5476 1596 5543 ipsi
1626 5486 1679 5530 et
1707 5494 1768 5532 ex
1798 5480 1933 5543 visu,
1963 5493 2017 5536 et
2046 5500 2112 5537 ex
2146 5501 2233 5539 re-

671 5556 767 5610 bus
794 5557 861 5613 de
884 5559 946 5612 iis
977 5576 1091 5628 qum
1120 5572 1267 5631 gusta
1297 5573 1420 5617 sunt
1446 5565 1805 5623 testimonium
1834 5572 1938 5625 sint
1959 5574 2233 5642 reddituri,

664 5650 736 5702 ait
764 5667 775 5701 :
808 5649 978 5702 Donec
1008 5651 1137 5709 illud
1163 5654 1325 5707 bibant
1352 5674 1531 5709 norum
1562 5661 1831 5729 uobiscum,
1856 5665 2006 5720 vobis
2043 5670 2233 5722 testiﬁ-

697 5752 820 5809 'A|ii
848 5761 1048 5822 habent,
1075 5769 1267 5823 veteres,
1296 5780 1398 5826 pro,
1426 5768 1577 5818 mults.

1368 389 1436 447 S.
1472 383 1748 447 WANNIS
1774 375 2241 437 CIIIIYSOSTOMI
2282 375 2595 435 ARCIIIEP.
2635 380 3159 442 CONSTANTINOP.

3849 393 3960 451 ἴω

2381 488 2641 543 cantibus.
2682 490 2787 547 Vos
2825 494 2967 547 enim
2996 510 3083 550 me
3111 494 3358 552 videbitis
3386 507 3666 569 postquam
3716 516 3963 559 resurre-

2382 595 2531 636 xcro.
2557 582 2692 650 Quid
2721 594 2805 639 est
2827 593 3003 639 autem
3046 586 3198 651 illud,
3231 587 3473 645 Novum?
3499 590 3555 645 ld
3584 600 3689 657 est,
3722 608 3865 646 novo
3902 604 3959 649 et

2380 668 2621 725 inaudito
2645 672 2824 739 modo,
2856 689 2961 729 non
2991 677 3044 730 in
3071 691 3295 748 corpore
3319 680 3577 749 passibili,
3602 681 3698 737 sed
3727 682 3958 737 immor-

2381 759 2469 815 tali
2500 771 2554 816 et
2584 762 2989 833 iucornrptibiii,
3039 782 3138 823 nec
3166 769 3286 823 cibo
3329 770 3521 839 egenti.
3555 771 3684 827 Post
3709 787 3959 830 resurre-

2377 852 2611 907 ctionem
2652 854 2811 923 igitur
2843 871 2946 911 non
2970 871 3038 912 ex
3066 865 3388 916 necessitate
3414 863 3650 918 comedit
3694 874 3749 921 et
3779 866 3952 933 bibit;

2379 955 2552 1011 neque
2575 942 2719 998 enim
2751 944 2815 1021 iis
2851 956 2976 1001 tunc
2997 948 3193 1021 egebat
3218 964 3451 1021 corpus;
3491 952 3585 1008 sed
3628 954 3695 1009 ad
3743 956 3954 1012 certius

2375 1034 2784 1089 resurrectionis
2800 1017 3201 1106 argumentum.
3256 1017 3361 1097 Seid
3397 1056 3493 1097 cur
3534 1052 3654 1114 post
3699 1060 3952 1101 resurre-

2375 1124 2642 1187 ctionem,
2676 1138 2783 1179 non
2828 1142 3040 1195 aquam,
3096 1130 3190 1184 sed
3230 1132 3414 1186 vinum
3458 1133 3633 1189 bibit?
3665 1134 3732 1191 Ut
3780 1136 3947 1189 aliam

2374 1211 2566 1266 malam
2596 1212 2840 1269 haeresim
2868 1216 3123 1273 radicitus
3144 1220 3423 1276 evelleret.
3467 1221 3604 1291 Quia
3628 1225 3774 1279 enim
3821 1225 3951 1294 qui-

2371 1300 2493 1355 dam
2513 1302 2566 1355 in
2591 1305 2859 1374 mysteriis
2883 1320 3016 1378 aqua
3044 1318 3281 1375 utuntur,
3310 1321 3367 1366 ut
3385 1314 3631 1369 ostendat
3658 1329 3717 1371 se
3741 1325 3795 1371 et
3819 1333 3949 1372 eum

2371 1398 2625 1467 mysteria
2657 1398 2876 1455 tradidit
2901 1402 3028 1456 vino
3054 1418 3210 1459 usum
3240 1405 3425 1472 fuisse,
3454 1416 3510 1462 et
3552 1417 3673 1479 post
3699 1424 3948 1466 resurre-

2371 1487 2601 1543 ctionem
2631 1490 2747 1546 sine
2768 1493 3035 1563 mysteriis
3063 1495 3118 1549 in
3143 1497 3348 1566 vulgari
3369 1512 3554 1553 mensa
3581 1498 3758 1554 viuum
3788 1501 3949 1555 adlu-

2370 1576 2581 1643 buisse,‘
2600 1577 2685 1633 Ea:
2708 1582 2958 1650 genimine
2977 1584 3111 1650 uitis,
3139 1584 3328 1655 inquit.
3352 1586 3515 1641 Vinea
3538 1597 3714 1643 autem
3734 1591 3945 1659 vinum,

2370 1680 2480 1722 non
2520 1683 2712 1738 aquam
2763 1671 2950 1742 gignit.
2996 1674 3087 1730 30.
3118 1673 3187 1729 Et
3214 1677 3402 1747 hymno
3447 1679 3582 1733 dicto
3621 1682 3849 1736 exierunt
3888 1684 3946 1737 in

2371 1757 2596 1813 Montem
2639 1761 2907 1818 olivarum.
2941 1765 3175 1822 Audiam
3203 1780 3461 1839 quotquot
3484 1811 3501 1835 ,
3532 1787 3817 1841 porcorum
3862 1775 3950 1830 in-

2368 1859 2500 1914 star,
2526 1859 2713 1905 contra
2752 1866 2992 1909 mensam
3039 1858 3345 1913 sensibilem
3386 1861 3735 1917 comedentes
3779 1864 3948 1918 calci-

2370 1949 2532 2006 trant,
2565 1950 2620 1996 et
2648 1944 2921 2025 temulenti
2952 1956 3217 2017 surgunt,
3248 1964 3369 2005 cum
3417 1962 3696 2023 oporteret
3740 1956 3945 2025 gratias

2364 2044 2528 2101 agere
2556 2041 2607 2087 et
2636 2034 2690 2088 in
2739 2022 2965 2106 bymnos
3010 2037 3277 2095 desinere.
3308 2041 3502 2098 Audite
3530 2022 3797 2115 quotquot
3838 2061 3947 2116 po-

2366 2130 2620 2178 stremam
2660 2127 2959 2195 orationem
3009 2131 3387 2201 mysterion
3417 2146 3525 2188 non
3569 2135 3894 2204 exspectatis
3923 2154 3942 2190 :

2365 2229 2486 2284 qua:
2508 2216 2649 2271 illius
2671 2218 2970 2289 symbolum
2996 2229 3100 2276 est.
3133 2222 3344 2280 Gratias
3388 2225 3497 2295 egit
3537 2234 3824 2298 antequam
3858 2226 3947 2283 di-

2364 2306 2587 2377 scipulis
2612 2306 2785 2371 daret,
2814 2319 2871 2365 ut
2893 2310 3062 2366 etiam
3090 2327 3190 2368 nos
3213 2314 3417 2385 gratias
3457 2330 3699 2386 agamus.
3725 2318 3944 2374 Gratias

2363 2400 2477 2467 egit
2503 2407 2558 2453 et
2586 2397 2842 2471 hymnum
2864 2402 2997 2457 dixit
3023 2414 3301 2476 postquam
3328 2407 3570 2473 dedisset
3590 2450 3610 2472 ,
3654 2418 3712 2465 ut
3751 2419 3810 2465 et
3838 2424 3945 2467 nos

2367 2487 2469 2542 boc
2490 2489 2660 2558 ipsum
2683 2490 2953 2547 iaciamus.
2976 2492 3081 2550 Sed
3106 2509 3203 2550 cur
3219 2497 3329 2551 exit
3352 2503 3408 2551 ut
3428 2496 3683 2554 ascendat
3704 2498 3757 2555 in
3783 2516 3944 2556 mon-

2366 2576 2520 2633 tem?
2560 2577 2691 2636 Sese
2738 2582 3017 2639 manifeste
3066 2586 3354 2642 ostendens
3381 2596 3440 2644 ut
3464 2588 3732 2659 capiatur,
3761 2605 3834 2649 ne
3860 2592 3945 2648 vi-

2364 2667 2555 2724 deatur
2581 2684 2702 2727 sese
2742 2676 3010 2731 occultare
3039 2692 3053 2729 :
3081 2676 3367 2733 festinabat
3398 2679 3595 2751 quippe
3640 2682 3707 2735 ad
3756 2682 3938 2740 locum

2362 2757 2513 2815 ludas
2539 2770 2744 2817 notum.
2771 2764 2859 2819 5|.
2892 2764 3029 2821 Tunc
3051 2767 3187 2822 dixit
3214 2769 3322 2823 eis:
3357 2768 3459 2826 Vos
3487 2787 3659 2827 omnes
3676 2768 3943 2827 scandati-

2360 2850 2601 2904 satn'miui
2641 2852 2696 2905 in
2726 2869 2823 2907 me.
2854 2853 3056 2911 Deinde
3080 2856 3232 2912 addit
3263 2858 3598 2929 prophetiam
3622 2879 3639 2917 :
3666 2861 3940 2933 Scriptum

2363 2947 2436 2994 est
2476 2942 2612 2995 enim
2635 2983 2650 3007 ,
2685 2945 2963 3014 percutiam
2998 2957 3288 3018 pastorem,
3324 2960 3375 3004 et
3419 2950 3773 3025 dispergentnr
3817 2970 3942 3010 om

2362 3029 2547 3115 (lactt.
2592 3034 2680 3089 15.
2734 3035 2832 3106 7);
2870 3052 2993 3093 cum
3022 3040 3237 3119 uttillis
3283 3043 3526 3110 suadeat,
3571 3058 3786 3119 semper
3812 3063 3940 3107 esse

2362 3120 2652 3193 Scripturis
2679 3126 3085 3197 attendendum,
3118 3141 3225 3187 tttm
3256 3142 3316 3189 ut
3339 3134 3619 3205 signiﬁcet,
3653 3153 3713 3195 se
3740 3155 3807 3196 ex
3839 3141 3937 3199 Dei

2360 3213 2633 3269 voluntate
2660 3215 2899 3287 cruciﬁgi
2924 3260 2939 3283 ,
2967 3228 3127 3290 atque
3156 3221 3390 3293 undique
3419 3226 3709 3284 05teudens
3736 3244 3796 3285 se
3824 3246 3935 3287 non

2358 3317 2479 3359 esse
2505 3318 2536 3358 a
2576 3305 2695 3375 lege
2742 3310 2907 3363 veteri
2933 3311 3185 3377 alienum,
3218 3330 3392 3385 neque
3419 3331 3449 3370 a
3482 3316 3592 3373 Deo
3620 3319 3709 3389 qui
3738 3320 3791 3373 in
3841 3321 3933 3378 illa

2359 3394 2762 3463 prmdicabatur,
2788 3400 3015 3471 itemque
3035 3405 3175 3472 quod
3204 3415 3327 3461 tunc
3356 3408 3514 3464 ﬁebat
3534 3426 3600 3465 ex
3629 3415 3933 3471 recouomia

2361 3484 2491 3549 ﬁeri,
2524 3500 2585 3540 ac
2611 3487 2895 3557 prophetas
2921 3494 3126 3560 omnia,
3155 3512 3274 3566 qua:
3306 3508 3430 3554 tunc
3451 3501 3791 3570 gerebantur,
3816 3506 3935 3574 jam

2356 3576 2482 3631 olim
2516 3580 2833 3648 praedixisse
2856 3625 2872 3650 ,
2905 3592 2964 3639 ut
2990 3585 3112 3641 hinc
3158 3588 3234 3643 illi
3275 3589 3341 3645 de
3371 3592 3682 3649 melioribus
3737 3596 3939 3654 futuris

2353 3668 2641 3726 admodum
2690 3675 3044 3733 conﬁderent.
3081 3679 3350 3751 Docetque
3376 3699 3481 3752 quo
3532 3696 3687 3755 pacto
3722 3702 3933 3758 cogno-

2353 3772 2573 3817 scantur
2600 3765 2786 3834 quales
2813 3777 2959 3836 ante,
3008 3771 3195 3841 quales
3245 3783 3367 3843 post
3412 3790 3625 3831 crucem
3679 3778 3936 3850 discipuli

2352 3848 2570 3906 fuerint.
2602 3854 2732 3909 Nam
2761 3858 2852 3926 qui
2879 3872 3002 3913 cum
3019 3860 3415 3930 crucifigeretur
3441 3880 3509 3921 ne
3536 3848 3928 3940 starequidem

2354 3952 2660 4011 potuerunt,
2695 3946 2747 4001 hi
2799 3958 2919 4018 post
2964 3965 3178 4006 crucem
3209 3958 3412 4011 strenui
3438 3965 3494 4011 et
3516 3958 3799 4015 adamante
3828 3964 3935 4017 tir-

2352 4032 2551 4087 miores
2579 4032 2811 4090 fuerunt.
2838 4038 2938 4095 Hic
2980 4050 3158 4097 autem
3187 4056 3361 4102 metus
3404 4057 3457 4103 et
3483 4046 3604 4119 fuga
3631 4050 3934 4122 discipulo-

2352 4138 2469 4179 rum
2494 4128 2681 4183 mortis
2710 4130 2826 4200 ejus
2855 4144 3228 4203 argumentum
3250 4147 3358 4193 est.
3388 4137 3442 4195 Si
3474 4141 3616 4196 enim
3646 4153 3935 4214 postquam

2350 4224 2429 4270 tot
2477 4224 2731 4289 tantaque
2778 4221 2915 4277 dicta
2947 4234 3088 4291 sunt,
3119 4229 3333 4297 quidam
3380 4230 3718 4302 impudenter
3741 4235 3935 4295 dicunt

2350 4308 2523 4377 ipsum
2568 4327 2674 4366 non
2721 4312 2884 4369 fuisse
2930 4318 3243 4375 cruciﬁxum
3272 4322 3353 4377 :si
3386 4323 3516 4377 nihil
3539 4339 3724 4380 eorum
3754 4329 3935 4383 couti-

2348 4401 2531 4470 gisset,
2554 4418 2659 4471 quo
2689 4420 2794 4459 non
2826 4406 3112 4476 impietatis
3132 4414 3539 4482 prorupissent?
3562 4415 3689 4473 Ideo
3718 4434 3825 4475 non
3856 4437 3933 4478 ex

2348 4506 2444 4546 sua
2476 4502 2678 4548 tantum
2711 4499 2977 4565 passione,
3011 4501 3104 4555 sed
3130 4503 3289 4557 etiam
3319 4520 3386 4559 ex
3432 4506 3496 4562 iis
3522 4522 3641 4577 qua:
3674 4509 3738 4564 ad
3765 4510 3929 4567 disci-

2349 4584 2499 4653 pulos
2520 4596 2782 4655 speetant,
2827 4604 3033 4645 necnon
3074 4607 3141 4647 ex
3169 4595 3441 4665 mysteriis
3466 4637 3481 4660 ,
3514 4609 3738 4655 mortem
3769 4616 3929 4658 suam

2345 4673 2648 4740 conﬁrmat,
2682 4676 3050 4734 Marcionistas
3072 4682 3308 4753 undique
3334 4685 3638 4756 proﬁigans.
3675 4688 3801 4745 ideo
3830 4706 3925 4746 co-

2347 4765 2621 4835 ryphaeum
2652 4782 2847 4837 negare
2875 4784 2935 4825 se
2980 4773 3255 4841 permittit.
3283 4773 3339 4830 Si
3390 4777 3535 4832 enim
3583 4794 3685 4834 nec
3714 4782 3931 4837 vinctus

2348 4872 2447 4910 nec
2471 4858 2758 4912 cruciﬁxus
2788 4858 2999 4927 fuisset,
3049 4862 3187 4919 unde
3216 4872 3389 4920 tantus
3406 4876 3462 4921 et
3507 4868 3581 4923 illi
3612 4878 3668 4925 et
3706 4872 3932 4943 reliquis

2349 4957 2521 5003 metus
2568 4948 2776 5005 futurus
2824 4954 2975 5007 erat?
3022 4953 3205 5024 Neque
3235 4966 3410 5012 tamen
3454 4959 3575 5016 illos
3603 4962 3657 5016 in
3687 4979 3929 5021 merere

2348 5040 2582 5110 reliquit,
2607 5041 2701 5095 sed
2738 5043 2864 5112 quid
2901 5045 3015 5099 ait?
3045 5046 3136 5100 52.
3172 5045 3449 5118 Postquam
3493 5062 3664 5105 autem
3691 5070 3928 5108 resurre-

2344 5149 2488 5198 πετο,
2523 5135 2805 5202 praecedam
2828 5151 2912 5189 vos
2929 5137 2981 5189 in
3010 5136 3295 5193 Galateam.
3329 5139 3509 5211 Neque
3528 5143 3669 5198 enim
3697 5160 3764 5200 ex
3789 5147 3931 5202 cado

2343 5224 2521 5278 statim
2548 5234 2795 5295 apparet,
2824 5242 2997 5295 neque
3020 5228 3073 5281 in
3100 5231 3382 5297 quamdam
3417 5233 3687 5303 regionem
3716 5235 3931 5306 longin-

2344 5330 2504 5382 quam
2532 5316 2661 5377 abit,
2695 5316 2787 5369 sed
2837 5316 2888 5370 in
2918 5317 3028 5387 ipsa
3057 5327 3219 5388 gente
3245 5320 3383 5389 apud
3436 5337 3596 5391 quam
3637 5326 3931 5381 cruciﬁxus

2345 5414 2447 5471 est,
2488 5406 2537 5459 in
2573 5407 2703 5475 ipsis
2737 5406 2846 5461 fere
2898 5408 3049 5471 locis,
3083 5418 3142 5461 ut
3184 5409 3342 5465 etiam
3400 5412 3523 5467 inde
3578 5414 3929 5472 conﬁrmaret

2346 5500 2494 5565 ipsis,
2526 5500 2771 5554 eumdem
2796 5510 2849 5554 et
2871 5500 3184 5555 cruciﬁxum
3211 5502 3397 5569 fuisse,
3430 5514 3484 5557 et
3512 5506 3876 5562 resurrexisse
3906 5550 3926 5574 ,

2345 5602 2400 5641 nt
2449 5589 2571 5645 hinc
2603 5602 2890 5648 manentes
2932 5594 3099 5662 magis
3145 5595 3531 5650 consolaretur.
3565 5596 3808 5661 ideirco,
3858 5598 3927 5654 lu

2347 5683 2583 5747 Gatilrca,
2610 5683 2764 5748 dixit,
2802 5694 2913 5738 uta
2944 5694 3086 5738 metu
3130 5684 3433 5740 Judteorum
3482 5685 3712 5750 liberati,
3760 5688 3927 5745 dictis

2353 5774 2650 5829 Crederem.
2680 5774 2785 5829 llac
2822 5776 2961 5830 enim
2993 5775 3060 5830 de
3090 5790 3247 5829 causa
3296 5777 3365 5831 ibi
3404 5777 3665 5847 apparuit.
3700 5777 3791 5832 33.
3833 5777 3925 5831 Ile-
