4160 6330
223 389 311 442 τι,
831 418 834 421 .
1145 387 1209 442 lN
1249 385 1659 442 Μςιττιιίιῐωι
1699 386 1930 442 IIotIIL.
1974 389 2237 450 Luxu.
2275 398 2350 454 al.
2392 400 2679 458 LXXXIII.

220 488 467 571 spondeus
495 514 664 559 autem
701 503 879 558 Petrus
919 505 1048 558 dicit
1076 520 1094 558 .'
1123 502 1233 557 Etsi
1265 521 1437 557 omnes
1468 504 1809 557 scandalizati

217 598 404 671 fuerint
429 597 480 651 in
513 608 580 663 te,
609 615 700 669 ego
725 608 891 651 tamen
912 614 1185 667 numquam
1205 593 1613 651 scandalizabor.

287 692 341 744 5.
372 688 509 755 Quid
542 691 645 754 ais,
697 690 902 744 Petre?
935 688 1196 759 propheta
1225 689 1381 752 dixit,
1437 688 1815 758 Dispergemur

216 799 368 845 ores;
396 764 647 837 Christus
673 784 875 836 dictum
916 783 1290 837 eonlirmavit:
1325 792 1381 838 et
1410 794 1464 837 III
1495 782 1650 846 dicis,
1700 781 1812 838 Ne-

214 876 526 943 quaquam?
556 890 661 927 non
692 873 825 927 satis‘
853 875 944 927 tibi
973 883 1099 927 sunt
1128 874 1303 942 priora
1338 874 1424 927 illa
1453 915 1469 937 ,
1502 889 1622 928 cum
1654 872 1809 927 dice-

224 967 341 1030 bas,
375 966 636 1033 Propitius
654 975 759 1018 esto
788 966 876 1018 tibi
904 964 1117 1034 (.llattlt.
1156 966 1241 1020 16.
1274 963 1392 1034 ‘29.),
1419 977 1472 1017 et
1507 964 1810 1033 inrrcpatus

217 1056 401 1110 fuisti?
423 1056 547 1109 Ideo
579 1054 726 1109 illum
755 1056 950 1111 Cadere
970 1055 1118 1119 sinit,
1138 1067 1194 1110 ut
1209 1058 1397 1110 doceat
1423 1057 1567 1109 illum
1596 1070 1812 1125 semper

211 1150 429 1203 Christo
450 1147 697 1213 credere,
723 1164 776 1202 ct
803 1150 921 1216 ejus
951 1149 1272 1203 sententiam
1302 1150 1516 1217 prOpria
1544 1147 1832 1202 sentcntia’

216 1240 506 1294 ﬁrmiorem
531 1249 738 1309 putare.
779 1240 994 1309 Reliqui
1018 1254 1146 1294 vero
1187 1256 1293 1294 non
1323 1255 1512 1310 parum
1544 1238 1749 1295 fructus
1773 1253 1804 1293 a

210 1331 492 1399 negatione
530 1332 647 1398 ejus
672 1341 1018 1399 acct'psrunl,
1051 1332 1284 1386 humana
1310 1342 1604 1400 conspecta
1656 1332 1808 1385 inﬁr-

210 1424 395 1475 mitate
417 1463 433 1488 ,
470 1424 669 1491 Deique
701 1424 1013 1478 veracitatc.
1043 1424 1179 1478 Cum
1209 1424 1357 1478 enim
1408 1424 1496 1478 ille
1527 1424 1805 1493 quidpiam

214 1514 545 1581 pne-dixerit,
573 1530 679 1568 non
712 1515 851 1567 ultra
884 1515 1160 1584 disputare
1190 1524 1429 1585 Oportet,
1486 1530 1661 1583 neque
1708 1514 1805 1567 ad-

210 1619 399 1658 versus
429 1605 627 1659 multos
675 1606 954 1673 insurgere
982 1625 994 1659 :
1030 1604 1261 1660 Gloriam
1298 1608 1464 1669 enim,
1494 1606 1665 1674 inquit
1692 1646 1707 1668 ,
1753 1605 1804 1658 in

208 1707 271 1759 te,
304 1706 349 1749 et
378 1714 478 1749 non
508 1697 562 1749 in
589 1698 694 1750 alio
724 1696 929 1751 habebis
959 1696 1101 1768 (Gul.
1147 1698 1201 1752 6.
1234 1698 1312 1767 ὁ).
1346 1697 1482 1752 Cum
1506 1700 1649 1751 onim
1686 1713 1805 1766 prc-

208 1789 435 1842 eandum
467 1799 634 1855 esset,
668 1805 733 1845 ac
778 1791 1065 1845 dicendum
1095 1834 1108 1853 ,
1146 1791 1349 1858 Adjnva
1384 1806 1502 1853 nos,
1530 1807 1597 1846 ne
1625 1793 1723 1845 abs
1753 1800 1805 1845 te

208 1880 542 1943 scindantur,
589 1881 679 1935 ille
719 1881 771 1935 in
819 1897 878 1936 se
925 1882 1182 1949 conﬁdit,
1230 1893 1283 1937 et
1313 1885 1428 1937 ait:
1459 1881 1571 1937 Etsi
1629 1900 1801 1937 omna

205 1973 537 2026 scandalizati
551 1977 738 2043 fuerint
758 1974 810 2027 in
839 1984 904 2040 te,
934 1992 1025 2046 ego
1043 1987 1208 2029 tamen
1231 1993 1509 2047 numquam
1531 1994 1551 2041 ;
1578 1977 1796 2031 etiamsi

205 2078 395 2119 utnnes
426 2064 475 2118 id
512 2065 801 2133 patiantur,
834 2068 1029 2135 inquit,
1057 2084 1157 2138 ego
1183 2084 1287 2122 non
1315 2069 1484 2137 patiar
1510 2086 1523 2121 :
1554 2069 1697 2138 quod
1742 2068 1802 2124 il-

208 2156 317 2208 lum
345 2157 413 2209 ad
447 2158 668 2211 nimiam
715 2158 1098 2214 conﬁdentiam
1133 2162 1388 2230 paulatim
1439 2163 1636 2217 evexit.
1689 2162 1804 2218 Hoc

207 2246 502 2316 reprimere
530 2247 774 2304 Christus
794 2252 1000 2315 volens,
1033 2254 1376 2323 negationem
1408 2258 1649 2324 permisit
1674 2258 1798 2325 quia

204 2338 347 2392 enim
378 2356 553 2409 In-que
595 2342 811 2396 Christo
861 2358 1039 2414 neque
1080 2356 1357 2415 propneta:
1408 2349 1802 2416 obtemperavit

205 2428 350 2500 (ideo
391 2432 534 2485 enim
575 2433 738 2487 etiam
783 2434 1101 2505 prophetam
1142 2438 1463 2502 induxerat,
1515 2449 1572 2492 ut
1604 2453 1672 2494 ne
1712 2438 1801 2493 ille

204 2523 576 2591 repugnaret),
610 2532 849 2579 attamen
882 2526 1007 2595 quia
1043 2528 1221 2581 verbis
1264 2544 1369 2581 non
1416 2538 1701 2597 potuerat,
1732 2545 1799 2583 ex

203 2610 360 2664 rebus
396 2611 527 2681 ipsis
552 2614 818 2670 eruditur.
844 2615 996 2682 Quod
1029 2628 1205 2672 autem
1236 2619 1355 2671 ideo
1382 2620 1708 2688 permiserit,
1742 2629 1801 2674 ut

204 2698 353 2754 illum
388 2712 570 2770 postea
601 2707 936 2773 emendaret,
969 2708 1094 2762 andi
1121 2709 1246 2778 quid
1281 2709 1463 2764 dicat:
1488 2710 1599 2781 Ego
1626 2722 1825 2765 autem-

199 2796 371 2865 rogavi
391 2813 484 2865 pro
514 2807 579 2860 te,
611 2809 665 2852 ut
692 2815 792 2853 non
817 2800 1024 2867 deﬁciat
1072 2803 1199 2869 ﬁdes
1249 2812 1339 2856 tua
1379 2802 1531 2871 (Luc.
1556 2803 1647 2859 ἓξ.
1678 2804 1794 2873 52).

202 2883 311 2939 lloc
366 2888 511 2940 enim
568 2889 703 2943 dixit
736 2930 749 2954 ,
785 2902 843 2944 ut
874 2891 1252 2948 vehementius
1299 2895 1447 2949 illum
1508 2906 1750 2969 tangeret
1778 2938 1792 2961 .

198 2980 615 3050 ostenderetque
658 2983 800 3042 illius
847 2985 1058 3055 lapsum
1096 2998 1413 3041 exnteror-mu
1472 2989 1624 3058 btpsu
1674 3004 1797 3046 esse

200 3069 479 3136 peiorem,
533 3074 833 3145 majoriquc
878 3077 1080 3131 auxilio
1127 3093 1262 3149 opus
1313 3079 1531 3135 habere.
1586 3081 1791 3152 Duplex

197 3163 337 3215 enim
360 3165 566 3219 crimen
599 3177 734 3229 erat,
765 3180 819 3222 et
863 3169 1004 3239 quod
1031 3171 1441 3239 cootradixcrit,
1466 3185 1519 3228 et
1552 3174 1693 3244 quod
1736 3188 1796 3231 stt

196 3255 311 3307 aliis
354 3260 758 3327 anteposuerit;
810 3262 1023 3315 tertium
1064 3263 1279 3331 gravius
1333 3265 1508 3329 adest,
1538 3265 1682 3335 quod
1711 3273 1798 3321 to-

199 3356 307 3401 tum
332 3349 435 3402 sibi
465 3350 831 3421 adscripserit.
858 3352 953 3407 llis
983 3362 1041 3407 ut
1066 3354 1366 3419 medeatur,
1395 3356 1603 3425 lapsum
1630 3358 1646 3388 ³
1669 3372 1794 3411 eve-

199 3454 313 3494 mre
350 3442 522 3503 sinit;
554 3442 782 3513 ideoque
830 3445 1009 3500 missis
1038 3445 1194 3512 aliis,
1244 3446 1421 3517 ipsum
1465 3450 1789 3519 alloquitur:

198 3528 401 3594 Simon,
436 3530 640 3596 Simon,
674 3551 786 3589 ecce
815 3547 1023 3592 satanas
1048 3539 1284 3607 expetivit
1314 3556 1401 3593 vos
1455 3551 1506 3593 ut
1548 3540 1791 3596 cribruret

194 3621 315 3675 sicut
347 3624 571 3676 triticum
606 3624 708 3698 (Ib.
744 3644 789 3680 υ.
821 3626 913 3699 31)
939 3644 954 3692 ;
988 3628 1040 3683 id
1071 3639 1174 3694 est,
1225 3640 1284 3684 ut
1315 3631 1591 3698 turbaret,
1619 3641 1791 3687 tenta-

195 3720 309 3766 ret:
352 3712 463 3783 Ego
514 3727 682 3769 autem
729 3734 821 3788 pro
852 3729 900 3773 te
947 3721 1144 3791 rogavi,
1177 3732 1230 3775 ut
1260 3739 1360 3777 non
1392 3723 1629 3793 deﬁceret
1658 3727 1789 3794 ﬁdes

194 3814 293 3858 tua.
329 3808 391 3862 Et
416 3825 531 3870 cur,
563 3810 606 3862 si
635 3826 824 3867 omnes
854 3814 1127 3881 expetivit,
1172 3832 1276 3868 non
1310 3816 1443 3871 dixit
1473 3836 1485 3872 :
1524 3818 1627 3872 Pro
1656 3834 1774 3872 om-

196 3898 347 3953 nibus
379 3901 603 3970 rogavi?
626 3904 815 3956 Annon
860 3904 1031 3973 palam
1056 3915 1161 3971 est,
1212 3907 1440 3977 idipsutu
1469 3924 1609 3974 esse,
1641 3911 1785 3981 quod

193 4009 352 4059 supra
379 3994 533 4047 dixi?
559 3994 628 4050 Ut
653 3994 861 4050 scilicet
884 3997 1210 4067 perstringat
1244 4015 1366 4053 cum
1390 4040 1404 4064 ,
1451 4010 1506 4055 ct
1534 4000 1787 4057 ostendat

190 4086 405 4151 gratius
430 4101 588 4154 quant
617 4096 844 4141 caeteros
873 4087 1080 4157 lapsum
1110 4104 1251 4155 esse,
1284 4092 1350 4144 ad
1380 4092 1527 4146 illum
1572 4110 1782 4148 sermo-

193 4189 310 4227 nem
337 4174 541 4243 dirigit.
574 4175 639 4230 Et
664 4194 760 4232 cur
787 4194 893 4232 non
922 4178 1079 4244 dixit,
1107 4179 1219 4247 Ego
1238 4198 1344 4235 non
1375 4186 1591 4251 permisi
1620 4226 1633 4247 ,
1661 4184 1781 4251 sed,

192 4266 429 4339 Negavi?
451 4268 530 4323 Ad
563 4271 869 4339 passionem
899 4274 1095 4336 iturus,
1132 4273 1355 4329 humilIa
1404 4276 1678 4347 loquitur,
1726 4288 1785 4332 ttt

192 4358 578 4416 immanitatem
611 4378 761 4418 suam
793 4364 1153 4421 demonstret.
1199 4367 1328 4421 Nam
1358 4370 1449 4438 qui
1484 4371 1777 4426 Ecclesium

189 4467 351 4521 supra
400 4453 799 4511 confessionem
848 4457 967 4526 ejus
1009 4459 1292 4514 aediﬁcavit
1320 4502 1335 4526 ,
1387 4464 1665 4535 ipsamque
1710 4467 1781 4519 ita

188 4546 430 4610 munivit,
465 4555 523 4599 ut
552 4562 650 4601 nec
675 4547 822 4601 mille
853 4550 1087 4618 pericula
1112 4590 1126 4615 ,
1160 4567 1258 4605 nec
1290 4553 1436 4608 mille
1469 4566 1671 4610 mortes
1720 4557 1783 4610 il-

188 4636 286 4691 lam
315 4638 528 4707 possint
558 4654 840 4709 superare,
893 4643 983 4712 qui
1010 4643 1263 4698 etelorum
1295 4644 1394 4715 ipsi
1417 4646 1598 4704 claves
1633 4649 1781 4705 dedit

184 4739 236 4783 et
262 4741 472 4786 tantam
506 4742 849 4801 potestatem,
900 4751 1077 4806 neque
1108 4737 1360 4807 precibus
1382 4726 1454 4794 ad
1484 4739 1601 4795 haec
1643 4758 1780 4811 opus

187 4821 371 4878 habuit
392 4827 594 4894 (neque
619 4826 762 4881 enim
790 4836 919 4885 tunc
943 4829 1098 4894 dixit,
1129 4829 1327 4902 Rogavi
1350 4850 1369 4898 ;
1415 4832 1510 4889 sed
1538 4849 1660 4890 cum
1692 4852 1788 4891 au—

183 4916 456 4981 ctoritate,
506 4914 807 4987 Afdiﬁcabo
838 4920 1122 4977 Ecclesium
1160 4941 1345 4988 meam,
1373 4955 1380 4965 ι
1406 4936 1454 4980 et
1508 4928 1639 4981 dabo
1690 4930 1779 4983 tibi

183 5005 347 5061 claves
378 5008 668 5079 calorum),
695 5012 968 5081 quomodo
1000 5014 1249 5071 oratione
1273 5032 1412 5086 opus
1436 5016 1689 5085 habebat,
1722 5030 1779 5075 ut

182 5099 521 5154 vacillantem
572 5104 731 5157 unius
782 5104 1016 5161 hominis
1047 5109 1279 5162 animam
1333 5112 1777 5182 constringeret?

182 5189 283 5243 Cur
312 5206 449 5261 ergo
476 5193 545 5246 ita
575 5193 825 5264 loquutus
866 5198 985 5253 est?
1016 5198 1245 5268 Propter
1290 5216 1413 5256 eam
1454 5219 1615 5274 quam
1663 5205 1773 5276 jam

182 5284 288 5339 dixi
329 5300 585 5349 causam,
611 5297 667 5342 et
694 5298 914 5357 propter
943 5289 1154 5345 illorum
1188 5294 1557 5352 inﬁrmitatem
1586 5317 1598 5351 :
1632 5317 1771 5355 non-

182 5378 302 5431 tlnm
348 5378 494 5432 enim
524 5394 663 5442 eam,
717 5396 875 5448 quam
921 5382 1168 5453 decebat,
1222 5386 1289 5442 de
1341 5388 1431 5444 illo
1461 5392 1771 5461 opinionem

184 5467 465 5525 habebant.
494 5470 774 5538 Quomodo
798 5489 927 5543 ergo
950 5478 1158 5547 negavit
1183 5479 1205 5532 ‘.’
1228 5479 1345 5535 Non
1368 5482 1541 5551 dixit,
1570 5484 1642 5541 Ut
1666 5503 1769 5540 non

180 5579 338 5633 neges
360 5606 377 5631 ,
437 5566 557 5630 sed,
602 5566 669 5622 Ut
716 5585 820 5623 non
850 5569 1065 5624 deliciat
1099 5573 1231 5628 lides
1258 5617 1272 5638 ,
1327 5584 1387 5630 ut
1416 5594 1520 5633 non
1551 5582 1773 5634 omnino

184 5666 377 5721 pereat.
430 5655 577 5713 illius
622 5661 763 5715 enim
807 5679 935 5715 cura
969 5662 1021 5716 id
1048 5663 1247 5721 laetum
1273 5678 1357 5722 est
1391 5687 1403 5723 :
1442 5686 1567 5727 nam
1597 5684 1771 5729 metus

243 5827 260 5861 '
296 5830 433 5883 Alias
454 5833 653 5898 legitur,
676 5839 993 5899 negationem,
1022 5856 1124 5903 pro,
1153 5846 1357 5905 lapsum.

498 5914 767 5974 PATBOL.
814 5911 931 5974 Cn.
990 5917 1196 5977 l.\'lll.

3419 413 3521 469 ἨΞ

1923 508 2102 561 omnia
2142 511 2305 580 cjecit
2341 532 2352 566 :
2383 515 2574 585 ingens
2616 520 2760 574 enim
2790 530 2943 589 erat;
2978 524 3166 595 ingens
3211 545 3339 585 ιρις)
3377 528 3472 584 luit
3509 575 3522 598 ,

1919 598 2043 666 quia
2080 603 2280 657 auxilio
2330 620 2429 659 suo
2463 610 2604 665 Deus
2642 613 2789 667 illum
2819 614 3111 671 admodum
3144 619 3401 674 nudavit:
3430 624 3525 678 atl-

1918 692 2137 747 modmn
2169 712 2297 752 vero
2319 701 2558 765 mulavit,
2597 704 2721 773 quia
2762 709 3056 764 vehemens
3088 711 3138 765 iu
3169 712 3259 766 illo
3305 716 3526 772 morbus

1925 796 2041 839 erat
2068 790 2390 857 arrogantia:
2420 803 2475 847 et
2504 798 2974 855 contrudit-tionis.
3002 801 3073 858 Ut
3099 818 3229 875 ergo
3267 807 3523 862 radicitus

1919 874 2061 931 hunc
2085 883 2332 940 morbum
2364 888 2584 945 tolleret
2610 933 2623 953 ,
2657 893 2777 949 ideo
2810 897 3053 966 permisit
3083 906 3139 951 ut
3167 898 3314 955 illum
3346 914 3524 962 terror

1920 971 2219 1029 invaderet.
2262 980 2396 1046 Quia
2438 985 2584 1039 enim
2628 987 2923 1043 vehemens
2953 990 3002 1043 itt
3039 990 3130 1044 illo
3188 993 3271 1047 hic
3299 999 3521 1053 morbus

1918 1074 2053 1132 erat,
2082 1083 2190 1121 non
2219 1070 2380 1127 modo
2410 1084 2465 1129 et
2511 1080 2788 1148 propheta!
2817 1094 2870 1136 et
2901 1082 3117 1140 Christo
3148 1091 3518 1161 contradixit,

1915 1161 2010 1216 sed
2059 1164 2219 1218 etiam
2274 1178 2459 1236 postea
2491 1184 2612 1244 cum
2658 1172 2902 1230 Christus
2938 1177 3189 1247 dixisset,
3224 1182 3312 1236 51.
3359 1185 3520 1240 Amen
3567 1244 3570 1248 λ

1916 1254 2032 1308 dico
2060 1256 2413 1326 tibi,quontttm
2440 1260 2539 1315 Itac
2566 1276 2712 1319 nocte
2736 1307 2748 1328 ,
2801 1280 3075 1340 antequam
3103 1272 3275 1345 gallus
3304 1288 3470 1331 cantet
3500 1322 3515 1348 ,

1915 1356 1989 1401 ter
2016 1366 2095 1403 me
2136 1354 2360 1422 negabis,
2395 1356 2673 1424 rcspmdit
2700 1377 2712 1412 :
2744 1361 2833 1415 55.
2881 1361 3102 1418 Etiamsi
3131 1370 3410 1436 aportuerit
3442 1388 3522 1426 me

1915 1442 2047 1493 mori
2075 1452 2258 1505 tecum,
2289 1464 2389 1500 non
2418 1458 2464 1503 te
2494 1452 2707 1520 negabo.
2762 1453 2934 1509 Lucas
2966 1455 3119 1527 (Cap.
3151 1458 3239 1512 22.
3272 1460 3367 1530 Si)
3392 1478 3519 1517 vero

1913 1536 2078 1596 addit.
2122 1553 2321 1607 quanto
2353 1543 2522 1612 magis
2565 1544 2815 1601 Christus
2864 1550 3118 1618 negabat,
3172 1561 3320 1605 tanto
3351 1554 3520 1625 magis

1910 1628 2127 1683 Petrum
2150 1642 2335 1687 contra
2358 1636 2721 1693 contendisse.
2752 1639 2890 1706 Quid
2915 1644 3015 1697 hoc
3036 1652 3139 1709 est,
3169 1644 3368 1700 Petre?
3398 1661 3519 1701 cum

1916 1724 2154 1786 dicebat.
2184 1725 2328 1781 Unus
2360 1737 2578 1783 vestrum
2623 1749 2702 1785 me
2723 1735 3007 1790 traditurus
3035 1748 3129 1798 est,
3166 1738 3396 1794 timebas
3448 1757 3517 1795 ne

1913 1826 1966 1870 tu
2020 1818 2134 1887 ipse
2187 1821 2430 1890 proditor
2458 1838 2632 1889 esses,
2664 1836 2723 1879 et
2771 1827 3206 1899 condiscipulum
3252 1831 3518 1885 sciscitari

1908 1914 2161 1981 cogebas,
2190 1916 2315 1971 licet
2364 1916 2493 1972 nihil
2526 1916 2719 1972 horum
2753 1919 2845 1974 tibi
2877 1921 3128 1977 conscius
3156 1936 3340 1985 esses;
3374 1939 3517 1977 nunc

1908 2014 2085 2059 autem
2116 2008 2233 2077 ipso
2255 2010 2401 2065 claro
2431 2011 2700 2066 clamante
2726 2027 2791 2067 ac
2810 2012 3047 2079 dicente,
3084 2015 3271 2069 Omnes
3296 2022 3519 2070 “aridas

1910 2095 2210 2164 lizabimiui,
2236 2103 2581 2168 contradicis,
2617 2121 2716 2160 nec
2742 2107 2909 2163 semel
2942 2117 3148 2163 tantum
3168 2150 3182 2173 ,
3209 2110 3303 2165 sed
3347 2109 3431 2165 bis
3458 2124 3515 2166 et

1908 2191 2146 2263 plurius?
2177 2191 2291 2247 lloc
2314 2195 2517 2265 quippe
2547 2196 2680 2253 dicit
2705 2197 2902 2256 Lucas.
2935 2200 3089 2256 Unde
3120 2217 3250 2272 ergo
3273 2202 3376 2257 hoc
3409 2205 3509 2272 ipsi

1906 2284 2176 2354 contigit?
2227 2283 2307 2341 Ex
2362 2290 2527 2343 multa
2575 2292 2825 2359 caritate,
2882 2308 2948 2349 ex
3008 2295 3173 2349 multa
3222 2296 3517 2365 voluptate.

1906 2384 2196 2451 Postquam
2226 2390 2371 2439 enim
2404 2384 2496 2440 illo
2530 2397 2737 2445 terrore
2766 2391 3030 2446 liberatus
3080 2391 3202 2458 fuit,
3232 2409 3299 2446 ne
3330 2393 3517 2461 prodi-

1904 2476 2127 2545 toripse
2149 2490 2314 2545 esset,
2349 2489 2405 2535 et
2430 2481 2765 2551 proditorem
2819 2484 2987 2551 novit,
3025 2501 3147 2541 cum
3177 2485 3503 2543 conﬁdentia

1910 2577 2095 2638 postea
2126 2569 2459 2638 laqnebatur,
2485 2582 2540 2627 et
2560 2586 2751 2630 contra
2778 2576 2914 2631 alios
2949 2578 3465 2649 insnrgcbatdicens
3497 2598 3511 2636 :

1910 2661 2019 2715 Etsi
2045 2680 2217 2717 omnes
2248 2665 2587 2719 scandalizati
2609 2669 2822 2738 fuerim,
2854 2686 2948 2740 ego
2974 2688 3074 2725 non
3102 2672 3513 2727 scandalizabor.

1903 2752 2017 2808 lmo
2046 2756 2243 2827 aliquid
2270 2758 2581 2814 ambitionis
2611 2759 2697 2815 hic
2712 2771 2830 2816 erat
2856 2779 2869 2826 ;
2903 2778 3024 2817 nam
3052 2775 3106 2818 et
3132 2764 3182 2818 in
3212 2778 3366 2821 ecetra
3393 2765 3515 2834 quis

1902 2861 2088 2901 eorum
2116 2850 2289 2921 major
2316 2864 2459 2909 esset
2490 2855 2898 2925 disceptabant;
2931 2857 3002 2913 ita
3039 2858 3159 2913 illos
3182 2858 3267 2914 hic
3290 2863 3515 2918 morbus

1902 2939 2227 3009 exagitabat.
2264 2943 2469 2998 Idcirco
2515 2946 2664 3000 illum
2696 2948 2962 3015 cohibuit,
3013 2967 3120 3005 non
3149 2951 3216 3005 ad
3267 2954 3515 3025 negatio-

1901 3044 2023 3086 nem
2057 3032 2382 3103 impellens;
2414 3035 2593 3103 absit;
2643 3037 2741 3093 sed
2769 3039 2976 3095 auxilio
3021 3055 3122 3097 suo
3166 3058 3394 3099 vacuum
3423 3061 3511 3102 re-

1902 3124 2171 3194 linquens,
2204 3126 2561 3199 humanthuc
2605 3141 2815 3191 naturae
2862 3134 3239 3192 inﬁrmitatem
3292 3138 3513 3195 demon-

1900 3230 2102 3276 strans.
2136 3220 2272 3277 Vide
2319 3232 2505 3291 autem
2548 3226 2826 3296 quomodo
2879 3240 3003 3300 post
3067 3231 3185 3289 ha‘c
3240 3233 3512 3289 demissus

1902 3307 2077 3362 l'uerit.
2114 3309 2247 3365 Nam
2281 3323 2405 3383 post
2432 3319 2915 3389 resurrectionem,
2958 3323 3177 3393 quando
3202 3322 3369 3391 dixit,
3408 3327 3512 3388 llic

1898 3410 2066 3454 autem
2094 3404 2219 3473 quid
2250 3403 2431 3477 (Joan.
2458 3409 2548 3466 2t.
2581 3410 2722 3482 Si)?
2767 3422 2820 3467 et
2847 3428 3133 3484 repressus
3153 3426 3258 3482 est,
3291 3433 3357 3472 ne
3378 3434 3512 3475 con-

1900 3494 2163 3552 tradicere
2193 3500 2410 3569 quidem
2458 3517 2623 3559 ausus
2663 3515 2768 3572 est,
2793 3516 2853 3561 ut
2880 3505 2988 3573 hic,
3019 3508 3116 3562 sed
3147 3512 3334 3565 tacuit.
3363 3511 3507 3566 Rur-

1896 3606 2097 3660 susque
2125 3604 2247 3664 post
2274 3597 2727 3653 resurrectionem
2772 3613 2897 3654 cum
2946 3598 3119 3667 audit,
3154 3598 3279 3656 Non
3307 3616 3381 3659 est
3426 3624 3509 3663 ve—

1896 3692 2231 3740 struntnosse
2256 3697 2488 3757 tempora
2526 3689 2605 3743 vel
2648 3702 2905 3745 momenta
2928 3691 3064 3762 (Act.
3103 3693 3155 3748 l.
3188 3693 3266 3765 7),
3320 3711 3508 3751 rursus

1897 3783 2080 3851 tacuit,
2102 3803 2199 3842 nec
2226 3788 2565 3843 contradicit.
2585 3788 2897 3860 Deindequc
2922 3790 2973 3843 in
3003 3792 3285 3846 ctenacmo
3312 3803 3369 3848 et
3389 3798 3507 3851 siu-

1895 3879 2037 3936 done
2058 3898 2182 3938 cum
2212 3883 2456 3939 audisset
2486 3899 2675 3941 vocem
2723 3885 2995 3941 dicentem
3039 3887 3165 3953 sibi,
3204 3887 3334 3951 Ouw
3366 3891 3506 3947 Deus

1896 3977 2228 4045 puri/icavit,
2281 3985 2335 4030 tu
2378 3977 2670 4030 communia
2718 3993 2782 4031 ne
2820 3977 3012 4033 dixeris
3054 3977 3179 4049 (Ib.
3231 3979 3320 4035 iO.
3371 3982 3497 4053 15),

1892 4084 2014 4123 cum
2059 4084 2166 4123 non
2220 4070 2366 4125 clare
2394 4070 2560 4125 sciret
2582 4069 2710 4140 quid
2735 4069 2838 4125 sibi
2871 4072 3037 4126 vellet
3065 4069 3222 4141 illud,
3256 4073 3460 4145 quievit
3483 4121 3499 4145 ,

1892 4176 2063 4231 neque
2092 4161 2393 4216 contendit.

1962 4256 2016 4309 4.
2066 4252 2314 4309 Voluntas
2340 4254 2449 4308 sine
2476 4255 2642 4325 gratia
2674 4272 2775 4309 non
2806 4257 2941 4327 agit,
2976 4268 3032 4311 ut
3058 4276 3149 4313 nec
3184 4261 3353 4331 gratia
3392 4262 3501 4317 sine

1888 4346 2160 4399 voluntate.
2209 4345 2468 4400 Christum
2507 4345 2706 4399 edintus
2756 4347 2809 4400 in
2862 4346 3210 4404 Eucltaristia.
3264 4382 3332 4392 —
3376 4354 3501 4409 H:cc

1892 4451 2053 4505 porro
2088 4437 2267 4490 omnia
2297 4436 2479 4504 lapsus
2512 4436 2601 4492 ille
2625 4447 2880 4507 operatus
2902 4440 3017 4494 iuit.
3051 4443 3219 4495 Antea
3249 4459 3377 4499 vero
3414 4458 3497 4501 to-

1891 4537 2000 4582 tum
2049 4527 2150 4583 sibi
2188 4528 2467 4594 adscribit,
2506 4530 2694 4585 dicens
2736 4550 2747 4583 :
2784 4531 2894 4585 Etsi
2942 4549 3116 4588 omnes
3160 4540 3498 4596 scandalizati

1888 4622 2111 4690 fuerint,
2144 4638 2235 4692 ego
2274 4640 2376 4675 non
2421 4623 2831 4677 scandalizabor.
2865 4624 3078 4680 Etiamsi
3108 4633 3391 4698 oportuerit
3417 4650 3499 4687 me

1888 4713 2017 4767 mori
2039 4724 2340 4781 tecum,non
2363 4726 2409 4767 te
2440 4718 2633 4785 negabo
2656 4732 2671 4779 ;
2698 4731 2818 4771 cum
2844 4718 3023 4774 dicere
3051 4726 3399 4793 oportuisset,
3437 4728 3493 4782 Si

1887 4808 2052 4875 gratia
2097 4816 2183 4860 tua
2232 4806 2404 4869 fruar;
2455 4819 2641 4863 contra
2691 4826 2818 4865 vero
2861 4822 3041 4879 postea
3090 4816 3170 4871 sic
3213 4816 3491 4889 loquitur:
3522 4820 3536 4826 ’

1891 4897 2026 4965 Quid
2056 4899 2197 4953 nobis
2218 4902 2500 4963 attenditis,
2531 4904 2677 4970 quasi
2710 4906 2919 4973 propria
2948 4908 3133 4962 virtute
3160 4914 3236 4965 vel
3266 4913 3450 4980 pietate
3477 4919 3489 4947 ¹

1885 4991 2153 5057 fecerimus
2196 4993 2330 5044 hanc
2375 4993 2637 5047 arnbulare
2668 4994 2821 5065 (Act.
2853 4998 2899 5050 5.
2936 5000 3004 5053 12
3027 5000 3090 5069 )?
3126 5002 3372 5072 Magnum
3408 5007 3494 5062 hit:

1883 5082 2074 5151 dogma
2095 5083 2409 5154 accipimus,
2431 5102 2536 5140 non
2558 5087 2809 5144 sufﬁcere
2828 5090 3059 5149 hominis
3084 5094 3373 5166 fervorem,
3390 5100 3491 5156 nisi

1884 5189 2115 5246 superna
2147 5177 2285 5230 adsit
2333 5179 2537 5248 gratia;
2588 5181 2824 5251 itemque
2865 5184 2997 5240 nihil
3045 5201 3143 5241 nos
3176 5202 3206 5241 a
3256 5204 3487 5261 superna

1882 5272 2050 5341 gratia
2071 5272 2267 5340 juvari,
2318 5274 2418 5328 nisi
2464 5278 2758 5331 voluntatis
2796 5279 3032 5334 studium
3072 5280 3228 5338 adsit.
3278 5284 3345 5339 Et
3375 5286 3489 5342 lucc

1883 5368 2043 5421 ambo
2065 5368 2358 5422 ostendunt
2385 5368 2551 5424 Jntlas
2575 5382 2630 5425 et
2668 5371 2861 5427 Petrus
2895 5389 2907 5425 :
2940 5373 3026 5430 ille
3054 5392 3287 5449 namque
3322 5381 3489 5435 multo

1884 5460 2045 5513 fultus
2070 5462 2291 5526 auxilio,
2325 5462 2455 5517 nihil
2484 5462 2607 5518 hinc
2630 5463 2836 5519 fructus
2865 5469 3123 5537 percepit,
3155 5473 3277 5541 quia
3298 5474 3483 5538 noluit,

1884 5567 1985 5607 nec
2011 5570 2104 5606 sua
2134 5554 2391 5620 Contulit;
2437 5554 2523 5611 hic
2555 5573 2682 5612 vero
2704 5574 2824 5613 cum
2862 5562 3141 5630 proposito
3173 5565 3481 5633 voluntatis,

1880 5647 2003 5714 quia
2031 5647 2175 5700 nullo
2196 5647 2356 5702 fultus
2387 5660 2501 5703 erat
2528 5652 2750 5716 auxilio,
2786 5653 2966 5721 lapsus
2996 5665 3100 5710 est.
3133 5657 3265 5713 Nam
3296 5674 3360 5714 ex
3394 5658 3483 5714 bis

1880 5737 2087 5793 duobus
2114 5740 2283 5794 virtus
2303 5742 2630 5799 contexitur.
2667 5743 3005 5816 Quapropter
3034 5764 3183 5819 rogo,
3216 5766 3281 5807 nc
3304 5750 3483 5807 omnia

1949 5854 1963 5882 ι
1990 5850 2104 5913 Alii,
2132 5854 2204 5904 vel
2238 5860 2479 5916 potestate.
3048 5932 3119 5989 18
