4160 6330
647 519 712 573 ad
742 519 903 573 Deum
932 514 1278 575 remittentes,
1299 513 1644 574 dormiamus,
1671 525 1801 563 neve
1822 522 1979 576 agere
2005 505 2221 560 studen-

649 619 746 672 tt-s,
778 617 1019 677 putemus
1067 620 1163 658 nos
1206 605 1432 674 propriis
1475 603 1742 656 laboribus
1785 611 1951 656 totum
1998 601 2221 653 lictnros

645 716 784 756 esse.
815 699 997 766 Neque
1040 699 1183 753 enim
1220 713 1321 752 nos
1355 699 1574 769 supinos
1605 712 1724 750 csse
1751 695 1856 747 vult
1893 695 2047 748 licus.
2101 691 2222 744 Ideo

647 807 748 846 non
781 800 947 844 totmn
979 792 1090 860 ipse
1139 789 1345 859 perlicit
1367 831 1380 850 ,
1430 803 1602 856 neque
1634 787 1742 840 vult
1773 801 1870 840 nos
1917 792 2222 851 arrogantes

644 898 780 937 esse.
805 883 1460 951 Quapropter.nontotnm
1484 879 1633 932 nobis
1657 878 1823 940 dedit,
1851 876 1942 929 sed
1977 877 2222 943 utrinque

645 989 834 1028 noxam
871 973 1144 1034 auferens,
1186 971 1326 1040 quod
1380 979 1496 1024 erat
1552 970 1681 1025 utile
1731 967 1962 1036 reliquit.
2023 966 2222 1019 Μαῖα-ο

644 1065 984 1134 coryphazmn
1015 1063 1209 1117 cadere
1239 1061 1516 1131 permisit,
1554 1070 1613 1113 ttt
1643 1060 1788 1114 illum
1818 1057 2220 1111 moderatiorem

646 1156 912 1212 redderet.
962 1155 1109 1210 etad
1160 1152 1414 1218 majorem
1465 1156 1737 1206 caritatem
1790 1146 2224 1204 induceret:Csi

642 1247 794 1307 enim,
828 1244 1154 1313 inquit,.plm
1181 1244 1437 1295 mnimtm
1465 1243 1636 1311 fuerit,
1654 1242 1696 1293 is
1714 1239 2050 1310 nmgisdt'ligct
2068 1238 2218 1304 (an.

645 1339 696 1392 7.
727 1336 840 1409 47).
874 1338 980 1388 ltco
1007 1336 1164 1404 igitur
1193 1335 1386 1402 ubique
1415 1335 1799 1398 Ol).~c!|llﬂllllll';
1835 1344 1932 1383 nec
1957 1346 2055 1382 eot.
2085 1329 2224 1382 radi-

644 1444 826 1484 camns
853 1428 924 1490 ci,
957 1426 1169 1480 etiamsi
1195 1425 1242 1478 id
1273 1424 1412 1493 quod
1441 1424 1589 1488 dicit,
1619 1422 1809 1477 rationi
1837 1431 1891 1476 et
1920 1421 2221 1491 intelligen-

645 1520 729 1573 tia:
757 1528 951 1572 nostra:
980 1515 1302 1569 contrarium
1336 1513 1575 1567 videatur
1606 1530 1620 1566 :
1650 1512 1743 1566 sed
1776 1512 2062 1581 pratvaleat
2107 1511 2223 1580 cjus

645 1625 822 1665 sermo
850 1609 1038 1662 rationi
1085 1617 1138 1660 et
1184 1606 1544 1674 intelligentiae
1594 1612 1812 1658 nostrae.
1843 1602 1933 1659 Sic
1958 1604 2119 1658 etiam
2169 1604 2221 1656 in

643 1703 911 1774 mysteriis
943 1701 1217 1761 faciamus,
1255 1714 1358 1751 non
1398 1713 1461 1751 ea
1493 1696 1666 1752 solum
1693 1713 1812 1766 qum
1858 1696 1958 1750 sttb
2004 1711 2219 1751 sensum

642 1794 834 1848 cadunt
863 1793 1230 1858 rcSpicientes,
1277 1789 1370 1842 sed
1412 1788 1571 1842 verba
1603 1789 1718 1857 ejus
1756 1788 2063 1843 retinentes.
2095 1786 2222 1842 Ver-

643 1889 766 1942 bum
795 1887 986 1956 quippe
1011 1884 1126 1952 ejus
1174 1881 1357 1936 fallere
1396 1882 1611 1950 nequit;
1649 1894 1842 1934 sensus
1889 1895 2016 1934 vero
2044 1889 2224 1934 noster

643 1977 796 2033 facile
818 1975 1096 2043 dccipitttr.
1124 1972 1355 2027 Verbum
1379 1972 1492 2040 ejus
1513 1986 1796 2040 numquam
1829 1970 2055 2034 excidit;
2098 1986 2222 2024 sen-

641 2085 732 2123 sus
760 2083 885 2121 vero
912 2080 1054 2134 saepe
1081 2062 1298 2116 fallit'tr.
1344 2062 1604 2129 Quoniam
1637 2076 1764 2114 vero
1805 2061 1891 2114 ille
1921 2060 2073 2124 dixit,
2111 2060 2222 2114 Hoc

642 2168 914 2224 cst-corpus
946 2171 1131 2219 meum,
1161 2154 1611 2220 obtetnpcremus,
1640 2151 1941 2216 credamus,
1981 2160 2032 2206 ct
2057 2152 2214 2220 Spiri-

644 2251 872 2306 tualibtts
902 2249 1069 2302 oculis
1092 2250 1261 2315 ipsum
1292 2245 1654 2311 respiciamus.
1704 2243 1841 2298 Nihil
1882 2245 2022 2297 enim
2050 2245 2222 2298 sensi-

643 2344 747 2397 bile
775 2341 927 2396 nubis
948 2341 1192 2393 Christus
1212 2339 1355 2392 dedit
1377 2353 1391 2398 ;
1416 2336 1509 2389 sed
1533 2335 1688 2388 rebus
1701 2336 1859 2388 etiam
1883 2335 2223 2389 sensibilibus

642 2433 818 2487 omnia
842 2440 966 2486 sunt
1002 2427 1316 2497 Spiritualia.
1351 2428 1438 2480 Sic
1468 2426 1610 2480 enim
1655 2432 1712 2480 et
1748 2426 1798 2478 in
1826 2425 2092 2494 baptismo
2131 2440 2226 2494 per

642 2539 754 2577 rem
776 2521 1022 2575 scnsilem
1051 2520 1248 2573 donum
1279 2532 1429 2584 aane
1452 2514 1782 2579 conceditur,
1810 2514 1950 2584 quod
1996 2516 2225 2570 efficitur

643 2614 918 2684 spirituale
942 2622 1043 2676 est,
1082 2608 1358 2678 generatio
1386 2616 1440 2662 et
1471 2607 1802 2674 regeneratio
1820 2648 1835 2670 ,
1867 2606 1980 2659 sive
2003 2621 2226 2660 renova-

645 2705 887 2762 tio.Nant
919 2705 961 2758 si
989 2705 1333 2769 incorporeus
1356 2712 1522 2757 esses,
1549 2695 1694 2749 nuda
1727 2694 1819 2749 tibi
1856 2695 1941 2748 illa
1967 2704 2018 2748 et
2047 2696 2221 2749 incor-

646 2812 802 2865 porca
830 2796 966 2849 dona
997 2792 1299 2851 tribuisset;
1329 2788 1421 2840 sed
1446 2787 1566 2856 quia
1594 2786 1803 2854 corpori
1828 2786 2108 2853 conjuncta
2139 2797 2219 2838 est

642 2886 836 2944 anima.
868 2887 916 2938 itt
950 2882 1288 2938 sensibilibtts
1329 2878 1624 2946 Spiritnalia
1658 2877 1748 2929 tibi
1797 2876 2036 2946 largitur.
2074 2876 2218 2945 Quot

643 2991 764 3035 sunt
787 2979 874 3050 qui
907 2977 1064 3032 modo
1103 2974 1302 3034 dicunt.
1341 2971 1542 3026 Vellem
1586 2969 1698 3037 ejus
1723 2970 1978 3030 formam,
2014 2979 2219 3040 typum,

644 3071 980 3132 vestimenta,
1030 3068 1390 3120 calceamenta
1435 3060 1655 3115 videre?
1685 3060 1818 3113 Ecce
1863 3060 2010 3114 illum
2050 3060 2218 3122 vides,

647 3164 817 3234 ipsum
848 3161 1040 3229 tangis,
1089 3156 1259 3224 ipsum
1297 3151 1553 3207 comedis.
1606 3150 1673 3204 Et
1717 3160 1770 3203 tu
1818 3149 2028 3218 quidem
2057 3152 2219 3203 vesti-

648 3263 821 3311 menta
848 3252 1025 3306 videre
1051 3248 1198 3317 cupis
1230 3265 1242 3301 :
1274 3246 1385 3314 ipse
1427 3258 1553 3296 vero
1594 3243 1827 3310 scipsum
1856 3240 1945 3293 tibi
1978 3240 2088 3303 dat,
2115 3255 2220 3294 non

646 3345 928 3404 videndum
961 3342 1138 3405 modo,
1167 3339 1260 3393 sed
1292 3335 1612 3405 tangeudum
1637 3375 1650 3398 ,
1681 3331 2072 3387 comedendum
2095 3372 2110 3394 ,
2143 3331 2225 3384 in-

645 3453 729 3496 tus
769 3433 1154 3504 accipiendum.
1204 3429 1370 3484 Nemo
1428 3427 1604 3494 itaque
1651 3437 1916 3478 nauseans
1966 3423 2218 3487 accedat,

647 3546 804 3586 nemo
833 3527 1107 3586 remissus,
1133 3536 1320 3576 omnes
1356 3519 1627 3576 ardentes.
1652 3532 1841 3570 omnes
1876 3514 2144 3570 ferventes
2169 3527 2222 3568 ct

644 3621 877 3678 excitati.
907 3618 1035 3671 Nam
1063 3617 1105 3669 si
1136 3613 1302 3668 Judaei
1334 3619 1555 3670 stantes,
1585 3609 1827 3672 calceati,
1863 3608 2082 3662 haculos
2113 3625 2223 3660 nta-

645 3715 802 3770 nibus
833 3720 1094 3774 tenentes,
1127 3721 1247 3760 cum
1281 3703 1622 3758 festinatione
1648 3700 2022 3763 comedcbant,
2055 3699 2222 3754 multo

646 3805 813 3874 magis
862 3813 913 3856 te
961 3800 1179 3869 vigilare
1208 3801 1436 3864 oportet.
1488 3791 1568 3846 Illi
1613 3785 1755 3846 enim
1787 3791 1837 3844 in
1886 3790 2217 3844 Palmstinam

646 3897 766 3952 ituri
794 3902 963 3957 erant,
1013 3891 1237 3958 ideoque
1283 3887 1543 3940 viatorum
1584 3883 1784 3938 cultum
1827 3881 2131 3945 habebant;
2164 3892 2217 3934 tu

646 4003 774 4044 vero
794 3991 844 4040 itt
873 3987 1059 4039 metunt
1091 3983 1408 4050 migraturus
1430 3991 1508 4033 es.

716 4081 769 4135 5.
811 4075 1033 4147 Indigna
1070 4073 1351 4127 communio
1389 4077 1631 4138 quantum
1684 4068 1892 4120 malum.
1934 4065 2132 4118 (Inritus
2176 4074 2222 4117 ct

647 4170 1013 4241 magniﬁcentia
1065 4163 1252 4218 Christi
1297 4163 1348 4214 in
1403 4158 1746 4213 Ettclmristia.
1777 4156 2222 4221 —Quamohrctn

649 4269 864 4331 oportet
899 4271 1111 4325 semper
1137 4253 1354 4321 vigilare
1380 4268 1392 4303 :
1427 4266 1530 4304 non
1563 4264 1783 4318 parvum
1813 4248 1954 4301 enim
1985 4247 2222 4299 imminet

644 4351 960 4422 supplicium
980 4350 1043 4402 iis
1070 4347 1156 4416 qui
1190 4345 1401 4412 indigne
1427 4341 1836 4395 communicant.
1857 4338 2036 4406 Cogita
2053 4352 2223 4406 quan-

646 4457 755 4500 tum
789 4452 972 4498 contra
1004 4439 1323 4509 proditorem
1355 4433 1642 4503 indignaris
1665 4474 1678 4494 ,
1714 4440 1766 4485 et
1797 4439 1978 4486 contra
2010 4445 2103 4484 eos
2132 4430 2220 4499 qui

644 4537 913 4591 Christum
945 4531 1344 4585 crucilixerunt.
1377 4524 1520 4579 Cave
1564 4538 1724 4593 ergo,
1760 4537 1824 4576 ne
1871 4532 1922 4573 tu
1958 4522 2069 4590 ipse
2100 4535 2223 4574 reus

649 4629 722 4681 sis
753 4625 991 4695 corporis
1032 4630 1087 4676 et
1130 4617 1399 4687 sanguinis
1436 4613 1652 4669 Christi.
1686 4612 1760 4666 Illi
1789 4626 1996 4664 sacrum
2028 4625 2224 4679 corpus

653 4717 1002 4776 trucidarunt.
1034 4726 1088 4768 tu
1117 4722 1234 4781 post
1261 4720 1335 4764 tot
1370 4707 1625 4763 beneﬁcia
1656 4721 1776 4759 cum
1814 4702 2025 4757 sordida
2049 4703 2222 4756 susci-

656 4813 736 4880 pis
755 4808 954 4863 anima.
982 4805 1162 4874 Neque
1199 4789 1341 4858 enim
1387 4799 1514 4853 satis
1560 4797 1739 4851 habuit
1778 4795 2042 4848 hominem
2087 4794 2219 4857 lieti,

650 4903 818 4972 alapis
845 4899 998 4961 caedi,
1028 4897 1308 4958 immolari,
1327 4893 1422 4948 sed
1451 4892 1682 4962 seipsum
1712 4889 2020 4944 commiscet
2047 4887 2225 4941 nobis-

652 5012 773 5051 cttm
798 5036 816 5063 ,
849 5011 952 5049 non
984 4991 1084 5045 fide
1115 4998 1315 5042 tantum
1342 5030 1354 5051 ,
1384 4986 1473 5040 sed
1515 4985 1685 5053 reipsa
1711 4996 1807 5036 nos
1844 4996 2040 5050 corpus
2069 4995 2223 5033 suum

657 5086 950 5143 constituit.
967 5083 1172 5151 Quanta
1187 5095 1313 5148 ergo
1330 5077 1553 5146 puritate
1569 5081 1839 5145 oporteret
1864 5089 1983 5126 eum
2003 5085 2120 5124 esse
2135 5071 2223 5138 qui

662 5181 762 5232 hoc
789 5177 978 5230 fruitur
1004 5170 1309 5229 sacrificio?
1347 5177 1544 5237 quanto
1571 5165 1732 5219 radiis
1756 5165 2018 5218 solaribus
2047 5163 2228 5232 purio-

660 5285 771 5325 rem
797 5284 916 5322 es-e
944 5272 1211 5335 oporteret
1250 5274 1465 5315 manum
1509 5258 1669 5318 illam,
1702 5271 1820 5325 qua:
1852 5254 1986 5308 hanc
2010 5267 2223 5308 earnem

652 5369 819 5421 secat,
851 5375 909 5411 os
937 5358 1074 5426 quod
1116 5351 1373 5424 spirituali
1407 5348 1640 5418 repletur
1671 5349 1818 5417 igne,
1862 5346 2091 5415 linguam
2123 5352 2226 5398 tre-

659 5455 854 5512 mendo
873 5452 1128 5523 sanguine
1155 5446 1405 5503 tinctam?
1425 5444 1607 5513 Cogita
1639 5450 1891 5510 quantttnt
1916 5440 2136 5506 adeptus
2155 5435 2228 5490 sis

661 5545 960 5606 honorem?
987 5559 1087 5614 qua
1119 5541 1311 5595 fruaris
1350 5533 1577 5591 mensa?
1605 5529 1755 5599 Quod
1792 5529 1964 5598 angeli
1997 5537 2230 5582 tremunt

658 5642 917 5705 videntes,
951 5650 1045 5690 nec
1075 5635 1188 5688 sine
1217 5640 1359 5684 metu
1377 5627 1640 5696 rcSpiccre
1660 5620 1941 5676 audcntob
1967 5617 2228 5687 fulgorem

663 5735 786 5789 inde
815 5738 1141 5790 mananti-tn,
1166 5741 1230 5774 co
1263 5738 1358 5775 nos
1384 5721 1593 5782 alimur,
1628 5717 1748 5770 huic
1777 5713 2189 5769 eotumisccmur
2211 5753 2225 5775 ,

661 5830 885 5899 Ianique
930 5835 1106 5876 szztntts
1164 5813 1359 5870 Christi
1412 5826 1569 5865 tttttttn
1626 5825 1819 5871 corpus
1869 5818 1916 5859 «ιι
1960 5821 2056 5861 una
2085 5820 2227 5856 caro.

645 401 752 458 3t?-
1354 399 1410 452 S.
1450 395 1726 452 J0.\NN!S
1763 389 2235 448 CIIRYSOSTOMI
2273 390 2588 448 ltfltIHlEP.
2630 393 3158 453 CONSTANTINOP.

3813 403 3917 460 7H

2340 504 2467 571 Quit
2496 507 2723 574 loquetur
2745 512 2992 574 rotcntias
3033 512 3284 567 Domini?
3323 514 3524 568 auditas
3560 518 3712 586 fat-id
3745 535 3919 574 omna

2331 596 2507 650 laudes
2526 598 2632 666 ejus
2661 603 2678 667 (
2710 599 2852 653 Ρδαι.
2885 602 3006 656 103.
3036 602 3073 656 9.
3093 604 3151 671 )?
3176 604 3306 668 Quis
3335 616 3513 674 pastor
3557 610 3787 678 propriis
3814 610 3917 664 sibi

2331 691 2585 744 membris
2611 707 2740 745 oves
2759 694 2964 746 nutrit?
2992 694 3191 765 Ecquid
3223 705 3489 766 pastorem
3517 698 3680 755 dico?
3723 701 3922 758 Matres

2330 797 2471 850 sa‘pe
2501 792 2640 845 sunt,
2672 800 2792 851 qum
2820 796 2935 853 post
2962 799 3169 855 parttlm
3202 788 3216 820 '
3246 790 3469 844 infantes
3485 791 3605 844 aliis
3621 792 3921 848 nutricibus

2328 872 2493 925 dant:
2527 875 2637 942 ipse
2682 890 2808 929 vero
2850 876 2898 929 id
2931 892 3034 931 non
3064 893 3248 947 passus
3289 889 3390 944 est,
3424 881 3518 935 sed
3555 897 3653 937 nos
3698 887 3920 954 proprio

2329 965 2585 1031 sanguine
2604 967 2787 1030 nutrit,
2817 978 2870 1021 et
2896 984 2990 1037 per
3020 969 3196 1023 omnia
3229 971 3329 1024 sibi
3352 974 3582 1040 copulat.
3617 974 3917 1030 Considera

2328 1064 2501 1108 autem
2536 1071 2550 1108 :
2581 1071 2645 1111 ex
2676 1068 2853 1111 nostra
2883 1059 3176 1115 substantia
3205 1070 3364 1116 natus
3394 1073 3494 1116 est.
3527 1063 3654 1129 Sed,
3681 1066 3916 1135 inquies,

2330 1147 2458 1199 nihil
2485 1151 2584 1202 hoc
2627 1148 2695 1204 ad
2745 1166 2931 1206 omnes
2961 1153 3188 1221 pertinet
3220 1169 3235 1207 :
3265 1169 3586 1224 quamquam
3631 1157 3696 1211 ad
3728 1174 3920 1214 omna

2327 1246 2495 1292 certe.
2518 1239 2571 1295 Si
2595 1241 2739 1294 enim
2777 1242 2842 1294 ad
2879 1252 3124 1296 naturam
3166 1255 3401 1298 nostram
3432 1248 3610 1312 venit,
3640 1250 3820 1318 utique
3847 1251 3917 1304 ad

2328 1347 2514 1383 omnes
2536 1333 2680 1385 venit
2710 1350 2722 1386 :
2757 1334 2801 1386 si
2839 1345 3018 1388 autem
3055 1334 3122 1388 ad
3149 1350 3337 1391 omnes
3363 1337 3522 1391 etiam
3555 1339 3622 1392 ad
3654 1340 3914 1409 singulos.

2331 1424 2396 1477 Et
2422 1425 2709 1492 quomodo,
2745 1427 2972 1496 inquies,
3027 1443 3129 1480 non
3159 1444 3348 1482 omnes
3389 1429 3530 1484 hunc
3566 1429 3792 1486 fructum
3822 1449 3921 1488 ac-

2327 1517 2624 1578 ceperunt?
2653 1517 2704 1571 ld
2751 1527 2899 1573 certe
2955 1535 3057 1573 non
3105 1520 3176 1574 illi
3218 1521 3628 1577 adscribendum
3674 1526 3763 1589 qui
3814 1541 3919 1595 pro

2328 1609 2570 1661 omnibus
2601 1608 2728 1662 illud
2751 1608 2968 1680 delegit,
2995 1610 3087 1664 sed
3115 1610 3218 1665 illis
3249 1613 3336 1682 qui
3367 1613 3674 1668 noluerunt.
3707 1613 3918 1682 Cuique

2327 1699 2468 1752 enint
2499 1699 2636 1754 fideli
2672 1715 2765 1770 per
2794 1700 2895 1754 hoc
2923 1702 3232 1773 mysterium
3263 1717 3323 1756 se
3357 1703 3632 1775 conjttugit
3651 1747 3667 1772 ,
3698 1717 3752 1759 et
3779 1721 3920 1774 quos

2328 1791 2532 1858 genuit,
2565 1807 2659 1859 per
2686 1806 2744 1844 5e
2773 1793 2959 1858 nutrit,
3009 1808 3182 1861 neque
3212 1795 3300 1847 alii
3342 1795 3535 1859 tradit;
3571 1795 3777 1865 hocque
3820 1798 3917 1852 tibi

2331 1880 2489 1934 tnodo
2520 1882 2725 1950 probat,
2759 1896 2817 1935 se
2856 1897 3070 1936 carnem
3110 1884 3383 1953 acteepisse
3430 1897 3594 1939 tuam.
3635 1885 3712 1940 Ne
3738 1888 3923 1957 itaque

2328 1986 2518 2040 segnes
2545 1972 2712 2025 simus
2740 1982 2883 2026 tanta
2929 1972 3129 2043 dignati
3171 1975 3394 2031 caritate
3420 1986 3478 2032 et
3509 1987 3655 2034 tanto
3687 1977 3917 2036 honore.

2328 2061 2439 2114 Non
2465 2061 2652 2115 videtis
2681 2073 2881 2128 quanto
2907 2064 3106 2134 impetu
3133 2064 3361 2120 infantes
3383 2066 3517 2121 labia
3547 2082 3640 2122 sua
3670 2071 3922 2126 mamilla:

2328 2152 2682 2206 admoveant?
2709 2152 2842 2206 Cum
2873 2156 3063 2207 eodem
3087 2155 3263 2208 studio
3293 2171 3392 2210 nos
3420 2156 3486 2210 ad
3517 2158 3653 2213 hanc
3681 2161 3915 2214 acceda-

2329 2260 2445 2296 tnns
2478 2259 2734 2309 mensam,
2759 2255 2811 2298 et
2834 2246 2899 2297 ad
2922 2246 3209 2300 mamillam
3238 2247 3531 2317 spiritualis
3555 2251 3728 2318 poculi
3752 2268 3768 2313 ;
3812 2254 3922 2305 imo

2328 2351 2456 2390 vero
2483 2335 2684 2404 majore
2712 2350 2831 2390 cmn
2849 2336 3051 2403 studio,
3094 2346 3151 2390 ttt
3179 2338 3436 2392 lactentes
3464 2341 3612 2408 pueri
3634 2384 3649 2401 .
3689 2343 3920 2410 gratiam

2327 2427 2555 2496 Spiritus
2579 2427 2910 2481 attrabatntts
2941 2445 2955 2481 :
2991 2443 3230 2498 unusque
3259 2429 3414 2483 nobis
3441 2430 3509 2484 sit
3535 2431 3710 2496 dolor,
3740 2433 3785 2485 si
3815 2431 3922 2487 hoc

2329 2511 2584 2585 spirituali
2616 2517 2870 2572 alimento
2902 2517 3188 2586 privemur.
3221 2518 3335 2572 Non
3363 2530 3488 2573 sunt
3529 2521 3774 2576 humanas
3807 2524 3924 2576 vir-

2332 2607 2458 2660 tutis
2487 2605 2598 2660 htec
2625 2622 2806 2675 opera.
2831 2606 2878 2660 ls
2905 2607 2992 2675 qtti
3022 2607 3213 2662 tuncin
3244 2609 3330 2662 illa
3362 2624 3515 2665 recita
3537 2611 3921 2677 ltmcconfecit,

2327 2708 2378 2751 et
2411 2713 2548 2751 nunc
2591 2699 2754 2752 etiam
2800 2708 3072 2766 operatur.
3106 2698 3213 2754 Nos
3253 2701 3618 2756 ministrorum
3659 2703 3922 2760 habemus

2326 2792 2566 2846 ordinem
2591 2807 2605 2843 :
2629 2792 2718 2862 qui
2750 2807 2879 2846 vero
2906 2791 2994 2845 illa
3035 2793 3328 2848 sanctificat
3357 2804 3410 2848 et
3440 2806 3780 2862 transmutat,
3803 2799 3923 2868 ipse

2326 2895 2427 2938 est.
2456 2883 2643 2938 Nullus
2672 2898 2803 2953 ergo
2827 2883 2992 2938 Judas
3017 2884 3176 2951 adsit,
3232 2884 3410 2940 nullus
3448 2901 3641 2940 avarus
3673 2905 3687 2939 :
3717 2887 3761 2940 si
3789 2890 3916 2958 quis

2326 2975 2618 3044 discipulus
2650 2990 2755 3030 non
2786 2986 2888 3041 est,
2917 2978 3132 3031 recedat
3166 2994 3180 3030 :
3211 2994 3315 3032 non
3345 2979 3536 3048 recipit
3576 2979 3691 3034 haec
3728 2997 3918 3036 mensa

2326 3085 2419 3124 cos
2447 3071 2538 3140 qui
2565 3071 2697 3124 tales
2729 3085 2833 3123 non
2877 3079 3021 3123 sunt.
3052 3069 3187 3124 Cum
3217 3070 3516 3141 discipulis,
3549 3073 3738 3142 inquit,
3781 3077 3921 3129 meis

2327 3162 2463 3215 facio
2484 3161 2702 3232 pascha.
2734 3161 2856 3216 "me
2893 3161 3004 3229 ipsa
3038 3176 3222 3216 mensa
3257 3170 3339 3216 est
3359 3204 3375 3226 ,
3407 3178 3527 3233 qua:
3573 3163 3705 3218 nihil
3736 3170 3920 3220 minus

2325 3269 2480 3323 quant
2526 3253 2612 3306 illa
2654 3250 2836 3306 habet.
2876 3251 3061 3322 Neque
3107 3254 3250 3307 enim
3299 3253 3440 3308 illam
3464 3253 3744 3319 Christus,
3777 3256 3918 3310 hanc

2329 3346 2488 3399 homo
2513 3340 2679 3398 facit:
2711 3345 2803 3397 sed
2826 3352 2881 3398 et
2904 3345 3039 3397 hanc
3084 3355 3138 3398 et
3169 3344 3308 3398 illam
3342 3346 3471 3414 ipse.
3507 3345 3618 3400 lloe
3661 3346 3790 3400 illud
3831 3359 3918 3402 est.

2327 3437 2676 3500 ctenaculum,
2721 3436 2807 3489 uhi
2839 3448 2964 3490 tunc
3001 3447 3189 3501 erant;
3223 3436 3345 3492 hinc
3379 3439 3444 3491 ad
3478 3438 3709 3494 Montem
3742 3442 3918 3494 otiva-

2330 3544 2443 3581 rmn
2470 3529 2712 3581 exierunt
2744 3545 2757 3581 :
2784 3542 2879 3580 nos
2922 3542 3179 3581 exeamus
3232 3528 3297 3581 ad
3343 3544 3533 3582 manus
3573 3545 3910 3599 pauperum:

2329 3621 2415 3676 hic
2460 3623 2602 3674 enim
2657 3620 2897 3674 locusest
2954 3621 3102 3676 Mons
3148 3620 3428 3674 olivarum.
3472 3620 3641 3676 Oliva:
3682 3639 3920 3694 namque

2330 3716 2577 3784 plantatte
2606 3714 2655 3764 in
2687 3711 2848 3764 domo
2880 3710 2970 3764 Dei
2991 3718 3116 3764 sunt
3139 3726 3431 3780 pauperum
3457 3713 3763 3778 multitudo,
3788 3732 3916 3781 qua:

2325 3805 2525 3860 stillant
2552 3804 2749 3867 oleum,
2782 3801 2920 3870 quod
2944 3800 3052 3855 illic
3075 3801 3230 3856 nobis
3254 3803 3380 3858 utile
3401 3805 3503 3856 erit
3531 3822 3545 3857 :
3577 3805 3719 3874 quod
3748 3807 3917 3876 quin-

2326 3912 2430 3966 que
2478 3896 2580 3949 ilhc
2626 3894 2855 3963 virgines
2907 3891 3227 3960 habuerunt,
3254 3905 3462 3949 cetera:
3490 3911 3618 3951 νιϊο
3644 3914 3764 3967 qua:
3805 3915 3915 3954 non

2329 3991 2450 4044 ltine
2477 3993 2817 4053 acceperant,
2838 3985 3130 4052 perierunt.
3158 3985 3268 4040 Hoc
3283 3987 3606 4056 accipientes
3624 3989 3913 4058 intremus,

2329 4090 2386 4132 ut
2433 4075 2754 4145 fulgentibus
2784 4074 3120 4143 lampadibus
3161 4074 3225 4129 ad
3270 4091 3525 4142 sponsum
3566 4078 3915 4135 accedamus.

2331 4171 2439 4225 Hoc
2479 4166 2800 4236 accipientes
2829 4161 2953 4217 hinc
2994 4164 3350 4231 egrediantur.
3394 4165 3561 4221 Nemo
3587 4167 3919 4225 inhumanus

2327 4261 2564 4316 accedat.
2582 4271 2738 4312 nemo
2763 4254 2992 4310 crudelis
3009 4267 3062 4309 et
3088 4257 3486 4322 immisericors,
3509 4274 3668 4314 nemo
3689 4263 3920 4318 omnino

2329 4356 2592 4422 impurus.

2398 4443 2450 4497 6.
2479 4441 2602 4495 llaec
2627 4438 2777 4492 vobis
2802 4437 2889 4507 qui
2917 4436 3322 4491 communicatis
3347 4436 3490 4502 dico.
3518 4454 3727 4494 necnon
3759 4444 3918 4499 vobis

2329 4541 2416 4609 qui
2448 4534 2780 4590 ministratis.
2810 4530 2941 4585 Nam
2969 4545 3187 4585 necesse
3213 4539 3298 4586 est
3323 4547 3417 4585 vos
3444 4534 3663 4604 al’oqui,
3694 4545 3751 4590 ut
3783 4552 3918 4594 cum

2332 4629 2492 4685 multa
2523 4624 2789 4693 diligentia
2823 4621 2936 4675 Ita-c
2972 4622 3108 4675 dona
3151 4621 3499 4677 distribuatis.
3530 4624 3643 4679 Non
3689 4643 3917 4696 pan-qu

2333 4723 2479 4775 vobis
2515 4717 2829 4787 supplicium
2858 4715 3166 4782 deputatum
3196 4724 3277 4770 est
3296 4754 3312 4779 ,
3344 4715 3389 4768 si
3417 4732 3575 4785 quem
3607 4718 3919 4790 improbum

2331 4814 2478 4870 vobis
2505 4820 2686 4866 notmn
2717 4808 2782 4863 ad
2812 4807 2967 4875 hujus
2997 4821 3196 4861 mense
3236 4808 3689 4878 participationem
3720 4813 3924 4869 admit-

2333 4911 2471 4965 ιηιίς,
2522 4904 2747 4973 Sanguis
2792 4901 2911 4970 ejus
2956 4901 3263 4967 etqn‘iretur
3300 4899 3368 4954 de
3413 4904 3658 4958 manibus
3697 4909 3920 4962 vestris.

2329 4999 2581 5070 Quamvis
2614 4993 2718 5048 dux
2761 4991 3019 5061 quispiam
3050 4989 3112 5044 sit
3136 5032 3152 5056 ,
3181 4993 3420 5060 quamvis
3452 4993 3769 5064 praefectus.
3798 4998 3925 5054 sive

2334 5097 2375 5149 is
2405 5094 2514 5160 ipse
2543 5088 2630 5157 qui
2659 5083 2959 5140 diademate
2997 5081 3294 5148 redimitur,
3325 5084 3367 5136 si
3405 5084 3621 5154 indigne
3661 5087 3922 5156 accedat,

2332 5185 2559 5247 cohibe;
2587 5178 2846 5248 majorem
2885 5183 2941 5229 tu
2979 5190 3139 5244 quam
3176 5174 3264 5229 ille
3294 5185 3611 5246 potestatem
3643 5178 3830 5235 habes,
3862 5180 3922 5237 Si

2335 5282 2429 5336 tibi
2459 5278 2576 5331 fons
2605 5284 2768 5342 purus
2796 5269 2940 5340 gregi
2979 5267 3359 5322 custodiendus
3387 5272 3706 5328 commissus
3734 5286 3884 5329 esset
3904 5315 3922 5341 ι

2335 5392 2396 5429 ac
2425 5370 2631 5424 videres
2656 5380 2714 5418 os
2741 5365 2856 5416 ovis
2880 5360 3174 5430 cujuspiam
3203 5362 3310 5414 luto
3335 5360 3613 5428 foedatum.
3642 5377 3745 5417 non
3773 5364 3929 5420 sino-

2337 5482 2421 5522 res
2447 5461 2677 5517 demisso
2702 5455 2874 5525 capite
2895 5453 3150 5508 fluentum
3172 5453 3405 5508 turbare.
3432 5451 3586 5508 Nunc
3611 5468 3714 5509 non
3741 5470 3926 5526 aqua,

2335 5558 2428 5613 sed
2455 5549 2745 5622 sanguinis.
2773 5559 2827 5601 et
2847 5548 3066 5616 spiritus
3091 5545 3216 5598 fonti
3243 5545 3593 5601 custodiendo
3611 5546 3925 5617 deputatus,

2327 5641 2371 5695 si
2391 5641 2630 5711 peccatis
2647 5649 2792 5694 terra
2811 5652 2864 5696 et
2881 5641 2994 5694 luto
3013 5637 3336 5696 l'uadioribus
3354 5638 3670 5711 inquinatos
3685 5636 3932 5695 accede-

2387 5785 2403 5816 ¹
2433 5782 2566 5841 llaec,
2588 5790 2697 5846 post
2725 5792 2937 5846 partum,
2964 5782 3146 5830 desunt
3171 5778 3216 5829 in
3239 5779 3412 5830 Morel.

2587 5947 2632 6020 /"
