4160 6330
246 352 340 409 7&5

234 488 289 526 re
303 469 508 533 videas,
526 483 629 523 nec
652 466 972 538 indigneris,
997 478 1099 519 nec
1116 462 1397 529 cohibens,
1415 475 1582 534 quam
1610 461 1827 517 veniam

236 562 533 618 merearis?
554 561 765 617 Idcirco
801 573 899 613 vos
918 556 1062 613 Deus
1104 557 1207 612 hoc
1229 556 1437 611 honore
1467 553 1747 610 decoravit
1767 562 1829 606 ut

234 654 347 708 hac
359 648 840 708 discernatisdlaic
857 656 1038 704 vestra
1051 645 1663 729 diguitasestduecsecu
1672 644 1827 708 ritas,

234 746 347 801 haec
362 760 591 809 corona,
615 761 722 799 nott
747 753 807 799 ut
829 744 953 799 alba
970 742 1398 814 splettdenteque
1430 740 1617 797 tunica
1645 738 1825 795 induti

230 836 601 893 circunteatis.
624 835 692 891 Et
705 832 1402 904 undenam,inquies,hune
1419 840 1473 887 et
1487 831 1643 886 illum
1667 845 1833 887 nosse

238 930 433 999 possim
455 928 480 983 ?
503 926 622 982 Non
648 926 715 983 de
746 925 957 999 ignotis,
990 925 1085 982 sed
1113 924 1182 981 de
1209 925 1349 980 notis
1374 923 1583 994 loquor.
1616 922 1827 993 Aliquid

240 1020 543 1075 horribilius
572 1020 748 1078 dicam
782 1038 798 1075 :
828 1020 942 1076 Non
972 1029 1078 1075 tam
1120 1033 1281 1090 grave
1316 1027 1401 1074 cst
1435 1031 1829 1088 energumcnos

239 1118 378 1170 intus
402 1132 523 1172 esse
552 1158 570 1183 ,
598 1126 658 1171 ut
683 1116 783 1173 hos
804 1130 942 1187 quos
964 1114 1096 1171 dicit
1122 1112 1359 1183 Paulus(
1395 1111 1557 1169 Hebr.
1590 1112 1678 1168 l0.
1708 1110 1781 1169 9.9
1807 1110 1827 1183 )

235 1208 506 1265 Christum
530 1209 870 1273 conculcare,
898 1218 954 1264 et
979 1207 1291 1279 sanguinem
1333 1206 1638 1262 testamenti
1677 1221 1829 1262 com-

234 1317 393 1357 mune
420 1301 647 1371 ducere,
662 1311 821 1373 atque
850 1301 1083 1373 Spiritus
1109 1301 1333 1373 gratiam
1365 1301 1690 1355 contumelia
1708 1300 1823 1354 atti-

231 1409 373 1448 rere.
399 1393 739 1449 Dmmoniaoo
756 1395 899 1451 enim
921 1393 1166 1464 pejorest
1182 1394 1271 1463 qui
1302 1393 1542 1463 peccavit
1566 1403 1619 1448 et
1643 1407 1824 1449 acces-

231 1486 317 1538 sit.
332 1484 412 1539 llli
429 1486 575 1541 enim
590 1501 712 1541 cum
728 1501 757 1540 ιι
770 1485 1015 1542 dmone
1031 1494 1310 1549 vexantur,
1332 1501 1438 1541 non
1456 1485 1578 1542 ideo
1592 1486 1824 1556 puniun-

232 1587 312 1631 tur
344 1595 359 1631 :
396 1578 447 1631 hi
487 1593 616 1634 vero
656 1579 702 1634 si
750 1578 965 1649 indigne
1000 1578 1287 1642 accedant,
1318 1588 1526 1633 :eterno
1560 1577 1825 1650 supplicio

231 1671 525 1726 traduntur.
553 1671 631 1727 Ne
657 1672 836 1744 itaque
862 1672 962 1728 hos
991 1680 1197 1727 tantum
1225 1670 1504 1742 pellamus,
1535 1670 1631 1729 sed
1659 1672 1821 1727 etiam

227 1777 451 1828 omnes,
482 1778 621 1834 quos
648 1763 939 1819 viderimus
968 1762 1184 1835 indigne
1217 1762 1497 1819 accedere.
1528 1763 1699 1819 Nemo
1723 1778 1820 1819 co-

229 1869 340 1908 rum
368 1855 458 1924 qui
489 1854 736 1924 discipuli
764 1871 871 1910 non
898 1866 1023 1911 sunt
1040 1857 1421 1911 communicet.
1444 1854 1633 1911 Nullus
1654 1855 1821 1912 Jttdas

227 1945 456 2012 sumat',
488 1961 560 2001 ne
589 1945 744 2002 ludas
782 1947 918 2001 mala
965 1948 1215 2017 patiatur.
1254 1945 1462 2014 Corpus
1496 1944 1694 2002 Christi
1736 1957 1820 2003 est

224 2039 336 2094 hac
361 2039 523 2093 etiam
563 2038 865 2095 multitudo.
900 2039 1035 2095 Vide
1060 2054 1192 2110 ergo
1220 2048 1297 2107 tu,
1321 2040 1410 2110 qui
1439 2040 1817 2110 mysteriorum

225 2129 467 2184 minister
500 2144 590 2197 es,
629 2146 699 2185 ne
739 2129 1026 2185 Dominum
1059 2129 1127 2184 ad
1169 2130 1301 2185 iram
1337 2128 1608 2193 concites,
1638 2129 1683 2186 si
1715 2128 1819 2185 hoc

222 2232 417 2288 corpus
458 2236 565 2274 non
608 2235 801 2291 purges
833 2238 848 2275 :
880 2236 949 2276 ne
986 2220 1222 2290 gladium
1252 2220 1353 2276 des
1390 2233 1489 2290 pro
1525 2219 1671 2276 cibo.
1708 2219 1815 2277 Sed

222 2313 435 2370 etiamsi
455 2328 565 2384 prae
577 2313 883 2383 ignorantia
896 2314 918 2345 ⁸
928 2312 1022 2369 ille
1032 2313 1101 2369 ad
1110 2315 1559 2370 communionem
1571 2314 1821 2383 accedat,

282 2453 301 2485 ί
323 2451 501 2511 Sas’iL,
532 2449 697 2501 uultus
727 2456 887 2501 suniat
917 2456 972 2500 ut
996 2450 1178 2501 Iudas.

281 2515 301 2546 ³
332 2515 446 2562 Sav.
466 2515 601 2578 lien.
634 2512 858 2564 stultitia.
894 2514 1189 2575 Suspicatur
1216 2512 1368 2565 Savil.
1401 2511 1696 2576 legendum,
1712 2523 1823 2578 pra:

164 2614 171 2625 .
222 2576 523 2641 arrogantia.

1122 323 1189 401 is
1226 338 1636 400 MAT'I‘HASUM
1677 336 1907 393 llOMlL.
1951 336 2231 393 Lxxxm.
2272 340 2345 396 al.
2388 341 2673 402 Lxxxw.

385 2694 2821 2723 mm

3448 347 3553 403 ῖηισ

1938 454 2129 511 cohibe
2172 456 2355 520 illum,
2385 475 2454 514 ne
2498 463 2708 515 timeas.
2752 462 2907 518 Time
2948 463 3119 521 Deum
3144 466 3186 531 ⁸,
3220 484 3326 523 non
3368 468 3545 524 homi-

1940 563 2083 603 nem.
2106 548 2159 603 Si
2186 551 2376 605 timeas
2399 552 2690 616 hominem,
2715 554 2898 611 abillo
2919 556 3259 627 irridebcris;
3280 563 3327 616 si
3354 562 3544 629 Deum,

1938 640 2102 696 etiam
2135 642 2440 700 hominibus
2466 649 2788 705 venerabilis
2815 652 2948 707 eris.
2975 653 3031 708 Si
3064 670 3169 709 nou
3199 657 3385 721 audes,
3415 658 3545 712 mihi

1937 734 2134 799 adduc;
2163 750 2263 791 nec
2292 738 2600 806 permittam
2628 740 2933 810 huiusmodi
2963 762 3150 804 ausus.
3171 752 3419 809 Animam
3445 774 3544 826 po-

1939 830 2047 883 tius
2083 830 2328 885 amittam
2355 872 2369 892 .
2400 847 2561 902 quam
2602 834 2820 908 indigno
2857 842 3172 911 sanguinem
3213 845 3543 906 dominicum

1938 921 2242 989 praebcant;
2288 932 2342 978 et
2383 925 2699 995 sanguinem
2746 930 2925 999 potius
2972 933 3334 1007 profundam,
3380 959 3541 1013 quam

1939 1014 2279 1107 tremendum
2311 1016 2624 1087 sanguinem
2655 1020 2779 1077 dem
2805 1024 2891 1079 cui
2931 1040 3037 1080 non
3079 1042 3177 1097 par
3201 1040 3303 1086 est.
3333 1033 3389 1089 Si
3422 1047 3546 1107 post

1934 1104 2156 1158 multam
2190 1107 2631 1177 perquisitionem
2669 1112 2948 1184 indignum
2980 1133 3087 1172 non
3128 1124 3379 1187 noveris,
3410 1104 3540 1183 nihil

1932 1195 2176 1250 criminis
2196 1200 2319 1254 erit.
2350 1198 2476 1255 llaec
2497 1201 2566 1257 de
2595 1203 2660 1257 iis
2686 1205 2776 1274 qtti
2798 1209 3069 1265 manifesti
3097 1222 3225 1268 sunt
3245 1215 3386 1272 dicta
3409 1222 3538 1275 sint.
3562 1242 3565 1245 ·

1931 1285 2065 1341 Nam
2089 1291 2131 1343 si
2160 1288 2258 1344 hos
2277 1292 2633 1362 corrigamus,
2660 1296 2770 1351 cito
2797 1300 2954 1355 nobis
2979 1301 3119 1359 Deus
3145 1304 3357 1375 ignotos
3383 1321 3541 1368 notos

1934 1378 2086 1434 faciet
2115 1397 2128 1448 ;
2162 1382 2206 1435 si
2237 1392 2414 1438 autem
2444 1394 2599 1439 notos
2624 1386 2883 1452 sinamus.
2915 1393 3068 1462 cujus
3094 1396 3171 1453 rei
3199 1400 3369 1469 gratia
3398 1403 3541 1462 Deus

1932 1473 2087 1527 nobis
2110 1474 2245 1530 alios
2273 1487 2430 1532 notos
2450 1478 2645 1534 faciat?
2675 1481 2799 1538 llzec
2822 1500 2987 1554 porro
3011 1488 3154 1556 dico,
3172 1489 3279 1547 non
3298 1504 3357 1549 ut
3383 1512 3540 1555 coer-

1929 1578 2147 1621 ceamus
2186 1568 2268 1621 vel
2310 1581 2712 1639 seqttcstremus
2743 1584 2945 1633 tantum
2966 1620 2983 1645 ,
3011 1582 3105 1638 sed
3137 1593 3195 1640 ut
3223 1590 3540 1650 emendatos

1930 1658 2246 1715 reducamus
2269 1702 2285 1729 ,
2314 1674 2366 1718 ut
2395 1681 2583 1720 eoruut
2622 1684 2807 1724 curam
2848 1672 3162 1744 habeamus.
3195 1679 3285 1738 Sic
3312 1687 3459 1743 enim
3485 1700 3543 1745 et

1931 1751 2099 1807 Ileum
2121 1759 2406 1825 propitium
2437 1760 2776 1829 habebimus,
2798 1776 2852 1820 et
2882 1771 3079 1825 inultos
3104 1774 3266 1845 digne
3294 1795 3538 1837 commn-

1930 1845 2172 1901 nicantes
2214 1851 2546 1918 reperiemus
2570 1896 2585 1919 ,
2616 1856 2885 1928 studiique
2910 1872 2962 1916 et
2989 1865 3373 1927 Sollicitudinis
3410 1892 3534 1945 erga

1927 1935 2064 1991 alios
2108 1952 2310 1996 nostra:
2356 1947 2579 2001 multum
2625 1952 2946 2021 recipiemus
2990 1962 3294 2016 mercedem
3330 1983 3342 2017 :
3375 1935 3531 2034 «plain

1929 2044 2027 2083 nos
2067 2047 2258 2087 omnes
2302 2039 2515 2107 assequi
2562 2042 2867 2114 contingat,
2902 2050 3071 2110 gratia
3111 2062 3166 2107 ct
3206 2054 3535 2127 benignitate

1928 2120 2136 2178 Domini
2168 2128 2335 2180 nostri
2361 2128 2488 2185 .lesu
2515 2131 2733 2201 Christi,
2760 2137 2844 2191 cui
2872 2140 3039 2209 gloria
3066 2144 3114 2198 iu
3141 2120 3532 2207 SthCltIa—Stt‘Ctt-'

1928 2215 2120 2275 lorum.
2153 2222 2345 2275 Anien.

1990 2355 2006 2387 ι
2044 2355 2139 2405 Alii
2168 2364 2221 2407 et
2245 2358 2433 2420 Morel.,
2453 2359 2566 2411 time
2609 2362 2864 2416 Dominum
2891 2376 3063 2418 Deum.

2826 2712 3491 2740 ...η-...Μ

1177 2770 1525 2833 HOMILIA
1572 2771 1933 2834 LXXXIII.
1968 2774 2067 2837 'aI.
2112 2775 2473 2840 LXXXIV.

220 2876 342 2931 CAP.
368 2875 461 2931 26.
491 2892 544 2931 ν.
573 2875 664 2933 36.
707 2874 851 2930 Tunc
891 2875 1021 2929 venit
1065 2890 1182 2927 cum
1228 2874 1299 2927 cis
1346 2872 1499 2929 Iesus
1542 2875 1594 2926 iu
1643 2875 1816 2927 villain

284 2985 397 3039 quae
417 2969 603 3022 dicitur
623 2966 966 3031 Cethsemaui,
993 2975 1038 3020 et
1059 2966 1183 3020 dicit
1202 2965 1466 3034 discipulis
1487 2982 1507 3019 .'
1528 2965 1711 3021 Sedete
1730 2967 1812 3020 hic

282 3062 442 3115 donec
466 3061 648 3115 vadum
678 3061 799 3113 illuc
820 3102 835 3124 ,
864 3069 912 3113 et
950 3075 1108 3115 orent.
1145 3059 1236 3113 37.
1270 3057 1336 3112 Et
1364 3068 1628 3127 assumpto
1661 3056 1812 3113 Petro

281 3165 328 3209 et
356 3155 555 3209 duobus
581 3156 703 3223 filiis
731 3153 964 3208 Ζεὺωωὶ
980 3194 995 3214 ,
1022 3154 1171 3226 coepit
1209 3154 1498 3207 contristari
1526 3164 1577 3206 et
1605 3164 1813 3207 nues-tus

279 3266 405 3316 esse,
434 3248 527 3305 58.
553 3257 601 3303 et
626 3248 755 3302 dixit
783 3249 855 3302 eis
882 3262 902 3302 :
922 3244 1107 3301 Tristis
1128 3254 1202 3301 est
1223 3246 1397 3300 animo
1422 3262 1534 3299 mea
1557 3261 1717 3313 usque
1742 3245 1813 3299 ad

282 3351 514 3396 mortem.
545 3340 750 3394 Mauete
778 3340 879 3406 hic,
906 3349 954 3394 st
982 3337 1189 3410 vigilate
1215 3353 1429 3393 mecum.

284 3474 333 3528 Ι.
362 3472 500 3541 Quia
532 3471 630 3543 ipsi
657 3485 875 3541 semper
906 3470 1181 3526 haerebant
1200 3511 1215 3533 ,
1247 3469 1368 3525 ideo
1392 3468 1524 3524 dicit
1555 3487 1569 3524 :
1603 3468 1812 3525 Maneto

213 3565 317 3629 hic,
346 3566 510 3619 donec
544 3563 725 3617 eadem
754 3576 800 3615 et
824 3579 987 3619 orem.
1019 3560 1236 3619 Solebat
1269 3563 1413 3618 enim
1451 3577 1696 3617 seorsum
1737 3562 1808 3618 ab

215 3657 313 3711 illis
338 3639 520 3713 orare.
554 3655 666 3711 Iloc
693 3644 873 3712 autem
914 3656 1141 3712 iaciebat
1162 3698 1178 3721 ,
1216 3665 1274 3709 ιιι
1316 3671 1415 3710 nos
1451 3644 1707 3720 doceret,
1739 3650 1819 3711 ad

211 3748 535 3817 precandum
574 3746 729 3803 nobis
756 3748 990 3819 quietem
1017 3759 1072 3804 et
1102 3748 1539 3817 tranquillimtcnt
1582 3749 1804 3803 multam

208 3856 325 3895 esse
365 3840 683 3910 parandam.
726 3840 794 3896 Et
823 3842 1018 3910 accipit
1059 3849 1170 3897 tres
1208 3841 1537 3911 discipulos,
1568 3842 1806 3911 dicitque

210 3934 309 3989 illis
334 3952 347 3988 :
378 3934 562 3990 Tristis
586 3945 662 3991 est
687 3936 859 3989 anima
883 3952 992 3990 mea
1017 3953 1176 4007 usque
1200 3938 1269 3990 ad
1296 3947 1531 3991 mortem.
1560 3936 1670 3992 Cur
1696 3954 1800 3992 non

207 4042 389 4082 omnes
414 4042 601 4081 secum
628 4027 892 4083 adduxit?
921 4027 998 4084 Ne
1028 4029 1397 4084 conciderent.
1426 4029 1530 4084 Sed
1562 4032 1657 4084 bos
1686 4039 1805 4083 tan-

209 4128 312 4173 tum
338 4120 576 4183 admisit,
606 4120 697 4191 qui
727 4121 910 4191 gloria:
937 4138 1048 4175 sua!
1082 4131 1413 4191 spectatores
1444 4122 1673 4177 fuerant.
1709 4123 1804 4176 At-

208 4221 378 4268 tamen
407 4214 510 4269 hos
535 4214 695 4268 etiam
735 4213 1009 4284 relinquit.
1044 4214 1111 4269 Et
1149 4216 1420 4281 paululum
1465 4214 1797 4281 procedens,

206 4314 320 4359 orat
344 4304 535 4360 dicens
564 4324 576 4359 :
607 4305 697 4361 '59.
727 4304 909 4369 Pater,
941 4307 985 4360 si
1014 4305 1249 4374 possibile
1278 4317 1380 4368 est,
1410 4315 1633 4360 transeat
1660 4322 1692 4358 a
1722 4323 1800 4359 mc

204 4397 333 4452 calix
355 4399 469 4453 iste.
510 4397 859 4451 Verumtamen
891 4414 991 4452 non
1018 4400 1146 4452 sicut
1172 4415 1264 4471 ego
1291 4400 1423 4463 volo,
1452 4399 1542 4452 sed
1565 4399 1693 4453 sicut
1722 4409 1796 4453 tu.

204 4490 389 4548 ιι)..ιςι
413 4492 553 4553 rguit
572 4492 641 4546 ad
667 4508 751 4547 cas
773 4533 787 4552 .
814 4502 861 4549 et
884 4492 1080 4551 .iuttenit
1113 4509 1196 4550 eos
1234 4484 1537 4555 dormientes
1557 4532 1571 4555 ,
1600 4504 1647 4554 et
1676 4494 1804 4553 dicit
1846 4547 1856 4555 ,

207 4580 353 4637 Petro
378 4601 396 4637 :
420 4584 509 4636 Ita
528 4588 642 4637 'non
673 4585 907 4653 potuistis
934 4601 1034 4638 una
1058 4586 1183 4638 liora
1210 4585 1421 4654 vigilare
1442 4587 1678 4639 mecum?
1700 4588 1761 4641 2H
1780 4630 1792 4642 .

214 4674 422 4745 l'igilate
444 4684 491 4728 et
518 4684 679 4738 orate,
704 4687 760 4727 ut
781 4692 883 4728 non
902 4676 1099 4731 intretis
1119 4677 1170 4728 in
1199 4677 1537 4729 (curationem.
1568 4677 1796 4746 Spiritus

200 4767 392 4835 quidem
421 4775 691 4836 promptus
720 4775 811 4828 est,
840 4782 958 4819 caro
991 4776 1156 4820 autent
1195 4767 1418 4833 inﬁrma.
1450 4766 1565 4821 Non
1599 4768 1792 4822 frustra

201 4856 407 4913 Petrum
455 4858 689 4912 maxime
726 4859 1046 4927 alloquitur,
1076 4860 1198 4915 licet
1228 4861 1314 4915 alii
1342 4876 1558 4932 quoque
1583 4859 1787 4916 dormio

200 4958 351 5013 rent;
395 4950 492 5003 sed
535 4961 592 5002 ιιι
632 4951 955 5020 perstringat
996 4951 1144 5005 illum
1179 4952 1251 5007 oh
1287 4968 1503 5007 causam
1545 4954 1794 5022 superius

198 5038 406 5094 dictam.
459 5041 666 5095 Deinde
710 5041 832 5111 quia
878 5041 966 5095 alii
1009 5057 1225 5112 quoque
1269 5042 1497 5112 idipsnm
1545 5043 1789 5098 dixerant

201 5134 335 5203 (cum
362 5134 507 5187 enim
539 5133 725 5187 Petrus
749 5133 991 5193 dixisset.
1022 5132 1236 5188 Etiamsi
1258 5136 1533 5201 aperturi-it
1559 5152 1638 5189 me
1664 5138 1793 5188 mori

198 5236 348 5277 tecum
374 5268 388 5290 ,
418 5242 521 5277 non
550 5234 597 5277 te
626 5226 815 5295 negabo
843 5242 861 5278 :
885 5224 1150 5291 similiter,
1182 5227 1385 5293 inquit,
1426 5237 1471 5278 et
1510 5244 1681 5281 omnes
1710 5229 1790 5280 tti-

197 5318 367 5387 scipuli
404 5317 722 5382 dixerunt),
757 5306 969 5371 illorum
1012 5317 1376 5372 inﬁrmitatem
1424 5320 1784 5388 redarguens,

199 5410 333 5475 ipsos
358 5425 555 5463 ouancs
580 5409 887 5477 alloquitur.
919 5409 1050 5463 Nam
1082 5412 1172 5479 qui
1209 5410 1345 5464 mori
1374 5428 1492 5464 eum
1523 5412 1616 5465 illo
1643 5411 1790 5465 vole-

197 5500 315 5555 bant
336 5544 350 5565 ,
382 5503 586 5558 dolenti
615 5504 901 5557 condolch
931 5522 1034 5557 non
1068 5516 1313 5573 poterant
1344 5506 1626 5574 vigilantes
1650 5548 1663 5568 ,
1693 5508 1785 5559 sed

199 5600 224 5635 ει
262 5602 453 5636 somno
474 5587 599 5637 Victi
628 5600 775 5639 sunt.
807 5588 921 5655 Ipse
956 5604 1082 5639 Vero
1107 5593 1369 5643 intentius
1408 5602 1527 5643 orat
1550 5610 1617 5645 ne
1644 5594 1792 5646 vidc-

204 5684 345 5729 retnr
408 5694 499 5729 res
526 5678 617 5731 illa
651 5695 773 5733 esse
808 5679 1089 5734 simulatio
1120 5698 1133 5747 ;
1172 5684 1360 5735 eadem
1404 5684 1470 5736 de
1503 5699 1669 5737 causa
1698 5702 1793 5740 su-

204 5767 295 5819 dor
362 5769 589 5835 decidit,
647 5778 701 5825 et
767 5787 835 5826 ne
876 5773 1120 5829 dicerent
1168 5774 1426 5841 lueretici,
1480 5777 1658 5847 ipsum
1694 5780 1762 5834 tri

1926 2876 2126 2932 stitiam
2171 2879 2474 2943 simulasse;
2504 2887 2735 2961 ideoque
2755 2892 2989 2950 sudores
3004 2908 3161 2953 erant
3183 2899 3323 2956 sicut
3363 2915 3531 2974 guttm

1921 2971 2216 3041 sanguinis,
2244 2985 2298 3028 et
2320 2979 2543 3047 angelus
2574 2979 2745 3049 ipsmn
2772 2986 3083 3045 confortans
3105 2971 3387 3064 apparuit,
3400 3014 3530 3053 sex-

1917 3074 2185 3134 centaqne
2217 3067 2365 3123 luere
2406 3071 2613 3127 timoris
2650 3074 2800 3144 signa
2824 3117 2838 3139 ,
2873 3094 2941 3133 ne
2982 3084 3103 3151 quis
3133 3084 3373 3155 diceret,
3406 3090 3532 3147 tieta

1915 3171 2039 3213 esse
2070 3158 2252 3213 verba.
2289 3159 2400 3215 Hac
2425 3163 2585 3219 etiam
2616 3165 2686 3220 de
2711 3184 2881 3225 causa
2906 3182 3042 3227 orat.
3079 3175 3214 3230 (ium
3246 3195 3378 3250 ergo
3405 3184 3480 3237 ait
3509 3205 3523 3240 ;

1916 3245 1981 3302 Si
2020 3250 2260 3318 possibile
2284 3262 2378 3319 est,
2407 3261 2651 3323 transeat,
2682 3257 3067 3320 humanitatem
3099 3245 3370 3333 ostendii;
3402 3289 3525 3329 cum

1913 3348 2094 3397 autem
2120 3342 2273 3408 dicit,
2318 3343 2673 3403 Verumtamen
2705 3368 2805 3405 non
2834 3354 2964 3408 sicut
2993 3372 3086 3427 ego
3113 3360 3245 3424 colo,
3275 3364 3367 3418 sed
3395 3367 3528 3421 sicut

1915 3443 2001 3501 tu,
2033 3435 2282 3492 virtutem
2324 3437 2827 3514 philosophiamque
2855 3446 3075 3504 exhibet
3101 3452 3115 3482 ¹
3138 3493 3152 3515 ,
3194 3466 3486 3527 monetque
3508 3504 3523 3526 ,

1913 3530 2181 3585 renitente
2202 3548 2417 3602 quoque
2438 3545 2649 3600 natura,
2673 3538 2840 3593 Deum
2863 3556 2984 3597 esse
3006 3548 3364 3615 sequendum.
3388 3548 3521 3616 Quia

1826 3650 1831 3655 η
1913 3635 2043 3675 vero
2064 3636 2169 3677 non
2190 3633 2274 3677 sat
2296 3632 2416 3679 erat
2432 3628 2609 3681 stultis
2630 3628 2802 3683 solam
2827 3636 3105 3689 intercutis
3127 3638 3313 3692 faciem
3340 3652 3524 3697 osten~

1910 3713 2062 3781 dere,
2091 3716 2251 3771 verba
2281 3718 2446 3772 addit.
2477 3719 2681 3775 Rursus
2712 3723 2869 3777 verba
2903 3740 3008 3779 non
3040 3728 3403 3801 sufﬁciebant,
3425 3738 3520 3790 sed

1911 3820 1998 3860 res
2028 3807 2156 3874 ipsm
2186 3806 2668 3878 desiderabantur,
2704 3812 2820 3870 hare
2860 3818 3021 3873 etiam
3067 3822 3243 3877 verbis
3281 3826 3520 3892 addidit.

1910 3906 1969 3949 ut
1997 3897 2081 3951 \cl
2115 3896 2148 3952 ii
2179 3899 2464 3955 crederent
2493 3902 2582 3971 qui
2625 3904 2916 3962 admodum
2948 3916 3270 3969 contentiosi
3298 3930 3483 3975 essent
3504 3965 3517 3984 ,

1910 3989 2084 4058 ipsum
2110 4001 2159 4046 et
2195 3992 2465 4047 hominem
2509 3995 2707 4052 factum
2742 4008 2798 4053 et
2832 4012 3105 4058 mortuum
3137 4021 3277 4063 esse.
3306 4009 3439 4065 Nam
3472 4017 3517 4067 si

1907 4096 2029 4133 cum
2060 4082 2176 4137 lta'c
2206 4086 2383 4139 omnia
2414 4086 2564 4156 signa
2596 4088 2820 4157 fuerint,
2852 4108 2959 4148 non
2991 4095 3187 4152 desunt
3217 4108 3392 4156 tamen
3426 4109 3514 4169 qui

1908 4170 2008 4225 hoc
2039 4188 2143 4227 non
2175 4174 2429 4242 credant,
2466 4179 2633 4233 multo
2665 4183 2834 4251 magis
2873 4184 2921 4237 si
2964 4184 3080 4241 hare
3118 4204 3224 4244 non
3262 4192 3513 4247 fuissent.

1909 4261 2095 4318 Videu’
2137 4280 2236 4335 per
2277 4277 2477 4338 quanta
2526 4274 2843 4328 (ECOIIOIIIllc
2894 4277 3174 4334 veritatem
3222 4284 3517 4339 ostendat?

1907 4354 2009 4409 Per
2038 4358 2196 4412 verba
2220 4400 2233 4421 ,
2270 4375 2366 4428 per
2391 4376 2451 4415 ea
2479 4379 2599 4431 qum
2630 4366 2851 4434 patitur.
2892 4367 3097 4425 Deinde
3137 4374 3361 4429 veniens
3386 4376 3515 4433 dicit

1905 4448 2064 4503 I‘etro
2092 4466 2105 4505 :
2140 4448 2229 4505 Sic
2257 4468 2358 4505 non
2385 4456 2595 4523 potuisti
2620 4473 2723 4509 una
2742 4458 2871 4511 liora
2894 4460 3103 4529 rigilare
3128 4468 3366 4521 mecum?
3384 4468 3514 4523 0m-

1904 4545 2000 4593 iies
2030 4542 2388 4610 dormicbm'it,
2420 4548 2475 4599 e't
2500 4546 2720 4602 Petrum
2758 4548 3019 4621 increpat,
3054 4549 3387 4614 subobscure
3407 4551 3507 4614 tio-

1902 4648 2131 4702 arguens
2162 4652 2284 4689 cum
2312 4636 2381 4692 de
2410 4639 2471 4692 iis
2499 4655 2618 4709 quzo
2647 4642 2876 4697 dixerat.
2911 4643 3040 4699 Illud
3074 4663 3201 4703 vero
3221 4691 3236 4715 ,
3270 4650 3472 4707 Mecum
3496 4699 3508 4719 ,

1902 4740 2008 4778 non
2050 4727 2168 4781 sine
2206 4743 2367 4782 causa
2412 4733 2659 4799 ponitur,
2693 4737 2793 4790 sed
2817 4752 2883 4791 ac
2914 4738 2959 4793 si
2990 4739 3199 4796 diceret
3228 4760 3243 4798 :
3278 4745 3510 4815 Vigilare

1902 4834 2006 4873 non
2037 4822 2252 4888 potuisti
2283 4829 2514 4885 mecum.
2546 4838 2601 4881 et
2626 4844 2723 4897 pro
2750 4847 2834 4885 tne
2860 4833 3094 4889 animum
3124 4846 3267 4892 luam
3299 4846 3511 4907 pones?

1899 4912 2052 4979 Quod
2098 4929 2227 4967 vero
2265 4919 2543 4987 sequitur,
2578 4919 2810 4990 idipsnm
2850 4925 3154 4982 subiudicat
3183 4947 3195 4983 :
3226 4947 3349 4985 nam
3390 4936 3505 4995 ait,

1910 5000 2154 5073 Vigilatc,
2186 5016 2232 5059 ct
2262 5019 2433 5073 orate,
2463 5020 2515 5063 ut
2548 5029 2609 5065 ne
2636 5013 2833 5069 intretis
2870 5016 2923 5069 in
2964 5024 3308 5076 tentalioncm.
3348 5024 3505 5079 Vides

1897 5097 2168 5164 quomodo
2194 5114 2406 5153 rursum
2434 5118 2529 5157 eos
2556 5104 2813 5171 ittslitttat,
2848 5125 2914 5162 ne
2942 5110 2991 5164 in
3019 5116 3380 5181 arrogantiam
3411 5119 3497 5173 de-

1895 5189 2117 5254 clinent,
2150 5190 2243 5245 sed
2280 5193 2515 5247 animum
2552 5207 2854 5265 conterunt,
2891 5199 3228 5273 humilesque
3258 5208 3385 5269 sint,
3419 5221 3500 5261 to.

1898 5295 2118 5354 tumque
2164 5286 2276 5340 Deo
2322 5287 2676 5343 adscribam?
2721 5292 2787 5346 Et
2834 5310 2975 5349 nunc
3006 5278 3236 5366 quidem
3288 5302 3501 5356 I'otrmu

1894 5377 2201 5449 alloquitur,
2234 5392 2375 5432 nunc
2402 5382 2559 5434 simul
2590 5400 2799 5439 omnes.
2833 5389 3003 5458 Atque
3037 5392 3109 5444 illi
3142 5394 3356 5461 quidem
3389 5400 3498 5449 ait:

1897 5468 2097 5525 Simon.
2134 5470 2338 5534 Simon,
2371 5476 2603 5541 erpetirit
2635 5492 2717 5525 ros
2745 5489 2980 5544 satanas,
3017 5491 3069 5533 ut
3100 5485 3345 5539 cribraret
3368 5489 3501 5541 sicut

1896 5561 2115 5615 triticum
2140 5581 2157 5616 :
2177 5573 2225 5618 et
2253 5581 2345 5633 ego
2383 5580 2585 5637 propter
2611 5582 2657 5625 te
2684 5576 2820 5626 oravi
2849 5578 2865 5645 (
2889 5575 3009 5628 Luc.
3045 5580 3134 5631 ‘22.
3168 5581 3224 5634 51
3249 5580 3266 5649 )
3291 5599 3303 5645 ;
3339 5583 3496 5636 simul

1890 5670 2021 5711 vero
2050 5660 2307 5716 omnibus
2348 5680 2363 5717 :
2407 5665 2588 5735 Orate,
2632 5668 2804 5739 inquit
2834 5716 2846 5737 ,
2894 5692 2955 5727 ue
2992 5678 3201 5732 intretis
3237 5681 3291 5731 iu
3324 5690 3499 5734 tenta-

1956 5774 1969 5805 ⁸
2010 5771 2179 5837 Aliqui
2215 5777 2414 5843 legunt,
2449 5785 2605 5839 (locet.
