4160 6330
667 324 768 380 τΠ

666 439 855 490 tionem
889 439 902 466 '
931 455 941 488 ;
974 436 1165 504 ubique
1193 434 1548 505 arrogantiam
1576 435 1782 488 illorum
1813 432 2027 503 frangit,
2052 446 2114 485 ac
2139 430 2246 484 sol-

667 530 839 582 licitos
866 528 1054 581 reddit.
1085 526 1282 581 Deinde
1309 543 1376 582 ne
1404 529 1670 582 videretur
1694 529 1865 580 acrior
1890 543 2028 589 esse,
2059 525 2199 578 addit
2229 542 2242 576 :

665 619 888 687 Spiritus
911 617 1107 686 quidem
1134 631 1398 688 promptus
1420 629 1514 679 est,
1540 634 1657 670 caro
1679 627 1842 670 autem
1868 619 2089 680 inﬁrma.
2114 614 2244 668 Nam

663 710 705 762 si
733 709 831 772 vis,
863 710 1045 778 inquit,
1082 718 1304 762 mortem
1345 720 1710 771 contemnere,
1755 727 1856 763 non
1900 710 2116 777 poteris,
2143 707 2245 760 do-

663 816 761 854 nec
792 800 932 855 Deus
963 815 1176 853 manuni
1207 802 1500 869 porrexerit
1529 819 1541 855 :
1569 816 1694 854 caro
1723 803 1863 854 enim
1892 802 2124 853 animum
2151 799 2246 854 dc-

663 890 860 958 primit.
907 891 1213 960 Itin-susque
1255 891 1354 944 hoc
1396 893 1564 959 ipsum
1597 891 1982 952 subiudicavit,
2016 891 2198 945 dicens
2228 909 2239 943 :

659 982 745 1034 42.
782 980 938 1034 Pater
957 1023 971 1046 ,
999 982 1042 1035 si
1069 999 1167 1034 nou
1196 991 1355 1051 potest
1383 982 1465 1034 hic
1500 982 1636 1034 calta:
1673 983 1886 1034 transire
1905 1024 1918 1044 ,
1958 981 2054 1034 nisi
2083 981 2243 1032 bibam

660 1073 827 1134 illum,
853 1075 944 1140 ﬁat
972 1074 1202 1127 voluntas
1232 1083 1319 1126 tua
1345 1090 1363 1128 :
1395 1074 1479 1127 hic
1508 1072 1795 1128 ostendens
1821 1089 1881 1126 se
1905 1089 2025 1127 eum
2051 1073 2212 1126 volun
2230 1101 2242 1112 -

661 1176 768 1219 tate
801 1165 890 1218 llei
921 1164 1204 1218 admodum
1237 1180 1567 1227 consonare,
1601 1174 1653 1218 et
1682 1165 1875 1233 ubique
1917 1165 2061 1217 illum
2093 1163 2240 1232 sequi

658 1268 936 1326 Oportere,
972 1255 1200 1324 illudque
1239 1256 1531 1328 requirere.
1579 1255 1665 1309 45.
1705 1253 1768 1306 Et
1803 1255 2033 1316 ueniens,
2060 1255 2245 1306 ini-cuit

657 1362 741 1398 eos
763 1345 1083 1398 dormientes.
1103 1345 1230 1399 Nam
1259 1355 1610 1414 pra-terquam
1637 1346 1776 1415 quod
1805 1346 2116 1413 intempesta
2140 1358 2241 1398 nos

660 1446 808 1501 erat,
838 1436 977 1489 oculi
1006 1451 1188 1490 eorum
1229 1451 1338 1505 pne
1373 1450 1606 1490 mmrore
1633 1437 1832 1505 gravati
1861 1446 2034 1490 erant.
2065 1434 2246 1488 Tertio

659 1542 871 1596 quoque
900 1527 1081 1581 abiens
1110 1526 1207 1579 hoc
1237 1527 1407 1595 ipsum
1433 1527 1680 1595 loquutus
1707 1536 1810 1588 est.
1841 1525 2165 1580 conﬁrmans
2187 1540 2245 1578 se

661 1621 930 1674 hominem
964 1619 1157 1674 factum
1187 1634 1322 1674 esse.
1349 1619 1482 1674 Nam
1511 1618 1638 1673 illud
1667 1619 1902 1674 secundo
1927 1630 1981 1673 et
2008 1618 2166 1673 tertio
2194 1619 2243 1670 iu

658 1713 946 1782 Scripturis
977 1713 1214 1766 veritatis
1238 1721 1320 1766 est
1344 1721 1548 1767 certum
1580 1711 1830 1764 iudicium
1865 1727 1879 1765 :
1910 1708 2050 1765 sicut
2076 1718 2132 1763 et
2157 1709 2246 1763 Jo-

657 1802 789 1872 seph
824 1802 1087 1858 Pharaoni
1115 1782 1289 1856 dixit:
1320 1801 1429 1855 Tibi
1465 1803 1703 1871 apparuit
1739 1808 1991 1855 somnium
2028 1801 2250 1853 secundo

663 1894 814 1964 (Ceu.
845 1895 933 1947 tl.
962 1894 1077 1962 52),
1109 1908 1205 1962 pro
1234 1894 1477 1954 veritate,
1506 1901 1561 1947 et
1590 1893 1688 1947 huc
1717 1892 1908 1946 factum
1934 1901 2017 1946 est
2048 1902 2103 1944 ut
2129 1908 2246 1945 crc-

659 1987 756 2041 das
781 1985 829 2038 id
859 1986 1075 2040 omnino
1106 1983 1337 2038 futurum
1367 1999 1506 2038 esse.
1537 1983 1660 2036 ldeo
1690 1984 1801 2051 ipse
1827 1992 1882 2036 et
1909 1983 2073 2037 semel
2097 1992 2149 2035 et
2171 1983 2249 2035 bis

661 2087 716 2132 et
759 2079 912 2130 tertio
952 2077 1178 2144 idipsum
1220 2075 1467 2144 loquutus
1501 2085 1616 2137 est,
1650 2084 1708 2128 ut
1737 2075 2053 2128 teconomia:
2094 2073 2248 2126 lidem

664 2170 881 2221 taceret.
914 2165 980 2219 Et
1007 2183 1103 2220 cur
1143 2164 1379 2221 secundo
1416 2165 1600 2219 venit?
1626 2163 1694 2219 Ut
1727 2165 1846 2217 illos
1875 2164 2212 2234 redargueret
2233 2205 2248 2226 ,

663 2259 788 2326 quia
820 2260 889 2312 ita
920 2271 1155 2313 moerere
1182 2257 1356 2311 obruti
1384 2266 1556 2318 erant,
1590 2267 1648 2308 ut
1675 2270 1740 2309 ne
1771 2255 2105 2323 praesentiam
2133 2256 2251 2323 qui-

664 2353 790 2407 dem
818 2351 935 2421 ejus
964 2352 1242 2406 sentirent.
1277 2350 1384 2405 Nec
1412 2360 1587 2403 tamen
1619 2349 1910 2418 redarguit,
1941 2349 2033 2403 sed
2070 2349 2252 2418 paulu-

668 2442 772 2496 lum
801 2443 1042 2504 recessit,
1071 2441 1434 2496 incredibilem
1462 2455 1648 2494 eorum
1691 2441 2055 2493 inﬁrmitatem
2087 2441 2252 2509 signi-

668 2534 866 2600 ficans,
893 2535 981 2603 qui
1023 2548 1090 2588 ne
1134 2533 1385 2601 incrcpali
1427 2532 1639 2602 quidem
1683 2533 1977 2600 potuissent
2019 2532 2253 2602 vigilare.

669 2625 783 2678 Non
811 2622 1168 2692 expergefacit
1189 2632 1366 2676 autem
1396 2636 1494 2676 nec
1526 2623 1762 2691 increpat
1788 2622 2016 2691 amplius
2035 2664 2050 2688 ,
2081 2637 2147 2676 ne
2171 2633 2254 2676 at-

671 2715 867 2770 tonitos
897 2714 1063 2783 magis
1094 2713 1428 2782 percelleret,
1453 2713 1545 2767 sed
1571 2728 1692 2768 cum
1718 2713 1952 2775 abiisset,
1979 2721 2185 2766 orasset
2202 2725 2256 2767 et

671 2808 952 2871 rediisset,
991 2807 1063 2860 ait
1097 2823 1110 2858 :
1139 2805 1230 2859 ‘5.
1277 2803 1500 2879 Qomite
1532 2806 1646 2873 jam
1672 2813 1716 2858 et
1746 2805 2051 2871 requiescite.
2094 2804 2252 2873 Atqui

671 2911 798 2954 tunc
822 2898 1039 2968 vigilare
1068 2909 1200 2964 opus
1239 2905 1392 2960 erat;
1421 2894 1513 2948 sed
1553 2893 1784 2948 ostendit
1829 2894 1973 2962 ipsos
2017 2908 2082 2948 ne
2122 2909 2253 2946 con-

668 2997 906 3061 spectum
931 2987 1144 3058 quidem
1167 2987 1424 3040 malorum
1453 2985 1606 3040 facile
1632 2986 1851 3049 laturos,
1879 2985 1972 3039 sed
1999 2984 2256 3054 fugandos

669 3098 792 3138 esse
814 3097 921 3150 pra:
949 3090 1156 3134 terrore
1176 3120 1191 3144 ,
1225 3094 1395 3148 neque
1425 3093 1484 3132 se
1516 3079 1726 3132 illorum
1757 3094 1914 3148 egere
1937 3080 2137 3133 auxilio
2158 3121 2173 3142 ,
2204 3090 2258 3133 et

675 3175 809 3229 tradi
836 3190 896 3228 se
926 3173 1144 3227 omnino
1172 3183 1439 3238 Oportore,
1473 3170 1651 3239 aitque
1681 3188 1694 3223 :
1727 3169 1952 3224 Dormite
1969 3173 2084 3240 jam
2109 3181 2155 3226 et
2180 3189 2261 3225 re-

672 3265 923 3333 quiescite.
970 3262 1100 3316 Ecce
1124 3262 1543 3330 appropinquavit
1582 3262 1728 3326 hora,
1757 3273 1805 3316 et
1839 3261 2004 3317 Filius
2042 3263 2262 3318 hominis

674 3354 896 3408 tradetur
924 3354 976 3405 in
1005 3369 1182 3405 manus
1213 3361 1548 3418 peccatorum.
1590 3351 1835 3406 Ostendit
1872 3369 2079 3407 rursum
2109 3369 2258 3409 oeco-

676 3447 868 3500 nomiae
898 3445 1061 3498 fuisse
1093 3443 1241 3496 illud.

744 3537 800 3590 2.
829 3535 1058 3590 Christus
1088 3549 1244 3601 neque
1272 3544 1473 3602 peccato
1496 3533 1759 3597 obnoxius,
1790 3550 1947 3603 neque
1975 3537 2263 3589 necessitate

676 3637 897 3690 coactus,
924 3626 1011 3676 sed
1035 3633 1211 3693 sponte
1233 3639 1323 3676 sna
1344 3624 1630 3693 passionem
1653 3624 1822 3677 subiit.
1852 3623 2134 3679 Proditoris
2156 3643 2237 3678 σεε

678 3721 869 3773 leratus
912 3717 1130 3768 animus.
1177 3713 1401 3790 Avaritia
1445 3713 1786 3783 redarguitur.
1821 3745 1889 3758 -—
1919 3715 2101 3785 Neque
2141 3716 2262 3771 hinc

681 3810 851 3862 solum
874 3849 889 3864 .
924 3809 1014 3859 sed
1043 3805 1202 3858 etiam
1230 3804 1368 3874 quod
1408 3803 1577 3867 dicat,
1604 3802 1666 3856 In
1703 3821 1882 3859 manus
1909 3819 2225 3876 peccatorum
2245 3851 2256 3864 .

683 3903 893 3956 illorum
917 3897 1071 3968 erigit
1094 3897 1320 3962 animos,
1344 3896 1631 3951 ostendens
1659 3897 1864 3951 illorum
1894 3901 2139 3966 nequitia-
2165 3900 2264 3953 hoc

685 4006 816 4059 opus
855 4005 974 4043 esse
997 4029 1012 4053 ,
1047 4003 1150 4041 non
1185 4002 1311 4041 vero
1348 3987 1486 4056 quod
1528 3987 1641 4056 ipse
1673 3999 1890 4056 peccato
1920 4001 2062 4044 esset
2092 3990 2263 4042 obno-

684 4085 821 4138 xius.
852 4082 942 4136 46.
973 4078 1197 4149 Surgite,
1224 4095 1394 4131 eamus
1422 4078 1536 4131 hinc
1560 4095 1577 4140 ;
1603 4095 1712 4132 ecce
1736 4081 2155 4149 appropinquavit
2182 4085 2264 4148 qui

686 4190 765 4226 me
790 4172 966 4225 tradet.
998 4169 1090 4223 llis
1118 4167 1367 4221 omnibus
1396 4169 1514 4220 illos
1541 4169 1737 4231 erudit,
1769 4183 1874 4222 non
1911 4172 2263 4236 necessitatis,

691 4279 862 4335 neque.
907 4259 1231 4316 inlirinitatis
1252 4301 1266 4324 ,
1296 4257 1388 4313 θυι]
1427 4259 1742 4313 meonomiie
1772 4259 2047 4329 cujusdam
2080 4247 2271 4316 iuellai

690 4359 809 4410 bilis
840 4371 952 4409 rem
983 4369 1101 4407 esse
1129 4370 1142 4406 :
1172 4351 1483 4421 prsescieliat
1507 4351 1650 4404 enim
1667 4365 1957 4409 venturum
1971 4370 2093 4411 esse
2113 4357 2154 4418 ²,
2171 4369 2269 4408 nec

688 4449 859 4502 solum
888 4463 990 4500 non
1022 4446 1172 4514 fugit,
1200 4442 1290 4497 sed
1323 4442 1529 4494 obviam
1565 4441 1680 4494 ivit.
1710 4443 1798 4496 47.
1833 4441 2010 4495 Adhuc
2037 4442 2180 4497 enim
2211 4462 2268 4497 eo

687 4545 917 4613 loquente
936 4580 951 4603 ,
993 4554 1104 4590 cccc
1129 4534 1162 4588 J
1171 4536 1299 4589 udas
1329 4553 1456 4588 unus
1495 4552 1553 4588 ca“
1593 4536 1855 4588 duodecim
1884 4537 2015 4589 venit
2035 4577 2047 4597 ,
2075 4545 2120 4589 et
2154 4553 2267 4590 cum

687 4634 798 4702 ipso
829 4631 972 4684 turba
1001 4631 1176 4691 multa,
1207 4643 1321 4680 cum
1355 4628 1538 4696 gladiis
1566 4637 1610 4680 et
1637 4627 1872 4696 fustibus,
1904 4628 2041 4681 missi
2069 4644 2100 4680 a
2129 4629 2270 4698 priu-

689 4725 884 4795 cipibus
908 4721 1224 4776 sacerdotum
1261 4728 1305 4773 et
1335 4719 1612 4772 senioribus
1644 4719 1836 4787 papuli.
1871 4719 2091 4773 Pulchra
2123 4731 2268 4774 certe

690 4815 1025 4872 sacerdotum
1049 4813 1420 4875 instrumenta,
1439 4827 1560 4865 cum
1582 4810 1769 4880 gladiis
1791 4820 1842 4865 et
1864 4811 2018 4880 lignis
2041 4812 2264 4864 irrntnit.

695 4909 759 4962 lit
786 4906 971 4971 ludas,
1003 4904 1190 4972 inquit,
1217 4916 1336 4955 cum
1358 4902 1458 4964 eis,
1488 4917 1621 4954 unus
1646 4917 1708 4953 ex
1736 4900 2035 4955 duodecim.
2065 4900 2270 4954 Rursus

690 5001 838 5053 illum
871 5010 1032 5051 unum
1060 5004 1128 5048 ex
1153 4991 1429 5046 duodecim
1464 4991 1629 5054 dicit,
1661 5008 1830 5060 neque
1863 4991 2148 5047 erubescit.
2179 4992 2268 5046 48.

694 5094 789 5159 Qui
827 5102 996 5144 autent
1043 5087 1267 5140 tradebat
1314 5101 1460 5150 eum,
1502 5085 1638 5136 dedit
1677 5085 1746 5137 eis
1780 5084 2012 5153 signum,
2055 5085 2269 5139 dicens:

695 5190 1069 5250 Quemcumque
1112 5176 1368 5232 osculatus
1408 5180 1584 5248 fuero,
1635 5178 1740 5243 ipse
1784 5188 1891 5243 est,
1938 5189 2096 5232 tenete
2139 5196 2271 5233 eum.

697 5279 852 5343 l'apa:
878 5317 891 5338 ,
923 5283 1176 5344 quantum
1220 5271 1394 5325 scelus
1433 5268 1716 5337 proditoris
1755 5269 1964 5321 animus
2002 5271 2276 5338 suscepit?

697 5368 890 5438 quibus
914 5366 1081 5419 oculis
1111 5373 1237 5417 tunc
1261 5360 1565 5430 Magistrum
1597 5359 1840 5429 aspexit?
1866 5376 1972 5428 quo
2002 5376 2094 5413 ore
2125 5376 2276 5414 uso..-

699 5463 835 5514 latzzs
860 5458 984 5512 est?
1019 5459 1060 5509 0
1096 5454 1408 5510 sceleratam
1449 5454 1718 5505 mentem!
1756 5451 1879 5520 quid
1919 5452 2272 5505 deliberavit?

763 5562 779 5588 ι
814 5558 960 5604 Juxta
1013 5569 1160 5602 unum
1200 5557 1418 5602 codicem
1471 5554 1733 5614 legendum
1787 5560 1940 5614 esset,
1974 5551 2122 5601 simul
2164 5567 2279 5606 vero

699 5619 917 5668 euntibus
951 5619 1195 5667 orandum
1223 5630 1326 5666 esse
1357 5614 1476 5666 dicit
1507 5612 1565 5665 ne
1596 5614 1767 5665 intrent
1799 5612 1849 5662 in
1868 5613 2187 5666 tentationem.

765 5685 782 5713 ³
818 5685 898 5732 Sic
927 5682 1026 5729 duo
1048 5680 1188 5728 codd.
1211 5678 1404 5733 (lateri.
1427 5675 1707 5742 prwsciebat
1740 5675 1866 5726 enim
1885 5686 2118 5742 rentur-os
2148 5691 2280 5737 esse;

700 5760 811 5803 quur.
833 5750 978 5792 etiam
1003 5743 1149 5790 lentio
1180 5746 1383 5803 quadrat
1421 5741 1478 5790 ad
1504 5741 1704 5797 sortem,
1738 5753 1846 5789 nam
1879 5741 1958 5788 hii:
1991 5743 2051 5788 dc
2075 5742 2194 5788 .luda
2228 5749 2280 5790 et

702 5810 846 5855 ιιυηῑς
878 5813 1055 5858 tthlltlt'.

1363 323 1418 378 S.
1461 323 1734 378 JUANNIS
1771 318 2244 377 CllllYSOSTUMI
2288 317 2597 373 Al‘iCHlliP.
2639 319 3172 373 CUNS’I‘AN'I'INOP.

3838 323 3938 378 758.

2350 431 2476 500 quid
2517 444 2678 483 ausus
2715 429 2832 485 est?
2874 429 3014 499 quod
3060 432 3362 500 symbolum
3404 431 3717 501 proditionis
3751 432 3941 487 dedit?

2355 526 2725 591 Quemcumque
2767 521 3022 574 osculatus
3066 526 3245 590 fuero,
3295 523 3485 593 inquit.
3530 523 3848 578 Conlidebat
3891 525 3942 576 in

2355 616 2575 669 leuitate
2605 616 2837 684 magistri
2860 633 2872 667 :
2898 617 3037 683 quod
3062 617 3293 669 maxime
3318 618 3463 670 illum
3487 615 3817 672 confundere
3845 617 3943 669 de-

2354 706 2501 772 buit,
2529 717 2582 761 et
2611 707 2761 760 venia
2799 707 2944 760 omni
2985 711 3231 776 privare,
3270 710 3412 779 quod
3453 712 3560 762 tam
3601 701 3954 764 inausuet'nin-

2353 800 2660 868 magistrum
2695 799 3007 868 prodiderit.
3045 798 3148 852 Sed
3179 814 3296 864 cor,
3337 801 3564 870 inquies,
3597 804 3696 854 hoc
3727 802 3939 870 signum

2350 892 2530 951 dedit?
2552 892 2684 960 Quia
2722 893 2918 961 swpius
2941 892 3010 944 ab
3040 892 3143 946 illis
3171 893 3611 961 comprehensus.
3644 893 3938 962 pertransi-

2351 985 2458 1050 vit,
2487 985 2615 1054 ipsis
2641 985 3018 1040 nescientibus.
3057 988 3304 1038 Attamen
3345 993 3470 1039 tunc
3496 1001 3706 1055 quoque
3740 984 3940 1039 factum

2352 1077 2553 1141 fuisset,
2588 1078 2633 1131 si
2670 1092 2772 1131 non
2806 1077 2919 1146 ipse
2945 1077 3075 1146 capi.
3093 1077 3373 1132 voluisset.
3417 1077 3479 1133 Ut
3514 1077 3614 1132 hoc
3641 1079 3813 1146 ipsum
3842 1077 3942 1131 Ju-

2348 1169 2469 1223 dam
2493 1169 2732 1230 doceret.
2757 1170 2941 1224 oculos
2961 1184 3146 1223 eorum
3177 1170 3463 1223 exczecavit
3490 1185 3504 1230 ;
3534 1171 3751 1237 ipseque
3777 1169 3946 1221 inter-

2352 1261 2602 1330 rogabat,
2637 1261 2796 1327 Quem
2834 1261 3058 1331 qua'ritis
3089 1260 3267 1330 (Joau.
3306 1261 3391 1315 l8.
3422 1262 3476 1326 4)
3496 1261 3520 1310 τ
3552 1261 3651 1329 Ipsi
3681 1275 3808 1314 vero
3835 1276 3944 1312 una

2353 1361 2629 1417 noverant,
2657 1354 2900 1423 quamvis
2929 1369 3047 1408 cum
3083 1352 3300 1406 laternis
3326 1363 3380 1406 et
3407 1352 3735 1422 lampadibus
3761 1362 3946 1406 essent

2351 1446 2644 1516 Judamque
2688 1461 2868 1499 Secum
2915 1447 3192 1500 haberent.
3238 1445 3442 1499 Deinde
3479 1446 3599 1513 quia
3644 1444 3898 1498 dixerunt
3930 1485 3943 1502 .

2349 1539 2544 1601 Iesum,
2575 1540 2647 1591 ait
2677 1539 2765 1592 ille
2793 1558 2805 1591 :
2835 1538 2944 1609 Ego
2965 1556 3075 1592 sum
3099 1541 3142 1591 is
3162 1555 3307 1605 queat
3331 1540 3556 1608 quatritis
3583 1536 3741 1608 (Ibid.
3775 1552 3818 1588 υ.
3849 1535 3905 1604 ἓ)
3930 1554 3944 1595 ;

2351 1643 2403 1684 et
2429 1647 2632 1695 rursus,
2668 1631 2755 1683 ἑο.
2786 1630 2975 1692 Amice,
3005 1630 3072 1683 ad
3095 1630 3217 1700 quid
3244 1629 3464 1682 venisti?
3494 1629 3776 1697 Postquam
3799 1628 3944 1682 enim

2351 1722 2583 1776 ostendit
2627 1722 2915 1791 potentiam
2958 1737 3143 1782 suam,
3180 1731 3288 1772 tum
3328 1719 3542 1773 denunn
3585 1717 3633 1770 id
3682 1718 3879 1786 permis
3903 1724 3947 1770 ι.

2352 1813 2584 1866 Joannes
2614 1828 2741 1866 vero
2770 1813 2844 1865 ait
2868 1813 2908 1875 ί,
2938 1811 3120 1866 Jesum
3150 1811 3215 1864 ad
3248 1810 3390 1863 illam
3428 1823 3595 1878 usque
3636 1807 3819 1861 horam
3845 1805 3942 1860 Ju-

2353 1905 2474 1958 tlatu
2497 1903 2782 1958 emendare
2811 1904 3041 1956 voluisse
3067 1901 3298 1957 dicendo
3324 1919 3335 1953 :
3362 1900 3530 1968 Iuda,
3557 1900 3726 1954 osculo
3757 1899 3952 1953 Filium

2355 1996 2574 2048 hominis
2598 1995 2754 2047 tradis
2783 1993 2936 2061 (Luc.
2967 1993 3059 2048 2‘2.
3084 1994 3215 2062 48)?
3241 1991 3350 2047 Nec
3377 2002 3428 2047 te
3460 1992 3622 2061 pudet
3646 1992 3734 2045 tali
3766 1991 3951 2057 prodi-

2358 2087 2515 2139 tionis
2545 2085 2705 2138 modo
2731 2084 2844 2137 uti?
2887 2085 3130 2138 Attamen
3159 2085 3280 2153 quia
3308 2100 3374 2138 ne
3402 2084 3502 2138 hoe
3528 2083 3743 2153 quidem
3773 2084 3950 2150 ipsum

2354 2176 2612 2236 cohibuit,
2641 2176 2879 2229 osculum
2907 2176 3023 2244 ejus
3051 2175 3284 2238 adinislt,
3313 2184 3366 2228 et
3386 2177 3619 2243 seipsuni
3650 2174 3821 2228 libens
3843 2183 3955 2224 tra-

2355 2267 2511 2322 didit.
2543 2268 2604 2321 Et
2633 2270 2946 2323 immiserunt
2971 2269 3191 2323 initium
3217 2286 3417 2331 manus,
3445 2279 3491 2322 et
3521 2261 3789 2321 tenuerunt
3813 2283 3950 2325 eum,

2357 2361 2542 2414 eadem
2594 2360 2704 2426 ipsa
2752 2369 2939 2423 nocte,
2982 2374 3084 2429 qua
3130 2360 3323 2428 pascha
3370 2358 3758 2421 romedeliant;
3801 2365 3959 2409 taqu

2359 2463 2512 2505 t'rattt
2549 2459 2724 2505 lurore
2751 2451 3004 2520 correpti.
3039 2453 3287 2506 Attamen
3315 2451 3446 2505 nihil
3482 2450 3783 2520 potuissent
3803 2488 3822 2506 .
3851 2449 3955 2501 nisi

2364 2546 2474 2610 ipse
2502 2544 2551 2596 id
2581 2545 2929 2611 permisisset.
2963 2543 3090 2598 Illud
3119 2555 3296 2598 tamen
3323 2543 3511 2597 .ludam
3538 2544 3604 2596 ali
3635 2538 3964 2594 intolerabili

2361 2634 2622 2701 supplicio
2653 2650 2756 2686 non
2788 2634 3069 2700 liberabit,
3099 2635 3193 2689 sed
3227 2635 3412 2704 majori
3450 2635 3742 2687 obnoxium
3781 2627 3964 2684 reddi

2360 2723 2686 2778 damnationi
2721 2743 2732 2776 :
2765 2725 2906 2794 quod
2940 2740 3060 2779 cum
3101 2736 3301 2779 tantam
3337 2736 3392 2780 et
3432 2727 3684 2795 pateatne
3715 2734 3768 2777 et
3800 2738 3961 2776 man-

2361 2815 2658 2870 suetudinis
2699 2815 3040 2885 leuitatisqne
3069 2815 3185 2884 ejus
3211 2815 3727 2872 demonstrationem
3757 2817 3964 2871 habue-

2364 2906 2463 2967 rit,
2496 2903 2604 2959 fera
2633 2906 2826 2959 Saevior
2857 2905 3038 2960 fuerit.
3070 2906 3193 2960 Have
3227 2922 3348 2960 cum
3379 2908 3648 2972 sciamus,
3678 2907 3962 2960 avaritiam

2363 2994 2661 3065 fugiamus:
2693 2996 2807 3051 ha-c
2834 2997 2974 3051 enim
3003 3006 3128 3050 tunc
3155 2997 3323 3063 illum,
3354 2996 3489 3064 bzec,
3521 2997 3760 3068 inquam,
3791 2999 3846 3052 in
3873 2997 3965 3053 fu-

2364 3104 2539 3143 rorem
2564 3087 2793 3157 conjecit
2820 3106 2833 3141 :
2869 3089 2983 3142 hzec
3008 3088 3076 3142 ad
3102 3100 3395 3143 extremam
3424 3090 3818 3144 immanitatem
3839 3104 3966 3144 cru-

2363 3178 2742 3246 delitatemque
2783 3179 2928 3232 illum
2969 3180 3303 3235 exercitavit.
3344 3170 3530 3250 Neque
3570 3181 3718 3234 illum
3757 3182 3924 3236 modo
3949 3225 3966 3247 ,

2367 3269 2458 3323 sed
2482 3270 2640 3323 etiam
2664 3285 2854 3324 omnes
2879 3271 2965 3340 qui
2995 3271 3084 3325 tali
3115 3272 3304 3326 morbo
3323 3273 3462 3342 capti
3492 3283 3634 3327 sunt.
3659 3272 3791 3328 Cum
3818 3275 3967 3328 cnim

2366 3358 2430 3411 ad
2458 3359 2851 3428 desperandum
2880 3361 2948 3416 de
2974 3363 3146 3416 salute
3177 3363 3412 3427 inducat,
3443 3365 3613 3417 multo
3637 3365 3808 3435 magis
3833 3366 3971 3418 alio-

2369 3466 2484 3504 rum
2513 3451 2739 3505 salutem
2768 3450 3047 3522 despicere
3087 3452 3296 3507 suadet.
3327 3458 3502 3524 Atque
3543 3455 3610 3507 ita
3653 3459 3972 3526 tyrannicus

2369 3553 2450 3595 est
2490 3543 2742 3606 morbus,
2789 3554 2846 3596 ut
2891 3545 3050 3597 etiam
3101 3545 3630 3599 vehementissimqu
3675 3561 3968 3616 corporum

2368 3649 2606 3689 amorem
2656 3634 2943 3703 aliquando
2985 3647 3225 3705 superet.
3269 3635 3628 3700 Quamobrem
3654 3625 3970 3692 admodum

2369 3726 2661 3785 erubesco.
2701 3727 2839 3795 quod
2887 3727 3038 3780 multi
3085 3728 3326 3796 pecuniis
3368 3738 3648 3796 parcentes
3689 3729 3971 3784 libidinem

2372 3815 2718 3881 refrenarem,
2750 3817 2839 3886 qui
2869 3827 3088 3887 propter
3112 3817 3208 3872 Dei
3234 3818 3478 3873 timorem
3506 3821 3792 3874 noluerunt
3815 3829 3976 3876 caste

2374 3909 2719 3980 modoneque
2763 3911 2966 3964 vivere.
3010 3909 3133 3964 Ideo
3173 3909 3436 3980 fugiamus
3474 3910 3613 3964 illam
3636 3944 3663 3974 φ
3687 3912 3922 3966 obsecro
3958 3933 3969 3965 :

2375 4015 2547 4070 neque
2577 4001 2718 4054 enim
2753 4001 2853 4055 hoc
2879 4000 3088 4055 dicendi
3117 4003 3276 4055 linem
3309 4001 3516 4055 faciam.
3551 4003 3657 4055 (Zur
3681 4019 3908 4068 aurum,
3940 4020 3977 4059 ο

2375 4093 2555 4158 homo,
2580 4093 2926 4147 accumulas?
2954 4109 3051 4147 cur
3090 4093 3400 4147 servitutem
3447 4101 3588 4148 tuam
3631 4095 3975 4150 acerbiorem

2376 4183 2590 4238 reddis?
2613 4198 2708 4237 cur
2731 4183 3026 4238 custodiam
3054 4185 3353 4254 graviorem
3376 4224 3393 4250 ,
3422 4199 3518 4239 cur
3545 4186 3972 4241 sollicitudinem

2373 4275 2706 4328 acutiorem?
2733 4273 2861 4328 Puta
2893 4284 3008 4329 tuas
3037 4289 3158 4330 esse
3187 4289 3375 4330 omnes
3403 4276 3518 4328 auri
3550 4291 3732 4337 venas,
3761 4292 3886 4345 qua»
3921 4279 3974 4332 in

2375 4366 2602 4419 metallis
2623 4373 2767 4428 sunt,
2792 4367 3076 4436 omniaque
3103 4366 3188 4419 illa
3211 4381 3330 4435 qtue
3357 4370 3407 4418 in
3429 4368 3619 4420 trario
3638 4367 3807 4436 regio.
3832 4367 3976 4423 Nam

2374 4456 2418 4508 si
2448 4454 2584 4507 hanc
2616 4465 2813 4509 tantam
2845 4454 3041 4509 molem
3067 4455 3181 4508 auri
3225 4455 3450 4510 haberes
3470 4497 3485 4516 .
3515 4457 3812 4510 custodires
3849 4469 3973 4512 tan-

2379 4555 2521 4609 tum,
2551 4561 2656 4601 non
2688 4546 2933 4601 utereris.
2965 4547 3176 4601 Etenim
3216 4546 3259 4599 si
3295 4561 3438 4601 nunc
3467 4546 3531 4600 iis
3569 4563 3689 4616 qua:
3726 4550 3980 4617 possides

2378 4652 2484 4691 non
2513 4638 2699 4703 uteris,
2732 4637 2825 4692 sed
2855 4638 2923 4692 ab
2962 4638 3024 4693 iis
3053 4638 3288 4694 abstines
3314 4649 3370 4694 ut
3396 4639 3585 4695 alienis
3612 4657 3627 4696 :
3655 4642 3818 4694 multo
3853 4658 3981 4696 nia.

2377 4731 2457 4798 gis
2482 4731 2526 4786 si
2562 4731 2711 4802 plura
2742 4731 2966 4786 haberes
2989 4774 3002 4795 ,
3036 4731 3262 4800 idipsum
3302 4748 3512 4802 ageres.
3553 4733 3685 4788 Nain
3731 4739 3982 4803 pecunia:

2379 4835 2618 4878 auianzes
2647 4823 2842 4883 solent.
2866 4839 2970 4892 quo
2998 4825 3117 4893 plus
3141 4825 3259 4879 auri
3285 4825 3580 4893 possident,
3605 4841 3671 4880 eo
3698 4829 3870 4897 magis
3903 4831 3980 4884 illi

2378 4933 2617 4988 parcere.
2648 4915 2754 4970 Sed
2790 4918 2932 4981 scio,
2973 4917 3212 4986 inquies.
3245 4918 3360 4972 haec
3398 4934 3514 4972 mea
3557 4935 3699 4974 esse.
3739 4922 3882 4989 lirgo
3929 4924 3980 4976 iu

2379 5010 2628 5078 opinione
2673 5020 2876 5064 tantum
2903 5053 2918 5077 ,
2951 5024 3056 5065 non
3094 5011 3145 5065 in
3187 5027 3283 5065 usu
3320 5013 3586 5082 possessio
3618 5028 3702 5068 tua
3733 5025 3831 5069 est.
3865 5015 3981 5073 Sed

2383 5103 2504 5157 hinc
2547 5083 2881 5162 hominibus.
2913 5103 3539 5172 inquies{formidabilis
3580 5107 3783 5162 futurus
3822 5124 3978 5164 suos.

2383 5195 2491 5249 lino
2512 5203 2667 5261 captu
2702 5194 2921 5259 facilior,
2951 5195 3225 5260 divitibus,
3263 5200 3602 5266 pauperibus,
3633 5199 3854 5265 furibus,
3892 5219 3984 5275 sy-

2381 5286 2682 5355 copliantis,
2710 5287 2884 5341 servis
2909 5287 3262 5356 omnibusque
3284 5288 3500 5342 demum
3531 5291 3768 5344 insidiari
3792 5294 3982 5350 volen-

2382 5379 2542 5432 tibus.
2585 5375 2718 5431 Nam
2758 5379 2800 5430 si
2842 5377 2921 5431 vis
2964 5394 3083 5431 esse
3124 5379 3470 5435 formidabilis
3495 5422 3510 5447 ,
3548 5384 3777 5451 prteride
3815 5402 3983 5441 ausas

2381 5471 2570 5538 quibus
2615 5479 2834 5537 possunt
2875 5479 2925 5525 te
2966 5486 3161 5539 capere
3204 5482 3258 5524 et
3294 5489 3487 5528 vexare
3523 5489 3713 5529 omnes
3743 5477 3832 5545 qui
3874 5477 3982 5532 hoc

2383 5564 2550 5626 ipsum
2587 5563 2762 5615 facere
2788 5563 2970 5615 velint.
3008 5565 3198 5616 Annon
3227 5564 3418 5620 audisti
3453 5567 3554 5622 hoc
3595 5569 3980 5639 proverbium,

2385 5652 2676 5720 Panpereu.
2719 5662 2774 5706 et
2815 5655 3014 5707 nudum
3063 5669 3169 5709 nou
3217 5667 3438 5725 possunt
3471 5671 3687 5714 centum
3727 5649 3825 5716 viri
3856 5678 3983 5732 spi-

2420 5795 2433 5819 ⁶
2451 5795 2723 5850 i.i-goiidtiiii
2742 5802 2869 5841 esset
2881 5801 3048 5850 ,ιτα-(ιδ
3060 5794 3510 5860 rcroi'iit;siipiidcm
3527 5802 3661 5848 Luetc
3678 5799 3830 5849 verba
3849 5813 3980 5851 sunt.
