  <div class='ocr_page' id='page_1' title='image "/cluster/home/n/w/nwhite01/storage/ocr_20150623/58/pst.000005712571/292.png"; bbox 0 0 4160 6330; ppageno 0'>
   <div class='ocr_carea' id='block_1_1' title="bbox 245 364 336 415">
    <p class='ocr_par' dir='ltr' id='par_1_1' title="bbox 245 364 336 415">
     <span class='ocr_line' id='line_1_1' title="bbox 245 364 336 415; baseline 0.011 -1"><span class='ocrx_word' id='word_1_1' title='bbox 245 364 336 415; x_wconf 73' lang='lat' dir='ltr'><strong>Ti!)</strong></span> 
     </span>
    </p>
   </div>
   <div class='ocr_carea' id='block_1_2' title="bbox 249 468 1826 543">
    <p class='ocr_par' dir='ltr' id='par_1_2' title="bbox 249 468 1826 543">
     <span class='ocr_line' id='line_1_2' title="bbox 249 468 1826 543; baseline -0.008 -14"><span class='ocrx_word' id='word_1_2' title='bbox 249 474 405 529; x_wconf 79' lang='lat' dir='ltr'><strong>hare?</strong></span> <span class='ocrx_word' id='word_1_3' title='bbox 436 473 677 543; x_wconf 78' lang='lat' dir='ltr'><strong>Magnam</strong></span> <span class='ocrx_word' id='word_1_4' title='bbox 704 470 902 541; x_wconf 85' lang='lat' dir='ltr'><strong>quippe</strong></span> <span class='ocrx_word' id='word_1_5' title='bbox 929 468 1085 523; x_wconf 89' lang='lat' dir='ltr'><strong>habet</strong></span> <span class='ocrx_word' id='word_1_6' title='bbox 1128 478 1404 537; x_wconf 77' lang='lat' dir='ltr'><strong>patronam</strong></span> <span class='ocrx_word' id='word_1_7' title='bbox 1436 470 1826 535; x_wconf 82' lang='lat' dir='ltr'><strong>paupertatem,</strong></span> 
     </span>
    </p>
   </div>
   <div class='ocr_carea' id='block_1_3' title="bbox 245 558 1791 635">
    <p class='ocr_par' dir='ltr' id='par_1_3' title="bbox 245 558 1791 635">
     <span class='ocr_line' id='line_1_3' title="bbox 245 558 1791 635; baseline -0.005 -21"><span class='ocrx_word' id='word_1_8' title='bbox 245 579 391 635; x_wconf 77' lang='lat' dir='ltr'><strong>quam</strong></span> <span class='ocrx_word' id='word_1_9' title='bbox 419 579 487 619; x_wconf 91' lang='lat' dir='ltr'><strong>ne</strong></span> <span class='ocrx_word' id='word_1_10' title='bbox 514 580 609 619; x_wconf 84' lang='lat' dir='ltr'><strong>rex</strong></span> <span class='ocrx_word' id='word_1_11' title='bbox 638 563 851 633; x_wconf 78' lang='lat' dir='ltr'><strong>quidem</strong></span> <span class='ocrx_word' id='word_1_12' title='bbox 882 562 997 631; x_wconf 83' lang='lat' dir='ltr'><strong>ipse</strong></span> <span class='ocrx_word' id='word_1_13' title='bbox 1026 561 1193 629; x_wconf 85' lang='lat' dir='ltr'><strong>possit</strong></span> <span class='ocrx_word' id='word_1_14' title='bbox 1222 558 1436 614; x_wconf 82' lang='lat' dir='ltr'><strong>vincere</strong></span> <span class='ocrx_word' id='word_1_15' title='bbox 1463 558 1548 613; x_wconf 86' lang='lat' dir='ltr'><strong>vel</strong></span> <span class='ocrx_word' id='word_1_16' title='bbox 1575 569 1791 625; x_wconf 87' lang='lat' dir='ltr'><strong>capere.</strong></span> 
     </span>
    </p>
   </div>
   <div class='ocr_carea' id='block_1_4' title="bbox 310 652 1827 711">
    <p class='ocr_par' dir='ltr' id='par_1_4' title="bbox 310 652 1827 711">
     <span class='ocr_line' id='line_1_4' title="bbox 310 652 1827 711; baseline -0.007 0"><span class='ocrx_word' id='word_1_17' title='bbox 310 656 359 711; x_wconf 74' lang='lat'><strong>3.</strong></span> <span class='ocrx_word' id='word_1_18' title='bbox 402 654 683 709; x_wconf 79' lang='lat' dir='ltr'><strong>Avororum</strong></span> <span class='ocrx_word' id='word_1_19' title='bbox 726 654 909 706; x_wconf 78' lang='lat' dir='ltr'><strong>misera</strong></span> <span class='ocrx_word' id='word_1_20' title='bbox 946 652 1190 706; x_wconf 80' lang='lat' dir='ltr'><strong>conditio.</strong></span> <span class='ocrx_word' id='word_1_21' title='bbox 1236 680 1306 693; x_wconf 90' lang='lat'><strong>—-</strong></span> <span class='ocrx_word' id='word_1_22' title='bbox 1349 652 1587 705; x_wconf 74' lang='lat' dir='ltr'><strong>Avarum</strong></span> <span class='ocrx_word' id='word_1_23' title='bbox 1646 658 1827 703; x_wconf 84' lang='lat' dir='ltr'><strong>autem</strong></span> 
     </span>
    </p>
   </div>
   <div class='ocr_carea' id='block_1_5' title="bbox 245 740 1825 811">
    <p class='ocr_par' dir='ltr' id='par_1_5' title="bbox 245 740 1825 811">
     <span class='ocr_line' id='line_1_5' title="bbox 245 740 1825 811; baseline -0.002 -16"><span class='ocrx_word' id='word_1_24' title='bbox 245 759 421 798; x_wconf 86' lang='lat' dir='ltr'><strong>omnes</strong></span> <span class='ocrx_word' id='word_1_25' title='bbox 446 744 603 799; x_wconf 82' lang='lat' dir='ltr'><strong>simul</strong></span> <span class='ocrx_word' id='word_1_26' title='bbox 634 756 831 796; x_wconf 83' lang='lat' dir='ltr'><strong>vexare</strong></span> <span class='ocrx_word' id='word_1_27' title='bbox 874 751 1138 811; x_wconf 74' lang='lat' dir='ltr'><strong>possunt;</strong></span> <span class='ocrx_word' id='word_1_28' title='bbox 1193 756 1365 811; x_wconf 87' lang='lat' dir='ltr'><strong>neque</strong></span> <span class='ocrx_word' id='word_1_29' title='bbox 1411 740 1661 794; x_wconf 77' lang='lat' dir='ltr'><strong>homines</strong></span> <span class='ocrx_word' id='word_1_30' title='bbox 1704 748 1825 793; x_wconf 80' lang='lat' dir='ltr'><strong>tan—</strong></span> 
     </span>
    </p>
   </div>
   <div class='ocr_carea' id='block_1_6' title="bbox 247 829 1828 899">
    <p class='ocr_par' dir='ltr' id='par_1_6' title="bbox 247 829 1828 899">
     <span class='ocr_line' id='line_1_6' title="bbox 247 829 1828 899; baseline -0.003 -14"><span class='ocrx_word' id='word_1_31' title='bbox 247 848 344 888; x_wconf 87' lang='lat' dir='ltr'><strong>tum</strong></span> <span class='ocrx_word' id='word_1_32' title='bbox 375 834 518 899; x_wconf 84' lang='lat' dir='ltr'><strong>dico,</strong></span> <span class='ocrx_word' id='word_1_33' title='bbox 566 833 666 889; x_wconf 88' lang='lat' dir='ltr'><strong>sed</strong></span> <span class='ocrx_word' id='word_1_34' title='bbox 717 843 773 887; x_wconf 89' lang='lat' dir='ltr'><strong>et</strong></span> <span class='ocrx_word' id='word_1_35' title='bbox 824 832 982 886; x_wconf 67' lang='lat' dir='ltr'><strong>tinea:</strong></span> <span class='ocrx_word' id='word_1_36' title='bbox 1024 840 1082 886; x_wconf 92' lang='lat' dir='ltr'><strong>et</strong></span> <span class='ocrx_word' id='word_1_37' title='bbox 1123 846 1355 887; x_wconf 77' lang='lat' dir='ltr'><strong>vermes.</strong></span> <span class='ocrx_word' id='word_1_38' title='bbox 1400 830 1603 899; x_wconf 81' lang='lat' dir='ltr'><strong>Ecquid</strong></span> <span class='ocrx_word' id='word_1_39' title='bbox 1653 829 1828 884; x_wconf 88' lang='lat' dir='ltr'><strong>tineas</strong></span> 
     </span>
    </p>
   </div>
   <div class='ocr_carea' id='block_1_7' title="bbox 242 922 1828 995">
    <p class='ocr_par' dir='ltr' id='par_1_7' title="bbox 242 922 1828 995">
     <span class='ocr_line' id='line_1_7' title="bbox 242 922 1828 995; baseline -0.001 -18"><span class='ocrx_word' id='word_1_40' title='bbox 242 926 397 981; x_wconf 74' lang='lat' dir='ltr'><strong>dico?</strong></span> <span class='ocrx_word' id='word_1_41' title='bbox 442 926 664 980; x_wconf 82' lang='lat' dir='ltr'><strong>Multum</strong></span> <span class='ocrx_word' id='word_1_42' title='bbox 708 934 920 995; x_wconf 85' lang='lat' dir='ltr'><strong>tempus</strong></span> <span class='ocrx_word' id='word_1_43' title='bbox 957 924 1155 989; x_wconf 85' lang='lat' dir='ltr'><strong>solum,</strong></span> <span class='ocrx_word' id='word_1_44' title='bbox 1204 925 1459 994; x_wconf 84' lang='lat' dir='ltr'><strong>nulloque</strong></span> <span class='ocrx_word' id='word_1_45' title='bbox 1509 922 1700 978; x_wconf 85' lang='lat' dir='ltr'><strong>addito</strong></span> <span class='ocrx_word' id='word_1_46' title='bbox 1746 922 1828 976; x_wconf 83' lang='lat' dir='ltr'><strong>in-</strong></span> 
     </span>
    </p>
   </div>
   <div class='ocr_carea' id='block_1_8' title="bbox 242 1014 1822 1088">
    <p class='ocr_par' dir='ltr' id='par_1_8' title="bbox 242 1014 1822 1088">
     <span class='ocr_line' id='line_1_8' title="bbox 242 1014 1822 1088; baseline -0.003 -15"><span class='ocrx_word' id='word_1_47' title='bbox 242 1018 540 1080; x_wconf 80' lang='lat' dir='ltr'><strong>commodo,</strong></span> <span class='ocrx_word' id='word_1_48' title='bbox 568 1032 790 1072; x_wconf 85' lang='lat' dir='ltr'><strong>avarum</strong></span> <span class='ocrx_word' id='word_1_49' title='bbox 833 1025 1012 1088; x_wconf 79' lang='lat' dir='ltr'><strong>potest</strong></span> <span class='ocrx_word' id='word_1_50' title='bbox 1059 1018 1293 1072; x_wconf 89' lang='lat' dir='ltr'><strong>maxime</strong></span> <span class='ocrx_word' id='word_1_51' title='bbox 1315 1016 1535 1072; x_wconf 75' lang='lat' dir='ltr'><strong>licdere.</strong></span> <span class='ocrx_word' id='word_1_52' title='bbox 1564 1014 1697 1083; x_wconf 74' lang='lat' dir='ltr'><strong>Qua:</strong></span> <span class='ocrx_word' id='word_1_53' title='bbox 1722 1014 1822 1086; x_wconf 83' lang='lat' dir='ltr'><strong>igi-</strong></span> 
     </span>
    </p>
   </div>
   <div class='ocr_carea' id='block_1_9' title="bbox 240 1108 1820 1180">
    <p class='ocr_par' dir='ltr' id='par_1_9' title="bbox 240 1108 1820 1180">
     <span class='ocr_line' id='line_1_9' title="bbox 240 1108 1820 1180; baseline 0.002 -18"><span class='ocrx_word' id='word_1_54' title='bbox 240 1121 321 1165; x_wconf 96' lang='lat' dir='ltr'><strong>tur</strong></span> <span class='ocrx_word' id='word_1_55' title='bbox 363 1120 450 1166; x_wconf 90' lang='lat' dir='ltr'><strong>est</strong></span> <span class='ocrx_word' id='word_1_56' title='bbox 475 1110 786 1166; x_wconf 89' lang='lat' dir='ltr'><strong>divitiarum</strong></span> <span class='ocrx_word' id='word_1_57' title='bbox 813 1110 1103 1179; x_wconf 80' lang='lat' dir='ltr'><strong>voluptas?</strong></span> <span class='ocrx_word' id='word_1_58' title='bbox 1146 1109 1259 1180; x_wconf 82' lang='lat' dir='ltr'><strong>Ego</strong></span> <span class='ocrx_word' id='word_1_59' title='bbox 1307 1108 1582 1164; x_wconf 74' lang='lat' dir='ltr'><strong>molestias</strong></span> <span class='ocrx_word' id='word_1_60' title='bbox 1623 1110 1820 1174; x_wconf 82' lang='lat' dir='ltr'><strong>video;</strong></span> 
     </span>
    </p>
   </div>
   <div class='ocr_carea' id='block_1_10' title="bbox 240 1198 1820 1271">
    <p class='ocr_par' dir='ltr' id='par_1_10' title="bbox 240 1198 1820 1271">
     <span class='ocr_line' id='line_1_10' title="bbox 240 1198 1820 1271; baseline -0.001 -16"><span class='ocrx_word' id='word_1_61' title='bbox 240 1212 290 1255; x_wconf 90' lang='lat' dir='ltr'><strong>ttt</strong></span> <span class='ocrx_word' id='word_1_62' title='bbox 317 1200 442 1256; x_wconf 85' lang='lat' dir='ltr'><strong>mihi</strong></span> <span class='ocrx_word' id='word_1_63' title='bbox 476 1201 807 1271; x_wconf 84' lang='lat' dir='ltr'><strong>voluptatem</strong></span> <span class='ocrx_word' id='word_1_64' title='bbox 835 1200 984 1255; x_wconf 85' lang='lat' dir='ltr'><strong>illam</strong></span> <span class='ocrx_word' id='word_1_65' title='bbox 1010 1198 1241 1269; x_wconf 76' lang='lat' dir='ltr'><strong>explica.</strong></span> <span class='ocrx_word' id='word_1_66' title='bbox 1291 1199 1357 1255; x_wconf 82' lang='lat' dir='ltr'><strong>Et</strong></span> <span class='ocrx_word' id='word_1_67' title='bbox 1385 1214 1505 1268; x_wconf 74' lang='lat' dir='ltr'><strong>qttie</strong></span> <span class='ocrx_word' id='word_1_68' title='bbox 1538 1198 1820 1267; x_wconf 64' lang='lat' dir='ltr'><strong>molestias,</strong></span> 
     </span>
    </p>
   </div>
   <div class='ocr_carea' id='block_1_11' title="bbox 238 1289 1819 1361">
    <p class='ocr_par' dir='ltr' id='par_1_11' title="bbox 238 1289 1819 1361">
     <span class='ocr_line' id='line_1_11' title="bbox 238 1289 1819 1361; baseline 0 -17"><span class='ocrx_word' id='word_1_69' title='bbox 238 1292 478 1361; x_wconf 77' lang='lat' dir='ltr'><strong>inquies?</strong></span> <span class='ocrx_word' id='word_1_70' title='bbox 520 1290 942 1354; x_wconf 86' lang='lat' dir='ltr'><strong>Sollicitudines,</strong></span> <span class='ocrx_word' id='word_1_71' title='bbox 986 1290 1217 1353; x_wconf 73' lang='lat' dir='ltr'><strong>insidiie,</strong></span> <span class='ocrx_word' id='word_1_72' title='bbox 1250 1289 1565 1357; x_wconf 57' lang='lat' dir='ltr'><strong>inimicitia,</strong></span> <span class='ocrx_word' id='word_1_73' title='bbox 1597 1290 1780 1344; x_wconf 91' lang='lat' dir='ltr'><strong>odium</strong></span> <span class='ocrx_word' id='word_1_74' title='bbox 1803 1331 1819 1355; x_wconf 95' lang='lat'><strong>,</strong></span> 
     </span>
    </p>
   </div>
   <div class='ocr_carea' id='block_1_12' title="bbox 238 1380 1818 1453">
    <p class='ocr_par' dir='ltr' id='par_1_12' title="bbox 238 1380 1818 1453">
     <span class='ocr_line' id='line_1_12' title="bbox 238 1380 1818 1453; baseline 0.002 -20"><span class='ocrx_word' id='word_1_75' title='bbox 238 1382 408 1446; x_wconf 90' lang='lat' dir='ltr'><strong>timor,</strong></span> <span class='ocrx_word' id='word_1_76' title='bbox 453 1391 653 1437; x_wconf 71' lang='lat' dir='ltr'><strong>interna</strong></span> <span class='ocrx_word' id='word_1_77' title='bbox 694 1382 811 1437; x_wconf 85' lang='lat' dir='ltr'><strong>sitis</strong></span> <span class='ocrx_word' id='word_1_78' title='bbox 855 1392 911 1436; x_wconf 88' lang='lat' dir='ltr'><strong>et</strong></span> <span class='ocrx_word' id='word_1_79' title='bbox 952 1381 1129 1437; x_wconf 90' lang='lat' dir='ltr'><strong>dolor.</strong></span> <span class='ocrx_word' id='word_1_80' title='bbox 1180 1380 1311 1437; x_wconf 84' lang='lat' dir='ltr'><strong>Nam</strong></span> <span class='ocrx_word' id='word_1_81' title='bbox 1348 1380 1394 1437; x_wconf 88' lang='lat' dir='ltr'><strong>si</strong></span> <span class='ocrx_word' id='word_1_82' title='bbox 1425 1381 1550 1450; x_wconf 87' lang='lat' dir='ltr'><strong>quis</strong></span> <span class='ocrx_word' id='word_1_83' title='bbox 1586 1382 1818 1453; x_wconf 83' lang='lat' dir='ltr'><strong>puellam</strong></span> 
     </span>
    </p>
   </div>
   <div class='ocr_carea' id='block_1_13' title="bbox 235 1473 1817 1545">
    <p class='ocr_par' dir='ltr' id='par_1_13' title="bbox 235 1473 1817 1545">
     <span class='ocr_line' id='line_1_13' title="bbox 235 1473 1817 1545; baseline 0.003 -22"><span class='ocrx_word' id='word_1_84' title='bbox 235 1473 638 1540; x_wconf 72' lang='lat' dir='ltr'><strong>complectatur,</strong></span> <span class='ocrx_word' id='word_1_85' title='bbox 669 1488 769 1527; x_wconf 90' lang='lat' dir='ltr'><strong>nec</strong></span> <span class='ocrx_word' id='word_1_86' title='bbox 798 1473 1289 1541; x_wconf 79' lang='lat' dir='ltr'><strong>concupiscentiam</strong></span> <span class='ocrx_word' id='word_1_87' title='bbox 1338 1474 1559 1544; x_wconf 88' lang='lat' dir='ltr'><strong>explere</strong></span> <span class='ocrx_word' id='word_1_88' title='bbox 1608 1474 1817 1545; x_wconf 81' lang='lat' dir='ltr'><strong>possit,</strong></span> 
     </span>
    </p>
   </div>
   <div class='ocr_carea' id='block_1_14' title="bbox 235 1562 1816 1632">
    <p class='ocr_par' dir='ltr' id='par_1_14' title="bbox 235 1562 1816 1632">
     <span class='ocr_line' id='line_1_14' title="bbox 235 1562 1816 1632; baseline 0.004 -17"><span class='ocrx_word' id='word_1_89' title='bbox 235 1572 471 1617; x_wconf 80' lang='lat' dir='ltr'><strong>extremo</strong></span> <span class='ocrx_word' id='word_1_90' title='bbox 508 1562 697 1618; x_wconf 89' lang='lat' dir='ltr'><strong>dolore</strong></span> <span class='ocrx_word' id='word_1_91' title='bbox 724 1564 1016 1619; x_wconf 84' lang='lat' dir='ltr'><strong>cruciatur.</strong></span> <span class='ocrx_word' id='word_1_92' title='bbox 1067 1564 1157 1621; x_wconf 86' lang='lat' dir='ltr'><strong>Sic</strong></span> <span class='ocrx_word' id='word_1_93' title='bbox 1202 1565 1366 1620; x_wconf 88' lang='lat' dir='ltr'><strong>etiam</strong></span> <span class='ocrx_word' id='word_1_94' title='bbox 1411 1565 1583 1632; x_wconf 89' lang='lat' dir='ltr'><strong>dives,</strong></span> <span class='ocrx_word' id='word_1_95' title='bbox 1636 1583 1816 1621; x_wconf 88' lang='lat' dir='ltr'><strong>rerum</strong></span> 
     </span>
    </p>
   </div>
   <div class='ocr_carea' id='block_1_15' title="bbox 234 1654 1818 1730">
    <p class='ocr_par' dir='ltr' id='par_1_15' title="bbox 234 1654 1818 1730">
     <span class='ocr_line' id='line_1_15' title="bbox 234 1654 1818 1730; baseline 0.006 -27"><span class='ocrx_word' id='word_1_96' title='bbox 234 1655 439 1723; x_wconf 85' lang='lat' dir='ltr'><strong>quidem</strong></span> <span class='ocrx_word' id='word_1_97' title='bbox 469 1656 677 1725; x_wconf 85' lang='lat' dir='ltr'><strong>copiam</strong></span> <span class='ocrx_word' id='word_1_98' title='bbox 709 1654 894 1723; x_wconf 81' lang='lat' dir='ltr'><strong>habet,</strong></span> <span class='ocrx_word' id='word_1_99' title='bbox 923 1656 1176 1727; x_wconf 84' lang='lat' dir='ltr'><strong>illamque</strong></span> <span class='ocrx_word' id='word_1_100' title='bbox 1201 1658 1579 1729; x_wconf 87' lang='lat' dir='ltr'><strong>complectitur</strong></span> <span class='ocrx_word' id='word_1_101' title='bbox 1616 1675 1631 1713; x_wconf 88' lang='lat'><strong>:</strong></span> <span class='ocrx_word' id='word_1_102' title='bbox 1661 1662 1818 1730; x_wconf 88' lang='lat' dir='ltr'><strong>cupi-</strong></span> 
     </span>
    </p>
   </div>
   <div class='ocr_carea' id='block_1_16' title="bbox 234 1746 1818 1819">
    <p class='ocr_par' dir='ltr' id='par_1_16' title="bbox 234 1746 1818 1819">
     <span class='ocr_line' id='line_1_16' title="bbox 234 1746 1818 1819; baseline 0.006 -23"><span class='ocrx_word' id='word_1_103' title='bbox 234 1746 447 1801; x_wconf 78' lang='lat' dir='ltr'><strong>ditatem</strong></span> <span class='ocrx_word' id='word_1_104' title='bbox 476 1762 604 1799; x_wconf 89' lang='lat' dir='ltr'><strong>vero</strong></span> <span class='ocrx_word' id='word_1_105' title='bbox 632 1760 787 1819; x_wconf 80' lang='lat' dir='ltr'><strong>suam</strong></span> <span class='ocrx_word' id='word_1_106' title='bbox 807 1762 1023 1802; x_wconf 89' lang='lat' dir='ltr'><strong>omnem</strong></span> <span class='ocrx_word' id='word_1_107' title='bbox 1054 1748 1273 1817; x_wconf 88' lang='lat' dir='ltr'><strong>explere</strong></span> <span class='ocrx_word' id='word_1_108' title='bbox 1300 1749 1517 1819; x_wconf 86' lang='lat' dir='ltr'><strong>nequit;</strong></span> <span class='ocrx_word' id='word_1_109' title='bbox 1549 1752 1644 1806; x_wconf 86' lang='lat' dir='ltr'><strong>sed</strong></span> <span class='ocrx_word' id='word_1_110' title='bbox 1678 1750 1818 1805; x_wconf 87' lang='lat' dir='ltr'><strong>idem</strong></span> 
     </span>
    </p>
   </div>
   <div class='ocr_carea' id='block_1_17' title="bbox 234 1818 1819 1908">
    <p class='ocr_par' dir='ltr' id='par_1_17' title="bbox 234 1818 1819 1908">
     <span class='ocr_line' id='line_1_17' title="bbox 234 1818 1819 1908; baseline 0.004 -19"><span class='ocrx_word' id='word_1_111' title='bbox 234 1836 506 1906; x_wconf 81' lang='lat' dir='ltr'><strong>contingit,</strong></span> <span class='ocrx_word' id='word_1_112' title='bbox 550 1818 692 1907; x_wconf 63' lang='lat' dir='ltr'><strong>quod</strong></span> <span class='ocrx_word' id='word_1_113' title='bbox 746 1837 823 1892; x_wconf 85' lang='lat' dir='ltr'><strong>ait</strong></span> <span class='ocrx_word' id='word_1_114' title='bbox 872 1837 955 1892; x_wconf 85' lang='lat' dir='ltr'><strong>vir</strong></span> <span class='ocrx_word' id='word_1_115' title='bbox 995 1839 1210 1908; x_wconf 83' lang='lat' dir='ltr'><strong>sapiens</strong></span> <span class='ocrx_word' id='word_1_116' title='bbox 1248 1818 1560 1908; x_wconf 69' lang='lat' dir='ltr'><strong>:Cupiditas</strong></span> <span class='ocrx_word' id='word_1_117' title='bbox 1600 1842 1819 1897; x_wconf 77' lang='lat' dir='ltr'><strong>eunuchi</strong></span> 
     </span>
    </p>
   </div>
   <div class='ocr_carea' id='block_1_18' title="bbox 234 1930 1820 2009">
    <p class='ocr_par' dir='ltr' id='par_1_18' title="bbox 234 1930 1820 2009">
     <span class='ocr_line' id='line_1_18' title="bbox 234 1930 1820 2009; baseline 0.008 -28"><span class='ocrx_word' id='word_1_118' title='bbox 234 1930 526 2001; x_wconf 71' lang='lat' dir='ltr'><strong>virginitatis</strong></span> <span class='ocrx_word' id='word_1_119' title='bbox 554 1932 735 2001; x_wconf 75' lang='lat' dir='ltr'><strong>ﬂorem</strong></span> <span class='ocrx_word' id='word_1_120' title='bbox 764 1931 950 2002; x_wconf 70' lang='lat' dir='ltr'><strong>puella</strong></span> <span class='ocrx_word' id='word_1_121' title='bbox 975 1933 1171 2004; x_wconf 80' lang='lat' dir='ltr'><strong>eripere</strong></span> <span class='ocrx_word' id='word_1_122' title='bbox 1208 1932 1397 2009; x_wconf 83' lang='lat' dir='ltr'><strong>(Eccli.</strong></span> <span class='ocrx_word' id='word_1_123' title='bbox 1422 1936 1515 1991; x_wconf 75' lang='lat'><strong>20.</strong></span> <span class='ocrx_word' id='word_1_124' title='bbox 1547 1935 1627 2008; x_wconf 73' lang='lat'><strong>2).</strong></span> <span class='ocrx_word' id='word_1_125' title='bbox 1668 1938 1820 1995; x_wconf 86' lang='lat' dir='ltr'><strong>Sicut</strong></span> 
     </span>
    </p>
   </div>
   <div class='ocr_carea' id='block_1_19' title="bbox 235 2020 1816 2097">
    <p class='ocr_par' dir='ltr' id='par_1_19' title="bbox 235 2020 1816 2097">
     <span class='ocr_line' id='line_1_19' title="bbox 235 2020 1816 2097; baseline 0.007 -21"><span class='ocrx_word' id='word_1_126' title='bbox 235 2020 506 2077; x_wconf 87' lang='lat' dir='ltr'><strong>eunuchus</strong></span> <span class='ocrx_word' id='word_1_127' title='bbox 550 2022 810 2091; x_wconf 80' lang='lat' dir='ltr'><strong>virginem</strong></span> <span class='ocrx_word' id='word_1_128' title='bbox 836 2023 1461 2097; x_wconf 82' lang='lat' dir='ltr'><strong>amplexusingemiseit,</strong></span> <span class='ocrx_word' id='word_1_129' title='bbox 1503 2029 1584 2084; x_wconf 86' lang='lat' dir='ltr'><strong>sic</strong></span> <span class='ocrx_word' id='word_1_130' title='bbox 1621 2030 1816 2087; x_wconf 81' lang='lat' dir='ltr'><strong>divites</strong></span> 
     </span>
    </p>
   </div>
   <div class='ocr_carea' id='block_1_20' title="bbox 234 2111 1816 2184">
    <p class='ocr_par' dir='ltr' id='par_1_20' title="bbox 234 2111 1816 2184">
     <span class='ocr_line' id='line_1_20' title="bbox 234 2111 1816 2184; baseline 0.009 -21"><span class='ocrx_word' id='word_1_131' title='bbox 234 2127 433 2167; x_wconf 82' lang='lat' dir='ltr'><strong>omnes.</strong></span> <span class='ocrx_word' id='word_1_132' title='bbox 490 2111 691 2181; x_wconf 87' lang='lat' dir='ltr'><strong>Ecquis</strong></span> <span class='ocrx_word' id='word_1_133' title='bbox 739 2114 919 2168; x_wconf 88' lang='lat' dir='ltr'><strong>dicere</strong></span> <span class='ocrx_word' id='word_1_134' title='bbox 958 2114 1125 2184; x_wconf 83' lang='lat' dir='ltr'><strong>possit</strong></span> <span class='ocrx_word' id='word_1_135' title='bbox 1167 2116 1236 2172; x_wconf 87' lang='lat' dir='ltr'><strong>de</strong></span> <span class='ocrx_word' id='word_1_136' title='bbox 1266 2120 1478 2175; x_wconf 75' lang='lat' dir='ltr'><strong>cieteris</strong></span> <span class='ocrx_word' id='word_1_137' title='bbox 1519 2122 1816 2177; x_wconf 85' lang='lat' dir='ltr'><strong>omnibus?</strong></span> 
     </span>
    </p>
   </div>
   <div class='ocr_carea' id='block_1_21' title="bbox 233 2202 1819 2282">
    <p class='ocr_par' dir='ltr' id='par_1_21' title="bbox 233 2202 1819 2282">
     <span class='ocr_line' id='line_1_21' title="bbox 233 2202 1819 2282; baseline 0.008 -30"><span class='ocrx_word' id='word_1_138' title='bbox 233 2202 496 2269; x_wconf 84' lang='lat' dir='ltr'><strong>quomodo</strong></span> <span class='ocrx_word' id='word_1_139' title='bbox 523 2217 719 2257; x_wconf 84' lang='lat' dir='ltr'><strong>avarus</strong></span> <span class='ocrx_word' id='word_1_140' title='bbox 748 2203 997 2259; x_wconf 87' lang='lat' dir='ltr'><strong>omnibus</strong></span> <span class='ocrx_word' id='word_1_141' title='bbox 1024 2204 1241 2263; x_wconf 84' lang='lat' dir='ltr'><strong>fastidio</strong></span> <span class='ocrx_word' id='word_1_142' title='bbox 1275 2208 1347 2263; x_wconf 86' lang='lat' dir='ltr'><strong>sit</strong></span> <span class='ocrx_word' id='word_1_143' title='bbox 1374 2211 1548 2265; x_wconf 84' lang='lat' dir='ltr'><strong>servis</strong></span> <span class='ocrx_word' id='word_1_144' title='bbox 1566 2252 1581 2275; x_wconf 92' lang='lat'><strong>,</strong></span> <span class='ocrx_word' id='word_1_145' title='bbox 1610 2213 1819 2282; x_wconf 79' lang='lat' dir='ltr'><strong>agrico-</strong></span> 
     </span>
    </p>
   </div>
   <div class='ocr_carea' id='block_1_22' title="bbox 235 2294 1814 2372">
    <p class='ocr_par' dir='ltr' id='par_1_22' title="bbox 235 2294 1814 2372">
     <span class='ocr_line' id='line_1_22' title="bbox 235 2294 1814 2372; baseline 0.009 -26"><span class='ocrx_word' id='word_1_146' title='bbox 235 2294 314 2359; x_wconf 88' lang='lat' dir='ltr'><strong>lis,</strong></span> <span class='ocrx_word' id='word_1_147' title='bbox 340 2294 530 2349; x_wconf 83' lang='lat' dir='ltr'><strong>vicinis</strong></span> <span class='ocrx_word' id='word_1_148' title='bbox 554 2335 570 2357; x_wconf 88' lang='lat'><strong>,</strong></span> <span class='ocrx_word' id='word_1_149' title='bbox 614 2295 887 2351; x_wconf 87' lang='lat' dir='ltr'><strong>civitatem</strong></span> <span class='ocrx_word' id='word_1_150' title='bbox 910 2299 1243 2367; x_wconf 75' lang='lat' dir='ltr'><strong>gerentibus,</strong></span> <span class='ocrx_word' id='word_1_151' title='bbox 1274 2300 1465 2371; x_wconf 82' lang='lat' dir='ltr'><strong>injuria</strong></span> <span class='ocrx_word' id='word_1_152' title='bbox 1496 2303 1663 2372; x_wconf 70' lang='lat' dir='ltr'><strong>laesis,</strong></span> <span class='ocrx_word' id='word_1_153' title='bbox 1708 2321 1814 2361; x_wconf 87' lang='lat' dir='ltr'><strong>non</strong></span> 
     </span>
    </p>
   </div>
   <div class='ocr_carea' id='block_1_23' title="bbox 194 2384 1813 2472">
    <p class='ocr_par' dir='ltr' id='par_1_23' title="bbox 194 2384 1813 2472">
     <span class='ocr_line' id='line_1_23' title="bbox 194 2384 1813 2472; baseline 0.012 -35"><span class='ocrx_word' id='word_1_154' title='bbox 194 2440 197 2445; x_wconf 57' lang='grc'>,</span> <span class='ocrx_word' id='word_1_155' title='bbox 233 2384 384 2451; x_wconf 75' lang='lat' dir='ltr'><strong>hesis,</strong></span> <span class='ocrx_word' id='word_1_156' title='bbox 454 2388 610 2442; x_wconf 83' lang='lat' dir='ltr'><strong>uxori</strong></span> <span class='ocrx_word' id='word_1_157' title='bbox 655 2389 889 2446; x_wconf 79' lang='lat' dir='ltr'><strong>maxime</strong></span> <span class='ocrx_word' id='word_1_158' title='bbox 934 2393 1197 2461; x_wconf 90' lang='lat' dir='ltr'><strong>omnium,</strong></span> <span class='ocrx_word' id='word_1_159' title='bbox 1248 2393 1434 2451; x_wconf 85' lang='lat' dir='ltr'><strong>liberis</strong></span> <span class='ocrx_word' id='word_1_160' title='bbox 1478 2398 1599 2467; x_wconf 86' lang='lat' dir='ltr'><strong>plus</strong></span> <span class='ocrx_word' id='word_1_161' title='bbox 1653 2416 1813 2472; x_wconf 85' lang='lat' dir='ltr'><strong>quam</strong></span> 
     </span>
    </p>
   </div>
   <div class='ocr_carea' id='block_1_24' title="bbox 230 2475 1817 2560">
    <p class='ocr_par' dir='ltr' id='par_1_24' title="bbox 230 2475 1817 2560">
     <span class='ocr_line' id='line_1_24' title="bbox 230 2475 1817 2560; baseline 0.011 -32"><span class='ocrx_word' id='word_1_162' title='bbox 230 2476 470 2531; x_wconf 88' lang='lat' dir='ltr'><strong>omnibus</strong></span> <span class='ocrx_word' id='word_1_163' title='bbox 503 2478 663 2534; x_wconf 84' lang='lat' dir='ltr'><strong>aliis?</strong></span> <span class='ocrx_word' id='word_1_164' title='bbox 702 2478 817 2534; x_wconf 86' lang='lat' dir='ltr'><strong>Non</strong></span> <span class='ocrx_word' id='word_1_165' title='bbox 847 2481 990 2536; x_wconf 89' lang='lat' dir='ltr'><strong>enim</strong></span> <span class='ocrx_word' id='word_1_166' title='bbox 1023 2475 1147 2537; x_wconf 80' lang='lat' dir='ltr'><strong>illos</strong></span> <span class='ocrx_word' id='word_1_167' title='bbox 1170 2494 1229 2539; x_wconf 92' lang='lat' dir='ltr'><strong>ut</strong></span> <span class='ocrx_word' id='word_1_168' title='bbox 1256 2485 1475 2553; x_wconf 83' lang='lat' dir='ltr'><strong>liberos,</strong></span> <span class='ocrx_word' id='word_1_169' title='bbox 1521 2488 1618 2545; x_wconf 86' lang='lat' dir='ltr'><strong>sed</strong></span> <span class='ocrx_word' id='word_1_170' title='bbox 1664 2492 1817 2560; x_wconf 83' lang='lat' dir='ltr'><strong>pejus</strong></span> 
     </span>
    </p>
   </div>
   <div class='ocr_carea' id='block_1_25' title="bbox 231 2571 1813 2648">
    <p class='ocr_par' dir='ltr' id='par_1_25' title="bbox 231 2571 1813 2648">
     <span class='ocr_line' id='line_1_25' title="bbox 231 2571 1813 2648; baseline 0.015 -31"><span class='ocrx_word' id='word_1_171' title='bbox 231 2582 377 2634; x_wconf 85' lang='lat' dir='ltr'><strong>quam</strong></span> <span class='ocrx_word' id='word_1_172' title='bbox 405 2582 596 2624; x_wconf 86' lang='lat' dir='ltr'><strong>servos</strong></span> <span class='ocrx_word' id='word_1_173' title='bbox 624 2580 676 2625; x_wconf 87' lang='lat' dir='ltr'><strong>et</strong></span> <span class='ocrx_word' id='word_1_174' title='bbox 709 2571 882 2639; x_wconf 89' lang='lat' dir='ltr'><strong>pretio</strong></span> <span class='ocrx_word' id='word_1_175' title='bbox 909 2584 1120 2642; x_wconf 86' lang='lat' dir='ltr'><strong>emptos</strong></span> <span class='ocrx_word' id='word_1_176' title='bbox 1142 2574 1356 2643; x_wconf 86' lang='lat' dir='ltr'><strong>educat,</strong></span> <span class='ocrx_word' id='word_1_177' title='bbox 1386 2579 1533 2635; x_wconf 91' lang='lat' dir='ltr'><strong>mille</strong></span> <span class='ocrx_word' id='word_1_178' title='bbox 1566 2582 1680 2648; x_wconf 67' lang='lat' dir='ltr'><strong>irae,</strong></span> <span class='ocrx_word' id='word_1_179' title='bbox 1712 2583 1813 2639; x_wconf 81' lang='lat' dir='ltr'><strong>do-</strong></span> 
     </span>
    </p>
   </div>
   <div class='ocr_carea' id='block_1_26' title="bbox 233 2656 1811 2743">
    <p class='ocr_par' dir='ltr' id='par_1_26' title="bbox 233 2656 1811 2743">
     <span class='ocr_line' id='line_1_26' title="bbox 233 2656 1811 2743; baseline 0.015 -35"><span class='ocrx_word' id='word_1_180' title='bbox 233 2657 372 2733; x_wconf 79' lang='lat' dir='ltr'><strong>loris,</strong></span> <span class='ocrx_word' id='word_1_181' title='bbox 417 2656 639 2726; x_wconf 87' lang='lat' dir='ltr'><strong>furoris,</strong></span> <span class='ocrx_word' id='word_1_182' title='bbox 672 2660 812 2717; x_wconf 86' lang='lat' dir='ltr'><strong>risus</strong></span> <span class='ocrx_word' id='word_1_183' title='bbox 835 2663 1150 2721; x_wconf 82' lang='lat' dir='ltr'><strong>occasiones</strong></span> <span class='ocrx_word' id='word_1_184' title='bbox 1178 2666 1468 2725; x_wconf 88' lang='lat' dir='ltr'><strong>adversum</strong></span> <span class='ocrx_word' id='word_1_185' title='bbox 1499 2686 1560 2727; x_wconf 92' lang='lat' dir='ltr'><strong>se</strong></span> <span class='ocrx_word' id='word_1_186' title='bbox 1586 2674 1811 2743; x_wconf 57' lang='lat' dir='ltr'><strong>praebet.</strong></span> 
     </span>
    </p>
   </div>
   <div class='ocr_carea' id='block_1_27' title="bbox 231 2751 1813 2838">
    <p class='ocr_par' dir='ltr' id='par_1_27' title="bbox 231 2751 1813 2838">
     <span class='ocr_line' id='line_1_27' title="bbox 231 2751 1813 2838; baseline 0.015 -37"><span class='ocrx_word' id='word_1_187' title='bbox 231 2751 476 2806; x_wconf 87' lang='lat' dir='ltr'><strong>omnibus</strong></span> <span class='ocrx_word' id='word_1_188' title='bbox 522 2753 682 2808; x_wconf 86' lang='lat' dir='ltr'><strong>simul</strong></span> <span class='ocrx_word' id='word_1_189' title='bbox 732 2757 1098 2824; x_wconf 82' lang='lat' dir='ltr'><strong>spectaculum</strong></span> <span class='ocrx_word' id='word_1_190' title='bbox 1142 2758 1334 2817; x_wconf 82' lang='lat' dir='ltr'><strong>factus.</strong></span> <span class='ocrx_word' id='word_1_191' title='bbox 1377 2762 1474 2819; x_wconf 71' lang='lat' dir='ltr'><strong>lite</strong></span> <span class='ocrx_word' id='word_1_192' title='bbox 1524 2776 1652 2822; x_wconf 87' lang='lat' dir='ltr'><strong>sunt</strong></span> <span class='ocrx_word' id='word_1_193' title='bbox 1696 2770 1813 2838; x_wconf 84' lang='lat' dir='ltr'><strong>ejus</strong></span> 
     </span>
    </p>
   </div>
   <div class='ocr_carea' id='block_1_28' title="bbox 230 2840 1811 2929">
    <p class='ocr_par' dir='ltr' id='par_1_28' title="bbox 230 2840 1811 2929">
     <span class='ocr_line' id='line_1_28' title="bbox 230 2840 1811 2929; baseline 0.016 -37"><span class='ocrx_word' id='word_1_194' title='bbox 230 2840 503 2907; x_wconf 67' lang='lat' dir='ltr'><strong>molestiae,</strong></span> <span class='ocrx_word' id='word_1_195' title='bbox 548 2857 613 2899; x_wconf 88' lang='lat' dir='ltr'><strong>ac</strong></span> <span class='ocrx_word' id='word_1_196' title='bbox 653 2842 882 2902; x_wconf 74' lang='lat' dir='ltr'><strong>fortasse</strong></span> <span class='ocrx_word' id='word_1_197' title='bbox 920 2846 1141 2918; x_wconf 84' lang='lat' dir='ltr'><strong>plures;</strong></span> <span class='ocrx_word' id='word_1_198' title='bbox 1181 2866 1359 2922; x_wconf 91' lang='lat' dir='ltr'><strong>neque</strong></span> <span class='ocrx_word' id='word_1_199' title='bbox 1398 2855 1543 2911; x_wconf 87' lang='lat' dir='ltr'><strong>enim</strong></span> <span class='ocrx_word' id='word_1_200' title='bbox 1588 2873 1811 2929; x_wconf 86' lang='lat' dir='ltr'><strong>possunt</strong></span> 
     </span>
    </p>
   </div>
   <div class='ocr_carea' id='block_1_29' title="bbox 228 2935 1813 3012">
    <p class='ocr_par' dir='ltr' id='par_1_29' title="bbox 228 2935 1813 3012">
     <span class='ocr_line' id='line_1_29' title="bbox 228 2935 1813 3012; baseline 0.016 -28"><span class='ocrx_word' id='word_1_201' title='bbox 228 2947 407 2988; x_wconf 88' lang='lat' dir='ltr'><strong>omnes</strong></span> <span class='ocrx_word' id='word_1_202' title='bbox 436 2935 731 3002; x_wconf 89' lang='lat' dir='ltr'><strong>recenseri,</strong></span> <span class='ocrx_word' id='word_1_203' title='bbox 776 2937 874 2993; x_wconf 89' lang='lat' dir='ltr'><strong>sed</strong></span> <span class='ocrx_word' id='word_1_204' title='bbox 911 2940 1242 3012; x_wconf 79' lang='lat' dir='ltr'><strong>experientia</strong></span> <span class='ocrx_word' id='word_1_205' title='bbox 1290 2944 1527 3003; x_wconf 88' lang='lat' dir='ltr'><strong>docebit.</strong></span> <span class='ocrx_word' id='word_1_206' title='bbox 1565 2950 1648 3007; x_wconf 86' lang='lat' dir='ltr'><strong>Tu</strong></span> <span class='ocrx_word' id='word_1_207' title='bbox 1684 2968 1813 3009; x_wconf 88' lang='lat' dir='ltr'><strong>vero</strong></span> 
     </span>
    </p>
   </div>
   <div class='ocr_carea' id='block_1_30' title="bbox 231 3022 1813 3105">
    <p class='ocr_par' dir='ltr' id='par_1_30' title="bbox 231 3022 1813 3105">
     <span class='ocr_line' id='line_1_30' title="bbox 231 3022 1813 3105; baseline 0.018 -30"><span class='ocrx_word' id='word_1_208' title='bbox 231 3022 350 3080; x_wconf 89' lang='lat' dir='ltr'><strong>mihi</strong></span> <span class='ocrx_word' id='word_1_209' title='bbox 377 3024 709 3095; x_wconf 83' lang='lat' dir='ltr'><strong>voluptatem</strong></span> <span class='ocrx_word' id='word_1_210' title='bbox 748 3044 869 3100; x_wconf 71' lang='lat' dir='ltr'><strong>qua:</strong></span> <span class='ocrx_word' id='word_1_211' title='bbox 908 3030 1035 3088; x_wconf 89' lang='lat' dir='ltr'><strong>inde</strong></span> <span class='ocrx_word' id='word_1_212' title='bbox 1058 3035 1298 3105; x_wconf 83' lang='lat' dir='ltr'><strong>carpitur</strong></span> <span class='ocrx_word' id='word_1_213' title='bbox 1338 3036 1606 3097; x_wconf 89' lang='lat' dir='ltr'><strong>describe.</strong></span> <span class='ocrx_word' id='word_1_214' title='bbox 1655 3043 1813 3104; x_wconf 88' lang='lat' dir='ltr'><strong>Dives</strong></span> 
     </span>
    </p>
   </div>
   <div class='ocr_carea' id='block_1_31' title="bbox 227 3118 1812 3201">
    <p class='ocr_par' dir='ltr' id='par_1_31' title="bbox 227 3118 1812 3201">
     <span class='ocr_line' id='line_1_31' title="bbox 227 3118 1812 3201; baseline 0.015 -32"><span class='ocrx_word' id='word_1_215' title='bbox 227 3131 340 3170; x_wconf 83' lang='lat' dir='ltr'><strong>esse</strong></span> <span class='ocrx_word' id='word_1_216' title='bbox 380 3118 572 3172; x_wconf 89' lang='lat' dir='ltr'><strong>videor</strong></span> <span class='ocrx_word' id='word_1_217' title='bbox 610 3129 666 3174; x_wconf 91' lang='lat' dir='ltr'><strong>et</strong></span> <span class='ocrx_word' id='word_1_218' title='bbox 711 3121 1009 3179; x_wconf 86' lang='lat' dir='ltr'><strong>existimor.</strong></span> <span class='ocrx_word' id='word_1_219' title='bbox 1042 3124 1224 3197; x_wconf 81' lang='lat' dir='ltr'><strong>Ecqua</strong></span> <span class='ocrx_word' id='word_1_220' title='bbox 1264 3130 1510 3201; x_wconf 85' lang='lat' dir='ltr'><strong>voluptas</strong></span> <span class='ocrx_word' id='word_1_221' title='bbox 1542 3136 1701 3192; x_wconf 89' lang='lat' dir='ltr'><strong>talem</strong></span> <span class='ocrx_word' id='word_1_222' title='bbox 1734 3140 1812 3194; x_wconf 86' lang='lat' dir='ltr'><strong>vi-</strong></span> 
     </span>
    </p>
   </div>
   <div class='ocr_carea' id='block_1_32' title="bbox 229 3206 1813 3301">
    <p class='ocr_par' dir='ltr' id='par_1_32' title="bbox 229 3206 1813 3301">
     <span class='ocr_line' id='line_1_32' title="bbox 229 3206 1813 3301; baseline 0.018 -44"><span class='ocrx_word' id='word_1_223' title='bbox 229 3206 370 3262; x_wconf 82' lang='lat' dir='ltr'><strong>deri?</strong></span> <span class='ocrx_word' id='word_1_224' title='bbox 399 3208 619 3264; x_wconf 67' lang='lat' dir='ltr'><strong>invidiae</strong></span> <span class='ocrx_word' id='word_1_225' title='bbox 646 3221 795 3268; x_wconf 85' lang='lat' dir='ltr'><strong>certe</strong></span> <span class='ocrx_word' id='word_1_226' title='bbox 817 3229 1013 3271; x_wconf 90' lang='lat' dir='ltr'><strong>nomen</strong></span> <span class='ocrx_word' id='word_1_227' title='bbox 1042 3219 1356 3275; x_wconf 83' lang='lat' dir='ltr'><strong>maximum.</strong></span> <span class='ocrx_word' id='word_1_228' title='bbox 1379 3222 1585 3282; x_wconf 86' lang='lat' dir='ltr'><strong>Nomen</strong></span> <span class='ocrx_word' id='word_1_229' title='bbox 1616 3232 1813 3301; x_wconf 84' lang='lat' dir='ltr'><strong>quippe</strong></span> 
     </span>
    </p>
   </div>
   <div class='ocr_carea' id='block_1_33' title="bbox 230 3302 1811 3378">
    <p class='ocr_par' dir='ltr' id='par_1_33' title="bbox 230 3302 1811 3378">
     <span class='ocr_line' id='line_1_33' title="bbox 230 3302 1811 3378; baseline 0.017 -27"><span class='ocrx_word' id='word_1_230' title='bbox 230 3308 424 3355; x_wconf 85' lang='lat' dir='ltr'><strong>tantum</strong></span> <span class='ocrx_word' id='word_1_231' title='bbox 466 3309 594 3356; x_wconf 76' lang='lat' dir='ltr'><strong>Sunt</strong></span> <span class='ocrx_word' id='word_1_232' title='bbox 635 3302 855 3373; x_wconf 66' lang='lat' dir='ltr'><strong>divitiae,</strong></span> <span class='ocrx_word' id='word_1_233' title='bbox 899 3322 960 3363; x_wconf 88' lang='lat' dir='ltr'><strong>re</strong></span> <span class='ocrx_word' id='word_1_234' title='bbox 996 3323 1245 3366; x_wconf 88' lang='lat' dir='ltr'><strong>vacuum.</strong></span> <span class='ocrx_word' id='word_1_235' title='bbox 1274 3311 1382 3370; x_wconf 91' lang='lat' dir='ltr'><strong>Sed</strong></span> <span class='ocrx_word' id='word_1_236' title='bbox 1406 3316 1475 3372; x_wconf 89' lang='lat' dir='ltr'><strong>de</strong></span> <span class='ocrx_word' id='word_1_237' title='bbox 1504 3318 1589 3373; x_wconf 89' lang='lat' dir='ltr'><strong>illa</strong></span> <span class='ocrx_word' id='word_1_238' title='bbox 1620 3325 1811 3378; x_wconf 86' lang='lat' dir='ltr'><strong>existi-</strong></span> 
     </span>
    </p>
   </div>
   <div class='ocr_carea' id='block_1_34' title="bbox 233 3391 1813 3483">
    <p class='ocr_par' dir='ltr' id='par_1_34' title="bbox 233 3391 1813 3483">
     <span class='ocr_line' id='line_1_34' title="bbox 233 3391 1813 3483; baseline 0.017 -40"><span class='ocrx_word' id='word_1_239' title='bbox 233 3391 481 3461; x_wconf 90' lang='lat' dir='ltr'><strong>matione,</strong></span> <span class='ocrx_word' id='word_1_240' title='bbox 512 3393 744 3464; x_wconf 87' lang='lat' dir='ltr'><strong>inquies,</strong></span> <span class='ocrx_word' id='word_1_241' title='bbox 774 3397 973 3467; x_wconf 77' lang='lat' dir='ltr'><strong>gaudet</strong></span> <span class='ocrx_word' id='word_1_242' title='bbox 1002 3398 1171 3457; x_wconf 88' lang='lat' dir='ltr'><strong>dives.</strong></span> <span class='ocrx_word' id='word_1_243' title='bbox 1223 3402 1458 3462; x_wconf 71' lang='lat' dir='ltr'><strong>Laitatttr</strong></span> <span class='ocrx_word' id='word_1_244' title='bbox 1504 3409 1573 3466; x_wconf 91' lang='lat' dir='ltr'><strong>de</strong></span> <span class='ocrx_word' id='word_1_245' title='bbox 1619 3415 1813 3483; x_wconf 83' lang='lat' dir='ltr'><strong>quibus</strong></span> 
     </span>
    </p>
   </div>
   <div class='ocr_carea' id='block_1_35' title="bbox 225 3482 1810 3575">
    <p class='ocr_par' dir='ltr' id='par_1_35' title="bbox 225 3482 1810 3575">
     <span class='ocr_line' id='line_1_35' title="bbox 225 3482 1810 3575; baseline 0.018 -41"><span class='ocrx_word' id='word_1_246' title='bbox 225 3482 509 3540; x_wconf 89' lang='lat' dir='ltr'><strong>dolendum</strong></span> <span class='ocrx_word' id='word_1_247' title='bbox 548 3496 711 3542; x_wconf 88' lang='lat' dir='ltr'><strong>esset.</strong></span> <span class='ocrx_word' id='word_1_248' title='bbox 766 3489 1085 3556; x_wconf 88' lang='lat' dir='ltr'><strong>Dolendum,</strong></span> <span class='ocrx_word' id='word_1_249' title='bbox 1140 3495 1372 3566; x_wconf 84' lang='lat' dir='ltr'><strong>inquies,</strong></span> <span class='ocrx_word' id='word_1_250' title='bbox 1418 3482 1810 3575; x_wconf 56' lang='lat' dir='ltr'><strong>quare‘iQuia</strong></span> 
     </span>
    </p>
   </div>
   <div class='ocr_carea' id='block_1_36' title="bbox 228 3574 1815 3673">
    <p class='ocr_par' dir='ltr' id='par_1_36' title="bbox 228 3574 1815 3673">
     <span class='ocr_line' id='line_1_36' title="bbox 228 3574 1815 3673; baseline 0.014 -45"><span class='ocrx_word' id='word_1_251' title='bbox 228 3574 347 3630; x_wconf 83' lang='lat' dir='ltr'><strong>illud</strong></span> <span class='ocrx_word' id='word_1_252' title='bbox 374 3580 553 3647; x_wconf 89' lang='lat' dir='ltr'><strong>ipsum</strong></span> <span class='ocrx_word' id='word_1_253' title='bbox 582 3578 647 3633; x_wconf 90' lang='lat' dir='ltr'><strong>ad</strong></span> <span class='ocrx_word' id='word_1_254' title='bbox 677 3583 855 3635; x_wconf 88' lang='lat' dir='ltr'><strong>omnia</strong></span> <span class='ocrx_word' id='word_1_255' title='bbox 885 3583 1124 3640; x_wconf 80' lang='lat' dir='ltr'><strong>inutilem</strong></span> <span class='ocrx_word' id='word_1_256' title='bbox 1155 3587 1354 3671; x_wconf 86' lang='lat' dir='ltr'><strong>reddit,</strong></span> <span class='ocrx_word' id='word_1_257' title='bbox 1375 3591 1639 3673; x_wconf 85' lang='lat' dir='ltr'><strong>timidum,</strong></span> <span class='ocrx_word' id='word_1_258' title='bbox 1667 3574 1815 3668; x_wconf 78' lang='lat' dir='ltr'><strong>igna-</strong></span> 
     </span>
    </p>
   </div>
   <div class='ocr_carea' id='block_1_37' title="bbox 226 3669 1810 3749">
    <p class='ocr_par' dir='ltr' id='par_1_37' title="bbox 226 3669 1810 3749">
     <span class='ocr_line' id='line_1_37' title="bbox 226 3669 1810 3749; baseline 0.019 -32"><span class='ocrx_word' id='word_1_259' title='bbox 226 3682 364 3734; x_wconf 89' lang='lat' dir='ltr'><strong>vum,</strong></span> <span class='ocrx_word' id='word_1_260' title='bbox 395 3669 462 3725; x_wconf 89' lang='lat' dir='ltr'><strong>ad</strong></span> <span class='ocrx_word' id='word_1_261' title='bbox 496 3673 977 3741; x_wconf 76' lang='lat' dir='ltr'><strong>peregrinationem</strong></span> <span class='ocrx_word' id='word_1_262' title='bbox 1005 3670 1421 3749; x_wconf 87' lang='lat' dir='ltr'><strong>suscipiendam,</strong></span> <span class='ocrx_word' id='word_1_263' title='bbox 1471 3669 1539 3740; x_wconf 87' lang='lat' dir='ltr'><strong>ad</strong></span> <span class='ocrx_word' id='word_1_264' title='bbox 1583 3699 1810 3747; x_wconf 90' lang='lat' dir='ltr'><strong>mortem</strong></span> 
     </span>
    </p>
   </div>
   <div class='ocr_carea' id='block_1_38' title="bbox 226 3760 1803 3842">
    <p class='ocr_par' dir='ltr' id='par_1_38' title="bbox 226 3760 1803 3842">
     <span class='ocr_line' id='line_1_38' title="bbox 226 3760 1803 3842; baseline 0.018 -31"><span class='ocrx_word' id='word_1_265' title='bbox 226 3760 584 3817; x_wconf 83' lang='lat' dir='ltr'><strong>obeundam:</strong></span> <span class='ocrx_word' id='word_1_266' title='bbox 640 3777 767 3818; x_wconf 89' lang='lat' dir='ltr'><strong>nam</strong></span> <span class='ocrx_word' id='word_1_267' title='bbox 852 3769 1127 3842; x_wconf 89' lang='lat' dir='ltr'><strong>duplicem</strong></span> <span class='ocrx_word' id='word_1_268' title='bbox 1215 3772 1305 3832; x_wconf 89' lang='lat' dir='ltr'><strong>ille</strong></span> <span class='ocrx_word' id='word_1_269' title='bbox 1394 3790 1628 3837; x_wconf 90' lang='lat' dir='ltr'><strong>mortem</strong></span> <span class='ocrx_word' id='word_1_270' title='bbox 1713 3798 1803 3839; x_wconf 90' lang='lat' dir='ltr'><strong>re-</strong></span> 
     </span>
    </p>
   </div>
   <div class='ocr_carea' id='block_1_39' title="bbox 227 3857 1812 3939">
    <p class='ocr_par' dir='ltr' id='par_1_39' title="bbox 227 3857 1812 3939">
     <span class='ocr_line' id='line_1_39' title="bbox 227 3857 1812 3939; baseline 0.016 -34"><span class='ocrx_word' id='word_1_271' title='bbox 227 3862 386 3920; x_wconf 86' lang='lat' dir='ltr'><strong>putat.</strong></span> <span class='ocrx_word' id='word_1_272' title='bbox 419 3857 770 3923; x_wconf 89' lang='lat' dir='ltr'><strong>pecuniarum</strong></span> <span class='ocrx_word' id='word_1_273' title='bbox 801 3860 970 3931; x_wconf 78' lang='lat' dir='ltr'><strong>magis</strong></span> <span class='ocrx_word' id='word_1_274' title='bbox 998 3878 1155 3932; x_wconf 90' lang='lat' dir='ltr'><strong>quam</strong></span> <span class='ocrx_word' id='word_1_275' title='bbox 1182 3862 1317 3919; x_wconf 85' lang='lat' dir='ltr'><strong>lucis</strong></span> <span class='ocrx_word' id='word_1_276' title='bbox 1341 3869 1568 3939; x_wconf 85' lang='lat' dir='ltr'><strong>cupidus</strong></span> <span class='ocrx_word' id='word_1_277' title='bbox 1598 3873 1637 3928; x_wconf 75' lang='grc' dir='ltr'><strong>ί.</strong></span> <span class='ocrx_word' id='word_1_278' title='bbox 1661 3873 1812 3931; x_wconf 87' lang='lat' dir='ltr'><strong>Hunc</strong></span> 
     </span>
    </p>
   </div>
   <div class='ocr_carea' id='block_1_40' title="bbox 225 3949 1806 4035">
    <p class='ocr_par' dir='ltr' id='par_1_40' title="bbox 225 3949 1806 4035">
     <span class='ocr_line' id='line_1_40' title="bbox 225 3949 1806 4035; baseline 0.018 -37"><span class='ocrx_word' id='word_1_279' title='bbox 225 3962 319 4002; x_wconf 88' lang='lat' dir='ltr'><strong>nec</strong></span> <span class='ocrx_word' id='word_1_280' title='bbox 344 3950 536 4003; x_wconf 68' lang='lat' dir='ltr'><strong>caelum</strong></span> <span class='ocrx_word' id='word_1_281' title='bbox 566 3949 820 4017; x_wconf 83' lang='lat' dir='ltr'><strong>delectat,</strong></span> <span class='ocrx_word' id='word_1_282' title='bbox 850 3956 973 4022; x_wconf 85' lang='lat' dir='ltr'><strong>quia</strong></span> <span class='ocrx_word' id='word_1_283' title='bbox 1003 3973 1108 4010; x_wconf 90' lang='lat' dir='ltr'><strong>non</strong></span> <span class='ocrx_word' id='word_1_284' title='bbox 1141 3958 1240 4012; x_wconf 80' lang='lat' dir='ltr'><strong>fert</strong></span> <span class='ocrx_word' id='word_1_285' title='bbox 1261 3975 1471 4025; x_wconf 91' lang='lat' dir='ltr'><strong>aurum,</strong></span> <span class='ocrx_word' id='word_1_286' title='bbox 1501 3980 1674 4035; x_wconf 91' lang='lat' dir='ltr'><strong>neque</strong></span> <span class='ocrx_word' id='word_1_287' title='bbox 1704 3971 1806 4035; x_wconf 89' lang='lat' dir='ltr'><strong>sol,</strong></span> 
     </span>
    </p>
   </div>
   <div class='ocr_carea' id='block_1_41' title="bbox 226 4040 1807 4129">
    <p class='ocr_par' dir='ltr' id='par_1_41' title="bbox 226 4040 1807 4129">
     <span class='ocr_line' id='line_1_41' title="bbox 226 4040 1807 4129; baseline 0.013 -36"><span class='ocrx_word' id='word_1_288' title='bbox 226 4040 340 4107; x_wconf 87' lang='lat' dir='ltr'><strong>quia</strong></span> <span class='ocrx_word' id='word_1_289' title='bbox 388 4056 586 4097; x_wconf 88' lang='lat' dir='ltr'><strong>aureos</strong></span> <span class='ocrx_word' id='word_1_290' title='bbox 632 4044 811 4099; x_wconf 88' lang='lat' dir='ltr'><strong>radios</strong></span> <span class='ocrx_word' id='word_1_291' title='bbox 856 4062 960 4100; x_wconf 92' lang='lat' dir='ltr'><strong>non</strong></span> <span class='ocrx_word' id='word_1_292' title='bbox 1009 4049 1224 4103; x_wconf 82' lang='lat' dir='ltr'><strong>emittit.</strong></span> <span class='ocrx_word' id='word_1_293' title='bbox 1274 4051 1382 4107; x_wconf 89' lang='lat' dir='ltr'><strong>Sed</strong></span> <span class='ocrx_word' id='word_1_294' title='bbox 1412 4056 1628 4123; x_wconf 89' lang='lat' dir='ltr'><strong>quidam</strong></span> <span class='ocrx_word' id='word_1_295' title='bbox 1661 4072 1807 4129; x_wconf 87' lang='lat' dir='ltr'><strong>sunt,</strong></span> 
     </span>
    </p>
   </div>
   <div class='ocr_carea' id='block_1_42' title="bbox 224 4131 1809 4209">
    <p class='ocr_par' dir='ltr' id='par_1_42' title="bbox 224 4131 1809 4209">
     <span class='ocr_line' id='line_1_42' title="bbox 224 4131 1809 4209; baseline 0.017 -27"><span class='ocrx_word' id='word_1_296' title='bbox 224 4131 449 4202; x_wconf 84' lang='lat' dir='ltr'><strong>inquies,</strong></span> <span class='ocrx_word' id='word_1_297' title='bbox 478 4135 569 4205; x_wconf 86' lang='lat' dir='ltr'><strong>qui</strong></span> <span class='ocrx_word' id='word_1_298' title='bbox 613 4152 791 4191; x_wconf 90' lang='lat' dir='ltr'><strong>rerum</strong></span> <span class='ocrx_word' id='word_1_299' title='bbox 833 4140 985 4209; x_wconf 82' lang='lat' dir='ltr'><strong>copia</strong></span> <span class='ocrx_word' id='word_1_300' title='bbox 1016 4140 1280 4207; x_wconf 86' lang='lat' dir='ltr'><strong>fruuntur,</strong></span> <span class='ocrx_word' id='word_1_301' title='bbox 1309 4145 1518 4204; x_wconf 80' lang='lat' dir='ltr'><strong>deliciis</strong></span> <span class='ocrx_word' id='word_1_302' title='bbox 1544 4160 1599 4206; x_wconf 90' lang='lat' dir='ltr'><strong>et</strong></span> <span class='ocrx_word' id='word_1_303' title='bbox 1636 4157 1809 4209; x_wconf 83' lang='lat' dir='ltr'><strong>ventri</strong></span> 
     </span>
    </p>
   </div>
   <div class='ocr_carea' id='block_1_43' title="bbox 223 4224 1811 4316">
    <p class='ocr_par' dir='ltr' id='par_1_43' title="bbox 223 4224 1811 4316">
     <span class='ocr_line' id='line_1_43' title="bbox 223 4224 1811 4316; baseline 0.018 -41"><span class='ocrx_word' id='word_1_304' title='bbox 223 4224 581 4296; x_wconf 80' lang='lat' dir='ltr'><strong>indulgentes,</strong></span> <span class='ocrx_word' id='word_1_305' title='bbox 611 4230 740 4284; x_wconf 90' lang='lat' dir='ltr'><strong>vino</strong></span> <span class='ocrx_word' id='word_1_306' title='bbox 774 4246 835 4285; x_wconf 87' lang='lat' dir='ltr'><strong>se</strong></span> <span class='ocrx_word' id='word_1_307' title='bbox 882 4233 1293 4305; x_wconf 86' lang='lat' dir='ltr'><strong>ingurgitantes,</strong></span> <span class='ocrx_word' id='word_1_308' title='bbox 1344 4238 1519 4297; x_wconf 88' lang='lat' dir='ltr'><strong>lautos</strong></span> <span class='ocrx_word' id='word_1_309' title='bbox 1564 4257 1811 4316; x_wconf 89' lang='lat' dir='ltr'><strong>sumptus</strong></span> 
     </span>
    </p>
   </div>
   <div class='ocr_carea' id='block_1_44' title="bbox 221 4314 1809 4396">
    <p class='ocr_par' dir='ltr' id='par_1_44' title="bbox 221 4314 1809 4396">
     <span class='ocr_line' id='line_1_44' title="bbox 221 4314 1809 4396; baseline 0.018 -28"><span class='ocrx_word' id='word_1_310' title='bbox 221 4314 575 4373; x_wconf 82' lang='lat' dir='ltr'><strong>cB‘undentes.</strong></span> <span class='ocrx_word' id='word_1_311' title='bbox 622 4318 843 4388; x_wconf 83' lang='lat' dir='ltr'><strong>chores</strong></span> <span class='ocrx_word' id='word_1_312' title='bbox 875 4324 1086 4381; x_wconf 75' lang='lat' dir='ltr'><strong>ezeteris</strong></span> <span class='ocrx_word' id='word_1_313' title='bbox 1129 4328 1259 4383; x_wconf 91' lang='lat' dir='ltr'><strong>mihi</strong></span> <span class='ocrx_word' id='word_1_314' title='bbox 1306 4346 1515 4390; x_wconf 88' lang='lat' dir='ltr'><strong>narras.</strong></span> <span class='ocrx_word' id='word_1_315' title='bbox 1557 4336 1637 4392; x_wconf 89' lang='lat' dir='ltr'><strong>Illi</strong></span> <span class='ocrx_word' id='word_1_316' title='bbox 1668 4314 1809 4396; x_wconf 83' lang='lat' dir='ltr'><strong>enim</strong></span> 
     </span>
    </p>
   </div>
   <div class='ocr_carea' id='block_1_45' title="bbox 222 4408 1809 4501">
    <p class='ocr_par' dir='ltr' id='par_1_45' title="bbox 222 4408 1809 4501">
     <span class='ocr_line' id='line_1_45' title="bbox 222 4408 1809 4501; baseline 0.02 -43"><span class='ocrx_word' id='word_1_317' title='bbox 222 4408 448 4464; x_wconf 78' lang='lat' dir='ltr'><strong>maxime</strong></span> <span class='ocrx_word' id='word_1_318' title='bbox 475 4420 625 4475; x_wconf 88' lang='lat' dir='ltr'><strong>sunt,</strong></span> <span class='ocrx_word' id='word_1_319' title='bbox 657 4413 747 4482; x_wconf 90' lang='lat' dir='ltr'><strong>qui</strong></span> <span class='ocrx_word' id='word_1_320' title='bbox 777 4429 882 4469; x_wconf 91' lang='lat' dir='ltr'><strong>non</strong></span> <span class='ocrx_word' id='word_1_321' title='bbox 905 4414 1181 4501; x_wconf 75' lang='lat' dir='ltr'><strong>fruuntur.</strong></span> <span class='ocrx_word' id='word_1_322' title='bbox 1228 4422 1320 4479; x_wconf 87' lang='lat' dir='ltr'><strong>ille</strong></span> <span class='ocrx_word' id='word_1_323' title='bbox 1357 4441 1590 4499; x_wconf 87' lang='lat' dir='ltr'><strong>namque</strong></span> <span class='ocrx_word' id='word_1_324' title='bbox 1619 4433 1809 4489; x_wconf 88' lang='lat' dir='ltr'><strong>saltent</strong></span> 
     </span>
    </p>
   </div>
   <div class='ocr_carea' id='block_1_46' title="bbox 220 4495 1815 4584">
    <p class='ocr_par' dir='ltr' id='par_1_46' title="bbox 220 4495 1815 4584">
     <span class='ocr_line' id='line_1_46' title="bbox 220 4495 1815 4584; baseline 0.023 -37"><span class='ocrx_word' id='word_1_325' title='bbox 220 4495 693 4576; x_wconf 33' lang='lat' dir='ltr'><strong>abaiiis‘abstinct</strong></span> <span class='ocrx_word' id='word_1_326' title='bbox 718 4495 1012 4577; x_wconf 44' lang='lat' dir='ltr'><strong>mali§,&#39;uni</strong></span> <span class='ocrx_word' id='word_1_327' title='bbox 1042 4514 1280 4580; x_wconf 75' lang='lat' dir='ltr'><strong>pecunia:</strong></span> <span class='ocrx_word' id='word_1_328' title='bbox 1311 4519 1481 4575; x_wconf 87' lang='lat' dir='ltr'><strong>amori</strong></span> <span class='ocrx_word' id='word_1_329' title='bbox 1502 4495 1762 4582; x_wconf 65' lang='lat' dir='ltr'><strong>addictus</strong></span> <span class='ocrx_word' id='word_1_330' title='bbox 1796 4546 1815 4584; x_wconf 70' lang='grc' dir='ltr'><strong>ι</strong></span> 
     </span>
    </p>
   </div>
   <div class='ocr_carea' id='block_1_47' title="bbox 221 4586 1814 4677">
    <p class='ocr_par' dir='ltr' id='par_1_47' title="bbox 221 4586 1814 4677">
     <span class='ocr_line' id='line_1_47' title="bbox 221 4586 1814 4677; baseline 0.023 -39"><span class='ocrx_word' id='word_1_331' title='bbox 221 4586 293 4641; x_wconf 89' lang='lat' dir='ltr'><strong>illi</strong></span> <span class='ocrx_word' id='word_1_332' title='bbox 337 4605 488 4655; x_wconf 79' lang='lat' dir='ltr'><strong>vero,</strong></span> <span class='ocrx_word' id='word_1_333' title='bbox 537 4592 622 4646; x_wconf 89' lang='lat' dir='ltr'><strong>bis</strong></span> <span class='ocrx_word' id='word_1_334' title='bbox 670 4595 902 4665; x_wconf 89' lang='lat' dir='ltr'><strong>pejores,</strong></span> <span class='ocrx_word' id='word_1_335' title='bbox 952 4612 1148 4668; x_wconf 67' lang='lat' dir='ltr'><strong>prarter</strong></span> <span class='ocrx_word' id='word_1_336' title='bbox 1181 4607 1505 4677; x_wconf 89' lang='lat' dir='ltr'><strong>supradicta,</strong></span> <span class='ocrx_word' id='word_1_337' title='bbox 1540 4612 1731 4670; x_wconf 90' lang='lat' dir='ltr'><strong>duram</strong></span> <span class='ocrx_word' id='word_1_338' title='bbox 1759 4629 1814 4674; x_wconf 90' lang='lat' dir='ltr'><strong>et</strong></span> 
     </span>
    </p>
   </div>
   <div class='ocr_carea' id='block_1_48' title="bbox 219 4680 1813 4778">
    <p class='ocr_par' dir='ltr' id='par_1_48' title="bbox 219 4680 1813 4778">
     <span class='ocr_line' id='line_1_48' title="bbox 219 4680 1813 4778; baseline 0.023 -49"><span class='ocrx_word' id='word_1_339' title='bbox 219 4680 564 4751; x_wconf 81' lang='lat' dir='ltr'><strong>multiplicem</strong></span> <span class='ocrx_word' id='word_1_340' title='bbox 589 4684 687 4739; x_wconf 84' lang='lat' dir='ltr'><strong>sibi</strong></span> <span class='ocrx_word' id='word_1_341' title='bbox 710 4689 1020 4745; x_wconf 87' lang='lat' dir='ltr'><strong>servitutem</strong></span> <span class='ocrx_word' id='word_1_342' title='bbox 1044 4694 1338 4765; x_wconf 82' lang='lat' dir='ltr'><strong>attrahunt,</strong></span> <span class='ocrx_word' id='word_1_343' title='bbox 1360 4711 1413 4755; x_wconf 89' lang='lat' dir='ltr'><strong>et</strong></span> <span class='ocrx_word' id='word_1_344' title='bbox 1439 4717 1538 4759; x_wconf 92' lang='lat' dir='ltr'><strong>ceu</strong></span> <span class='ocrx_word' id='word_1_345' title='bbox 1570 4710 1813 4778; x_wconf 86' lang='lat' dir='ltr'><strong>tyrannis</strong></span> 
     </span>
    </p>
   </div>
   <div class='ocr_carea' id='block_1_49' title="bbox 217 4770 1810 4867">
    <p class='ocr_par' dir='ltr' id='par_1_49' title="bbox 217 4770 1810 4867">
     <span class='ocr_line' id='line_1_49' title="bbox 217 4770 1810 4867; baseline 0.023 -47"><span class='ocrx_word' id='word_1_346' title='bbox 217 4770 530 4837; x_wconf 85' lang='lat' dir='ltr'><strong>quibusdam</strong></span> <span class='ocrx_word' id='word_1_347' title='bbox 575 4775 897 4834; x_wconf 83' lang='lat' dir='ltr'><strong>immanibus</strong></span> <span class='ocrx_word' id='word_1_348' title='bbox 924 4796 1046 4839; x_wconf 87' lang='lat' dir='ltr'><strong>sese</strong></span> <span class='ocrx_word' id='word_1_349' title='bbox 1070 4784 1269 4842; x_wconf 89' lang='lat' dir='ltr'><strong>dedunt</strong></span> <span class='ocrx_word' id='word_1_350' title='bbox 1298 4794 1492 4860; x_wconf 90' lang='lat' dir='ltr'><strong>ventri,</strong></span> <span class='ocrx_word' id='word_1_351' title='bbox 1521 4770 1810 4867; x_wconf 74' lang='lat' dir='ltr'><strong>corporum</strong></span> 
     </span>
    </p>
   </div>
   <div class='ocr_carea' id='block_1_50' title="bbox 217 4866 1814 4954">
    <p class='ocr_par' dir='ltr' id='par_1_50' title="bbox 217 4866 1814 4954">
     <span class='ocr_line' id='line_1_50' title="bbox 217 4866 1814 4954; baseline 0.024 -41"><span class='ocrx_word' id='word_1_352' title='bbox 217 4866 404 4927; x_wconf 85' lang='lat' dir='ltr'><strong>amori.</strong></span> <span class='ocrx_word' id='word_1_353' title='bbox 436 4868 711 4935; x_wconf 85' lang='lat' dir='ltr'><strong>ebrietati,</strong></span> <span class='ocrx_word' id='word_1_354' title='bbox 742 4875 1060 4946; x_wconf 77' lang='lat' dir='ltr'><strong>cmterisque</strong></span> <span class='ocrx_word' id='word_1_355' title='bbox 1080 4880 1222 4937; x_wconf 85' lang='lat' dir='ltr'><strong>vitiis</strong></span> <span class='ocrx_word' id='word_1_356' title='bbox 1244 4886 1483 4954; x_wconf 87' lang='lat' dir='ltr'><strong>quotidie</strong></span> <span class='ocrx_word' id='word_1_357' title='bbox 1503 4866 1814 4950; x_wconf 88' lang='lat' dir='ltr'><strong>ministran-</strong></span> 
     </span>
    </p>
   </div>
   <div class='ocr_carea' id='block_1_51' title="bbox 217 4961 1811 5057">
    <p class='ocr_par' dir='ltr' id='par_1_51' title="bbox 217 4961 1811 5057">
     <span class='ocr_line' id='line_1_51' title="bbox 217 4961 1811 5057; baseline 0.025 -52"><span class='ocrx_word' id='word_1_358' title='bbox 217 4961 314 5019; x_wconf 84' lang='lat' dir='ltr'><strong>tes,</strong></span> <span class='ocrx_word' id='word_1_359' title='bbox 346 4967 526 5013; x_wconf 86' lang='lat' dir='ltr'><strong>scorta</strong></span> <span class='ocrx_word' id='word_1_360' title='bbox 556 4961 786 5031; x_wconf 87' lang='lat' dir='ltr'><strong>alentes,</strong></span> <span class='ocrx_word' id='word_1_361' title='bbox 819 4965 992 5024; x_wconf 86' lang='lat' dir='ltr'><strong>lautas</strong></span> <span class='ocrx_word' id='word_1_362' title='bbox 1032 4987 1217 5031; x_wconf 87' lang='lat' dir='ltr'><strong>coenas</strong></span> <span class='ocrx_word' id='word_1_363' title='bbox 1256 4992 1602 5053; x_wconf 74' lang='lat' dir='ltr'><strong>apparentes,</strong></span> <span class='ocrx_word' id='word_1_364' title='bbox 1651 5002 1811 5057; x_wconf 83' lang='lat' dir='ltr'><strong>para-</strong></span> 
     </span>
    </p>
   </div>
   <div class='ocr_carea' id='block_1_52' title="bbox 144 5047 1812 5141">
    <p class='ocr_par' dir='ltr' id='par_1_52' title="bbox 144 5047 1812 5141">
     <span class='ocr_line' id='line_1_52' title="bbox 144 5047 1812 5141; baseline 0.026 -46"><span class='ocrx_word' id='word_1_365' title='bbox 144 5052 147 5057; x_wconf 82' lang='lat'><em>&#39;</em></span> <span class='ocrx_word' id='word_1_366' title='bbox 213 5047 363 5113; x_wconf 84' lang='lat' dir='ltr'><strong>sitos,</strong></span> <span class='ocrx_word' id='word_1_367' title='bbox 394 5051 706 5110; x_wconf 80' lang='lat' dir='ltr'><strong>adulatores</strong></span> <span class='ocrx_word' id='word_1_368' title='bbox 732 5069 995 5125; x_wconf 82' lang='lat' dir='ltr'><strong>ementes,</strong></span> <span class='ocrx_word' id='word_1_369' title='bbox 1030 5064 1080 5118; x_wconf 93' lang='lat' dir='ltr'><strong>in</strong></span> <span class='ocrx_word' id='word_1_370' title='bbox 1107 5080 1321 5124; x_wconf 86' lang='lat' dir='ltr'><strong>amores</strong></span> <span class='ocrx_word' id='word_1_371' title='bbox 1345 5085 1538 5141; x_wconf 66' lang='lat' dir='ltr'><strong>printer</strong></span> <span class='ocrx_word' id='word_1_372' title='bbox 1561 5047 1812 5139; x_wconf 72' lang='lat' dir='ltr'><strong>naturam</strong></span> 
     </span>
    </p>
   </div>
   <div class='ocr_carea' id='block_1_53' title="bbox 216 5134 1807 5234">
    <p class='ocr_par' dir='ltr' id='par_1_53' title="bbox 216 5134 1807 5234">
     <span class='ocr_line' id='line_1_53' title="bbox 216 5134 1807 5234; baseline 0.026 -45"><span class='ocrx_word' id='word_1_373' title='bbox 216 5134 535 5201; x_wconf 75' lang='lat' dir='ltr'><strong>incidentes,</strong></span> <span class='ocrx_word' id='word_1_374' title='bbox 589 5144 712 5202; x_wconf 87' lang='lat' dir='ltr'><strong>hinc</strong></span> <span class='ocrx_word' id='word_1_375' title='bbox 753 5150 899 5204; x_wconf 82' lang='lat' dir='ltr'><strong>mille</strong></span> <span class='ocrx_word' id='word_1_376' title='bbox 942 5156 1145 5210; x_wconf 88' lang='lat' dir='ltr'><strong>morbis</strong></span> <span class='ocrx_word' id='word_1_377' title='bbox 1174 5168 1230 5213; x_wconf 93' lang='lat' dir='ltr'><strong>et</strong></span> <span class='ocrx_word' id='word_1_378' title='bbox 1258 5134 1459 5234; x_wconf 69' lang='lat' dir='ltr'><strong>corpus</strong></span> <span class='ocrx_word' id='word_1_379' title='bbox 1487 5178 1542 5223; x_wconf 91' lang='lat' dir='ltr'><strong>et</strong></span> <span class='ocrx_word' id='word_1_380' title='bbox 1575 5173 1807 5232; x_wconf 55' lang='lat' dir='ltr'><strong>animan‘</strong></span> 
     </span>
    </p>
   </div>
   <div class='ocr_carea' id='block_1_54' title="bbox 214 5228 1806 5336">
    <p class='ocr_par' dir='ltr' id='par_1_54' title="bbox 214 5228 1806 5336">
     <span class='ocr_line' id='line_1_54' title="bbox 214 5228 1806 5336; baseline 0.026 -55"><span class='ocrx_word' id='word_1_381' title='bbox 214 5228 533 5289; x_wconf 84' lang='lat' dir='ltr'><strong>aflicientes.</strong></span> <span class='ocrx_word' id='word_1_382' title='bbox 561 5235 679 5292; x_wconf 83' lang='lat' dir='ltr'><strong>Non</strong></span> <span class='ocrx_word' id='word_1_383' title='bbox 707 5242 849 5297; x_wconf 88' lang='lat' dir='ltr'><strong>enim</strong></span> <span class='ocrx_word' id='word_1_384' title='bbox 879 5260 975 5313; x_wconf 88' lang='lat' dir='ltr'><strong>pro</strong></span> <span class='ocrx_word' id='word_1_385' title='bbox 1002 5254 1322 5309; x_wconf 87' lang='lat' dir='ltr'><strong>necessariis</strong></span> <span class='ocrx_word' id='word_1_386' title='bbox 1347 5256 1485 5315; x_wconf 88' lang='lat' dir='ltr'><strong>bona</strong></span> <span class='ocrx_word' id='word_1_387' title='bbox 1512 5261 1806 5336; x_wconf 90' lang='lat' dir='ltr'><strong>insumunt,</strong></span> 
     </span>
    </p>
   </div>
   <div class='ocr_carea' id='block_1_55' title="bbox 240 5466 1813 5559">
    <p class='ocr_par' dir='ltr' id='par_1_55' title="bbox 240 5466 1813 5559">
     <span class='ocr_line' id='line_1_55' title="bbox 240 5466 1813 5559; baseline 0.034 -64"><span class='ocrx_word' id='word_1_388' title='bbox 240 5528 245 5533; x_wconf 26' lang='lat'><strong>’</strong></span> <span class='ocrx_word' id='word_1_389' title='bbox 274 5468 288 5495; x_wconf 84' lang='grc' dir='ltr'><strong>ι</strong></span> <span class='ocrx_word' id='word_1_390' title='bbox 316 5466 553 5515; x_wconf 64' lang='lat' dir='ltr'><strong>Ettiderai</strong></span> <span class='ocrx_word' id='word_1_391' title='bbox 596 5471 817 5533; x_wconf 61' lang='grc' dir='ltr'><strong>Μοιιιιξΐ.ν</strong></span> <span class='ocrx_word' id='word_1_392' title='bbox 849 5480 930 5525; x_wconf 67' lang='grc' dir='ltr'><strong>ταὶ</strong></span> <span class='ocrx_word' id='word_1_393' title='bbox 964 5482 1051 5543; x_wconf 74' lang='grc' dir='ltr'><strong>γὰρ</strong></span> <span class='ocrx_word' id='word_1_394' title='bbox 1079 5486 1295 5547; x_wconf 77' lang='grc' dir='ltr'><strong>κρεῖττον</strong></span> <span class='ocrx_word' id='word_1_395' title='bbox 1313 5492 1497 5550; x_wconf 75' lang='grc' dir='ltr'><strong>ἡγεῖται</strong></span> <span class='ocrx_word' id='word_1_396' title='bbox 1524 5497 1685 5559; x_wconf 72' lang='grc' dir='ltr'><strong>τοῦτο,</strong></span> <span class='ocrx_word' id='word_1_397' title='bbox 1720 5504 1813 5556; x_wconf 69' lang='lat' dir='ltr'><strong>La-</strong></span> 
     </span>
     <span class='ocr_line' id='line_1_56' title="bbox 240 5540 1343 5559; baseline 0 0"><span class='ocrx_word' id='word_1_398' title='bbox 240 5541 413 5559; x_wconf 62' lang='lat' dir='ltr'><strong>tnnnnr-</strong></span> <span class='ocrx_word' id='word_1_399' title='bbox 443 5542 609 5559; x_wconf 44' lang='grc' dir='ltr'><strong>ινμιγιην</strong></span> <span class='ocrx_word' id='word_1_400' title='bbox 632 5542 661 5559; x_wconf 58' lang='grc' dir='ltr'><strong><em>κο</em></strong></span> <span class='ocrx_word' id='word_1_401' title='bbox 723 5550 827 5559; x_wconf 42' lang='grc' dir='ltr'>..κημ</span> <span class='ocrx_word' id='word_1_402' title='bbox 859 5540 994 5559; x_wconf 64' lang='lat'><strong>_.&#39;.&#39;..,&#39;._&#39;</strong></span> <span class='ocrx_word' id='word_1_403' title='bbox 1335 5552 1343 5559; x_wconf 86' lang='grc'>.</span> 
     </span>
    </p>
   </div>
   <div class='ocr_carea' id='block_1_56' title="bbox 214 5531 1812 5619">
    <p class='ocr_par' dir='ltr' id='par_1_56' title="bbox 214 5531 1812 5619">
     <span class='ocr_line' id='line_1_57' title="bbox 214 5531 1812 5619; baseline 0.027 -48"><span class='ocrx_word' id='word_1_404' title='bbox 720 5531 829 5619; x_wconf 47' lang='lat' dir='ltr'><strong>una}:</strong></span> <span class='ocrx_word' id='word_1_405' title='bbox 854 5531 1051 5619; x_wconf 53' lang='grc' dir='ltr'><strong>ίίίιείζὶαζς</strong></span> <span class='ocrx_word' id='word_1_406' title='bbox 1082 5531 1184 5619; x_wconf 44' lang='lat' dir='ltr'><strong>{iis}</strong></span> <span class='ocrx_word' id='word_1_407' title='bbox 1213 5531 1425 5619; x_wconf 60' lang='lat' dir='ltr'><strong>omnium</strong></span> 
     </span>
    </p>
   </div>
   <div class='ocr_carea' id='block_1_57' title="bbox 213 5592 1811 5681">
    <p class='ocr_par' dir='ltr' id='par_1_57' title="bbox 213 5592 1811 5681">
     <span class='ocr_line' id='line_1_58' title="bbox 213 5592 1811 5681; baseline 0.004 0"><span class='ocrx_word' id='word_1_408' title='bbox 213 5592 697 5681; x_wconf 50' lang='lat' dir='ltr'><strong>res:uicere</strong></span> <span class='ocrx_word' id='word_1_409' title='bbox 725 5592 1045 5681; x_wconf 56' lang='grc' dir='ltr'>ριιρέ</span> <span class='ocrx_word' id='word_1_410' title='bbox 1215 5592 1811 5681; x_wconf 58' lang='lat' dir='ltr'><strong>&#39;iiilé}}l&quot;ii13‘1&#39;ii‘3&#39;ii$i2‘é</strong></span> 
     </span>
    </p>
   </div>
   <div class='ocr_carea' id='block_1_58' title="bbox 213 5652 1811 5742">
    <p class='ocr_par' dir='ltr' id='par_1_58' title="bbox 213 5652 1811 5742">
     <span class='ocr_line' id='line_1_59' title="bbox 236 5652 1811 5681; baseline 0.032 -51"><span class='ocrx_word' id='word_1_411' title='bbox 236 5652 241 5658; x_wconf 19' lang='grc' dir='ltr'><strong>ν</strong></span> <span class='ocrx_word' id='word_1_412' title='bbox 415 5654 425 5666; x_wconf 48' lang='grc' dir='ltr'><strong><em>Ι</em></strong></span> <span class='ocrx_word' id='word_1_413' title='bbox 1000 5652 1017 5667; x_wconf 53' lang='grc' dir='ltr'><strong><em>τ</em></strong></span> <span class='ocrx_word' id='word_1_414' title='bbox 1036 5652 1044 5654; x_wconf 19' lang='grc' dir='ltr'>ἡ</span> <span class='ocrx_word' id='word_1_415' title='bbox 1098 5652 1144 5658; x_wconf 43' lang='grc' dir='ltr'><strong>τ-</strong></span> <span class='ocrx_word' id='word_1_416' title='bbox 1164 5652 1198 5658; x_wconf 90' lang='grc'><strong>-.</strong></span> <span class='ocrx_word' id='word_1_417' title='bbox 1227 5652 1399 5664; x_wconf 68' lang='grc' dir='ltr'><strong>...ιννση</strong></span> <span class='ocrx_word' id='word_1_418' title='bbox 1434 5652 1518 5681; x_wconf 70' lang='grc' dir='ltr'>γιυ</span> <span class='ocrx_word' id='word_1_419' title='bbox 1546 5652 1635 5671; x_wconf 57' lang='grc' dir='ltr'><strong>ἰω</strong></span> <span class='ocrx_word' id='word_1_420' title='bbox 1661 5652 1811 5681; x_wconf 59' lang='lat' dir='ltr'><strong>&quot;auiti.</strong></span> 
     </span>
     <span class='ocr_line' id='line_1_60' title="bbox 213 5655 1811 5742; baseline 0.031 -49"><span class='ocrx_word' id='word_1_421' title='bbox 659 5660 735 5742; x_wconf 45' lang='lat'><strong>&#39;2.‘</strong></span> <span class='ocrx_word' id='word_1_422' title='bbox 845 5665 931 5713; x_wconf 87' lang='lat' dir='ltr'><strong>l0:</strong></span> <span class='ocrx_word' id='word_1_423' title='bbox 977 5670 1303 5742; x_wconf 66' lang='lat' dir='ltr'><strong>Ubjiciebatur</strong></span> <span class='ocrx_word' id='word_1_424' title='bbox 1355 5678 1597 5733; x_wconf 72' lang='lat' dir='ltr'><strong>interdum</strong></span> <span class='ocrx_word' id='word_1_425' title='bbox 1646 5692 1811 5742; x_wconf 76' lang='lat' dir='ltr'><strong>animo</strong></span> 
     </span>
    </p>
   </div>
   <div class='ocr_carea' id='block_1_59' title="bbox 212 5716 1810 5833">
    <p class='ocr_par' dir='ltr' id='par_1_59' title="bbox 212 5716 1810 5833">
     <span class='ocr_line' id='line_1_61' title="bbox 212 5716 1810 5833; baseline 0.028 -77"><span class='ocrx_word' id='word_1_426' title='bbox 382 5716 595 5829; x_wconf 41' lang='lat' dir='ltr'><strong>ﬁtcigmn</strong></span> <span class='ocrx_word' id='word_1_427' title='bbox 626 5730 671 5769; x_wconf 74' lang='lat' dir='ltr'><strong>et</strong></span> <span class='ocrx_word' id='word_1_428' title='bbox 703 5725 875 5787; x_wconf 77' lang='lat' dir='ltr'><strong>dolor,</strong></span> <span class='ocrx_word' id='word_1_429' title='bbox 928 5716 1325 5799; x_wconf 35' lang='lat' dir='ltr'><strong>committi-ﬁuit:</strong></span> 
     </span>
    </p>
   </div>
   <div class='ocr_carea' id='block_1_60' title="bbox 1093 344 2649 410">
    <p class='ocr_par' dir='ltr' id='par_1_60' title="bbox 1093 344 2649 410">
     <span class='ocr_line' id='line_1_62' title="bbox 1093 344 2649 410; baseline -0.001 -3"><span class='ocrx_word' id='word_1_430' title='bbox 1093 353 1156 409; x_wconf 78' lang='grc' dir='ltr'><strong>ΙΝ</strong></span> <span class='ocrx_word' id='word_1_431' title='bbox 1195 350 1604 410; x_wconf 67' lang='lat' dir='ltr'><strong>MATTILEUM</strong></span> <span class='ocrx_word' id='word_1_432' title='bbox 1644 344 1874 403; x_wconf 71' lang='lat' dir='ltr'><strong>IIOMIL.</strong></span> <span class='ocrx_word' id='word_1_433' title='bbox 1920 344 2207 403; x_wconf 77' lang='lat' dir='ltr'><strong>LXXXIII.</strong></span> <span class='ocrx_word' id='word_1_434' title='bbox 2249 349 2319 402; x_wconf 85' lang='lat' dir='ltr'><strong>al.</strong></span> <span class='ocrx_word' id='word_1_435' title='bbox 2364 347 2649 406; x_wconf 73' lang='lat' dir='ltr'><strong>LXXXIV.</strong></span> 
     </span>
    </p>
   </div>
   <div class='ocr_carea' id='block_1_61' title="bbox 3446 359 3550 417">
    <p class='ocr_par' dir='ltr' id='par_1_61' title="bbox 3446 359 3550 417">
     <span class='ocr_line' id='line_1_63' title="bbox 3446 359 3550 417; baseline -0.01 -4"><span class='ocrx_word' id='word_1_436' title='bbox 3446 359 3550 417; x_wconf 76' lang='grc' dir='ltr'><strong>7.·ιο</strong></span> 
     </span>
    </p>
   </div>
   <div class='ocr_carea' id='block_1_62' title="bbox 1943 457 3548 531">
    <p class='ocr_par' dir='ltr' id='par_1_62' title="bbox 1943 457 3548 531">
     <span class='ocr_line' id='line_1_64' title="bbox 1943 457 3548 531; baseline 0 -16"><span class='ocrx_word' id='word_1_437' title='bbox 1943 457 2039 515; x_wconf 85' lang='lat' dir='ltr'><strong>sed</strong></span> <span class='ocrx_word' id='word_1_438' title='bbox 2084 474 2184 529; x_wconf 91' lang='lat' dir='ltr'><strong>pro</strong></span> <span class='ocrx_word' id='word_1_439' title='bbox 2231 460 2297 516; x_wconf 90' lang='lat' dir='ltr'><strong>iis</strong></span> <span class='ocrx_word' id='word_1_440' title='bbox 2337 476 2459 530; x_wconf 74' lang='lat' dir='ltr'><strong>qua:</strong></span> <span class='ocrx_word' id='word_1_441' title='bbox 2504 477 2703 531; x_wconf 86' lang='lat' dir='ltr'><strong>corpus</strong></span> <span class='ocrx_word' id='word_1_442' title='bbox 2743 471 2801 517; x_wconf 88' lang='lat' dir='ltr'><strong>et</strong></span> <span class='ocrx_word' id='word_1_443' title='bbox 2845 462 3009 519; x_wconf 85' lang='lat' dir='ltr'><strong>simul</strong></span> <span class='ocrx_word' id='word_1_444' title='bbox 3040 465 3275 521; x_wconf 80' lang='lat' dir='ltr'><strong>animam</strong></span> <span class='ocrx_word' id='word_1_445' title='bbox 3307 482 3548 528; x_wconf 77' lang='lat' dir='ltr'><strong>cors-um-</strong></span> 
     </span>
    </p>
   </div>
   <div class='ocr_carea' id='block_1_63' title="bbox 1937 552 3546 631">
    <p class='ocr_par' dir='ltr' id='par_1_63' title="bbox 1937 552 3546 631">
     <span class='ocr_line' id='line_1_65' title="bbox 1937 552 3546 631; baseline 0.009 -25"><span class='ocrx_word' id='word_1_446' title='bbox 1937 560 2074 623; x_wconf 85' lang='lat' dir='ltr'><strong>punt</strong></span> <span class='ocrx_word' id='word_1_447' title='bbox 2115 571 2131 608; x_wconf 92' lang='lat'><strong>:</strong></span> <span class='ocrx_word' id='word_1_448' title='bbox 2164 552 2504 624; x_wconf 87' lang='lat' dir='ltr'><strong>idipsumque</strong></span> <span class='ocrx_word' id='word_1_449' title='bbox 2559 565 2723 625; x_wconf 87' lang='lat' dir='ltr'><strong>agunt</strong></span> <span class='ocrx_word' id='word_1_450' title='bbox 2773 569 2839 611; x_wconf 87' lang='lat' dir='ltr'><strong>ac</strong></span> <span class='ocrx_word' id='word_1_451' title='bbox 2878 554 2927 611; x_wconf 88' lang='lat' dir='ltr'><strong>si</strong></span> <span class='ocrx_word' id='word_1_452' title='bbox 2976 556 3102 628; x_wconf 79' lang='lat' dir='ltr'><strong>quis</strong></span> <span class='ocrx_word' id='word_1_453' title='bbox 3139 573 3339 631; x_wconf 82' lang='lat' dir='ltr'><strong>corpus</strong></span> <span class='ocrx_word' id='word_1_454' title='bbox 3381 576 3546 620; x_wconf 81' lang='lat' dir='ltr'><strong>exor-</strong></span> 
     </span>
    </p>
   </div>
   <div class='ocr_carea' id='block_1_64' title="bbox 1939 644 3547 724">
    <p class='ocr_par' dir='ltr' id='par_1_64' title="bbox 1939 644 3547 724">
     <span class='ocr_line' id='line_1_66' title="bbox 1939 644 3547 724; baseline 0.01 -28"><span class='ocrx_word' id='word_1_455' title='bbox 1939 658 2094 709; x_wconf 87' lang='lat' dir='ltr'><strong>nans,</strong></span> <span class='ocrx_word' id='word_1_456' title='bbox 2138 652 2291 713; x_wconf 92' lang='lat' dir='ltr'><strong>putet</strong></span> <span class='ocrx_word' id='word_1_457' title='bbox 2338 644 2459 698; x_wconf 88' lang='lat' dir='ltr'><strong>usui</strong></span> <span class='ocrx_word' id='word_1_458' title='bbox 2500 658 2601 699; x_wconf 85' lang='lat' dir='ltr'><strong>suo</strong></span> <span class='ocrx_word' id='word_1_459' title='bbox 2644 645 2929 716; x_wconf 83' lang='lat' dir='ltr'><strong>pecuniam</strong></span> <span class='ocrx_word' id='word_1_460' title='bbox 2975 647 3314 718; x_wconf 84' lang='lat' dir='ltr'><strong>impendere.</strong></span> <span class='ocrx_word' id='word_1_461' title='bbox 3361 650 3547 724; x_wconf 80' lang='lat' dir='ltr'><strong>Itaque</strong></span> 
     </span>
    </p>
   </div>
   <div class='ocr_carea' id='block_1_65' title="bbox 1938 735 3541 811">
    <p class='ocr_par' dir='ltr' id='par_1_65' title="bbox 1938 735 3541 811">
     <span class='ocr_line' id='line_1_67' title="bbox 1938 735 3541 811; baseline 0.008 -23"><span class='ocrx_word' id='word_1_462' title='bbox 1938 735 2025 788; x_wconf 88' lang='lat' dir='ltr'><strong>ille</strong></span> <span class='ocrx_word' id='word_1_463' title='bbox 2051 736 2202 791; x_wconf 84' lang='lat' dir='ltr'><strong>solus</strong></span> <span class='ocrx_word' id='word_1_464' title='bbox 2229 736 2505 805; x_wconf 84' lang='lat' dir='ltr'><strong>vohtptate</strong></span> <span class='ocrx_word' id='word_1_465' title='bbox 2532 736 2749 804; x_wconf 80' lang='lat' dir='ltr'><strong>fruitur,</strong></span> <span class='ocrx_word' id='word_1_466' title='bbox 2793 752 3125 811; x_wconf 86' lang='lat' dir='ltr'><strong>suarumque</strong></span> <span class='ocrx_word' id='word_1_467' title='bbox 3156 757 3338 799; x_wconf 88' lang='lat' dir='ltr'><strong>rerum</strong></span> <span class='ocrx_word' id='word_1_468' title='bbox 3364 743 3541 801; x_wconf 87' lang='lat' dir='ltr'><strong>domi-</strong></span> 
     </span>
    </p>
   </div>
   <div class='ocr_carea' id='block_1_66' title="bbox 1935 828 3561 899">
    <p class='ocr_par' dir='ltr' id='par_1_66' title="bbox 1935 828 3561 899">
     <span class='ocr_line' id='line_1_68' title="bbox 1935 828 3561 899; baseline 0.006 -20"><span class='ocrx_word' id='word_1_469' title='bbox 1935 842 2034 880; x_wconf 81' lang='lat' dir='ltr'><strong>nus</strong></span> <span class='ocrx_word' id='word_1_470' title='bbox 2060 835 2165 893; x_wconf 84' lang='lat' dir='ltr'><strong>est,</strong></span> <span class='ocrx_word' id='word_1_471' title='bbox 2193 828 2283 899; x_wconf 91' lang='lat' dir='ltr'><strong>qui</strong></span> <span class='ocrx_word' id='word_1_472' title='bbox 2322 828 2427 883; x_wconf 76' lang='lat' dir='ltr'><strong>iliis</strong></span> <span class='ocrx_word' id='word_1_473' title='bbox 2454 838 2511 882; x_wconf 93' lang='lat' dir='ltr'><strong>ut</strong></span> <span class='ocrx_word' id='word_1_474' title='bbox 2539 844 2635 899; x_wconf 88' lang='lat' dir='ltr'><strong>par</strong></span> <span class='ocrx_word' id='word_1_475' title='bbox 2659 838 2744 884; x_wconf 87' lang='lat' dir='ltr'><strong>est</strong></span> <span class='ocrx_word' id='word_1_476' title='bbox 2774 828 2983 897; x_wconf 88' lang='lat' dir='ltr'><strong>utitur;</strong></span> <span class='ocrx_word' id='word_1_477' title='bbox 3009 830 3063 885; x_wconf 90' lang='lat' dir='ltr'><strong>hi</strong></span> <span class='ocrx_word' id='word_1_478' title='bbox 3094 848 3226 889; x_wconf 90' lang='lat' dir='ltr'><strong>vero</strong></span> <span class='ocrx_word' id='word_1_479' title='bbox 3250 835 3395 892; x_wconf 86' lang='lat' dir='ltr'><strong>servi</strong></span> <span class='ocrx_word' id='word_1_480' title='bbox 3414 845 3561 891; x_wconf 88' lang='lat' dir='ltr'><strong>sunt</strong></span> 
     </span>
    </p>
   </div>
   <div class='ocr_carea' id='block_1_67' title="bbox 1933 913 3542 1000">
    <p class='ocr_par' dir='ltr' id='par_1_67' title="bbox 1933 913 3542 1000">
     <span class='ocr_line' id='line_1_69' title="bbox 1933 913 3542 1000; baseline 0.006 -28"><span class='ocrx_word' id='word_1_481' title='bbox 1933 925 1990 972; x_wconf 90' lang='lat' dir='ltr'><strong>et</strong></span> <span class='ocrx_word' id='word_1_482' title='bbox 2014 918 2210 988; x_wconf 86' lang='lat' dir='ltr'><strong>captivi</strong></span> <span class='ocrx_word' id='word_1_483' title='bbox 2238 935 2254 974; x_wconf 91' lang='lat'>:</span> <span class='ocrx_word' id='word_1_484' title='bbox 2285 934 2409 974; x_wconf 88' lang='lat' dir='ltr'><strong>nam</strong></span> <span class='ocrx_word' id='word_1_485' title='bbox 2437 920 2682 991; x_wconf 83' lang='lat' dir='ltr'><strong>corporis</strong></span> <span class='ocrx_word' id='word_1_486' title='bbox 2725 920 3071 977; x_wconf 82' lang='lat' dir='ltr'><strong>inﬁrmitates</strong></span> <span class='ocrx_word' id='word_1_487' title='bbox 3092 933 3149 978; x_wconf 92' lang='lat' dir='ltr'><strong>et</strong></span> <span class='ocrx_word' id='word_1_488' title='bbox 3170 913 3364 981; x_wconf 71' lang='lat' dir='ltr'><strong>anima:</strong></span> <span class='ocrx_word' id='word_1_489' title='bbox 3384 942 3542 1000; x_wconf 33' lang='lat' dir='ltr'><strong>‘mnr-</strong></span> 
     </span>
    </p>
   </div>
   <div class='ocr_carea' id='block_1_68' title="bbox 1932 1002 3541 1085">
    <p class='ocr_par' dir='ltr' id='par_1_68' title="bbox 1932 1002 3541 1085">
     <span class='ocr_line' id='line_1_70' title="bbox 1932 1002 3541 1085; baseline 0.004 -21"><span class='ocrx_word' id='word_1_490' title='bbox 1932 1008 2033 1064; x_wconf 89' lang='lat' dir='ltr'><strong>bos</strong></span> <span class='ocrx_word' id='word_1_491' title='bbox 2076 1020 2296 1080; x_wconf 82' lang='lat' dir='ltr'><strong>augent.</strong></span> <span class='ocrx_word' id='word_1_492' title='bbox 2329 1009 2613 1078; x_wconf 79' lang='lat' dir='ltr'><strong>Quodnam</strong></span> <span class='ocrx_word' id='word_1_493' title='bbox 2656 1026 2787 1084; x_wconf 82' lang='lat' dir='ltr'><strong>ergo</strong></span> <span class='ocrx_word' id='word_1_494' title='bbox 2815 1012 3029 1069; x_wconf 77' lang='lat' dir='ltr'><strong>fruendi</strong></span> <span class='ocrx_word' id='word_1_495' title='bbox 3054 1028 3248 1085; x_wconf 79' lang='lat' dir='ltr'><strong>genus,</strong></span> <span class='ocrx_word' id='word_1_496' title='bbox 3276 1002 3365 1072; x_wconf 80' lang='lat' dir='ltr'><strong>ubi</strong></span> <span class='ocrx_word' id='word_1_497' title='bbox 3393 1018 3541 1074; x_wconf 86' lang='lat' dir='ltr'><strong>obsi-</strong></span> 
     </span>
    </p>
   </div>
   <div class='ocr_carea' id='block_1_69' title="bbox 1929 1099 3544 1175">
    <p class='ocr_par' dir='ltr' id='par_1_69' title="bbox 1929 1099 3544 1175">
     <span class='ocr_line' id='line_1_71' title="bbox 1929 1099 3544 1175; baseline 0.007 -22"><span class='ocrx_word' id='word_1_498' title='bbox 1929 1099 2043 1163; x_wconf 90' lang='lat' dir='ltr'><strong>dio.</strong></span> <span class='ocrx_word' id='word_1_499' title='bbox 2073 1099 2297 1166; x_wconf 90' lang='lat' dir='ltr'><strong>bellum,</strong></span> <span class='ocrx_word' id='word_1_500' title='bbox 2327 1110 2489 1174; x_wconf 87' lang='lat' dir='ltr'><strong>atque</strong></span> <span class='ocrx_word' id='word_1_501' title='bbox 2520 1111 2816 1173; x_wconf 85' lang='lat' dir='ltr'><strong>tempestas</strong></span> <span class='ocrx_word' id='word_1_502' title='bbox 2856 1104 3084 1161; x_wconf 83' lang='lat' dir='ltr'><strong>marinis</strong></span> <span class='ocrx_word' id='word_1_503' title='bbox 3106 1108 3352 1175; x_wconf 82' lang='lat' dir='ltr'><strong>procellis</strong></span> <span class='ocrx_word' id='word_1_504' title='bbox 3377 1111 3544 1166; x_wconf 85' lang='lat' dir='ltr'><strong>vehe-</strong></span> 
     </span>
    </p>
   </div>
   <div class='ocr_carea' id='block_1_70' title="bbox 1931 1192 3546 1259">
    <p class='ocr_par' dir='ltr' id='par_1_70' title="bbox 1931 1192 3546 1259">
     <span class='ocr_line' id='line_1_72' title="bbox 1931 1192 3546 1259; baseline 0.009 -14"><span class='ocrx_word' id='word_1_505' title='bbox 1931 1192 2164 1248; x_wconf 86' lang='lat' dir='ltr'><strong>mentior</strong></span> <span class='ocrx_word' id='word_1_506' title='bbox 2182 1193 2207 1230; x_wconf 69' lang='grc' dir='ltr'><strong>ν</strong></span> <span class='ocrx_word' id='word_1_507' title='bbox 2251 1192 2385 1249; x_wconf 80' lang='lat' dir='ltr'><strong>Nam</strong></span> <span class='ocrx_word' id='word_1_508' title='bbox 2431 1194 2636 1251; x_wconf 73' lang='lat' dir='ltr'><strong>divitia:</strong></span> <span class='ocrx_word' id='word_1_509' title='bbox 2676 1196 2722 1252; x_wconf 76' lang='lat' dir='ltr'><strong>si</strong></span> <span class='ocrx_word' id='word_1_510' title='bbox 2751 1197 2974 1253; x_wconf 87' lang='lat' dir='ltr'><strong>stultum</strong></span> <span class='ocrx_word' id='word_1_511' title='bbox 3002 1198 3279 1256; x_wconf 89' lang='lat' dir='ltr'><strong>hominem</strong></span> <span class='ocrx_word' id='word_1_512' title='bbox 3308 1204 3546 1259; x_wconf 71' lang='lat' dir='ltr'><strong>invene-</strong></span> 
     </span>
    </p>
   </div>
   <div class='ocr_carea' id='block_1_71' title="bbox 1929 1284 3528 1360">
    <p class='ocr_par' dir='ltr' id='par_1_71' title="bbox 1929 1284 3528 1360">
     <span class='ocr_line' id='line_1_73' title="bbox 1929 1284 3528 1360; baseline 0.009 -21"><span class='ocrx_word' id='word_1_513' title='bbox 1929 1284 2059 1351; x_wconf 87' lang='lat' dir='ltr'><strong>rint,</strong></span> <span class='ocrx_word' id='word_1_514' title='bbox 2091 1286 2395 1343; x_wconf 88' lang='lat' dir='ltr'><strong>stnltiorent</strong></span> <span class='ocrx_word' id='word_1_515' title='bbox 2429 1288 2657 1344; x_wconf 89' lang='lat' dir='ltr'><strong>reddunt</strong></span> <span class='ocrx_word' id='word_1_516' title='bbox 2687 1306 2703 1356; x_wconf 89' lang='lat'><strong>;</strong></span> <span class='ocrx_word' id='word_1_517' title='bbox 2750 1291 2795 1346; x_wconf 90' lang='lat' dir='ltr'><strong>si</strong></span> <span class='ocrx_word' id='word_1_518' title='bbox 2828 1291 3113 1360; x_wconf 86' lang='lat' dir='ltr'><strong>lascivum,</strong></span> <span class='ocrx_word' id='word_1_519' title='bbox 3163 1293 3528 1354; x_wconf 85' lang='lat' dir='ltr'><strong>lasciviorem.</strong></span> 
     </span>
    </p>
   </div>
   <div class='ocr_carea' id='block_1_72' title="bbox 1932 1377 3539 1455">
    <p class='ocr_par' dir='ltr' id='par_1_72' title="bbox 1932 1377 3539 1455">
     <span class='ocr_line' id='line_1_74' title="bbox 1932 1377 3539 1455; baseline 0.012 -28"><span class='ocrx_word' id='word_1_520' title='bbox 1932 1377 2132 1447; x_wconf 80' lang='lat' dir='ltr'><strong>Ecqua,</strong></span> <span class='ocrx_word' id='word_1_521' title='bbox 2164 1377 2395 1450; x_wconf 84' lang='lat' dir='ltr'><strong>inquies,</strong></span> <span class='ocrx_word' id='word_1_522' title='bbox 2432 1383 2655 1453; x_wconf 87' lang='lat' dir='ltr'><strong>pauperi</strong></span> <span class='ocrx_word' id='word_1_523' title='bbox 2684 1398 2752 1439; x_wconf 86' lang='lat' dir='ltr'><strong>ex</strong></span> <span class='ocrx_word' id='word_1_524' title='bbox 2786 1384 3069 1455; x_wconf 87' lang='lat' dir='ltr'><strong>prudentia</strong></span> <span class='ocrx_word' id='word_1_525' title='bbox 3110 1387 3357 1444; x_wconf 76' lang='lat' dir='ltr'><strong>utilitas?</strong></span> <span class='ocrx_word' id='word_1_526' title='bbox 3408 1391 3539 1447; x_wconf 80' lang='lat' dir='ltr'><strong>Jurc</strong></span> 
     </span>
    </p>
   </div>
   <div class='ocr_carea' id='block_1_73' title="bbox 1929 1466 3532 1549">
    <p class='ocr_par' dir='ltr' id='par_1_73' title="bbox 1929 1466 3532 1549">
     <span class='ocr_line' id='line_1_75' title="bbox 1929 1466 3532 1549; baseline 0.011 -29"><span class='ocrx_word' id='word_1_527' title='bbox 1929 1466 2057 1539; x_wconf 90' lang='lat' dir='ltr'><strong>illud</strong></span> <span class='ocrx_word' id='word_1_528' title='bbox 2096 1468 2330 1538; x_wconf 83' lang='lat' dir='ltr'><strong>ignoras.</strong></span> <span class='ocrx_word' id='word_1_529' title='bbox 2357 1468 2545 1542; x_wconf 84' lang='lat' dir='ltr'><strong>Neque</strong></span> <span class='ocrx_word' id='word_1_530' title='bbox 2573 1473 2717 1527; x_wconf 89' lang='lat' dir='ltr'><strong>enim</strong></span> <span class='ocrx_word' id='word_1_531' title='bbox 2744 1488 2925 1530; x_wconf 57' lang='lat' dir='ltr'><strong>caecus</strong></span> <span class='ocrx_word' id='word_1_532' title='bbox 2953 1476 3078 1542; x_wconf 89' lang='lat' dir='ltr'><strong>scit,</strong></span> <span class='ocrx_word' id='word_1_533' title='bbox 3107 1477 3234 1549; x_wconf 85' lang='lat' dir='ltr'><strong>quid</strong></span> <span class='ocrx_word' id='word_1_534' title='bbox 3274 1480 3409 1535; x_wconf 90' lang='lat' dir='ltr'><strong>lucri</strong></span> <span class='ocrx_word' id='word_1_535' title='bbox 3442 1482 3532 1538; x_wconf 88' lang='lat' dir='ltr'><strong>lux</strong></span> 
     </span>
    </p>
   </div>
   <div class='ocr_carea' id='block_1_74' title="bbox 1925 1557 3538 1637">
    <p class='ocr_par' dir='ltr' id='par_1_74' title="bbox 1925 1557 3538 1637">
     <span class='ocr_line' id='line_1_76' title="bbox 1925 1557 3538 1637; baseline 0.01 -25"><span class='ocrx_word' id='word_1_536' title='bbox 1925 1557 2130 1614; x_wconf 56' lang='grc' dir='ltr'>ἥσει-ιιι.</span> <span class='ocrx_word' id='word_1_537' title='bbox 2161 1560 2299 1616; x_wconf 79' lang='lat' dir='ltr'><strong>Audi</strong></span> <span class='ocrx_word' id='word_1_538' title='bbox 2331 1561 2680 1619; x_wconf 83' lang='lat' dir='ltr'><strong>SalomOnem</strong></span> <span class='ocrx_word' id='word_1_539' title='bbox 2707 1565 2977 1623; x_wconf 87' lang='lat' dir='ltr'><strong>dicentem</strong></span> <span class='ocrx_word' id='word_1_540' title='bbox 3013 1585 3025 1621; x_wconf 94' lang='lat'><strong>:</strong></span> <span class='ocrx_word' id='word_1_541' title='bbox 3064 1569 3325 1637; x_wconf 77' lang='lat' dir='ltr'><strong>Quantum</strong></span> <span class='ocrx_word' id='word_1_542' title='bbox 3352 1582 3425 1628; x_wconf 77' lang='lat' dir='ltr'><strong>est</strong></span> <span class='ocrx_word' id='word_1_543' title='bbox 3458 1576 3538 1628; x_wconf 87' lang='lat' dir='ltr'><strong>iu-</strong></span> 
     </span>
    </p>
   </div>
   <div class='ocr_carea' id='block_1_75' title="bbox 1927 1650 3535 1730">
    <p class='ocr_par' dir='ltr' id='par_1_75' title="bbox 1927 1650 3535 1730">
     <span class='ocr_line' id='line_1_77' title="bbox 1927 1650 3535 1730; baseline 0.009 -27"><span class='ocrx_word' id='word_1_544' title='bbox 1927 1660 2003 1703; x_wconf 87' lang='lat' dir='ltr'><strong>ter</strong></span> <span class='ocrx_word' id='word_1_545' title='bbox 2028 1650 2257 1705; x_wconf 80' lang='lat' dir='ltr'><strong>tenebras</strong></span> <span class='ocrx_word' id='word_1_546' title='bbox 2286 1662 2334 1706; x_wconf 89' lang='lat' dir='ltr'><strong>et</strong></span> <span class='ocrx_word' id='word_1_547' title='bbox 2365 1653 2531 1708; x_wconf 83' lang='lat' dir='ltr'><strong>lucem</strong></span> <span class='ocrx_word' id='word_1_548' title='bbox 2563 1655 2809 1721; x_wconf 84' lang='lat' dir='ltr'><strong>medium,</strong></span> <span class='ocrx_word' id='word_1_549' title='bbox 2855 1666 3067 1723; x_wconf 60' lang='lat' dir='ltr'><strong>tantum,</strong></span> <span class='ocrx_word' id='word_1_550' title='bbox 3090 1660 3296 1730; x_wconf 78' lang='lat' dir='ltr'><strong>sapiens</strong></span> <span class='ocrx_word' id='word_1_551' title='bbox 3324 1661 3535 1717; x_wconf 77' lang='lat' dir='ltr'><strong>stultum</strong></span> 
     </span>
    </p>
   </div>
   <div class='ocr_carea' id='block_1_76' title="bbox 1924 1742 3538 1821">
    <p class='ocr_par' dir='ltr' id='par_1_76' title="bbox 1924 1742 3538 1821">
     <span class='ocr_line' id='line_1_78' title="bbox 1924 1742 3538 1821; baseline 0.011 -27"><span class='ocrx_word' id='word_1_552' title='bbox 1924 1754 2129 1812; x_wconf 77' lang='lat' dir='ltr'><strong>superat</strong></span> <span class='ocrx_word' id='word_1_553' title='bbox 2169 1743 2189 1814; x_wconf 91' lang='lat'>(</span> <span class='ocrx_word' id='word_1_554' title='bbox 2210 1742 2380 1800; x_wconf 82' lang='lat' dir='ltr'><strong>Eccle.</strong></span> <span class='ocrx_word' id='word_1_555' title='bbox 2409 1744 2465 1800; x_wconf 72' lang='grc'><strong>2.</strong></span> <span class='ocrx_word' id='word_1_556' title='bbox 2506 1746 2598 1819; x_wconf 78' lang='grc'><strong>15)</strong></span> <span class='ocrx_word' id='word_1_557' title='bbox 2626 1790 2640 1802; x_wconf 94' lang='grc'><strong>.</strong></span> <span class='ocrx_word' id='word_1_558' title='bbox 2693 1747 2802 1804; x_wconf 86' lang='lat' dir='ltr'><strong>Sed</strong></span> <span class='ocrx_word' id='word_1_559' title='bbox 2831 1765 2954 1804; x_wconf 89' lang='lat' dir='ltr'><strong>cum</strong></span> <span class='ocrx_word' id='word_1_560' title='bbox 2971 1752 3075 1821; x_wconf 71' lang='lat' dir='ltr'><strong>.qui</strong></span> <span class='ocrx_word' id='word_1_561' title='bbox 3106 1752 3160 1807; x_wconf 92' lang='lat' dir='ltr'><strong>in</strong></span> <span class='ocrx_word' id='word_1_562' title='bbox 3192 1754 3431 1810; x_wconf 85' lang='lat' dir='ltr'><strong>tenebris</strong></span> <span class='ocrx_word' id='word_1_563' title='bbox 3454 1769 3538 1813; x_wconf 68' lang='grc' dir='ltr'><strong>εει</strong></span> 
     </span>
    </p>
   </div>
   <div class='ocr_carea' id='block_1_77' title="bbox 1925 1837 3536 1914">
    <p class='ocr_par' dir='ltr' id='par_1_77' title="bbox 1925 1837 3536 1914">
     <span class='ocr_line' id='line_1_79' title="bbox 1925 1837 3536 1914; baseline 0.011 -26"><span class='ocrx_word' id='word_1_564' title='bbox 1925 1837 2198 1905; x_wconf 83' lang='lat' dir='ltr'><strong>quomodo</strong></span> <span class='ocrx_word' id='word_1_565' title='bbox 2240 1839 2604 1896; x_wconf 75' lang='lat' dir='ltr'><strong>docebimus?</strong></span> <span class='ocrx_word' id='word_1_566' title='bbox 2653 1841 2789 1897; x_wconf 88' lang='lat' dir='ltr'><strong>Nam</strong></span> <span class='ocrx_word' id='word_1_567' title='bbox 2829 1845 3180 1914; x_wconf 76' lang='lat' dir='ltr'><strong>pecuniarum</strong></span> <span class='ocrx_word' id='word_1_568' title='bbox 3209 1863 3365 1904; x_wconf 88' lang='lat' dir='ltr'><strong>amor</strong></span> <span class='ocrx_word' id='word_1_569' title='bbox 3394 1865 3536 1906; x_wconf 70' lang='lat' dir='ltr'><strong>rem:</strong></span> 
     </span>
    </p>
   </div>
   <div class='ocr_carea' id='block_1_78' title="bbox 1927 1930 3537 2011">
    <p class='ocr_par' dir='ltr' id='par_1_78' title="bbox 1927 1930 3537 2011">
     <span class='ocr_line' id='line_1_80' title="bbox 1927 1930 3537 2011; baseline 0.011 -30"><span class='ocrx_word' id='word_1_570' title='bbox 1927 1930 2166 1984; x_wconf 77' lang='lat' dir='ltr'><strong>tenebra:</strong></span> <span class='ocrx_word' id='word_1_571' title='bbox 2216 1940 2363 1998; x_wconf 88' lang='lat' dir='ltr'><strong>sunt,</strong></span> <span class='ocrx_word' id='word_1_572' title='bbox 2417 1947 2540 2003; x_wconf 67' lang='lat' dir='ltr'><strong>quae</strong></span> <span class='ocrx_word' id='word_1_573' title='bbox 2593 1948 2775 1989; x_wconf 88' lang='lat' dir='ltr'><strong>rerum</strong></span> <span class='ocrx_word' id='word_1_574' title='bbox 2823 1935 3023 1992; x_wconf 87' lang='lat' dir='ltr'><strong>nullam</strong></span> <span class='ocrx_word' id='word_1_575' title='bbox 3054 1938 3239 1993; x_wconf 89' lang='lat' dir='ltr'><strong>sinunt</strong></span> <span class='ocrx_word' id='word_1_576' title='bbox 3266 1941 3537 2011; x_wconf 87' lang='lat' dir='ltr'><strong>respicere</strong></span> 
     </span>
    </p>
   </div>
   <div class='ocr_carea' id='block_1_79' title="bbox 1923 2024 3532 2101">
    <p class='ocr_par' dir='ltr' id='par_1_79' title="bbox 1923 2024 3532 2101">
     <span class='ocr_line' id='line_1_81' title="bbox 1923 2024 3532 2101; baseline 0.009 -24"><span class='ocrx_word' id='word_1_577' title='bbox 1923 2024 2096 2092; x_wconf 84' lang='lat' dir='ltr'><strong>qualis</strong></span> <span class='ocrx_word' id='word_1_578' title='bbox 2149 2034 2253 2087; x_wconf 83' lang='lat' dir='ltr'><strong>est,</strong></span> <span class='ocrx_word' id='word_1_579' title='bbox 2304 2025 2400 2081; x_wconf 88' lang='lat' dir='ltr'><strong>sed</strong></span> <span class='ocrx_word' id='word_1_580' title='bbox 2452 2027 2559 2082; x_wconf 87' lang='lat' dir='ltr'><strong>alio</strong></span> <span class='ocrx_word' id='word_1_581' title='bbox 2613 2028 2769 2101; x_wconf 84' lang='lat' dir='ltr'><strong>longe</strong></span> <span class='ocrx_word' id='word_1_582' title='bbox 2820 2031 3006 2087; x_wconf 91' lang='lat' dir='ltr'><strong>modo.</strong></span> <span class='ocrx_word' id='word_1_583' title='bbox 3068 2033 3532 2100; x_wconf 83' lang='lat' dir='ltr'><strong>Quemadmodum</strong></span> 
     </span>
    </p>
   </div>
   <div class='ocr_carea' id='block_1_80' title="bbox 1920 2116 3529 2196">
    <p class='ocr_par' dir='ltr' id='par_1_80' title="bbox 1920 2116 3529 2196">
     <span class='ocr_line' id='line_1_82' title="bbox 1920 2116 3529 2196; baseline 0.009 -26"><span class='ocrx_word' id='word_1_584' title='bbox 1920 2117 2066 2170; x_wconf 79' lang='lat' dir='ltr'><strong>enim</strong></span> <span class='ocrx_word' id='word_1_585' title='bbox 2096 2118 2184 2186; x_wconf 91' lang='lat' dir='ltr'><strong>qui</strong></span> <span class='ocrx_word' id='word_1_586' title='bbox 2214 2116 2267 2172; x_wconf 82' lang='lat' dir='ltr'><strong>in</strong></span> <span class='ocrx_word' id='word_1_587' title='bbox 2298 2119 2539 2175; x_wconf 84' lang='lat' dir='ltr'><strong>tenebris</strong></span> <span class='ocrx_word' id='word_1_588' title='bbox 2568 2128 2676 2189; x_wconf 89' lang='lat' dir='ltr'><strong>est,</strong></span> <span class='ocrx_word' id='word_1_589' title='bbox 2703 2122 2918 2179; x_wconf 87' lang='lat' dir='ltr'><strong>etiamsi</strong></span> <span class='ocrx_word' id='word_1_590' title='bbox 2948 2140 3044 2182; x_wconf 87' lang='lat' dir='ltr'><strong>vas</strong></span> <span class='ocrx_word' id='word_1_591' title='bbox 3068 2142 3297 2183; x_wconf 89' lang='lat' dir='ltr'><strong>aureum</strong></span> <span class='ocrx_word' id='word_1_592' title='bbox 3325 2129 3529 2196; x_wconf 85' lang='lat' dir='ltr'><strong>videat,</strong></span> 
     </span>
    </p>
   </div>
   <div class='ocr_carea' id='block_1_81' title="bbox 1921 2210 3533 2292">
    <p class='ocr_par' dir='ltr' id='par_1_81' title="bbox 1921 2210 3533 2292">
     <span class='ocr_line' id='line_1_83' title="bbox 1921 2210 3533 2292; baseline 0.009 -28"><span class='ocrx_word' id='word_1_593' title='bbox 1921 2210 2130 2265; x_wconf 84' lang='lat' dir='ltr'><strong>etiamsi</strong></span> <span class='ocrx_word' id='word_1_594' title='bbox 2162 2211 2394 2282; x_wconf 90' lang='lat' dir='ltr'><strong>lapidem</strong></span> <span class='ocrx_word' id='word_1_595' title='bbox 2424 2214 2745 2283; x_wconf 85' lang='lat' dir='ltr'><strong>pretiosum,</strong></span> <span class='ocrx_word' id='word_1_596' title='bbox 2794 2217 3010 2274; x_wconf 89' lang='lat' dir='ltr'><strong>etiamsi</strong></span> <span class='ocrx_word' id='word_1_597' title='bbox 3048 2221 3367 2276; x_wconf 88' lang='lat' dir='ltr'><strong>vestimenta</strong></span> <span class='ocrx_word' id='word_1_598' title='bbox 3400 2237 3533 2292; x_wconf 88' lang='lat' dir='ltr'><strong>pur-</strong></span> 
     </span>
    </p>
   </div>
   <div class='ocr_carea' id='block_1_82' title="bbox 1922 2304 3530 2376">
    <p class='ocr_par' dir='ltr' id='par_1_82' title="bbox 1922 2304 3530 2376">
     <span class='ocr_line' id='line_1_84' title="bbox 1922 2304 3530 2376; baseline 0.007 -19"><span class='ocrx_word' id='word_1_599' title='bbox 1922 2317 2110 2373; x_wconf 83' lang='lat' dir='ltr'><strong>purea,</strong></span> <span class='ocrx_word' id='word_1_600' title='bbox 2161 2318 2225 2359; x_wconf 90' lang='lat' dir='ltr'><strong>ea</strong></span> <span class='ocrx_word' id='word_1_601' title='bbox 2277 2304 2414 2360; x_wconf 82' lang='lat' dir='ltr'><strong>nihil</strong></span> <span class='ocrx_word' id='word_1_602' title='bbox 2460 2320 2583 2363; x_wconf 87' lang='lat' dir='ltr'><strong>esse</strong></span> <span class='ocrx_word' id='word_1_603' title='bbox 2631 2307 2943 2376; x_wconf 81' lang='lat' dir='ltr'><strong>existimat;</strong></span> <span class='ocrx_word' id='word_1_604' title='bbox 2992 2326 3099 2366; x_wconf 91' lang='lat' dir='ltr'><strong>non</strong></span> <span class='ocrx_word' id='word_1_605' title='bbox 3148 2312 3293 2368; x_wconf 87' lang='lat' dir='ltr'><strong>enim</strong></span> <span class='ocrx_word' id='word_1_606' title='bbox 3340 2330 3530 2369; x_wconf 86' lang='lat' dir='ltr'><strong>eorum</strong></span> 
     </span>
    </p>
   </div>
   <div class='ocr_carea' id='block_1_83' title="bbox 1920 2394 3533 2475">
    <p class='ocr_par' dir='ltr' id='par_1_83' title="bbox 1920 2394 3533 2475">
     <span class='ocr_line' id='line_1_85' title="bbox 1920 2394 3533 2475; baseline 0.01 -28"><span class='ocrx_word' id='word_1_607' title='bbox 1920 2394 2374 2465; x_wconf 78' lang='lat' dir='ltr'><strong>pulchritudinem</strong></span> <span class='ocrx_word' id='word_1_608' title='bbox 2417 2396 2567 2454; x_wconf 89' lang='lat' dir='ltr'><strong>videt</strong></span> <span class='ocrx_word' id='word_1_609' title='bbox 2596 2416 2611 2452; x_wconf 92' lang='lat'><strong>:</strong></span> <span class='ocrx_word' id='word_1_610' title='bbox 2644 2398 2725 2455; x_wconf 90' lang='lat' dir='ltr'><strong>sic</strong></span> <span class='ocrx_word' id='word_1_611' title='bbox 2753 2409 2810 2456; x_wconf 90' lang='lat' dir='ltr'><strong>et</strong></span> <span class='ocrx_word' id='word_1_612' title='bbox 2837 2403 3085 2473; x_wconf 76' lang='lat' dir='ltr'><strong>pecunia:</strong></span> <span class='ocrx_word' id='word_1_613' title='bbox 3127 2418 3321 2460; x_wconf 83' lang='lat' dir='ltr'><strong>amans</strong></span> <span class='ocrx_word' id='word_1_614' title='bbox 3366 2420 3533 2475; x_wconf 83' lang='lat' dir='ltr'><strong>expe-</strong></span> 
     </span>
    </p>
   </div>
   <div class='ocr_carea' id='block_1_84' title="bbox 1921 2480 3525 2567">
    <p class='ocr_par' dir='ltr' id='par_1_84' title="bbox 1921 2480 3525 2567">
     <span class='ocr_line' id='line_1_86' title="bbox 1921 2480 3525 2567; baseline 0.006 -25"><span class='ocrx_word' id='word_1_615' title='bbox 1921 2487 2202 2544; x_wconf 89' lang='lat' dir='ltr'><strong>tendarum</strong></span> <span class='ocrx_word' id='word_1_616' title='bbox 2243 2505 2425 2546; x_wconf 88' lang='lat' dir='ltr'><strong>rerum</strong></span> <span class='ocrx_word' id='word_1_617' title='bbox 2481 2491 2940 2563; x_wconf 84' lang='lat' dir='ltr'><strong>pulchritudinem</strong></span> <span class='ocrx_word' id='word_1_618' title='bbox 2981 2506 3042 2551; x_wconf 90' lang='lat' dir='ltr'><strong>ttt</strong></span> <span class='ocrx_word' id='word_1_619' title='bbox 3092 2480 3370 2567; x_wconf 68' lang='lat' dir='ltr'><strong>Oportiret</strong></span> <span class='ocrx_word' id='word_1_620' title='bbox 3419 2514 3525 2553; x_wconf 90' lang='lat' dir='ltr'><strong>non</strong></span> 
     </span>
    </p>
   </div>
   <div class='ocr_carea' id='block_1_85' title="bbox 1919 2580 3521 2658">
    <p class='ocr_par' dir='ltr' id='par_1_85' title="bbox 1919 2580 3521 2658">
     <span class='ocr_line' id='line_1_87' title="bbox 1919 2580 3521 2658; baseline 0.009 -25"><span class='ocrx_word' id='word_1_621' title='bbox 1919 2580 2085 2637; x_wconf 83' lang='lat' dir='ltr'><strong>videt.</strong></span> <span class='ocrx_word' id='word_1_622' title='bbox 2134 2581 2345 2653; x_wconf 84' lang='lat' dir='ltr'><strong>Dissipa</strong></span> <span class='ocrx_word' id='word_1_623' title='bbox 2377 2586 2509 2640; x_wconf 90' lang='lat' dir='ltr'><strong>mihi</strong></span> <span class='ocrx_word' id='word_1_624' title='bbox 2541 2587 2825 2655; x_wconf 84' lang='lat' dir='ltr'><strong>caliginem</strong></span> <span class='ocrx_word' id='word_1_625' title='bbox 2853 2604 2920 2645; x_wconf 87' lang='lat' dir='ltr'><strong>ex</strong></span> <span class='ocrx_word' id='word_1_626' title='bbox 2964 2588 3070 2646; x_wconf 89' lang='lat' dir='ltr'><strong>hoc</strong></span> <span class='ocrx_word' id='word_1_627' title='bbox 3105 2590 3297 2646; x_wconf 87' lang='lat' dir='ltr'><strong>morbo</strong></span> <span class='ocrx_word' id='word_1_628' title='bbox 3324 2602 3521 2658; x_wconf 87' lang='lat' dir='ltr'><strong>ortam,</strong></span> 
     </span>
    </p>
   </div>
   <div class='ocr_carea' id='block_1_86' title="bbox 1919 2677 3528 2758">
    <p class='ocr_par' dir='ltr' id='par_1_86' title="bbox 1919 2677 3528 2758">
     <span class='ocr_line' id='line_1_88' title="bbox 1919 2677 3528 2758; baseline 0.006 -28"><span class='ocrx_word' id='word_1_629' title='bbox 1919 2686 1972 2730; x_wconf 89' lang='lat' dir='ltr'><strong>et</strong></span> <span class='ocrx_word' id='word_1_630' title='bbox 2020 2683 2150 2732; x_wconf 90' lang='lat' dir='ltr'><strong>tunc</strong></span> <span class='ocrx_word' id='word_1_631' title='bbox 2189 2677 2396 2733; x_wconf 78' lang='lat' dir='ltr'><strong>videbis</strong></span> <span class='ocrx_word' id='word_1_632' title='bbox 2438 2694 2620 2735; x_wconf 88' lang='lat' dir='ltr'><strong>rerum</strong></span> <span class='ocrx_word' id='word_1_633' title='bbox 2670 2690 2941 2750; x_wconf 84' lang='lat' dir='ltr'><strong>naturam,</strong></span> <span class='ocrx_word' id='word_1_634' title='bbox 2974 2699 3096 2755; x_wconf 69' lang='lat' dir='ltr'><strong>quae</strong></span> <span class='ocrx_word' id='word_1_635' title='bbox 3142 2702 3407 2758; x_wconf 90' lang='lat' dir='ltr'><strong>nusquam</strong></span> <span class='ocrx_word' id='word_1_636' title='bbox 3459 2689 3528 2743; x_wconf 59' lang='lat' dir='ltr'><strong>ita</strong></span> 
     </span>
    </p>
   </div>
   <div class='ocr_carea' id='block_1_87' title="bbox 1920 2768 3530 2848">
    <p class='ocr_par' dir='ltr' id='par_1_87' title="bbox 1920 2768 3530 2848">
     <span class='ocr_line' id='line_1_89' title="bbox 1920 2768 3530 2848; baseline 0.007 -26"><span class='ocrx_word' id='word_1_637' title='bbox 1920 2768 2131 2825; x_wconf 90' lang='lat' dir='ltr'><strong>videtur</strong></span> <span class='ocrx_word' id='word_1_638' title='bbox 2176 2778 2233 2826; x_wconf 90' lang='lat' dir='ltr'><strong>ut</strong></span> <span class='ocrx_word' id='word_1_639' title='bbox 2274 2770 2327 2825; x_wconf 90' lang='lat' dir='ltr'><strong>in</strong></span> <span class='ocrx_word' id='word_1_640' title='bbox 2373 2781 2730 2843; x_wconf 85' lang='lat' dir='ltr'><strong>paupertate:</strong></span> <span class='ocrx_word' id='word_1_641' title='bbox 2778 2790 3041 2848; x_wconf 85' lang='lat' dir='ltr'><strong>nusquam</strong></span> <span class='ocrx_word' id='word_1_642' title='bbox 3091 2777 3165 2833; x_wconf 87' lang='lat' dir='ltr'><strong>ita</strong></span> <span class='ocrx_word' id='word_1_643' title='bbox 3207 2779 3530 2836; x_wconf 81' lang='lat' dir='ltr'><strong>evincuntur</strong></span> 
     </span>
    </p>
   </div>
   <div class='ocr_carea' id='block_1_88' title="bbox 1920 2859 3466 2942">
    <p class='ocr_par' dir='ltr' id='par_1_88' title="bbox 1920 2859 3466 2942">
     <span class='ocr_line' id='line_1_90' title="bbox 1920 2859 3466 2942; baseline 0.008 -27"><span class='ocrx_word' id='word_1_644' title='bbox 1920 2859 2055 2915; x_wconf 90' lang='lat' dir='ltr'><strong>nihil</strong></span> <span class='ocrx_word' id='word_1_645' title='bbox 2084 2875 2205 2917; x_wconf 84' lang='lat' dir='ltr'><strong>esse</strong></span> <span class='ocrx_word' id='word_1_646' title='bbox 2226 2876 2289 2917; x_wconf 89' lang='lat' dir='ltr'><strong>ea</strong></span> <span class='ocrx_word' id='word_1_647' title='bbox 2318 2876 2442 2933; x_wconf 64' lang='lat' dir='ltr'><strong>qua</strong></span> <span class='ocrx_word' id='word_1_648' title='bbox 2468 2879 2593 2921; x_wconf 80' lang='lat' dir='ltr'><strong>esse</strong></span> <span class='ocrx_word' id='word_1_649' title='bbox 2621 2865 2892 2933; x_wconf 90' lang='lat' dir='ltr'><strong>videntur,</strong></span> <span class='ocrx_word' id='word_1_650' title='bbox 2926 2877 2985 2923; x_wconf 91' lang='lat' dir='ltr'><strong>ut</strong></span> <span class='ocrx_word' id='word_1_651' title='bbox 3017 2870 3067 2923; x_wconf 91' lang='lat' dir='ltr'><strong>in</strong></span> <span class='ocrx_word' id='word_1_652' title='bbox 3101 2870 3466 2942; x_wconf 84' lang='lat' dir='ltr'><strong>philosophia.</strong></span> 
     </span>
    </p>
   </div>
   <div class='ocr_carea' id='block_1_89' title="bbox 1990 2952 3525 3031">
    <p class='ocr_par' dir='ltr' id='par_1_89' title="bbox 1990 2952 3525 3031">
     <span class='ocr_line' id='line_1_91' title="bbox 1990 2952 3525 3031; baseline 0.01 -23"><span class='ocrx_word' id='word_1_653' title='bbox 1990 2952 2045 3009; x_wconf 68' lang='grc'><strong>4.</strong></span> <span class='ocrx_word' id='word_1_654' title='bbox 2090 2952 2370 3010; x_wconf 76' lang='lat' dir='ltr'><strong>Domorum</strong></span> <span class='ocrx_word' id='word_1_655' title='bbox 2408 2957 2559 3026; x_wconf 78' lang='lat' dir='ltr'><strong>quale</strong></span> <span class='ocrx_word' id='word_1_656' title='bbox 2602 2974 2776 3013; x_wconf 74' lang='lat' dir='ltr'><strong>rerum</strong></span> <span class='ocrx_word' id='word_1_657' title='bbox 2803 2960 2977 3026; x_wconf 83' lang='lat' dir='ltr'><strong>decus,</strong></span> <span class='ocrx_word' id='word_1_658' title='bbox 3019 2964 3173 3031; x_wconf 83' lang='lat' dir='ltr'><strong>quale</strong></span> <span class='ocrx_word' id='word_1_659' title='bbox 3213 2982 3389 3020; x_wconf 78' lang='lat' dir='ltr'><strong>verum</strong></span> <span class='ocrx_word' id='word_1_660' title='bbox 3433 2968 3525 3023; x_wconf 79' lang='lat' dir='ltr'><strong>de-</strong></span> 
     </span>
    </p>
   </div>
   <div class='ocr_carea' id='block_1_90' title="bbox 1918 3045 3497 3129">
    <p class='ocr_par' dir='ltr' id='par_1_90' title="bbox 1918 3045 3497 3129">
     <span class='ocr_line' id='line_1_92' title="bbox 1918 3045 3497 3129; baseline 0.008 -30"><span class='ocrx_word' id='word_1_661' title='bbox 1918 3045 2092 3100; x_wconf 75' lang='lat' dir='ltr'><strong>decus.</strong></span> <span class='ocrx_word' id='word_1_662' title='bbox 2120 3076 2192 3087; x_wconf 91' lang='lat'>-</span> <span class='ocrx_word' id='word_1_663' title='bbox 2216 3045 2323 3104; x_wconf 87' lang='lat' dir='ltr'><strong>Sed</strong></span> <span class='ocrx_word' id='word_1_664' title='bbox 2355 3065 2390 3102; x_wconf 90' lang='lat' dir='ltr'><strong>o</strong></span> <span class='ocrx_word' id='word_1_665' title='bbox 2418 3049 2566 3106; x_wconf 89' lang='lat' dir='ltr'><strong>stulti</strong></span> <span class='ocrx_word' id='word_1_666' title='bbox 2595 3050 2863 3118; x_wconf 90' lang='lat' dir='ltr'><strong>homines,</strong></span> <span class='ocrx_word' id='word_1_667' title='bbox 2906 3055 2997 3125; x_wconf 90' lang='lat' dir='ltr'><strong>qui</strong></span> <span class='ocrx_word' id='word_1_668' title='bbox 3040 3056 3368 3113; x_wconf 85' lang='lat' dir='ltr'><strong>maledicunt</strong></span> <span class='ocrx_word' id='word_1_669' title='bbox 3394 3076 3497 3129; x_wconf 86' lang='lat' dir='ltr'><strong>pan</strong></span> 
     </span>
    </p>
   </div>
   <div class='ocr_carea' id='block_1_91' title="bbox 1921 3137 3523 3220">
    <p class='ocr_par' dir='ltr' id='par_1_91' title="bbox 1921 3137 3523 3220">
     <span class='ocr_line' id='line_1_93' title="bbox 1921 3137 3523 3220; baseline 0.009 -30"><span class='ocrx_word' id='word_1_670' title='bbox 1921 3137 2170 3205; x_wconf 89' lang='lat' dir='ltr'><strong>perihus,</strong></span> <span class='ocrx_word' id='word_1_671' title='bbox 2198 3148 2253 3193; x_wconf 91' lang='lat' dir='ltr'><strong>et</strong></span> <span class='ocrx_word' id='word_1_672' title='bbox 2272 3139 2459 3195; x_wconf 88' lang='lat' dir='ltr'><strong>dicunt</strong></span> <span class='ocrx_word' id='word_1_673' title='bbox 2488 3143 2553 3197; x_wconf 86' lang='lat' dir='ltr'><strong>iis</strong></span> <span class='ocrx_word' id='word_1_674' title='bbox 2579 3152 2634 3198; x_wconf 90' lang='lat' dir='ltr'><strong>et</strong></span> <span class='ocrx_word' id='word_1_675' title='bbox 2658 3144 2849 3199; x_wconf 87' lang='lat' dir='ltr'><strong>domos</strong></span> <span class='ocrx_word' id='word_1_676' title='bbox 2879 3154 2936 3200; x_wconf 89' lang='lat' dir='ltr'><strong>et</strong></span> <span class='ocrx_word' id='word_1_677' title='bbox 2956 3147 3119 3201; x_wconf 81' lang='lat' dir='ltr'><strong>vitam</strong></span> <span class='ocrx_word' id='word_1_678' title='bbox 3144 3148 3441 3220; x_wconf 88' lang='lat' dir='ltr'><strong>deturpari,</strong></span> <span class='ocrx_word' id='word_1_679' title='bbox 3472 3167 3523 3205; x_wconf 78' lang='lat' dir='ltr'><strong>ut</strong></span> 
     </span>
    </p>
   </div>
   <div class='ocr_carea' id='block_1_92' title="bbox 1913 3227 3529 3297">
    <p class='ocr_par' dir='ltr' id='par_1_92' title="bbox 1913 3227 3529 3297">
     <span class='ocr_line' id='line_1_94' title="bbox 1913 3227 3529 3297; baseline 0.01 -17"><span class='ocrx_word' id='word_1_680' title='bbox 1913 3228 2103 3281; x_wconf 88' lang='lat' dir='ltr'><strong>omnia</strong></span> <span class='ocrx_word' id='word_1_681' title='bbox 2122 3227 2491 3285; x_wconf 89' lang='lat' dir='ltr'><strong>confundunt.</strong></span> <span class='ocrx_word' id='word_1_682' title='bbox 2522 3228 2665 3297; x_wconf 85' lang='lat' dir='ltr'><strong>Quid</strong></span> <span class='ocrx_word' id='word_1_683' title='bbox 2686 3244 2771 3287; x_wconf 90' lang='lat' dir='ltr'><strong>est</strong></span> <span class='ocrx_word' id='word_1_684' title='bbox 2816 3233 2964 3288; x_wconf 89' lang='lat' dir='ltr'><strong>enim</strong></span> <span class='ocrx_word' id='word_1_685' title='bbox 3011 3235 3213 3293; x_wconf 87' lang='lat' dir='ltr'><strong>domus</strong></span> <span class='ocrx_word' id='word_1_686' title='bbox 3239 3237 3481 3296; x_wconf 88' lang='lat' dir='ltr'><strong>dedecus</strong></span> <span class='ocrx_word' id='word_1_687' title='bbox 3501 3239 3529 3297; x_wconf 70' lang='lat'><strong><em>1</em></strong></span> 
     </span>
    </p>
   </div>
   <div class='ocr_carea' id='block_1_93' title="bbox 1916 3315 3525 3401">
    <p class='ocr_par' dir='ltr' id='par_1_93' title="bbox 1916 3315 3525 3401">
     <span class='ocr_line' id='line_1_95' title="bbox 1916 3315 3525 3401; baseline 0.011 -30"><span class='ocrx_word' id='word_1_688' title='bbox 1916 3315 2039 3401; x_wconf 74' lang='lat' dir='ltr'><strong>Non</strong></span> <span class='ocrx_word' id='word_1_689' title='bbox 2088 3318 2253 3373; x_wconf 87' lang='lat' dir='ltr'><strong>habet</strong></span> <span class='ocrx_word' id='word_1_690' title='bbox 2296 3320 2563 3376; x_wconf 89' lang='lat' dir='ltr'><strong>eboreum</strong></span> <span class='ocrx_word' id='word_1_691' title='bbox 2596 3322 2799 3377; x_wconf 91' lang='lat' dir='ltr'><strong>lectum</strong></span> <span class='ocrx_word' id='word_1_692' title='bbox 2832 3363 2847 3389; x_wconf 89' lang='lat'><strong>,</strong></span> <span class='ocrx_word' id='word_1_693' title='bbox 2896 3341 3007 3380; x_wconf 89' lang='lat' dir='ltr'><strong>non</strong></span> <span class='ocrx_word' id='word_1_694' title='bbox 3062 3344 3190 3383; x_wconf 85' lang='lat' dir='ltr'><strong>vasa</strong></span> <span class='ocrx_word' id='word_1_695' title='bbox 3224 3339 3525 3401; x_wconf 83' lang='lat' dir='ltr'><strong>argentea;</strong></span> 
     </span>
    </p>
   </div>
   <div class='ocr_carea' id='block_1_94' title="bbox 1915 3390 3525 3487">
    <p class='ocr_par' dir='ltr' id='par_1_94' title="bbox 1915 3390 3525 3487">
     <span class='ocr_line' id='line_1_96' title="bbox 1915 3390 3525 3487; baseline 0.01 -22"><span class='ocrx_word' id='word_1_696' title='bbox 1915 3390 2025 3465; x_wconf 37' lang='lat' dir='ltr'><strong>sed]</strong></span> <span class='ocrx_word' id='word_1_697' title='bbox 2067 3408 2256 3481; x_wconf 71' lang='lat' dir='ltr'><strong>ﬁglitta</strong></span> <span class='ocrx_word' id='word_1_698' title='bbox 2309 3414 2495 3468; x_wconf 77' lang='lat' dir='ltr'><strong>omnia</strong></span> <span class='ocrx_word' id='word_1_699' title='bbox 2549 3424 2603 3470; x_wconf 90' lang='lat' dir='ltr'><strong>et</strong></span> <span class='ocrx_word' id='word_1_700' title='bbox 2652 3416 2853 3487; x_wconf 82' lang='lat' dir='ltr'><strong>lignea.</strong></span> <span class='ocrx_word' id='word_1_701' title='bbox 2902 3417 3017 3473; x_wconf 82' lang='lat' dir='ltr'><strong>Hoc</strong></span> <span class='ocrx_word' id='word_1_702' title='bbox 3076 3430 3225 3477; x_wconf 89' lang='lat' dir='ltr'><strong>certe</strong></span> <span class='ocrx_word' id='word_1_703' title='bbox 3278 3390 3525 3481; x_wconf 71' lang='lat' dir='ltr'><strong>maxima</strong></span> 
     </span>
    </p>
   </div>
   <div class='ocr_carea' id='block_1_95' title="bbox 1915 3501 3528 3573">
    <p class='ocr_par' dir='ltr' id='par_1_95' title="bbox 1915 3501 3528 3573">
     <span class='ocr_line' id='line_1_97' title="bbox 1915 3501 3528 3573; baseline 0.009 -18"><span class='ocrx_word' id='word_1_704' title='bbox 1915 3501 2115 3557; x_wconf 88' lang='lat' dir='ltr'><strong>domus</strong></span> <span class='ocrx_word' id='word_1_705' title='bbox 2167 3501 2338 3573; x_wconf 87' lang='lat' dir='ltr'><strong>gloria</strong></span> <span class='ocrx_word' id='word_1_706' title='bbox 2396 3504 2765 3564; x_wconf 82' lang='lat' dir='ltr'><strong>etnobilitas</strong></span> <span class='ocrx_word' id='word_1_707' title='bbox 2814 3519 2920 3563; x_wconf 89' lang='lat' dir='ltr'><strong>est.</strong></span> <span class='ocrx_word' id='word_1_708' title='bbox 2965 3507 3328 3566; x_wconf 73' lang='lat' dir='ltr'><strong>Saecularium</strong></span> <span class='ocrx_word' id='word_1_709' title='bbox 3378 3514 3528 3570; x_wconf 88' lang='lat' dir='ltr'><strong>enim</strong></span> 
     </span>
    </p>
   </div>
   <div class='ocr_carea' id='block_1_96' title="bbox 1918 3597 3603 3669">
    <p class='ocr_par' dir='ltr' id='par_1_96' title="bbox 1918 3597 3603 3669">
     <span class='ocr_line' id='line_1_98' title="bbox 1918 3597 3603 3669; baseline 0.008 -23"><span class='ocrx_word' id='word_1_710' title='bbox 1918 3607 2103 3669; x_wconf 87' lang='lat' dir='ltr'><strong>rerum</strong></span> <span class='ocrx_word' id='word_1_711' title='bbox 2140 3597 2588 3668; x_wconf 75' lang='lat' dir='ltr'><strong>contemptusid</strong></span> <span class='ocrx_word' id='word_1_712' title='bbox 2627 3612 2775 3669; x_wconf 70' lang='lat' dir='ltr'><strong>sirpe</strong></span> <span class='ocrx_word' id='word_1_713' title='bbox 2818 3597 3004 3667; x_wconf 76' lang='lat' dir='ltr'><strong>efﬁcit,</strong></span> <span class='ocrx_word' id='word_1_714' title='bbox 3054 3611 3115 3655; x_wconf 91' lang='lat' dir='ltr'><strong>ut</strong></span> <span class='ocrx_word' id='word_1_715' title='bbox 3160 3603 3339 3658; x_wconf 88' lang='lat' dir='ltr'><strong>omnis</strong></span> <span class='ocrx_word' id='word_1_716' title='bbox 3393 3618 3522 3659; x_wconf 90' lang='lat' dir='ltr'><strong>cura</strong></span> <span class='ocrx_word' id='word_1_717' title='bbox 3602 3666 3603 3669; x_wconf 28' lang='grc' dir='ltr'><strong>η</strong></span> 
     </span>
    </p>
   </div>
   <div class='ocr_carea' id='block_1_97' title="bbox 1916 3685 3523 3763">
    <p class='ocr_par' dir='ltr' id='par_1_97' title="bbox 1916 3685 3523 3763">
     <span class='ocr_line' id='line_1_99' title="bbox 1916 3685 3523 3763; baseline 0.009 -24"><span class='ocrx_word' id='word_1_718' title='bbox 1916 3685 2259 3758; x_wconf 86' lang='lat' dir='ltr'><strong>studiumque</strong></span> <span class='ocrx_word' id='word_1_719' title='bbox 2303 3699 2475 3745; x_wconf 90' lang='lat' dir='ltr'><strong>totum</strong></span> <span class='ocrx_word' id='word_1_720' title='bbox 2519 3691 2664 3745; x_wconf 87' lang='lat' dir='ltr'><strong>circa</strong></span> <span class='ocrx_word' id='word_1_721' title='bbox 2709 3690 2944 3746; x_wconf 90' lang='lat' dir='ltr'><strong>animam</strong></span> <span class='ocrx_word' id='word_1_722' title='bbox 2990 3692 3352 3763; x_wconf 86' lang='lat' dir='ltr'><strong>impendatur.</strong></span> <span class='ocrx_word' id='word_1_723' title='bbox 3387 3695 3523 3752; x_wconf 84' lang='lat' dir='ltr'><strong>Cum</strong></span> 
     </span>
    </p>
   </div>
   <div class='ocr_carea' id='block_1_98' title="bbox 1916 3781 3521 3857">
    <p class='ocr_par' dir='ltr' id='par_1_98' title="bbox 1916 3781 3521 3857">
     <span class='ocr_line' id='line_1_100' title="bbox 1916 3781 3521 3857; baseline 0.006 -24"><span class='ocrx_word' id='word_1_724' title='bbox 1916 3794 2048 3850; x_wconf 89' lang='lat' dir='ltr'><strong>ergo</strong></span> <span class='ocrx_word' id='word_1_725' title='bbox 2075 3782 2297 3835; x_wconf 83' lang='lat' dir='ltr'><strong>multam</strong></span> <span class='ocrx_word' id='word_1_726' title='bbox 2331 3781 2383 3835; x_wconf 92' lang='lat' dir='ltr'><strong>in</strong></span> <span class='ocrx_word' id='word_1_727' title='bbox 2416 3782 2782 3838; x_wconf 85' lang='lat' dir='ltr'><strong>exterioribus</strong></span> <span class='ocrx_word' id='word_1_728' title='bbox 2812 3784 3231 3842; x_wconf 88' lang='lat' dir='ltr'><strong>sollicitudinem</strong></span> <span class='ocrx_word' id='word_1_729' title='bbox 3283 3788 3521 3857; x_wconf 88' lang='lat' dir='ltr'><strong>impendi</strong></span> 
     </span>
    </p>
   </div>
   <div class='ocr_carea' id='block_1_99' title="bbox 1916 3871 3518 3937">
    <p class='ocr_par' dir='ltr' id='par_1_99' title="bbox 1916 3871 3518 3937">
     <span class='ocr_line' id='line_1_101' title="bbox 1916 3871 3518 3937; baseline 0.007 -13"><span class='ocrx_word' id='word_1_730' title='bbox 1916 3871 2139 3937; x_wconf 77' lang='lat' dir='ltr'><strong>videris,</strong></span> <span class='ocrx_word' id='word_1_731' title='bbox 2190 3882 2318 3928; x_wconf 91' lang='lat' dir='ltr'><strong>tunc</strong></span> <span class='ocrx_word' id='word_1_732' title='bbox 2359 3873 2623 3930; x_wconf 81' lang='lat' dir='ltr'><strong>erubesce</strong></span> <span class='ocrx_word' id='word_1_733' title='bbox 2662 3874 2731 3930; x_wconf 90' lang='lat' dir='ltr'><strong>de</strong></span> <span class='ocrx_word' id='word_1_734' title='bbox 2762 3885 2913 3931; x_wconf 89' lang='lat' dir='ltr'><strong>tanto</strong></span> <span class='ocrx_word' id='word_1_735' title='bbox 2939 3877 3231 3935; x_wconf 88' lang='lat' dir='ltr'><strong>dedecore.</strong></span> <span class='ocrx_word' id='word_1_736' title='bbox 3280 3880 3518 3936; x_wconf 88' lang='lat' dir='ltr'><strong>Divitutu</strong></span> 
     </span>
    </p>
   </div>
   <div class='ocr_carea' id='block_1_100' title="bbox 1917 3963 3524 4028">
    <p class='ocr_par' dir='ltr' id='par_1_100' title="bbox 1917 3963 3524 4028">
     <span class='ocr_line' id='line_1_102' title="bbox 1917 3963 3524 4028; baseline 0.007 -12"><span class='ocrx_word' id='word_1_737' title='bbox 1917 3963 2060 4017; x_wconf 89' lang='lat' dir='ltr'><strong>enim</strong></span> <span class='ocrx_word' id='word_1_738' title='bbox 2110 3964 2304 4019; x_wconf 90' lang='lat' dir='ltr'><strong>domus</strong></span> <span class='ocrx_word' id='word_1_739' title='bbox 2350 3980 2456 4020; x_wconf 90' lang='lat' dir='ltr'><strong>non</strong></span> <span class='ocrx_word' id='word_1_740' title='bbox 2488 3965 2723 4023; x_wconf 89' lang='lat' dir='ltr'><strong>debitam</strong></span> <span class='ocrx_word' id='word_1_741' title='bbox 2754 3968 2981 4024; x_wconf 89' lang='lat' dir='ltr'><strong>formam</strong></span> <span class='ocrx_word' id='word_1_742' title='bbox 3012 3971 3231 4028; x_wconf 90' lang='lat' dir='ltr'><strong>habent.</strong></span> <span class='ocrx_word' id='word_1_743' title='bbox 3268 3974 3401 4027; x_wconf 88' lang='lat' dir='ltr'><strong>Cum</strong></span> <span class='ocrx_word' id='word_1_744' title='bbox 3444 3977 3524 4028; x_wconf 87' lang='lat' dir='ltr'><strong>vi-</strong></span> 
     </span>
    </p>
   </div>
   <div class='ocr_carea' id='block_1_101' title="bbox 1917 4054 3521 4133">
    <p class='ocr_par' dir='ltr' id='par_1_101' title="bbox 1917 4054 3521 4133">
     <span class='ocr_line' id='line_1_103' title="bbox 1917 4054 3521 4133; baseline 0.007 -24"><span class='ocrx_word' id='word_1_745' title='bbox 1917 4054 2063 4110; x_wconf 88' lang='lat' dir='ltr'><strong>deris</strong></span> <span class='ocrx_word' id='word_1_746' title='bbox 2091 4071 2221 4127; x_wconf 82' lang='lat' dir='ltr'><strong>ergo</strong></span> <span class='ocrx_word' id='word_1_747' title='bbox 2249 4057 2389 4127; x_wconf 85' lang='lat' dir='ltr'><strong>ligna</strong></span> <span class='ocrx_word' id='word_1_748' title='bbox 2420 4060 2686 4128; x_wconf 83' lang='lat' dir='ltr'><strong>tapetibus</strong></span> <span class='ocrx_word' id='word_1_749' title='bbox 2714 4061 2909 4126; x_wconf 87' lang='lat' dir='ltr'><strong>velata,</strong></span> <span class='ocrx_word' id='word_1_750' title='bbox 2943 4062 3114 4119; x_wconf 90' lang='lat' dir='ltr'><strong>lectos</strong></span> <span class='ocrx_word' id='word_1_751' title='bbox 3152 4076 3377 4133; x_wconf 71' lang='lat' dir='ltr'><strong>argento</strong></span> <span class='ocrx_word' id='word_1_752' title='bbox 3427 4083 3521 4121; x_wconf 80' lang='lat' dir='ltr'><strong>or-</strong></span> 
     </span>
    </p>
   </div>
   <div class='ocr_carea' id='block_1_102' title="bbox 1919 4149 3517 4228">
    <p class='ocr_par' dir='ltr' id='par_1_102' title="bbox 1919 4149 3517 4228">
     <span class='ocr_line' id='line_1_104' title="bbox 1919 4149 3517 4228; baseline 0.007 -26"><span class='ocrx_word' id='word_1_753' title='bbox 1919 4156 2074 4202; x_wconf 82' lang='lat' dir='ltr'><strong>natos</strong></span> <span class='ocrx_word' id='word_1_754' title='bbox 2100 4149 2251 4217; x_wconf 88' lang='lat' dir='ltr'><strong>quasi</strong></span> <span class='ocrx_word' id='word_1_755' title='bbox 2282 4149 2332 4202; x_wconf 89' lang='lat' dir='ltr'><strong>in</strong></span> <span class='ocrx_word' id='word_1_756' title='bbox 2366 4150 2601 4216; x_wconf 87' lang='lat' dir='ltr'><strong>theatro,</strong></span> <span class='ocrx_word' id='word_1_757' title='bbox 2631 4153 2783 4222; x_wconf 89' lang='lat' dir='ltr'><strong>quasi</strong></span> <span class='ocrx_word' id='word_1_758' title='bbox 2813 4153 2865 4207; x_wconf 93' lang='lat' dir='ltr'><strong>in</strong></span> <span class='ocrx_word' id='word_1_759' title='bbox 2898 4169 3092 4223; x_wconf 90' lang='lat' dir='ltr'><strong>pompa</strong></span> <span class='ocrx_word' id='word_1_760' title='bbox 3120 4156 3360 4223; x_wconf 88' lang='lat' dir='ltr'><strong>scenica,</strong></span> <span class='ocrx_word' id='word_1_761' title='bbox 3387 4159 3517 4228; x_wconf 91' lang='lat' dir='ltr'><strong>quid</strong></span> 
     </span>
    </p>
   </div>
   <div class='ocr_carea' id='block_1_103' title="bbox 1920 4238 3523 4320">
    <p class='ocr_par' dir='ltr' id='par_1_103' title="bbox 1920 4238 3523 4320">
     <span class='ocr_line' id='line_1_105' title="bbox 1920 4238 3523 4320; baseline 0.009 -29"><span class='ocrx_word' id='word_1_762' title='bbox 1920 4238 2044 4293; x_wconf 90' lang='lat' dir='ltr'><strong>huic</strong></span> <span class='ocrx_word' id='word_1_763' title='bbox 2090 4241 2403 4310; x_wconf 89' lang='lat' dir='ltr'><strong>turpitudini</strong></span> <span class='ocrx_word' id='word_1_764' title='bbox 2452 4258 2547 4312; x_wconf 90' lang='lat' dir='ltr'><strong>par</strong></span> <span class='ocrx_word' id='word_1_765' title='bbox 2602 4243 2802 4299; x_wconf 76' lang='lat' dir='ltr'><strong>fuerit?</strong></span> <span class='ocrx_word' id='word_1_766' title='bbox 2831 4246 2961 4313; x_wconf 74' lang='lat' dir='ltr'><strong>ane</strong></span> <span class='ocrx_word' id='word_1_767' title='bbox 2998 4249 3168 4320; x_wconf 82' lang='lat' dir='ltr'><strong>magis</strong></span> <span class='ocrx_word' id='word_1_768' title='bbox 3198 4248 3392 4304; x_wconf 90' lang='lat' dir='ltr'><strong>domus</strong></span> <span class='ocrx_word' id='word_1_769' title='bbox 3430 4268 3523 4305; x_wconf 82' lang='lat' dir='ltr'><strong>ur-</strong></span> 
     </span>
    </p>
   </div>
   <div class='ocr_carea' id='block_1_104' title="bbox 1918 4332 3523 4405">
    <p class='ocr_par' dir='ltr' id='par_1_104' title="bbox 1918 4332 3523 4405">
     <span class='ocr_line' id='line_1_106' title="bbox 1918 4332 3523 4405; baseline 0.007 -18"><span class='ocrx_word' id='word_1_770' title='bbox 1918 4332 2170 4398; x_wconf 72' lang='lat' dir='ltr'><strong>cbestrie,</strong></span> <span class='ocrx_word' id='word_1_771' title='bbox 2202 4342 2256 4389; x_wconf 90' lang='lat' dir='ltr'><strong>ct</strong></span> <span class='ocrx_word' id='word_1_772' title='bbox 2288 4334 2352 4389; x_wconf 89' lang='lat' dir='ltr'><strong>iis</strong></span> <span class='ocrx_word' id='word_1_773' title='bbox 2381 4351 2501 4405; x_wconf 80' lang='lat' dir='ltr'><strong>qua:</strong></span> <span class='ocrx_word' id='word_1_774' title='bbox 2534 4336 2586 4391; x_wconf 91' lang='lat' dir='ltr'><strong>in</strong></span> <span class='ocrx_word' id='word_1_775' title='bbox 2619 4336 2896 4393; x_wconf 82' lang='lat' dir='ltr'><strong>orchestra</strong></span> <span class='ocrx_word' id='word_1_776' title='bbox 2948 4339 3082 4393; x_wconf 81' lang='lat' dir='ltr'><strong>fiunt</strong></span> <span class='ocrx_word' id='word_1_777' title='bbox 3108 4381 3121 4404; x_wconf 89' lang='lat'><strong><em>.</em></strong></span> <span class='ocrx_word' id='word_1_778' title='bbox 3169 4341 3360 4397; x_wconf 88' lang='lat' dir='ltr'><strong>similis</strong></span> <span class='ocrx_word' id='word_1_779' title='bbox 3400 4344 3523 4399; x_wconf 72' lang='lat' dir='ltr'><strong>est?</strong></span> 
     </span>
    </p>
   </div>
   <div class='ocr_carea' id='block_1_105' title="bbox 1916 4424 3523 4503">
    <p class='ocr_par' dir='ltr' id='par_1_105' title="bbox 1916 4424 3523 4503">
     <span class='ocr_line' id='line_1_107' title="bbox 1916 4424 3523 4503; baseline 0.009 -25"><span class='ocrx_word' id='word_1_780' title='bbox 1916 4424 2189 4491; x_wconf 87' lang='lat' dir='ltr'><strong>divitisne,</strong></span> <span class='ocrx_word' id='word_1_781' title='bbox 2219 4436 2311 4481; x_wconf 91' lang='lat' dir='ltr'><strong>aut</strong></span> <span class='ocrx_word' id='word_1_782' title='bbox 2339 4430 2635 4499; x_wconf 82' lang='lat' dir='ltr'><strong>pauperis?</strong></span> <span class='ocrx_word' id='word_1_783' title='bbox 2674 4431 2869 4486; x_wconf 87' lang='lat' dir='ltr'><strong>Annon</strong></span> <span class='ocrx_word' id='word_1_784' title='bbox 2918 4434 3095 4503; x_wconf 88' lang='lat' dir='ltr'><strong>palam</strong></span> <span class='ocrx_word' id='word_1_785' title='bbox 3122 4446 3204 4490; x_wconf 89' lang='lat' dir='ltr'><strong>est</strong></span> <span class='ocrx_word' id='word_1_786' title='bbox 3233 4444 3355 4492; x_wconf 81' lang='lat' dir='ltr'><strong>csSe</strong></span> <span class='ocrx_word' id='word_1_787' title='bbox 3382 4436 3523 4492; x_wconf 81' lang='lat' dir='ltr'><strong>divi-</strong></span> 
     </span>
    </p>
   </div>
   <div class='ocr_carea' id='block_1_106' title="bbox 1920 4519 3523 4597">
    <p class='ocr_par' dir='ltr' id='par_1_106' title="bbox 1920 4519 3523 4597">
     <span class='ocr_line' id='line_1_108' title="bbox 1920 4519 3523 4597; baseline 0.008 -24"><span class='ocrx_word' id='word_1_788' title='bbox 1920 4519 2027 4575; x_wconf 77' lang='lat' dir='ltr'><strong>tis?</strong></span> <span class='ocrx_word' id='word_1_789' title='bbox 2074 4520 2197 4575; x_wconf 73' lang='lat' dir='ltr'><strong>Hinc</strong></span> <span class='ocrx_word' id='word_1_790' title='bbox 2235 4521 2591 4593; x_wconf 83' lang='lat' dir='ltr'><strong>igiturplena</strong></span> <span class='ocrx_word' id='word_1_791' title='bbox 2618 4525 2974 4595; x_wconf 55' lang='lat' dir='ltr'><strong>turpitudine</strong></span> <span class='ocrx_word' id='word_1_792' title='bbox 3013 4529 3297 4597; x_wconf 57' lang='grc' dir='ltr'><strong>θεμιθιιπε</strong></span> <span class='ocrx_word' id='word_1_793' title='bbox 3326 4530 3523 4586; x_wconf 76' lang='lat' dir='ltr'><strong>domus</strong></span> 
     </span>
    </p>
   </div>
   <div class='ocr_carea' id='block_1_107' title="bbox 1918 4611 3525 4695">
    <p class='ocr_par' dir='ltr' id='par_1_107' title="bbox 1918 4611 3525 4695">
     <span class='ocr_line' id='line_1_109' title="bbox 1918 4611 3525 4695; baseline 0.009 -28"><span class='ocrx_word' id='word_1_794' title='bbox 1918 4611 2069 4667; x_wconf 85' lang='lat' dir='ltr'><strong>Pauli</strong></span> <span class='ocrx_word' id='word_1_795' title='bbox 2119 4624 2173 4669; x_wconf 91' lang='lat' dir='ltr'><strong>ct</strong></span> <span class='ocrx_word' id='word_1_796' title='bbox 2216 4614 2506 4670; x_wconf 82' lang='lat' dir='ltr'><strong>Abrahami</strong></span> <span class='ocrx_word' id='word_1_797' title='bbox 2556 4616 2806 4675; x_wconf 89' lang='lat' dir='ltr'><strong>domibus</strong></span> <span class='ocrx_word' id='word_1_798' title='bbox 2846 4620 3041 4676; x_wconf 89' lang='lat' dir='ltr'><strong>similis</strong></span> <span class='ocrx_word' id='word_1_799' title='bbox 3088 4624 3210 4677; x_wconf 83' lang='lat' dir='ltr'><strong>est?</strong></span> <span class='ocrx_word' id='word_1_800' title='bbox 3264 4623 3525 4695; x_wconf 88' lang='lat' dir='ltr'><strong>Pauperis</strong></span> 
     </span>
    </p>
   </div>
   <div class='ocr_carea' id='block_1_108' title="bbox 1921 4704 3525 4779">
    <p class='ocr_par' dir='ltr' id='par_1_108' title="bbox 1921 4704 3525 4779">
     <span class='ocr_line' id='line_1_110' title="bbox 1921 4704 3525 4779; baseline 0.008 -21"><span class='ocrx_word' id='word_1_801' title='bbox 1921 4704 2313 4774; x_wconf 88' lang='lat' dir='ltr'><strong>proculdubio.</strong></span> <span class='ocrx_word' id='word_1_802' title='bbox 2343 4706 2470 4762; x_wconf 74' lang='lat' dir='ltr'><strong>Hmc</strong></span> <span class='ocrx_word' id='word_1_803' title='bbox 2519 4724 2649 4779; x_wconf 80' lang='lat' dir='ltr'><strong>ergo</strong></span> <span class='ocrx_word' id='word_1_804' title='bbox 2698 4710 2933 4767; x_wconf 81' lang='lat' dir='ltr'><strong>maxime</strong></span> <span class='ocrx_word' id='word_1_805' title='bbox 2970 4725 3157 4769; x_wconf 89' lang='lat' dir='ltr'><strong>ornata</strong></span> <span class='ocrx_word' id='word_1_806' title='bbox 3190 4725 3273 4771; x_wconf 89' lang='lat' dir='ltr'><strong>est</strong></span> <span class='ocrx_word' id='word_1_807' title='bbox 3309 4727 3365 4771; x_wconf 91' lang='lat' dir='ltr'><strong>et</strong></span> <span class='ocrx_word' id='word_1_808' title='bbox 3393 4733 3525 4773; x_wconf 90' lang='lat' dir='ltr'><strong>cou-</strong></span> 
     </span>
    </p>
   </div>
   <div class='ocr_carea' id='block_1_109' title="bbox 1917 4798 3524 4870">
    <p class='ocr_par' dir='ltr' id='par_1_109' title="bbox 1917 4798 3524 4870">
     <span class='ocr_line' id='line_1_111' title="bbox 1917 4798 3524 4870; baseline 0.011 -20"><span class='ocrx_word' id='word_1_809' title='bbox 1917 4798 2122 4867; x_wconf 90' lang='lat' dir='ltr'><strong>spicua.</strong></span> <span class='ocrx_word' id='word_1_810' title='bbox 2172 4798 2238 4852; x_wconf 88' lang='lat' dir='ltr'><strong>Et</strong></span> <span class='ocrx_word' id='word_1_811' title='bbox 2267 4809 2323 4853; x_wconf 91' lang='lat' dir='ltr'><strong>ut</strong></span> <span class='ocrx_word' id='word_1_812' title='bbox 2353 4800 2532 4855; x_wconf 88' lang='lat' dir='ltr'><strong>discas</strong></span> <span class='ocrx_word' id='word_1_813' title='bbox 2571 4802 2699 4857; x_wconf 88' lang='lat' dir='ltr'><strong>illud</strong></span> <span class='ocrx_word' id='word_1_814' title='bbox 2746 4807 2982 4862; x_wconf 84' lang='lat' dir='ltr'><strong>maxime</strong></span> <span class='ocrx_word' id='word_1_815' title='bbox 3030 4808 3225 4864; x_wconf 81' lang='lat' dir='ltr'><strong>donius</strong></span> <span class='ocrx_word' id='word_1_816' title='bbox 3274 4816 3524 4870; x_wconf 82' lang='lat' dir='ltr'><strong>ornatum</strong></span> 
     </span>
    </p>
   </div>
   <div class='ocr_carea' id='block_1_110' title="bbox 1917 4892 3520 4976">
    <p class='ocr_par' dir='ltr' id='par_1_110' title="bbox 1917 4892 3520 4976">
     <span class='ocr_line' id='line_1_112' title="bbox 1917 4892 3520 4976; baseline 0.011 -32"><span class='ocrx_word' id='word_1_817' title='bbox 1917 4906 2059 4957; x_wconf 87' lang='lat' dir='ltr'><strong>esse,</strong></span> <span class='ocrx_word' id='word_1_818' title='bbox 2100 4892 2386 4961; x_wconf 88' lang='lat' dir='ltr'><strong>ingredere</strong></span> <span class='ocrx_word' id='word_1_819' title='bbox 2420 4895 2471 4948; x_wconf 91' lang='lat' dir='ltr'><strong>in</strong></span> <span class='ocrx_word' id='word_1_820' title='bbox 2504 4896 2724 4952; x_wconf 91' lang='lat' dir='ltr'><strong>domum</strong></span> <span class='ocrx_word' id='word_1_821' title='bbox 2772 4897 3041 4967; x_wconf 73' lang='lat' dir='ltr'><strong>Zacchzri,</strong></span> <span class='ocrx_word' id='word_1_822' title='bbox 3083 4912 3137 4957; x_wconf 90' lang='lat' dir='ltr'><strong>et</strong></span> <span class='ocrx_word' id='word_1_823' title='bbox 3179 4903 3328 4961; x_wconf 86' lang='lat' dir='ltr'><strong>disce</strong></span> <span class='ocrx_word' id='word_1_824' title='bbox 3386 4921 3520 4976; x_wconf 86' lang='lat' dir='ltr'><strong>quo-</strong></span> 
     </span>
    </p>
   </div>
   <div class='ocr_carea' id='block_1_111' title="bbox 1918 4972 3527 5065">
    <p class='ocr_par' dir='ltr' id='par_1_111' title="bbox 1918 4972 3527 5065">
     <span class='ocr_line' id='line_1_113' title="bbox 1918 4972 3527 5065; baseline 0.01 -30"><span class='ocrx_word' id='word_1_825' title='bbox 1918 4972 2081 5038; x_wconf 82' lang='lat' dir='ltr'><strong>modo</strong></span> <span class='ocrx_word' id='word_1_826' title='bbox 2110 4985 2387 5039; x_wconf 85' lang='lat' dir='ltr'><strong>ornaverit</strong></span> <span class='ocrx_word' id='word_1_827' title='bbox 2430 5001 2549 5041; x_wconf 91' lang='lat' dir='ltr'><strong>eam</strong></span> <span class='ocrx_word' id='word_1_828' title='bbox 2584 4989 2856 5046; x_wconf 59' lang='lat' dir='ltr'><strong>Christum</strong></span> <span class='ocrx_word' id='word_1_829' title='bbox 2881 5006 3209 5065; x_wconf 83' lang='lat' dir='ltr'><strong>excepturus</strong></span> <span class='ocrx_word' id='word_1_830' title='bbox 3240 5015 3253 5051; x_wconf 89' lang='lat'><strong>:</strong></span> <span class='ocrx_word' id='word_1_831' title='bbox 3299 5013 3405 5051; x_wconf 88' lang='lat' dir='ltr'><strong>non</strong></span> <span class='ocrx_word' id='word_1_832' title='bbox 3433 5016 3527 5055; x_wconf 82' lang='lat' dir='ltr'><strong>cu-</strong></span> 
     </span>
    </p>
   </div>
   <div class='ocr_carea' id='block_1_112' title="bbox 1916 5077 3520 5155">
    <p class='ocr_par' dir='ltr' id='par_1_112' title="bbox 1916 5077 3520 5155">
     <span class='ocr_line' id='line_1_114' title="bbox 1916 5077 3520 5155; baseline 0.011 -26"><span class='ocrx_word' id='word_1_833' title='bbox 1916 5077 2090 5130; x_wconf 89' lang='lat' dir='ltr'><strong>currit</strong></span> <span class='ocrx_word' id='word_1_834' title='bbox 2131 5077 2196 5129; x_wconf 89' lang='lat' dir='ltr'><strong>ad</strong></span> <span class='ocrx_word' id='word_1_835' title='bbox 2237 5078 2464 5145; x_wconf 88' lang='lat' dir='ltr'><strong>vicinos,</strong></span> <span class='ocrx_word' id='word_1_836' title='bbox 2512 5096 2611 5137; x_wconf 83' lang='lat' dir='ltr'><strong>nec</strong></span> <span class='ocrx_word' id='word_1_837' title='bbox 2644 5083 2797 5151; x_wconf 89' lang='lat' dir='ltr'><strong>petiit</strong></span> <span class='ocrx_word' id='word_1_838' title='bbox 2826 5094 3045 5141; x_wconf 90' lang='lat' dir='ltr'><strong>ornatas</strong></span> <span class='ocrx_word' id='word_1_839' title='bbox 3073 5086 3269 5155; x_wconf 84' lang='lat' dir='ltr'><strong>januas</strong></span> <span class='ocrx_word' id='word_1_840' title='bbox 3299 5090 3520 5155; x_wconf 75' lang='lat' dir='ltr'><strong>bifores,</strong></span> 
     </span>
    </p>
   </div>
   <div class='ocr_carea' id='block_1_113' title="bbox 1918 5170 3519 5249">
    <p class='ocr_par' dir='ltr' id='par_1_113' title="bbox 1918 5170 3519 5249">
     <span class='ocr_line' id='line_1_115' title="bbox 1918 5170 3519 5249; baseline 0.011 -28"><span class='ocrx_word' id='word_1_841' title='bbox 1918 5184 2022 5223; x_wconf 89' lang='lat' dir='ltr'><strong>non</strong></span> <span class='ocrx_word' id='word_1_842' title='bbox 2054 5170 2336 5227; x_wconf 83' lang='lat' dir='ltr'><strong>cathedras</strong></span> <span class='ocrx_word' id='word_1_843' title='bbox 2362 5182 2419 5227; x_wconf 93' lang='lat' dir='ltr'><strong>et</strong></span> <span class='ocrx_word' id='word_1_844' title='bbox 2449 5175 2701 5229; x_wconf 56' lang='lat' dir='ltr'><strong>subsidiis</strong></span> <span class='ocrx_word' id='word_1_845' title='bbox 2732 5192 2796 5231; x_wconf 83' lang='lat' dir='ltr'><strong>ex</strong></span> <span class='ocrx_word' id='word_1_846' title='bbox 2826 5178 2994 5235; x_wconf 89' lang='lat' dir='ltr'><strong>ebore</strong></span> <span class='ocrx_word' id='word_1_847' title='bbox 3034 5182 3378 5249; x_wconf 89' lang='lat' dir='ltr'><strong>concinnata,</strong></span> <span class='ocrx_word' id='word_1_848' title='bbox 3421 5201 3519 5240; x_wconf 80' lang='lat' dir='ltr'><strong>nec</strong></span> 
     </span>
    </p>
   </div>
   <div class='ocr_carea' id='block_1_114' title="bbox 1915 5262 3520 5341">
    <p class='ocr_par' dir='ltr' id='par_1_114' title="bbox 1915 5262 3520 5341">
     <span class='ocr_line' id='line_1_116' title="bbox 1915 5262 3520 5341; baseline 0.01 -26"><span class='ocrx_word' id='word_1_849' title='bbox 1915 5262 2101 5316; x_wconf 89' lang='lat' dir='ltr'><strong>eduxit</strong></span> <span class='ocrx_word' id='word_1_850' title='bbox 2150 5279 2215 5317; x_wconf 77' lang='lat' dir='ltr'><strong>ex</strong></span> <span class='ocrx_word' id='word_1_851' title='bbox 2268 5267 2537 5333; x_wconf 90' lang='lat' dir='ltr'><strong>penuariis</strong></span> <span class='ocrx_word' id='word_1_852' title='bbox 2582 5268 2844 5325; x_wconf 87' lang='lat' dir='ltr'><strong>Laconica</strong></span> <span class='ocrx_word' id='word_1_853' title='bbox 2877 5272 3174 5339; x_wconf 86' lang='lat' dir='ltr'><strong>velamina;</strong></span> <span class='ocrx_word' id='word_1_854' title='bbox 3221 5276 3315 5330; x_wconf 86' lang='lat' dir='ltr'><strong>sed</strong></span> <span class='ocrx_word' id='word_1_855' title='bbox 3348 5286 3520 5341; x_wconf 80' lang='lat' dir='ltr'><strong>tutum</strong></span> 
     </span>
    </p>
   </div>
   <div class='ocr_carea' id='block_1_115' title="bbox 1914 5355 3519 5430">
    <p class='ocr_par' dir='ltr' id='par_1_115' title="bbox 1914 5355 3519 5430">
     <span class='ocr_line' id='line_1_117' title="bbox 1914 5355 3519 5430; baseline 0.01 -23"><span class='ocrx_word' id='word_1_856' title='bbox 1914 5355 2131 5408; x_wconf 77' lang='lat' dir='ltr'><strong>ornavit</strong></span> <span class='ocrx_word' id='word_1_857' title='bbox 2150 5366 2208 5410; x_wconf 94' lang='lat' dir='ltr'><strong>ut</strong></span> <span class='ocrx_word' id='word_1_858' title='bbox 2226 5356 2498 5413; x_wconf 85' lang='lat' dir='ltr'><strong>Christum</strong></span> <span class='ocrx_word' id='word_1_859' title='bbox 2522 5359 2769 5417; x_wconf 77' lang='lat' dir='ltr'><strong>decebat.</strong></span> <span class='ocrx_word' id='word_1_860' title='bbox 2794 5364 2925 5430; x_wconf 87' lang='lat' dir='ltr'><strong>Quis</strong></span> <span class='ocrx_word' id='word_1_861' title='bbox 2953 5366 3043 5421; x_wconf 91' lang='lat' dir='ltr'><strong>ille</strong></span> <span class='ocrx_word' id='word_1_862' title='bbox 3065 5371 3322 5424; x_wconf 82' lang='lat' dir='ltr'><strong>ornatus?</strong></span> <span class='ocrx_word' id='word_1_863' title='bbox 3348 5369 3519 5423; x_wconf 83' lang='lat' dir='ltr'><strong>Dimi-</strong></span> 
     </span>
    </p>
   </div>
   <div class='ocr_carea' id='block_1_116' title="bbox 1914 5445 3519 5531">
    <p class='ocr_par' dir='ltr' id='par_1_116' title="bbox 1914 5445 3519 5531">
     <span class='ocr_line' id='line_1_118' title="bbox 1914 5445 3519 5531; baseline 0.011 -35"><span class='ocrx_word' id='word_1_864' title='bbox 1914 5446 2075 5511; x_wconf 83' lang='lat' dir='ltr'><strong>dium,</strong></span> <span class='ocrx_word' id='word_1_865' title='bbox 2110 5445 2303 5516; x_wconf 87' lang='lat' dir='ltr'><strong>inquit,</strong></span> <span class='ocrx_word' id='word_1_866' title='bbox 2338 5449 2583 5506; x_wconf 82' lang='lat' dir='ltr'><strong>bonorum</strong></span> <span class='ocrx_word' id='word_1_867' title='bbox 2608 5471 2857 5521; x_wconf 81' lang='lat' dir='ltr'><strong>meorum,</strong></span> <span class='ocrx_word' id='word_1_868' title='bbox 2893 5455 3129 5520; x_wconf 84' lang='lat' dir='ltr'><strong>Domine.</strong></span> <span class='ocrx_word' id='word_1_869' title='bbox 3185 5461 3250 5513; x_wconf 80' lang='lat' dir='ltr'><strong>do</strong></span> <span class='ocrx_word' id='word_1_870' title='bbox 3282 5465 3519 5531; x_wconf 61' lang='lat' dir='ltr'><strong>pauperi</strong></span> 
     </span>
    </p>
   </div>
   <div class='ocr_carea' id='block_1_117' title="bbox 1913 5534 3522 5623">
    <p class='ocr_par' dir='ltr' id='par_1_117' title="bbox 1913 5534 3522 5623">
     <span class='ocr_line' id='line_1_119' title="bbox 1913 5534 3522 5623; baseline 0.013 -36"><span class='ocrx_word' id='word_1_871' title='bbox 1913 5534 2043 5599; x_wconf 74' lang='lat' dir='ltr'><strong>bus;</strong></span> <span class='ocrx_word' id='word_1_872' title='bbox 2072 5540 2180 5593; x_wconf 80' lang='lat' dir='ltr'><strong>etsi</strong></span> <span class='ocrx_word' id='word_1_873' title='bbox 2209 5542 2331 5607; x_wconf 80' lang='lat' dir='ltr'><strong>quid</strong></span> <span class='ocrx_word' id='word_1_874' title='bbox 2353 5543 2569 5611; x_wconf 79' lang='lat' dir='ltr'><strong>aliquem</strong></span> <span class='ocrx_word' id='word_1_875' title='bbox 2598 5546 2921 5615; x_wconf 69' lang='lat' dir='ltr'><strong>defraudem,</strong></span> <span class='ocrx_word' id='word_1_876' title='bbox 2946 5551 3158 5605; x_wconf 80' lang='lat' dir='ltr'><strong>reddant</strong></span> <span class='ocrx_word' id='word_1_877' title='bbox 3180 5556 3522 5623; x_wconf 75' lang='lat' dir='ltr'><strong>quadruplum</strong></span> 
     </span>
    </p>
   </div>
   <div class='ocr_carea' id='block_1_118' title="bbox 1914 5630 3520 5709">
    <p class='ocr_par' dir='ltr' id='par_1_118' title="bbox 1914 5630 3520 5709">
     <span class='ocr_line' id='line_1_120' title="bbox 1914 5630 3520 5709; baseline 0.011 -28"><span class='ocrx_word' id='word_1_878' title='bbox 1914 5630 2066 5696; x_wconf 78' lang='lat' dir='ltr'><strong>(an.</strong></span> <span class='ocrx_word' id='word_1_879' title='bbox 2104 5634 2187 5688; x_wconf 81' lang='lat' dir='ltr'><strong>l9.</strong></span> <span class='ocrx_word' id='word_1_880' title='bbox 2219 5634 2298 5703; x_wconf 78' lang='lat'><strong>8).</strong></span> <span class='ocrx_word' id='word_1_881' title='bbox 2330 5635 2417 5690; x_wconf 88' lang='lat' dir='ltr'><strong>Sic</strong></span> <span class='ocrx_word' id='word_1_882' title='bbox 2442 5648 2495 5691; x_wconf 88' lang='lat' dir='ltr'><strong>et</strong></span> <span class='ocrx_word' id='word_1_883' title='bbox 2523 5655 2621 5693; x_wconf 86' lang='lat' dir='ltr'><strong>nos</strong></span> <span class='ocrx_word' id='word_1_884' title='bbox 2645 5640 2836 5695; x_wconf 86' lang='lat' dir='ltr'><strong>domus</strong></span> <span class='ocrx_word' id='word_1_885' title='bbox 2863 5660 3140 5709; x_wconf 83' lang='lat' dir='ltr'><strong>orncmus,</strong></span> <span class='ocrx_word' id='word_1_886' title='bbox 3170 5657 3223 5701; x_wconf 91' lang='lat' dir='ltr'><strong>ut</strong></span> <span class='ocrx_word' id='word_1_887' title='bbox 3252 5648 3520 5709; x_wconf 73' lang='lat' dir='ltr'><strong>Christum</strong></span> 
     </span>
    </p>
   </div>
   <div class='ocr_carea' id='block_1_119' title="bbox 1911 5726 3521 5799">
    <p class='ocr_par' dir='ltr' id='par_1_119' title="bbox 1911 5726 3521 5799">
     <span class='ocr_line' id='line_1_121' title="bbox 1911 5726 3521 5799; baseline 0.016 -26"><span class='ocrx_word' id='word_1_888' title='bbox 1911 5726 2286 5791; x_wconf 74' lang='lat' dir='ltr'><strong>suscipiamus.</strong></span> <span class='ocrx_word' id='word_1_889' title='bbox 2344 5730 2435 5781; x_wconf 67' lang='lat' dir='ltr'><strong>lia!</strong></span> <span class='ocrx_word' id='word_1_890' title='bbox 2466 5732 2844 5799; x_wconf 69' lang='lat' dir='ltr'><strong>pulcherrima:</strong></span> <span class='ocrx_word' id='word_1_891' title='bbox 2889 5736 3092 5793; x_wconf 73' lang='lat' dir='ltr'><strong>bifores</strong></span> <span class='ocrx_word' id='word_1_892' title='bbox 3124 5752 3251 5794; x_wconf 86' lang='lat' dir='ltr'><strong>sunt</strong></span> <span class='ocrx_word' id='word_1_893' title='bbox 3282 5760 3293 5793; x_wconf 92' lang='lat'>:</span> <span class='ocrx_word' id='word_1_894' title='bbox 3327 5740 3439 5795; x_wconf 44' lang='lat' dir='ltr'><strong>hac</strong></span> <span class='ocrx_word' id='word_1_895' title='bbox 3471 5744 3521 5797; x_wconf 79' lang='lat' dir='ltr'><strong>in</strong></span> 
     </span>
    </p>
   </div>
   <div class='ocr_carea' id='block_1_120' title="bbox 1912 5816 3517 5903">
    <p class='ocr_par' dir='ltr' id='par_1_120' title="bbox 1912 5816 3517 5903">
     <span class='ocr_line' id='line_1_122' title="bbox 1912 5816 3517 5903; baseline 0.014 -35"><span class='ocrx_word' id='word_1_896' title='bbox 1912 5816 2058 5871; x_wconf 66' lang='lat' dir='ltr'><strong>(&#39;il‘iis</strong></span> <span class='ocrx_word' id='word_1_897' title='bbox 2109 5832 2459 5889; x_wconf 83' lang='lat' dir='ltr'><strong>apparantur,</strong></span> <span class='ocrx_word' id='word_1_898' title='bbox 2520 5825 2699 5895; x_wconf 72' lang='lat' dir='ltr'><strong>ibique</strong></span> <span class='ocrx_word' id='word_1_899' title='bbox 2760 5836 3033 5887; x_wconf 75' lang='lat' dir='ltr'><strong>texuntur.</strong></span> <span class='ocrx_word' id='word_1_900' title='bbox 3088 5832 3181 5888; x_wconf 78' lang='lat' dir='ltr'><strong>Ubi</strong></span> <span class='ocrx_word' id='word_1_901' title='bbox 3220 5835 3517 5903; x_wconf 60' lang='lat' dir='ltr'><strong>lucebunt,</strong></span> 
     </span>
    </p>
   </div>
  </div>
