4160 6330
655 335 749 388 τ51
1352 319 1408 377 8.
1447 315 1722 374 JOANNIS
1755 309 2221 367 οιιιιγδυδτωιι

2334 307 2561 359 dJlllil'.
2596 309 3120 367 CUNS'I'ANTINOP.

656 454 727 507 ibi
755 451 914 507 etiam
941 448 1052 503 Rex
1080 443 1328 499 caelorum
1354 447 1458 494 est.
1499 435 1555 490 Si
1593 433 1699 487 alio
1737 429 1896 485 modo
1919 424 2217 490 ornaveris,

652 543 922 598 diabolum
947 551 1125 598 vocas,
1156 531 1404 600 illiusque
1439 526 1684 582 chorum.
1725 521 1887 578 Venit
1928 521 2088 575 etiam
2134 518 2222 572 ille

654 637 706 690 in
754 634 966 688 domum
1012 624 1242 681 Matthaai
1291 618 1554 692 publicani
1603 614 1814 686 (Matth.
1842 611 2038 680 9.10).
2085 608 2220 677 Quid

652 741 781 796 ergo
818 724 940 778 fecit
983 719 1112 775 ille?
1155 714 1404 771 Ferventi
1435 710 1707 782 proposito
1732 706 1956 776 primum
1988 703 2219 796 seipsum

655 792 884 879 ornavit,
930 821 1038 866 tum
1071 807 1305 863 dimissis
1333 803 1582 860 omnibus
1628 807 1887 868 sequutus
1929 800 2010 850 est
2050 792 2219 846 illum.

654 913 742 965 Sic
769 906 1050 961 Cornelius
1078 903 1294 956 domum
1327 893 1537 949 ornavit
1576 890 1824 960 precibus
1844 895 1897 940 et
1921 886 2221 952 eleetnosy-

653 1003 733 1055 nis
767 999 902 1069 (Acr.
923 996 1011 1050 10.
1036 995 1093 1060 ι)
1124 1009 1141 1047 :
1186 989 1406 1056 ideoque.
1438 985 1694 1038 hactenus
1716 978 1880 1048 fulget
1919 976 2037 1075 plus
2063 987 2219 1075 quam

655 1066 812 1163 regite
861 1089 1022 1145 aedes.
1051 1084 1239 1140 Vilitas
1281 1079 1477 1150 quippe
1502 1075 1696 1167 domus
1727 1085 1830 1124 non
1861 1085 1890 1122 a
1922 1066 2059 1120 vasis
2107 1066 2223 1167 sine

651 1187 839 1241 ordine
881 1178 1150 1252 proiectis,
1195 1190 1297 1229 non
1325 1187 1354 1226 a
1383 1170 1624 1238 neglecto
1650 1165 1811 1227 lectu,
1855 1175 1960 1215 non
1983 1173 2017 1252 Aa
2048 1165 2216 1252 muris

653 1279 796 1332 fumo
843 1245 1167 1333 obscuratis,
1208 1265 1301 1322 sed
1363 1279 1391 1317 a
1441 1260 1671 1329 nequitia
1738 1250 2109 1306 habitantium.
2163 1245 2220 1300 ld

651 1368 793 1436 quod
833 1375 960 1423 sane
987 1361 1234 1417 Christus
1263 1353 1517 1416 ostendit,
1565 1349 1655 1420 qui
1699 1349 1749 1401 in
1796 1345 1952 1398 taletu
1980 1341 2217 1402 domum,

652 1462 778 1514 dum
828 1459 869 1511 is
910 1455 996 1524 qui
1039 1454 1091 1506 in
1134 1451 1221 1504 illa
1271 1447 1474 1502 habitat
1504 1443 1571 1497 sit
1615 1438 1831 1510 probus,
1879 1436 2078 1488 intrare
2116 1445 2220 1524 non

654 1521 952 1610 erubescit;
1003 1545 1056 1598 in
1105 1543 1244 1596 illam
1294 1552 1420 1592 vero
1463 1535 1638 1589 aliam.
1690 1526 1896 1582 etiamsi
1946 1535 2109 1576 aureo
2149 1521 2226 1573 la-

651 1641 834 1713 queari
875 1639 1127 1692 instructa
1182 1632 1276 1688 sit.
1310 1641 1594 1695 numquam
1623 1620 1856 1713 intrabit.
1893 1611 2223 1713 Itaque.th

653 1705 813 1805 regiis
834 1729 1034 1786 tediluzs
1057 1723 1381 1794 splendidior
1406 1729 1509 1778 est,
1535 1730 1651 1782 quzt‘.
1675 1710 1911 1763 omnium
1943 1705 2220 1805 Dominum

654 1798 877 1895 recipit;
921 1822 1006 1876 illa
1051 1834 1180 1872 vero
1226 1830 1344 1868 eum
1387 1807 1616 1878 laqueari
1648 1814 1696 1858 et
1726 1798 1988 1857 columnis
2022 1798 2219 1895 aureis,

653 1882 780 1973 r'vis
805 1927 853 1968 et
881 1913 1075 1968 cloacis
1100 1907 1318 1975 impuris
1345 1903 1532 1957 similis
1557 1909 1659 1960 cst,
1707 1909 1826 1963 quae
1871 1903 1993 1943 vasa
2021 1882 2219 1940 diabolt

654 2012 863 2066 habeat.
912 2006 1035 2061 Hmc
1077 2015 1234 2070 porro
1272 1998 1406 2051 dicta
1440 1993 1592 2046 nobis
1625 2004 1726 2041 non
1759 1983 1955 2038 divites
1979 1983 2224 2046 spectant

654 2103 904 2155 decorum
929 2103 1222 2150 servantes,
1246 2085 1338 2143 sed
1367 2097 1556 2138 avaros
1593 2089 1647 2132 et
1691 2073 1924 2146 peeunite
1956 2075 2216 2123 amantes.

3805 311 3910 366 732

2329 424 2480 493 Apud
2511 425 2608 480 hos
2639 426 2780 480 enim
2805 426 2947 481 nulla
2989 426 3056 480 de
3094 427 3412 481 necessariis
3439 427 3598 482 rebus
3636 444 3762 482 cura
3805 441 3907 492 est,

2328 513 2424 568 sed
2450 514 2518 568 de
2540 526 2745 581 ventre,
2769 515 2837 570 de
2869 519 3197 578 tetnttlentia,
3224 516 3400 588 deque
3431 517 3550 571 aliis
3581 519 3911 589 turpitudine

2330 603 2537 671 plenis;
2568 605 2618 658 in
2647 605 2735 659 illa
2761 617 2940 660 autem
2971 606 3041 662 de
3065 609 3392 676 philosophia
3435 609 3668 664 studium
3699 623 3802 665 est.
3828 611 3902 666 ld-

2329 694 2474 748 circo
2521 711 2808 765 numquam
2853 697 2908 750 in
2949 697 3164 751 domum
3193 699 3523 762 Splendidam
3553 700 3799 755 Christus
3825 703 3904 756 in-

2327 785 2527 850 troivit,
2584 788 2677 841 sed
2731 788 2782 842 in
2830 788 3114 857 publicani,
3156 790 3414 861 principis
3462 792 3907 860 publicanorum,

2330 875 2609 943 piscatoris
2651 877 2858 942 domos,
2903 880 3078 934 missis
3127 881 3282 950 regiis
3324 883 3566 947 ardibus,
3617 885 3795 939 missis
3846 884 3910 938 iis

2329 967 2418 1029 qui
2474 968 2726 1023 mollibus
2757 970 3047 1046 induuntur
3093 973 3446 1029 vestimentis.
3475 974 3531 1029 Si
3559 984 3615 1028 tu
3645 976 3804 1046 igitur
3846 975 3911 1030 il-

2330 1055 2438 1110 lum
2471 1057 2520 1110 in
2546 1059 2761 1112 domum
2786 1069 2926 1112 tuam
2956 1042 3148 1115 vocare
3167 1063 3317 1125 velis,
3347 1078 3477 1118 orna
3503 1063 3648 1118 illam
3677 1069 3918 1120 eleetno-

2330 1148 2498 1219 synis,
2553 1150 2818 1216 precibus,
2877 1153 3187 1222 pervigiliis,
3233 1155 3724 1222 supplicationibus.
3783 1156 3912 1211 ﬂare

2328 1238 2524 1306 quippe
2554 1239 2695 1308 regis
2721 1240 2918 1296 Christi
2961 1253 3086 1297 sunt
3127 1245 3287 1310 dona,
3323 1246 3408 1299 illa
3455 1262 3583 1302 vero
3616 1264 3908 1315 mamonae,

2329 1328 2526 1384 Christi
2559 1331 2780 1389 inimici.
2811 1333 3087 1389 Neminem
3136 1352 3265 1408 ergo
3307 1339 3502 1407 pudeat
3541 1341 3758 1396 domum
3811 1342 3911 1397 hac

2331 1421 2457 1476 bere
2481 1423 2660 1490 vilem,
2691 1423 2733 1478 si
2766 1426 2880 1482 haec
2903 1438 3088 1481 nactus
3109 1428 3174 1483 sit.
3198 1443 3506 1486 ornamenta
3534 1449 3549 1496 ;
3582 1448 3738 1486 nemo
3760 1434 3912 1489 dives

2332 1512 2497 1565 altum
2523 1514 2695 1579 sapiat
2722 1514 2788 1570 de
2816 1516 3093 1584 magniﬁca
3131 1519 3313 1586 domo,
3358 1523 3451 1576 sed
3497 1525 3672 1591 petius
3712 1526 3908 1580 erube-

2331 1610 2462 1666 scat,
2509 1616 2563 1656 et
2595 1604 2680 1657 illa
2714 1605 2916 1666 relicta.
2949 1608 3083 1662 ltanc
3109 1609 3321 1681 deligat,
3357 1623 3412 1666 ttt
3443 1624 3495 1668 et
3523 1615 3610 1670 hic
3637 1615 3909 1671 Christum

2330 1694 2579 1761 excipiat,
2612 1703 2666 1749 et
2695 1696 2802 1751 illic
2830 1699 3047 1753 aeternis
3085 1699 3287 1755 fruatur
3317 1705 3690 1770 tabernaculis,
3737 1707 3912 1776 gratia

2333 1795 2384 1838 ct
2413 1785 2738 1854 benignitate
2771 1787 2976 1843 Domini
3009 1793 3172 1845 nostri
3204 1791 3330 1847 Jesu
3359 1794 3578 1860 Christi,
3625 1799 3712 1851 cui
3739 1797 3910 1867 gloria

2331 1886 2385 1930 et
2414 1876 2694 1944 imperium
2724 1880 2738 1908 ¹
2770 1878 2821 1932 iu
2852 1881 3042 1934 sarcula
3068 1885 3404 1939 saeculorum.
3434 1885 3627 1940 Amen.

2398 2009 2645 2087 {Aliquot
2674 2019 2781 2087 uss.
2829 2014 2859 2063 h
2880 2015 3030 2076 aheni,
3077 2015 3157 2087 cui
3197 2014 3358 2087 gloria
3398 2026 3453 2087 ct_
3480 2019 3755 2081 imperium,
3800 2034 3916 2070 cum

2331 2075 2512 2119 teteruo
2537 2078 2691 2133 Patre,
2713 2081 2758 2123 et
2780 2089 2890 2125 cum
2910 2075 3074 2128 sancto
3091 2085 3138 2129 et
3160 2075 3346 2144 eiei/ica
3373 2075 3568 2143 Spiritu;

655 2436 784 2491 Car.
821 2427 910 2492 26.
955 2441 1008 2478 v.
1040 2424 1123 2478 5i.
1172 2417 1236 2471 Et
1291 2429 1401 2468 ecce
1445 2423 1574 2462 unus
1601 2417 1770 2457 eorum
1825 2396 1925 2494 qui.
1950 2406 2064 2494 cum
2097 2384 2220 2494 Iesu

723 2484 865 2576 oraui
891 2561 905 2583 ,
950 2511 1222 2568 extendens
1273 2517 1474 2558 munitm
1499 2541 1512 2560 ,
1547 2490 1823 2564 eeoginavit
1868 2484 2136 2583 gladium,
2178 2484 2225 2528 et

729 2570 1009 2682 petent-iens
1051 2616 1247 2657 seruum
1281 2592 1533 2668 pontificis
1567 2630 1581 2651 ,
1623 2579 1896 2652 amputavit
1932 2570 2221 2682 auriculam

727 2667 855 2775 ejus.
878 2699 966 2756 52.
997 2697 1136 2751 Tunc
1165 2667 1288 2746 dixit
1311 2689 1352 2742 ei
1377 2687 1525 2739 Jesus
1549 2697 1573 2775 7:
1605 2679 1849 2775 Converte
1891 2667 2222 2775 gladium—1n

917 2806 1081 2844 suum.
1110 2786 1293 2839 Uumes
1319 2780 1450 2833 cuitu
1471 2774 1555 2845 qui
1577 2769 1799 2842 gladium
1819 2760 2086 2831 accipient,
2110 2755 2224 2826 gla-

727 2888 812 2942 dio
841 2884 1088 2954 peribunt.
1116 2877 1205 2933 53.
1236 2875 1315 2928 Αη
1367 2878 1512 2938 putas
1540 2864 1656 2954 quia
1696 2876 1795 2912 non
1820 2867 2018 2954 possunt
2047 2859 2227 2954 rogare

730 2938 939 3033 lit—ttiem
967 3015 982 3037 ,
1009 2981 1054 3024 et
1095 2969 1233 3023 sistet
1264 2961 1386 3015 mihi
1413 2961 1546 3013 nunc
1595 2953 1709 3022 plus
1762 2961 1910 3037 guunt
1962 2938 2224 3037 duodecim

730 3029 949 3142 legiones
971 3029 1307 3132 angelorum?
1333 3051 1421 3107 δι.
1454 3042 1718 3142 Quomodo
1746 3052 1863 3108 ergo
1893 3029 2229 3102 implebantur

730 3135 1025 3232 εξνίριιινω,
1051 3155 1170 3224 quia
1193 3152 1265 3206 sic
1290 3153 1479 3216 ορονιθι
1505 3135 1658 3234 Μνη-
1693 3229 1704 3234 _
1810 3233 1817 3234 ί
1899 3223 1910 3234 ι
1968 3222 2000 3234 __

732 3220 784 3313 ί.
816 3220 917 3310 έιιτ
957 3220 1185 3307 Christus
1214 3235 1474 3309 discipulis
1505 3229 1724 3302 permisit
1765 3233 1819 3278 ut
1859 3222 2056 3291 gladios
2085 3220 2231 3273 liabe-

656 3363 787 3405 rent.
814 3378 885 3392 -—-
907 3345 1036 3414 Quis
1075 3349 1152 3393 est
1181 3351 1313 3393 unus
1341 3334 1441 3387 iste
1461 3329 1548 3398 qui
1569 3325 1858 3380 auriculam
1899 3316 2230 3414 amputavit?

657 3443 890 3500 Joannes
915 3410 1046 3492 dixit
1081 3433 1245 3488 fuisse
1291 3429 1500 3482 Petrum
1533 3419 1730 3492 (Joan.
1759 3415 1845 3470 18.
1873 3412 1936 3468 l0
1957 3410 1997 3482 ).
2031 3410 2230 3478 Estque

660 3533 910 3589 ferventis
935 3528 1074 3584 illius
1100 3522 1260 3578 animi
1286 3532 1435 3588 opus.
1463 3513 1564 3569 Sed
1597 3508 1722 3566 illud
1745 3502 2084 3578 (ιιιιιινρηιιιιηι
2116 3508 2228 3564 est,

661 3641 758 3683 cur
781 3621 1012 3694 gladium
1042 3613 1361 3687 gestabant,
1388 3605 1529 3678 quod
1563 3619 1663 3658 non
1697 3601 1823 3655 hinc
1852 3597 2023 3650 solum
2055 3602 2228 3694 patet,

659 3719 754 3776 sed
793 3719 913 3788 quia
945 3710 1246 3780 interrogati
1273 3707 1548 3768 dixerunt,
1586 3699 1716 3755 duos
1748 3697 1834 3752 hic
1860 3710 1977 3751 esse
2007 3693 2228 3788 gladios.

660 3811 767 3864 Cur
807 3784 1045 3878 permisit
1073 3801 1178 3856 illis
1202 3798 1444 3854 Christus
1472 3802 1529 3846 ttt
1566 3791 1770 3862 gladios
1803 3785 2104 3878 habet-cuti
2136 3784 2229 3838 Et-

658 3876 932 3959 enim—hoc
955 3899 1027 3951 ait
1054 3896 1223 3951 Lucas
1268 3893 1439 3962 ipsum
1482 3887 1680 3944 dixisse
1710 3903 1724 3937 :
1753 3882 1968 3947 Quando
1995 3876 2106 3930 misi
2146 3889 2232 3928 nos

665 3995 771 4047 sine
796 3990 997 4044 sacculo
1026 3998 1071 4041 et
1097 4002 1214 4056 pera
1233 3993 1280 4038 et
1307 3980 1652 4035 calceamentis
1669 4020 1683 4042 ,
1716 3992 1835 4029 nttut
1858 3973 2116 4043 quidpiam
2142 3968 2232 4022 de-

660 4085 754 4156 fuit
780 4082 963 4138 vobis?
1001 4079 1239 4148 Cumque
1281 4073 1682 4143 respondissent
1732 4067 1807 4121 illi
1835 4110 1848 4126 ,
1898 4063 2065 4156 Nihil,
2098 4061 2233 4116 dixit

663 4154 744 4231 eis
774 4190 788 4225 :
821 4174 924 4229 Sed
949 4187 1082 4226 nunc
1103 4170 1190 4240 qui
1222 4169 1365 4222 habet
1402 4164 1662 4219 sacculum
1685 4202 1700 4225 ,
1734 4160 1878 4213 tollat
1924 4154 2157 4210 similiter
2184 4162 2231 4207 et

661 4283 836 4338 peram
859 4279 880 4319 :
903 4273 948 4316 et
973 4263 1060 4329 qui
1086 4278 1186 4315 non
1233 4258 1399 4318 liabet,
1428 4257 1607 4310 vendat
1651 4251 1997 4338 vestimentum
2036 4261 2182 4338 suum
2211 4260 2230 4308 ,-

659 4336 705 4410 ξι
731 4368 859 4413 emat
883 4355 1108 4427 gladium
1149 4351 1293 4421 (Luc.
1318 4349 1407 4404 es.
1436 4347 1505 4402 55
1536 4376 1558 4387 -
1590 4344 1703 4415 ss).
1733 4343 1939 4397 Etcum
1970 4336 2236 4427 dixissent

661 4453 758 4521 illi,
787 4425 904 4506 esse
955 4449 1039 4501 hic
1092 4445 1296 4516 gladios
1344 4442 1498 4502 duos,
1530 4438 1662 4492 dixit
1713 4434 1838 4496 illis,
1869 4429 2085 4500 δυηῖεὶε.
2128 4425 2236 4479 Cur

657 4523 786 4618 ergo
818 4545 869 4600 id
920 4540 1158 4611 permisit
1189 4539 1332 4592 illis?
1361 4536 1430 4592 Ut
1460 4532 1616 4587 fidem
1649 4529 1755 4585 illis
1783 4528 1983 4581 laceret
2026 4535 2085 4575 se
2126 4530 2231 4573 tra-

657 4637 888 4693 dendum
921 4633 1052 4688 fore.
1088 4630 1209 4684 Ideo
1233 4629 1366 4684 dixit
1397 4627 1523 4690 illis,
1560 4623 1708 4678 Emat
1736 4620 2006 4692 gladium;
2031 4631 2135 4670 non
2177 4624 2236 4669 ut

658 4734 1017 4790 armarentur,
1045 4723 1216 4783 absit;
1244 4721 1336 4775 sed
1370 4727 1426 4772 ιιι
1453 4732 1547 4788 per
1574 4717 1676 4772 hoc
1706 4715 2062 4786 proditionem
2089 4711 2235 4767 indi-

654 4828 828 4875 caret.
861 4818 927 4872 Et
956 4829 1146 4884 quare,
1179 4815 1407 4883 inquies.
1439 4826 1620 4880 peram
1653 4809 1850 4864 habere
1875 4806 2078 4879 jussit?
2116 4806 2231 4863 Mo-

657 4916 814 4968 nt-hat
844 4927 937 4966 eos
991 4921 1046 4964 ttt
1076 4909 1325 4978 deinceps
1363 4908 1552 4963 attenti
1581 4918 1760 4964 essent
1797 4919 1852 4963 et
1909 4910 2183 4982 vigilarent
2214 4953 2229 4976 ,

655 5019 947 5072 magnaque
984 5002 1258 5071 diligentia
1288 5011 1580 5057 uterentur.
1618 5003 1773 5058 Initio
1798 5006 1939 5059 enim
1965 5048 1978 5071 ,
2012 5016 2071 5062 ut
2122 5008 2236 5061 im-

665 5095 883 5161 peritos,
914 5093 1074 5147 multa
1105 5108 1196 5147 sua
1227 5098 1417 5147 vlt-tute
1446 5095 1656 5150 fovebat
1683 5115 1696 5160 ;
1725 5098 1916 5154 tluntle
1933 5117 2058 5156 vero
2081 5102 2233 5171 quasi

664 5187 838 5252 pullos
866 5202 928 5239 ex
957 5185 1079 5239 nido
1104 5185 1343 5250 eductos,
1366 5186 1510 5253 jubet
1544 5189 1769 5256 propriis
1788 5189 1862 5243 uti
1886 5189 2001 5244 alis.
2033 5190 2233 5248 Deinde

665 5294 729 5332 uc
759 5287 1022 5347 putarent,
1047 5292 1104 5330 se
1137 5292 1241 5344 pra:
1271 5276 1638 5333 imbecillitate
1664 5281 1895 5335 omissos
1939 5281 2125 5349 fuisse,
2147 5284 2237 5351 ju-

663 5374 795 5425 beus
826 5371 941 5425 illos
986 5386 1060 5423 'na
1090 5369 1300 5434 allerre,
1333 5372 1503 5437 priora
1536 5371 1588 5422 in
1621 5385 1851 5426 mentem
1879 5384 2124 5438 revocat,
2153 5375 2233 5428 di-

662 5479 789 5517 cens
814 5481 827 5518 :
862 5461 982 5515 Cum
1022 5464 1131 5514 misi
1157 5478 1240 5514 vos
1263 5466 1368 5516 siue
1392 5463 1614 5526 sacculo,
1648 5479 1766 5516 nunt
1789 5464 2049 5535 quidpiam
2075 5467 2234 5534 defuit

663 5557 839 5607 βαιὸέεῖ
868 5564 920 5607 ttt
943 5555 1189 5621 utrinque
1212 5555 1349 5607 illius
1371 5556 1658 5624 potentiam
1688 5554 2008 5621 etlist'ercnt,
2032 5566 2086 5611 et
2114 5560 2232 5626 quia

664 5648 913 5715 protexit,
943 5654 997 5700 et
1027 5646 1148 5714 quia
1178 5660 1314 5698 nunc
1343 5645 1539 5699 sensim
1573 5648 1690 5700 illos
1717 5646 1987 5714 relinquit.
2013 5647 2116 5702 Sed
2151 5666 2236 5702 uu-

657 5736 846 5792 dcnam
880 5739 947 5793 ibi
976 5737 1132 5808 gladii
1179 5739 1372 5791 ctam?
1402 5738 1477 5789 Ελ
1518 5754 1668 5793 cinna
1720 5745 1775 5792 et
1821 5754 2004 5794 mensa
2037 5748 2232 5812 egressi

2335 2383 2566 2442 fuerant.
2596 2391 2896 2453 Verisimile
2925 2411 3102 2455 autem
3133 2411 3217 2458 est
3255 2403 3325 2458 ibi
3379 2404 3584 2475 gladios
3636 2404 3799 2458 fuisse
3844 2401 3914 2455 ad

2333 2483 2620 2537 secundum
2645 2503 2838 2556 agnum
2865 2507 2879 2553 ;
2909 2493 3030 2545 hinc
3056 2509 3175 2548 cum
3203 2497 3499 2562 audissent,
3534 2499 3704 2567 ipsum
3731 2513 3758 2550 a
3789 2499 3915 2568 qui—

2335 2572 2552 2628 busdam
2583 2579 2935 2640 invadendum
2962 2604 3101 2654 esse,
3135 2592 3367 2659 gladium
3388 2594 3703 2662 sumpsisse,
3733 2605 3793 2649 ut
3814 2612 3918 2666 pro

2334 2669 2593 2735 magistro
2615 2687 2935 2744 pugnarent,
2964 2681 3105 2748 quod
3137 2697 3202 2735 ex
3235 2683 3442 2737 illorum
3475 2694 3684 2742 tantum
3717 2703 3920 2759 propo-

2332 2758 2436 2810 sito
2472 2773 2519 2816 et
2558 2765 2828 2823 voluntate
2857 2769 3052 2826 factum
3081 2786 3181 2829 est.
3211 2775 3548 2846 Quapropter
3575 2758 3792 2835 Petrum
3824 2782 3914 2835 in-

2332 2868 2513 2925 crepat
2547 2861 2689 2930 quod
2725 2862 2903 2933 gladio
2934 2882 3061 2921 usus
3091 2869 3182 2929 sit,
3212 2870 3370 2940 idque
3395 2871 3575 2927 addita
3608 2873 3916 2928 vehementi

2332 2953 2766 3010 cotmninatione.
2799 2957 2928 3013 Nam
2960 2975 3172 3015 servum
3198 2966 3498 3025 venientem
3519 2967 3660 3023 ultus
3685 2979 3788 3031 est,
3820 2985 3918 3023 ar-

2332 3040 2522 3097 denter
2535 3046 2772 3114 quidem,
2798 3066 2979 3105 verum
3009 3067 3113 3106 non
3150 3069 3207 3109 se
3228 3055 3540 3123 defendens,
3561 3061 3654 3116 sed
3680 3078 3776 3131 pro
3803 3079 3918 3116 ma-

2332 3133 2501 3202 gistro
2530 3153 2788 3205 pugnans.
2833 3141 3013 3214 Neque
3050 3149 3291 3215 permisit
3329 3148 3573 3207 Christus
3620 3162 3675 3207 ut
3703 3154 3919 3225 aliquod

2336 3230 2458 3286 hinc
2479 3232 2729 3290 damnum
2749 3250 3063 3306 emergeret.
3091 3241 3217 3296 Nam
3239 3248 3446 3301 sanavit
3470 3263 3706 3317 servum,
3723 3262 3777 3305 et
3796 3266 3918 3306 ma-

2334 3343 2494 3398 guum
2517 3330 2824 3386 miraculum
2842 3333 3025 3401 edidit,
3045 3337 3184 3403 quod
3205 3348 3383 3407 posset
3393 3349 3447 3394 et
3469 3341 3845 3413 benignitatem
3862 3355 3924 3401 et

2338 3423 2625 3490 potentiam
2646 3439 2796 3478 suam
2821 3425 3143 3496 patefacere,
3167 3445 3372 3485 necnon
3396 3431 3646 3504 discipuli
3675 3452 3917 3494 antorem

2336 3513 2493 3566 simul
2515 3521 2568 3566 et
2586 3518 3072 3573 mansuetudinem:
3095 3536 3214 3576 nam
3245 3522 3371 3579 illud
3390 3541 3457 3582 ex
3473 3544 3654 3584 amore
3678 3570 3693 3593 ,
3717 3527 3819 3583 hoc
3845 3546 3920 3586 ex

2336 3606 2637 3662 obedientia
2682 3608 2894 3666 fecerat.
2935 3613 3066 3668 Cum
3095 3613 3332 3673 audisset
3349 3621 3511 3688 enim,
3532 3619 3923 3693 Mittegladt'ttm

2336 3700 2386 3753 iu
2401 3701 2631 3771 vaginam
2671 3705 3112 3776 suntu(Joan.18.
3147 3708 3260 3778 Η).
3281 3713 3460 3767 statim
3475 3713 3921 3783 obsequutusest,

2338 3806 2436 3848 nec
2454 3803 2630 3859 postea
2653 3795 2878 3864 idipsum
2898 3798 3040 3853 fecit.
3059 3800 3209 3855 Alius
3221 3802 3366 3863 dicit,
3391 3803 3748 3876 interrogasse
3774 3807 3920 3875 illos,

2338 3885 2400 3941 Si
2419 3888 2720 3954 percutimtts
2748 3888 2766 3956 (
2782 3886 2909 3941 Luc.
2937 3888 3027 3943 22.
3050 3891 3140 3962 l9)
3170 3910 3183 3947 :
3208 3894 3380 3963 ipsum
3407 3911 3537 3952 vero
3557 3899 3920 3967 prohibuisse,

2336 3989 2392 4033 et
2408 3994 2616 4034 servum
2634 3982 2920 4036 sanavisse.
2945 3983 3270 4053 Discipulum
3295 3999 3472 4045 autem
3493 3990 3806 4061 increpavit,
3827 3993 3928 4047 ad-

2337 4070 2444 4124 dita
2488 4074 2917 4136 comminatione,
2962 4083 3019 4128 ut
3060 4077 3147 4130 ille
3189 4093 3393 4134 morem
3429 4091 3641 4150 gereret
3675 4100 3689 4136 :
3728 4081 3926 4140 Omnes

2339 4162 2490 4226 enim,
2536 4163 2723 4233 inquit,
2766 4166 2855 4236 qui
2881 4165 3110 4237 gladium
3162 4170 3430 4240 accipient,
3461 4173 3636 4242 gladio
3661 4175 3921 4243 peribunt.

2340 4254 2404 4308 Et
2433 4257 2692 4311 rationem
2721 4257 2933 4326 adjecit,
2951 4257 3138 4314 dicens
3163 4279 3175 4313 :
3209 4261 3288 4314 An
3316 4263 3504 4332 putatis
3527 4264 3646 4332 quia
3669 4281 3770 4320 non
3799 4283 3924 4338 pos-

2338 4366 2447 4403 sum
2471 4367 2652 4420 rogare
2677 4349 2884 4406 Patrem
2905 4369 3091 4418 meum,
3119 4363 3167 4406 et
3192 4356 3331 4409 sistet
3360 4356 3484 4409 tuilu'
3499 4357 3765 4428 plusquam
3785 4360 3926 4416 dato-

2339 4443 2498 4496 decim
2528 4445 2745 4515 legiones
2772 4446 3111 4518 angelorum?
3146 4447 3253 4503 Sed
3281 4451 3534 4519 quatuodo
3577 4452 3928 4522 implebantur

2297 4551 2299 4554 ·
2342 4535 2669 4605 δτι-ἰριννωῖ
2695 4536 2785 4590 llis
2817 4538 2916 4590 fert
2929 4552 3076 4594 orem
3106 4555 3291 4593 eorum
3325 4542 3608 4605 restinxit,
3654 4545 3929 4600 ostendit-

2339 4648 2444 4701 que
2493 4634 2542 4688 id
2598 4635 2650 4688 in
2681 4635 2970 4705 Scripturis
2998 4638 3201 4693 haberi.
3232 4639 3356 4694 Ideo
3386 4640 3534 4708 prius
3576 4640 3930 4711 precabatur,

2342 4734 2400 4778 ut
2427 4725 2566 4793 quod
2607 4727 2949 4798 contingebat
2991 4730 3102 4783 tuiti
3144 4733 3324 4785 animo
3373 4731 3931 4805 lt:rrettt,.postquam

2339 4819 2618 4874 audierant
2661 4821 2713 4874 id
2769 4822 3059 4877 secundum
3095 4824 3417 4879 voluntatem
3450 4825 3540 4880 Dei
3586 4825 3720 4883 fieri.
3751 4827 3819 4882 Et
3843 4828 3935 4885 his

2341 4909 2550 4966 duobu.
2595 4912 2717 4966 illos
2746 4915 3054 4969 consolatus
3086 4924 3189 4982 est,
3239 4933 3303 4970 ex
3351 4918 3612 4989 supplicio
3665 4919 3932 4974 insidian-

2343 4997 2470 5057 tium
2503 5024 2515 5058 :
2545 5021 2665 5058 nam
2695 5008 2790 5074 ait,
2839 5006 3023 5061 Omnes
3063 5010 3149 5078 qui
3175 5010 3401 5080 gladium
3450 5011 3721 5079 accipient,
3751 5013 3935 5084 gladio

2344 5099 2606 5164 peribunt;
2637 5109 2690 5153 et
2714 5115 2778 5154 ex
2808 5116 2872 5155 eo
2894 5100 3033 5169 quod
3058 5119 3161 5154 non
3192 5103 3461 5159 illibenter
3481 5105 3592 5159 haec
3612 5113 3890 5174 pateretur
3915 5125 3931 5160 :

2345 5192 2568 5247 Possum
2599 5195 2764 5256 enim,
2814 5194 3004 5263 inquit.
3044 5210 3232 5264 rogare
3263 5195 3495 5250 Patrem.
3554 5196 3620 5250 Et
3671 5211 3765 5250 cur
3814 5213 3933 5254 mm

2341 5284 2493 5343 dixit.
2519 5289 2597 5338 An
2627 5286 2823 5354 putatis
2848 5287 2990 5356 quod
3018 5302 3123 5340 non
3154 5287 3352 5354 ροςειὶιη
3391 5302 3494 5357 ego
3521 5288 3643 5342 illos
3662 5291 3934 5358 perdere?

2341 5377 2473 5441 Quia
2507 5377 2608 5430 lide
2624 5377 2834 5446 dignior
2855 5377 3134 5433 videbatur
3154 5393 3276 5434 esse
3301 5379 3378 5434 sic
3395 5378 3619 5449 loquens
3644 5397 3659 5434 :
3687 5379 3929 5438 nondum

2340 5471 2483 5524 enim
2512 5483 2568 5522 ut
2609 5487 2703 5536 par
2730 5480 2846 5524 erat
2869 5471 2939 5525 de
2987 5471 3081 5524 illo
3130 5471 3433 5526 sentiebant
3463 5489 3477 5524 :
3509 5485 3560 5526 et
3600 5473 3759 5544 paulo
3799 5485 3937 5532 ante

2341 5562 2546 5616 dixerat
2579 5581 2593 5616 :
2631 5561 2806 5616 Tristis
2841 5572 2913 5615 est
2938 5564 3109 5614 animo
3156 5579 3267 5616 mea
3307 5580 3463 5632 usque
3484 5565 3552 5617 ad
3571 5575 3813 5628 mortem;
3847 5575 3928 5632 et,

2343 5655 2520 5720 Pater,
2551 5665 2774 5709 transeat
2817 5671 2848 5706 a
2879 5670 2958 5708 me
2997 5656 3135 5709 calix
3163 5655 3258 5709 iste
3282 5671 3300 5719 ;
3325 5655 3392 5710 ad
3425 5657 3537 5711 lucc
3559 5656 3608 5708 in
3636 5671 3832 5724 angore
3874 5668 3934 5712 et

2341 5746 2534 5801 sudore
2564 5746 2708 5800 visus
2735 5756 2837 5808 est,
2875 5755 3033 5816 atque
3077 5747 3144 5802 ab
3169 5748 3374 5818 angelis
3411 5747 3762 5802 confortatus.
3790 5747 3931 5816 Quia
