4160 6330
293 377 405 434 733

290 492 463 561 igitur
517 483 682 541 multa
732 476 1049 535 humanitati
1100 476 1463 545 competentia
1514 473 1734 533 fecerat,
1785 484 1891 523 non

285 580 660 635 vcrisimilitcr
692 576 770 629 sic
802 573 944 643 loqui
975 572 1272 640 potuisset,
1313 573 1396 623 An
1430 566 1625 635 putatis
1670 580 1756 619 me
1784 579 1891 618 non

293 686 463 743 posse
508 671 628 725 illos
658 668 921 738 perdere?
972 666 1097 720 Ideo
1126 665 1297 719 dicit:
1340 662 1419 716 An
1457 661 1644 731 putatis
1669 675 1748 711 nte
1788 674 1890 711 non

285 779 445 835 posse
472 777 613 817 nunc
644 778 825 833 rogare
856 758 1064 812 Patrem
1097 757 1305 811 meum?
1337 756 1404 810 lit
1446 755 1547 809 hoc
1575 754 1748 819 ipsum
1773 767 1893 804 rur-

281 869 387 910 sus
434 854 706 909 humiliter
734 850 941 923 profert
984 851 1170 905 dicens
1220 848 1421 904 :Sistet
1455 846 1580 900 mihi
1623 844 1891 899 duodecim

279 949 515 1017 legiones
568 945 887 1016 angelorum.
931 943 1064 997 Nam
1117 943 1161 996 si
1216 955 1355 995 unus
1405 939 1628 1009 angelus
1670 947 1888 992 centum

282 1039 563 1107 octoginta
590 1037 825 1106 quinque
853 1034 1016 1087 millia
1066 1033 1343 1087 hominum
1390 1041 1718 1085 armatorum
1745 1028 1890 1083 occi-

280 1131 371 1185 dit
397 1130 478 1199 (4.
511 1127 640 1199 Reg.
670 1130 756 1183 t9.
790 1128 916 1197 35),
946 1142 1013 1180 an
1041 1126 1321 1179 duodecim
1350 1124 1589 1195 legiones
1608 1121 1890 1192 oportebat

281 1233 482 1276 contra
535 1221 681 1275 mille
757 1218 1042 1272 homines?
1090 1217 1207 1272 Non
1265 1217 1467 1287 utique.
1536 1213 1644 1270 Sed
1695 1229 1888 1268 secun-

282 1312 418 1366 dum
445 1321 646 1366 metum
689 1318 743 1365 et
789 1309 1151 1363 infirmitatem
1184 1324 1373 1363 eorum
1403 1322 1710 1362 sermonem
1747 1306 1881 1360 tem-

286 1412 484 1472 perat:
519 1417 640 1455 nam
701 1401 893 1453 timore
933 1400 1162 1453 emortui
1206 1407 1379 1453 erant.
1418 1396 1541 1451 Ideo
1582 1396 1887 1465 Scripturas

284 1493 351 1547 sd
384 1492 691 1547 firmitatem
712 1490 869 1545 affert
902 1489 1087 1544 dicens
1120 1508 1134 1543 :
1179 1488 1445 1555 Quomodo
1476 1504 1596 1559 ergo
1625 1488 1884 1559 implean-

276 1600 370 1641 tur
393 1584 718 1655 Scriptum?
749 1584 874 1638 hinc
900 1577 1180 1638 detetircus
1208 1597 1325 1637 eos.
1356 1581 1487 1637 Nam
1515 1582 1560 1637 si
1592 1581 1885 1651 Scripturis

290 1677 359 1729 ita
395 1676 608 1729 videtur
627 1717 640 1739 ,
670 1691 768 1730 cur
795 1690 889 1729 vos
915 1684 1099 1728 contra
1130 1673 1419 1745 pugnatis?

350 1767 409 1822 2.
438 1768 561 1821 ΙΙωο
580 1767 880 1837 discipulis,
905 1768 1012 1822 illis
1031 1777 1207 1821 autem
1230 1767 1308 1821 sic
1336 1766 1605 1837 loquitur:
1633 1766 1722 1822 55.
1744 1765 1887 1821 Tan-

274 1876 437 1933 quam
467 1861 535 1912 ad
562 1858 811 1914 latronem
838 1861 1009 1915 existis
1034 1877 1149 1914 cum
1195 1858 1381 1929 gladiis
1409 1870 1457 1913 et
1500 1859 1717 1930 fustibus
1742 1876 1881 1913 cont-

278 1952 600 2022 prehendere
617 1968 732 2006 nte:
757 1952 981 2021 quotidie
1012 1951 1066 2004 in
1103 1951 1291 2020 templo
1318 1950 1550 2005 sedebam
1573 1949 1789 2015 docens,
1836 1961 1883 2004 et

274 2059 383 2095 non
424 2059 503 2095 me
526 2042 779 2095 tenuistis.
809 2040 937 2096 Vide
963 2051 1158 2111 quanta
1181 2041 1339 2095 faciat
1365 2058 1486 2112 qua:
1514 2044 1723 2110 possint
1760 2041 1883 2097 illos

272 2136 510 2202 erigere.
534 2131 767 2201 Supinos
792 2132 1035 2202 projecit,
1058 2148 1247 2187 aurem
1276 2135 1415 2186 servi
1445 2133 1668 2196 curavit,
1694 2148 1882 2207 net-em

276 2224 387 2278 illis
407 2222 769 2278 comminatus
787 2231 872 2277 est
896 2242 909 2277 :
934 2222 1120 2277 Gladio
1150 2222 1404 2292 peribunt,
1436 2224 1625 2293 inquit.
1657 2226 1743 2294 qui
1770 2224 1884 2294 gla-

274 2319 421 2371 dium
440 2318 721 2386 accipient;
749 2316 891 2387 quod
908 2317 977 2372 ab
990 2317 1227 2372 auricula
1253 2317 1494 2372 restituta
1521 2318 1878 2381 confirmavit,

276 2411 579 2479 undique,a
599 2410 970 2479 praesentibus,
1001 2425 1029 2462 a
1061 2409 1274 2477 futuris,
1296 2411 1590 2481 potentiam
1616 2410 1880 2467 exhibens

272 2516 465 2566 suam,
499 2510 555 2555 ttt
599 2501 848 2555 ostendat
890 2515 994 2556 non
1047 2501 1261 2556 illorum
1294 2501 1618 2557 fortitudinis
1664 2504 1714 2557 id
1743 2520 1880 2573 Opus

272 2608 397 2646 esse
420 2592 561 2660 quod
593 2592 740 2646 illum
765 2593 1025 2662 ceperint.
1052 2593 1176 2647 Ideo
1220 2593 1452 2663 subjexit
1482 2612 1494 2649 :
1527 2594 1763 2662 Quotidie
1788 2613 1877 2650 vo-

272 2685 469 2738 biscum
504 2701 647 2739 eram
686 2696 732 2739 et
759 2685 992 2739 sedebam
1018 2686 1237 2752 docens,
1281 2696 1327 2741 et
1356 2704 1459 2741 non
1502 2706 1582 2742 tne
1607 2690 1878 2753 tenuistis;

274 2772 423 2829 hinc"
442 2778 602 2830 etiam
636 2778 928 2832 ostendens
951 2779 1303 2847 permissione
1333 2795 1425 2834 sua
1457 2780 1652 2835 factum
1674 2800 1795 2838 esse
1822 2794 1879 2839 ut

271 2878 580 2938 caperetur.
604 2868 872 2923 Miraculis
901 2879 1079 2923 autent
1112 2873 1505 2940 prtcterntissis,
1538 2874 1605 2927 de
1632 2874 1874 2930 doctrina

274 2960 532 3028 loquitur,
574 2977 640 3015 ne
663 2960 867 3028 jactare
895 2976 955 3015 se
986 2962 1273 3016 videretur.
1305 2963 1436 3017 Cum
1464 2963 1739 3029 docerem,
1769 2984 1873 3022 non

274 3052 522 3107 tenuistis
551 3068 662 3116 me;
687 3052 930 3107 silentem
956 3055 1192 3123 aggressi
1218 3055 1368 3119 estis;
1399 3055 1450 3108 itt
1476 3057 1675 3126 templo
1701 3073 1871 3125 eram,

272 3153 335 3197 et
359 3159 516 3197 nemo
544 3144 740 3197 invasit
782 3158 904 3198 me:
941 3158 1082 3197 nunc
1102 3156 1280 3197 autent
1311 3145 1628 3215 intempesta
1660 3146 1789 3202 hora
1822 3160 1875 3203 et

270 3235 452 3290 media
481 3245 637 3289 nocte
667 3235 870 3289 irruitis
892 3249 1013 3290 cum
1043 3234 1234 3305 gladiis
1260 3244 1315 3290 et
1342 3234 1609 3291 fustibus?
1636 3237 1773 3303 Quid
1812 3241 1876 3293 il-

273 3331 345 3385 lis
373 3345 507 3399 opus
533 3338 649 3385 erat
672 3330 839 3383 armis
874 3329 1133 3383 adversus
1152 3344 1276 3384 eum
1306 3331 1396 3400 qui
1427 3331 1699 3385 vobiscum
1729 3345 1873 3386 sem-

271 3438 374 3491 per
396 3422 544 3475 erat?
573 3422 655 3475 his
682 3420 903 3485 docens,
928 3421 1025 3474 nisi
1057 3435 1115 3476 se
1140 3432 1330 3490 sponte
1364 3423 1690 3487 tradidisset,
1719 3440 1876 3477 num-

267 3531 432 3583 quam
455 3514 693 3584 potuisse
721 3515 860 3585 rapi.
887 3513 1068 3583 Neque
1087 3516 1230 3570 enim
1262 3516 1314 3581 ii,
1342 3518 1432 3586 qui
1458 3518 1604 3571 illum
1631 3535 1738 3587 pra:
1761 3534 1875 3572 ma-

270 3606 432 3661 nibus
480 3618 534 3661 et
586 3608 639 3661 in
685 3610 862 3664 medio
915 3611 1207 3676 habentes,
1251 3611 1711 3680 comprehendere
1765 3629 1870 3666 non

270 3710 578 3767 potuerant,
604 3710 729 3753 tunc
757 3701 1073 3769 potuissent,
1095 3702 1194 3755 nisi
1229 3703 1343 3771 ipse
1366 3702 1639 3757 voluisset.
1673 3703 1873 3758 Deinde

267 3791 674 3860 ambiguitatem
709 3794 888 3857 solvit,
921 3809 1015 3847 cur
1048 3795 1099 3849 id
1124 3795 1369 3850 voluerit.
1404 3796 1491 3849 56.
1524 3793 1639 3849 [loc
1678 3799 1870 3866 factum

264 3892 367 3946 est,
400 3883 590 3953 inquit,
612 3894 667 3937 ut
694 3885 1022 3954 intplerentnr
1045 3886 1333 3956 Scriptura:
1362 3888 1746 3956 prophetarum.
1781 3887 1870 3943 Vi-

265 3976 448 4029 distin’
479 3978 749 4046 quomodo
793 3994 960 4047 usque
1006 3978 1072 4033 ad
1112 3980 1353 4035 ultimam
1385 3980 1572 4036 horam
1599 4023 1616 4045 ,
1647 3995 1711 4036 ac
1737 3995 1859 4036 cum

269 4069 387 4137 ip~e
414 4068 734 4133 traderetur,
759 4071 939 4124 omnia
964 4069 1165 4126 faceret
1199 4072 1265 4126 ad
1295 4072 1507 4127 illorunt
1534 4072 1869 4127 emendatio-

268 4174 417 4225 nem,
441 4174 659 4226 sauans,
688 4161 1093 4230 propltctizans,
1124 4164 1296 4219 minas
1323 4164 1593 4218 intentans
1623 4163 1722 4234 (In
1750 4166 1866 4236 gla-

266 4250 394 4315 dio,
445 4251 651 4322 inquit,
692 4253 991 4325 peribunt);
1033 4254 1323 4310 ostendens
1367 4271 1429 4312 se
1478 4256 1705 4311 libenter
1759 4257 1867 4327 pati

265 4342 286 4410 (
312 4339 567 4407 Quotidie,
599 4343 790 4413 inquit,
814 4344 1066 4399 vobiscum
1101 4363 1237 4401 erant
1275 4348 1519 4414 docens),
1551 4363 1704 4403 suam
1743 4365 1865 4404 cum

268 4431 431 4486 Patre
449 4432 792 4486 Concordiam
816 4436 1125 4503 ostendens,
1149 4435 1214 4491 Ut
1234 4439 1561 4503 implerentur
1583 4440 1869 4511 Scriptura:

264 4527 674 4594 prophetarum?
701 4526 809 4581 Cur
833 4539 1008 4583 autem
1043 4547 1147 4584 non
1178 4531 1325 4585 illunt
1360 4533 1412 4585 in
1442 4535 1643 4603 templo
1670 4543 1863 4589 tenue-

262 4618 435 4671 runt?
464 4618 596 4684 Quia
640 4618 709 4671 ibi
754 4635 859 4673 non
899 4620 1013 4675 ausi
1043 4622 1265 4676 fuissent
1296 4634 1516 4694 propter
1544 4624 1747 4681 turbas.
1780 4625 1865 4682 ld-

262 4710 414 4763 circo
446 4709 591 4763 foras
622 4712 808 4776 exivit,
849 4724 904 4767 et
943 4728 973 4768 a
1008 4716 1124 4767 loro
1152 4724 1207 4770 et
1232 4732 1261 4770 a
1295 4728 1535 4788 tetttpore
1562 4719 1862 4777 libertatem

263 4801 396 4869 ipsis
420 4816 634 4870 parans,
657 4814 713 4857 et
739 4818 905 4872 usque
924 4807 989 4859 ad
1011 4817 1308 4863 extremam
1329 4809 1515 4865 horam
1540 4812 1669 4881 ipsis
1694 4830 1861 4868 exeu-

261 4892 528 4949 sationent
561 4897 872 4966 praecidens.
898 4897 1024 4953 Nam
1048 4901 1136 4970 qni
1168 4916 1227 4956 se
1251 4903 1468 4957 tradidit
1497 4915 1553 4958 ιιι
1585 4906 1861 4975 prophetis

260 4984 690 5056 obtemperaret,
744 4991 1014 5058 quomodo
1058 4994 1324 5048 contraria
1364 4994 1673 5052 docuisset?
1720 4998 1862 5053 Tunc

262 5093 438 5130 omnes
456 5077 740 5150 discipuli,
789 5082 879 5135 illo
923 5083 1168 5151 dimisso,
1200 5088 1457 5157 fugerunt.
1501 5087 1637 5143 Cum
1671 5099 1860 5162 captus

263 5167 390 5232 fuit,
421 5180 767 5236 manserunt;
795 5187 917 5227 cum
944 5185 1121 5230 autem
1151 5176 1266 5232 haec
1290 5178 1357 5231 ad
1387 5178 1567 5235 turbas
1608 5181 1859 5251 loquutus

260 5268 427 5323 esset,
453 5258 722 5331 fugerunt.
757 5262 1014 5320 Viderunt
1035 5267 1177 5321 enim
1206 5268 1421 5324 demum
1453 5288 1558 5331 non
1591 5274 1727 5328 ultra
1756 5275 1856 5345 ipsi

262 5348 498 5422 fugiendi
527 5354 835 5411 facultatem
873 5356 1008 5425 fore,
1049 5374 1171 5415 cum
1202 5376 1262 5417 se
1286 5361 1399 5432 ipse
1428 5364 1660 5421 libenter
1689 5368 1854 5422 trudi-

260 5441 429 5499 disset
454 5444 579 5512 illis,
622 5456 678 5501 et
705 5447 908 5503 diceret
939 5449 1041 5505 hoc
1068 5453 1361 5508 secundum
1384 5454 1694 5525 Scripturas
1717 5459 1850 5513 fieri.

258 5533 390 5589 Cum
419 5535 750 5608 aufugissent
777 5540 889 5608 illi,
936 5542 1138 5597 ducunt
1164 5561 1285 5599 eum
1325 5546 1391 5600 ad
1418 5548 1708 5617 Caipham;
1760 5552 1850 5607 58.

260 5623 441 5681 Petrus
465 5639 633 5684 autem
662 5642 898 5698 sequutus
920 5644 966 5687 et
986 5634 1241 5706 ingressus
1270 5646 1364 5704 est,
1394 5650 1446 5692 ut
1468 5639 1654 5694 videret
1675 5642 1848 5708 liuent.

262 5718 445 5790 Ingens
470 5721 719 5793 discipuli
757 5725 975 5791 fervor;
1021 5744 1141 5782 cum
1181 5728 1444 5799 fugientes
1484 5733 1708 5798 videret,
1745 5751 1849 5790 non

262 5811 403 5885 fugit,
436 5814 532 5872 sed
563 5817 712 5873 stetit
739 5827 793 5874 et
834 5833 955 5874 cum
988 5820 1091 5876 illis
1117 5822 1375 5879 introivit.
1406 5822 1540 5881 Nam
1562 5828 1661 5884 etsi
1687 5827 1849 5886 Joano

1156 361 1223 420 IN
1264 357 1676 417 ΜΑΤΤΙΙΑΞΗΜ
1709 309 1947 410 ἰιυλιιι..
1991 352 2280 408 Lxxxtv.
2322 355 2374 411 al
2440 352 2703 410 Lxxxv.

3501 363 3609 421 τηε

2005 482 2102 522 nes
2129 469 2147 539 (
2173 466 2307 538 Cap.
2342 468 2425 524 l8.
2463 469 2569 540 l5)
2597 486 2810 540 quoque
2834 469 2937 526 hoc
2957 471 3174 538 fecerat,
3196 474 3292 530 sed
3314 484 3473 531 notus
3493 489 3613 534 erat

1999 561 2261 628 poutilici.
2294 560 2361 614 Et
2387 576 2485 614 cur
2525 578 2649 616 eum
2679 563 2771 616 illo
2796 563 3155 630 adduxerunt,
3189 567 3275 621 ubi
3304 577 3458 622 crant
3487 584 3609 623 om-

2002 667 2101 707 nes
2121 657 2428 721 congregati
2452 654 2474 706 ?
2504 654 2570 710 Ut
2598 658 2779 710 omnia
2804 673 2871 711 ex
2904 659 3214 727 poutilieum
3237 663 3501 717 sententia
3525 662 3606 718 fa'

1997 758 2207 803 cerent.
2253 746 2347 803 Ille
2376 764 2609 817 namque
2641 760 2766 805 tunc
2796 761 2912 804 erat
2940 767 3187 809 summus
3231 755 3506 821 sacerdos,
3553 766 3609 811 et

1996 852 2187 893 omnes
2215 839 2321 893 illic
2342 840 2633 895 manebant
2662 858 2676 894 :
2708 841 2787 896 sic
2811 844 3204 911 pernoctabant
3229 856 3284 900 et
3313 848 3605 917 vigilabant

1997 946 2097 1000 pro
2124 946 2182 985 re
2213 930 2319 985 illa.
2354 931 2472 986 Non
2497 933 2643 986 enim
2686 935 2884 1004 pascha
2930 946 3055 990 tunc
3103 938 3486 1006 comederant,
3523 941 3606 995 in-

1995 1023 2134 1092 quit,
2167 1023 2263 1077 sed
2286 1038 2349 1077 ea
2375 1022 2444 1078 de
2486 1038 2650 1080 causa
2684 1026 2996 1095 vigilabant.
3016 1026 3150 1082 Cum
3172 1028 3396 1084 dixisset
3422 1032 3568 1085 enim
3589 1074 3602 1095 ,

1999 1112 2157 1167 Mune
2200 1113 2356 1181 facto,
2386 1113 2623 1170 Joannes
2667 1117 2873 1171 addidit
2899 1132 2916 1173 :
2946 1116 3069 1172 Non
3097 1121 3355 1174 intrarunt
3384 1122 3437 1175 in
3467 1141 3604 1193 pra--

1994 1205 2214 1271 torium,
2242 1215 2298 1259 ut
2342 1222 2443 1260 non
2490 1210 2959 1263 contaminarentur
2982 1250 2998 1273 ,
3025 1213 3115 1265 sed
3147 1224 3201 1265 ut
3242 1213 3606 1267 manducare-nt
3651 1242 3654 1246 λ

1995 1296 2184 1363 pascha
2211 1295 2391 1365 (Joan.
2423 1297 2512 1352 l8.
2531 1297 2644 1368 28).
2667 1298 2805 1364 Quid
2836 1314 2966 1369 ergo
2993 1300 3282 1356 dict-udum
3304 1305 3430 1358 est?
3458 1303 3607 1374 lpSos

1992 1384 2158 1441 altera
2185 1387 2274 1441 die
2302 1388 2640 1453 comedisse,
2673 1399 2729 1444 et
2767 1392 2839 1445 ob
2886 1391 3035 1446 necis
3066 1392 3224 1462 hujus
3253 1394 3604 1464 cupiditatem

1995 1482 2166 1551 legem
2196 1482 2447 1537 violasse.
2484 1481 2666 1553 Neque
2695 1484 2840 1537 enim
2870 1482 3116 1539 Christus
3144 1495 3354 1557 tempus
3388 1488 3600 1557 pascha:

1994 1584 2361 1645 transgressus
2388 1587 2502 1641 est;
2550 1577 2644 1632 sed
2680 1577 2753 1633 illi
2807 1578 2935 1632 nihil
2978 1594 3083 1633 non
3114 1582 3251 1645 ausi,
3298 1581 3601 1650 multasque

1994 1666 2140 1735 leges
2166 1667 2455 1724 violantes.
2489 1667 2614 1737 quia
2652 1684 2849 1739 magno
2889 1670 3070 1725 lurore
3096 1672 3377 1734 ardebant,
3404 1684 3456 1725 et
3478 1688 3599 1727 cum

1989 1773 2134 1827 Stcpe
2162 1759 2411 1815 occidere
2439 1760 2812 1823 tentavi~settt,
2847 1778 2955 1816 non
2996 1773 3312 1831 potuerant;
3349 1776 3477 1820 tunc
3506 1784 3603 1820 att-

1992 1860 2097 1903 tcnt
2120 1851 2292 1919 ipsum
2318 1851 2590 1919 insperato
2612 1864 2825 1921 captum
2854 1863 3101 1910 tenentes
3119 1898 3132 1917 ,
3165 1856 3473 1911 tnaluerunt
3501 1873 3595 1927 pa-

1988 1941 2115 1995 scha
2150 1943 2516 1997 transmittere
2539 1986 2555 2010 ,
2603 1955 2660 1998 ttt
2690 1959 2846 1998 suum
2878 1946 3155 2015 explerent
3195 1948 3600 2017 sanguinarium

1988 2036 2246 2089 animum.
2272 2036 2565 2103 Propterea
2597 2038 2906 2108 congregati
2953 2051 3077 2093 sunt
3118 2055 3309 2096 omnes
3335 2050 3391 2097 et
3417 2045 3599 2096 conri-

1991 2126 2119 2180 linm
2146 2139 2255 2182 erat
2290 2128 2684 2197 pestilentium,
2716 2144 2779 2182 ac
2816 2130 3104 2199 quemdam
3138 2133 3510 2203 interrogant.
3542 2144 3600 2189 ttt

1985 2221 2217 2289 aliquam
2240 2218 2425 2288 judicii
2461 2219 2687 2274 formam
2713 2220 2921 2275 insidiis
2949 2223 3061 2274 suis
3081 2222 3456 2279 conciliarent.
3491 2223 3597 2278 Ne-

1984 2328 2081 2378 que
2102 2312 2247 2367 enim
2270 2321 2435 2385 erant,
2469 2313 2663 2381 inquit,
2691 2314 3039 2367 convenientia
3066 2314 3352 2368 testimonia
3382 2316 3401 2384 (
3424 2315 3595 2371 Marc.

1986 2405 2075 2460 14.
2103 2401 2230 2474 58);
2278 2406 2354 2458 ita
2381 2405 2561 2458 fictum
2585 2404 3014 2473 eratjudiciutn,
3046 2407 3333 2479 omniaque
3364 2408 3595 2464 tumultu

1982 2499 2161 2567 plena.
2206 2495 2296 2551 Gl.
2338 2494 2601 2550 Venientes
2634 2508 2803 2551 autem
2842 2499 2963 2567 falsi
2992 2509 3140 2554 testes
3169 2500 3405 2554 dicebant
3436 2516 3456 2555 :
3486 2500 3597 2556 Iste

1983 2589 2136 2653 dixit,
2163 2588 2375 2642 Salvum
2406 2590 2651 2657 templum
2678 2590 2794 2653 hoc,
2818 2600 2865 2643 et
2895 2590 2947 2644 in
2976 2589 3136 2645 tribus
3160 2591 3341 2646 diebus
3360 2592 3594 2647 excitabo

1973 2688 2107 2741 illud
2145 2684 2314 2755 (Ibid.
2353 2704 2400 2740 ιν.
2430 2685 2519 2739 57.
2546 2680 2660 2745 58).
2701 2684 2923 2741 Dixerat
2969 2688 3251 2756 equidem,
3291 2686 3356 2741 In
3411 2690 3585 2741 tribus

1976 2778 2461 2851 diebus[ea'citabo
2517 2772 2837 2847 illud];sed
2893 2793 3003 2831 non
3061 2778 3299 2840 dixerat,
3336 2779 3580 2841 Solvatn,

1980 2872 2076 2926 sed
2109 2867 2313 2925 Solvite
2348 2868 2549 2938 (Joun.
2588 2872 2645 2923 2.
2688 2869 2757 2924 l9
2788 2878 2805 2939 )
2832 2888 2847 2935 ;
2887 2885 3068 2938 neque
3097 2869 3203 2925 hoc
3230 2871 3297 2924 de
3322 2870 3416 2924 illo
3442 2880 3586 2924 trtn-

1980 2964 2090 3034 plo,
2134 2964 2230 3017 scd
2283 2964 2352 3016 de
2379 2976 2611 3030 corpore
2638 2976 2741 3016 suo
2778 2963 3021 3016 dicebat.
3057 2962 3199 3029 Quid
3236 2962 3405 3032 igitur
3428 2980 3585 3017 sunt-

1982 3073 2103 3111 tuus
2158 3055 2450 3125 pontifex?
2490 3055 2559 3108 [ι
2605 3070 2731 3108 eum
2781 3053 2848 3107 ad
2884 3056 3303 3123 responsionem
3328 3067 3589 3125 cogeret,,

1978 3158 2033 3202 et
2056 3162 2122 3202 ex
2189 3148 2372 3201 verbis
2421 3148 2537 3199 suis
2586 3156 2808 3215 caperet
2872 3147 3048 3211 illum,
3114 3146 3247 3200 dicit
3282 3165 3293 3199 :
3325 3144 3417 3201 62.
3454 3146 3579 3201 Non

1990 3237 2146 3291 audis
2208 3238 2336 3306 quid
2375 3237 2463 3289 isti
2497 3245 2768 3290 testantur
2804 3236 3089 3288 adversum
3146 3238 3242 3291 te?
3269 3234 3373 3289 Ille
3398 3247 3580 3293 autent

1982 3329 2212 3384 tacebat.
2243 3328 2463 3382 Inutilis
2495 3329 2644 3381 enim
2698 3326 2990 3397 responsio
3031 3326 3214 3389 futura
3270 3338 3414 3391 erat,
3435 3328 3589 3382 nullo

1977 3419 2248 3474 audiente.
2295 3417 2487 3488 Figura
2521 3418 2723 3487 quippe
2752 3416 3033 3483 dumtaxat
3073 3416 3261 3486 iudicii
3291 3426 3451 3481 erat;
3486 3417 3585 3472 sed

1978 3528 2163 3567 revera
2192 3512 2459 3566 latronum
2492 3512 2745 3579 impetus,
2776 3510 2865 3580 qui
2893 3519 2949 3565 et
2972 3510 3024 3564 iu
3048 3519 3207 3564 antro
3227 3519 3281 3565 et
3310 3509 3362 3565 itt
3395 3512 3478 3564 via
3507 3509 3588 3564 ir-

1975 3612 2247 3674 rtnnpant.
2281 3602 2403 3657 Ideo
2443 3601 2689 3665 tacebat,
2736 3600 2974 3671 pontifex
3024 3596 3151 3657 vero
3204 3602 3588 3672 perseverabat

1976 3698 2162 3751 dicens
2191 3713 2205 3750 :
2229 3696 2318 3751 65.
2345 3696 2545 3762 Adiuro
2570 3707 2619 3748 te
2648 3712 2737 3766 per
2758 3692 2924 3749 Deum
2951 3696 3139 3760 vivum,
3165 3704 3219 3749 ut
3246 3695 3391 3751 nobis
3418 3697 3583 3763 dicas,

1974 3791 2017 3844 si
2062 3800 2115 3844 tu
2142 3806 2194 3843 es
2224 3788 2456 3843 Christus
2487 3785 2659 3843 Filius
2692 3786 2790 3841 Dei
2817 3789 2932 3842 vivi.
2964 3788 3050 3843 64.
3086 3786 3209 3858 Ipse
3235 3804 3349 3841 vero
3365 3804 3587 3859 respon-

1974 3882 2084 3946 dit,
2125 3880 2205 3934 Tu
2233 3880 2429 3935 dixisti.
2474 3878 2834 3934 Verumtamen
2870 3882 2986 3935 dico
3021 3882 3180 3946 vobis,
3224 3882 3411 3934 antodo
3442 3882 3585 3936 vide-

1975 3976 2091 4031 bitis
2118 3973 2311 4029 Filium
2342 3975 2563 4030 hominis
2589 3976 2845 4031 sedentem
2872 3992 2904 4028 α
2932 3975 3127 4031 dextris
3149 3977 3349 4030 virtutis
3373 4019 3388 4043 ,
3418 3986 3464 4029 et
3502 3994 3585 4032 ve-

1972 4068 2192 4120 nientem
2210 4068 2265 4121 in
2291 4067 2506 4121 nubibus
2529 4066 2663 4121 cteli.
2705 4067 2795 4123 65.
2824 4065 2968 4121 Tunc
2995 4068 3232 4139 princeps
3262 4070 3583 4123 sacerdotum

1971 4160 2122 4214 scidit
2146 4161 2436 4214 vestimenta
2462 4176 2578 4226 sua,
2610 4159 2781 4213 dicens
2802 4177 2819 4213 :
2842 4158 3243 4230 Blaspltentatn't.
3271 4160 3384 4216 Hoc
3420 4178 3585 4231 porro

1974 4252 2120 4316 fecit,
2154 4262 2211 4307 ut
2235 4252 2438 4308 crimen
2460 4252 2678 4323 gravius
2704 4252 2965 4319 efficeret,
2988 4263 3042 4307 ct
3066 4269 3131 4308 ex
3164 4269 3220 4307 re
3244 4262 3395 4323 gesta
3418 4254 3582 4310 verba

1974 4344 2232 4400 firmaret.
2264 4343 2397 4412 Quia
2422 4347 2566 4399 enim
2594 4345 2796 4399 dictum
2851 4344 2978 4399 illud
3024 4355 3227 4400 metum
3279 4346 3582 4402 incusserat

1971 4437 2328 4504 auditoribus,
2363 4437 2413 4492 id
2439 4436 2583 4505 quod
2617 4438 2668 4491 in
2701 4437 2977 4505 Stephano
3016 4438 3279 4504 fecerunt,
3305 4452 3465 4493 aures
3486 4438 3583 4493 ob-

1971 4538 2267 4592 struentes,
2297 4531 2375 4584 sic
2406 4529 2585 4583 ethoc
2611 4530 2727 4584 loco
2758 4531 2868 4585 ’lle.

2044 4623 2096 4677 5.
2140 4622 2249 4677 Sed
2279 4638 2525 4693 quaenam
2570 4632 2688 4677 erat
2718 4623 2833 4678 lucc
2865 4624 3242 4693 bIaSphctnia?
3290 4626 3422 4682 Nam
3452 4638 3581 4683 ante

1969 4714 2311 4785 congregatis
2338 4715 2443 4769 illis
2462 4714 2675 4769 dixerat
2702 4732 2718 4770 :
2754 4714 2898 4769 Dixit
2926 4715 3173 4770 Dominus
3196 4717 3422 4774 Domino
3446 4739 3576 4786 nico,

1969 4810 2105 4866 Sede
2126 4827 2158 4861 a
2188 4809 2382 4863 dextris
2404 4810 2547 4871 meis,
2574 4808 2737 4862 donec
2768 4824 2953 4879 ponant
2983 4812 3218 4865 inimicos
3240 4824 3355 4868 tuos
3380 4814 3576 4868 scabel-

1968 4904 2075 4957 lnm
2114 4903 2299 4973 pedum
2324 4913 2526 4956 tuorum
2553 4901 2771 4971 (Matth.
2795 4900 2887 4955 εἰ.
2921 4903 3025 4967 At;
3056 4902 3198 4958 Psal.
3234 4904 3356 4961 109.
3385 4908 3437 4977 1)
3458 4925 3470 4961 :
3495 4907 3577 4962 di-

1966 5005 2220 5065 ctumque
2250 4994 2632 5063 interpretatus
2658 5002 2775 5059 est;
2811 5009 2912 5049 nec
2951 4994 3027 5049 illi
3054 4997 3169 5051 ausi
3193 5009 3317 5051 sunt
3347 5014 3573 5070 respon-

1965 5088 2118 5153 dere,
2150 5086 2245 5141 sed
2273 5095 2590 5154 tacuerunt,
2619 5095 2674 5141 et
2703 5103 2768 5142 ex
2799 5086 2894 5141 illo
2924 5096 3168 5159 tempore
3202 5090 3336 5145 nihil
3384 5102 3573 5147 contra

1964 5177 2235 5233 dixerunt.
2267 5176 2375 5233 Cur
2404 5193 2534 5249 ergo
2573 5178 2774 5233 dictum
2803 5178 2930 5233 illud
2977 5178 3362 5249 blasphemiam
3408 5197 3568 5237 voca-

1964 5270 2127 5325 runt?
2152 5286 2249 5325 cur
2274 5285 2403 5324 vero
2426 5269 2675 5324 Christus
2705 5270 2774 5324 ita
2802 5270 3112 5339 respondit?
3144 5270 3209 5327 Ut
3239 5289 3455 5327 onmem
3487 5275 3569 5344 ip-

1961 5364 2038 5419 sis
2065 5364 2278 5419 tolleret
2305 5363 2675 5419 defensionem
2699 5380 2725 5428 ;‘
2748 5380 2870 5419 nam
2904 5380 3075 5435 usque
3095 5365 3162 5420 ad
3191 5366 3432 5421 ultimam
3466 5368 3568 5421 ho-

1961 5474 2076 5513 ram
2112 5458 2369 5512 docuerat
2421 5472 2483 5511 se
2535 5472 2658 5513 esse
2706 5457 3005 5525 Christum,
3062 5474 3091 5514 a
3138 5459 3342 5515 dextris
3394 5460 3569 5516 Patris

1961 5550 2173 5613 sedere,
2207 5559 2260 5604 et
2293 5557 2578 5604 venturum
2610 5550 2788 5604 denuo
2815 5565 2937 5606 esse
2982 5561 3039 5605 ut
3080 5551 3285 5621 judicet
3331 5552 3517 5607 orbem
3549 5574 3564 5609 :

1962 5660 2080 5713 qua:
2112 5659 2359 5713 magnam
2392 5643 2507 5711 ejus
2552 5659 2675 5698 cum
2720 5644 2877 5701 Patre
2908 5647 3249 5702 concordiam
3295 5646 3565 5717 signiﬁca-

1961 5736 2109 5791 bant.
2138 5734 2483 5789 Vcstimentis
2509 5750 2639 5805 ergo
2661 5734 2899 5791 discissis
2916 5738 3010 5803 ait,
3034 5738 3169 5806 Quid
3191 5738 3325 5792 vobis
3342 5737 3570 5795 videtur?

1958 5826 2075 5884 Non
2107 5828 2212 5884 fert
2262 5842 2325 5882 ex
2376 5842 2435 5883 se
2482 5830 2841 5895 sententiam;
2890 5829 2984 5885 sed
3014 5831 3167 5900 quasi
3191 5832 3248 5886 in
3281 5829 3570 5889 manifesto
