4160 6330
600 425 662 456 σιτ-
693 424 702 434 ι

613 424 704 479 to!)

603 545 817 606 peccato
843 539 896 585 ct
921 530 1066 585 clara
1097 525 1426 605 blasphemia
1449 566 1464 588 ,
1497 523 1708 578 illorum
1739 515 2058 573 sententiam
2085 528 2175 567 re-

601 628 782 698 quirit.
811 624 942 691 Quia
963 623 1107 678 enim
1137 620 1396 683 sciebant,
1428 615 1472 671 si
1504 629 1592 670 res
1622 613 1676 667 iii
1720 624 1946 667 examen
1973 607 2179 661 veniret

600 696 757 786 atque
784 716 835 768 in
875 711 1140 776 notitiam,
1165 709 1310 764 illum
1336 707 1404 762 ab
1425 705 1570 761 omni
1600 704 1822 758 crimine
1843 696 2176 754 liberandum

600 823 740 872 esse,
771 806 910 875 apud
954 786 1164 874 seipsos'
1189 803 1334 856 illum
1377 799 1755 856 condemnant.
1805 793 2180 862 auditoresqne

605 906 973 966 pmoecnpant
1002 894 1261 955 dicentes,
1295 889 1394 944 Vos
1417 887 1778 959 blasphemiam
1799 881 2032 946 audistis,
2066 889 2180 934 tan-

603 999 711 1042 tum
741 1003 844 1042 non
874 995 1125 1056 cogentes
1155 993 1210 1038 et
1238 983 1340 1034 vim
1364 980 1652 1034 inferentes
1672 976 1738 1031 ad
1765 975 2083 1030 sententiam
2104 972 2180 1027 fe-

604 1079 841 1133 rendam.
862 1076 997 1144 Quid
1027 1077 1185 1144 igitur
1212 1073 1322 1126 illi?
1339 1071 1429 1125 66.
1455 1069 1592 1123 Reus
1610 1078 1684 1123 est
1703 1068 1918 1131 mortis;
1946 1074 2005 1120 ut
2027 1065 2178 1134 quasi

552 1190 553 1193 η
598 1171 706 1241 jam
733 1169 1042 1224 damnatum
1075 1167 1345 1223 sisterent.
1379 1163 1712 1231 Pilatumque
1748 1159 1816 1215 ad
1860 1157 2177 1214 sententiam

601 1263 873 1317 ferendam
919 1261 1248 1314 inilucerciit.
1298 1255 1407 1310 Hae
1435 1264 1611 1310 mente
1640 1263 1703 1316 ,et
1745 1253 1932 1306 horum
1977 1248 2178 1304 conscii

597 1353 801 1418 dicunt,
836 1351 970 1404 fietu
995 1358 1068 1402 est
1098 1348 1310 1410 mortis;
1338 1346 1433 1413 ipsi
1464 1342 1801 1403 accusabant.
1824 1340 1922 1409 ipsi
1953 1338 2175 1418 damna:

603 1445 746 1507 bant,
776 1453 828 1495 et
858 1441 1172 1494 sententiain
1201 1437 1459 1498 ferebant,
1486 1435 1721 1488 omnium
1747 1430 1920 1485 officia
1945 1443 2178 1497 occupa-

604 1537 748 1587 bant.
780 1534 884 1588 Cur
912 1543 1088 1585 autem
1117 1529 1332 1584 sabbata
1359 1528 1408 1580 in
1449 1525 1678 1580 medium
1707 1537 1812 1576 non
1849 1519 2178 1575 attulerunt?

599 1625 730 1692 Quia
773 1640 915 1693 smpe
957 1622 1072 1675 illos
1111 1621 1474 1674 miifutaverat
1501 1630 1515 1664 :
1547 1614 1778 1684 alioquin
1825 1627 1955 1667 vero
1996 1625 2063 1666 ex
2115 1609 2180 1664 iis

598 1731 717 1783 qua:
737 1725 862 1768 tunc
886 1713 1196 1767 dicebantur
1212 1710 1459 1765 volebant
1478 1722 1599 1762 eum
1623 1720 1813 1774 capere
1831 1711 1887 1758 et
1902 1702 2177 1756 damnare.

600 1807 983 1875 Prieoceiipans
1025 1804 1199 1872 igitur,
1250 1801 1462 1855 illorum
1489 1807 1703 1868 accepta
1737 1793 2022 1860 sententia,
2055 1807 2177 1847 cum

603 1915 697 1962 per
743 1899 1050 1952 scissionem
1083 1896 1306 1949 vestiunt
1349 1893 1585 1945 omnium
1629 1889 1695 1944 ad
1724 1904 1781 1943 se
1810 1888 2017 1941 animos
2056 1901 2177 1956 per-

601 1989 868 2054 traxisset,
901 1997 956 2041 iit
985 1988 1288 2040 damnatum
1317 1983 1540 2037 abduxit
1563 1981 1629 2035 ad
1672 1981 1896 2034 Pilatum
1920 1995 1934 2042 ;
1967 1979 2036 2031 ita
2065 1991 2177 2030 rem

601 2080 898 2148 composuit
930 2098 942 2132 :
978 2087 1032 2130 at
1073 2091 1254 2132 curam
1283 2074 1448 2128 Pilato
1488 2071 1616 2127 nihil
1646 2070 1819 2127 simile
1847 2069 2049 2122 dicunt.
2073 2065 2177 2122 Sed

601 2173 762 2240 quid?
793 2171 851 2227 Si
879 2188 976 2224 non
999 2179 1125 2224 esset
1156 2170 1236 2221 hic
1263 2167 1589 2237 malefactar,
1630 2181 1728 2217 non
1757 2162 1845 2216 tibi
1884 2160 2181 2214 tradidisse-

606 2278 716 2315 mus
742 2278 851 2314 eum
888 2259 1066 2327 (Joan.
1101 2259 1187 2314 18.
1216 2255 1307 2324 30)
1332 2273 1347 2320 ;
1377 2246 1485 2310 uta
1515 2253 1738 2323 publicis
1759 2251 2071 2306 criminibus
2097 2251 2179 2320 ip—

602 2370 718 2410 sum
746 2353 966 2409 interfici
987 2359 1256 2407 curarent.
1279 2348 1387 2404 Cur
1403 2364 1506 2402 non
1531 2347 1737 2401 occulte
1763 2342 2181 2398 interfecerunt?

607 2444 866 2498 Volebant
885 2457 1078 2510 nempe
1100 2441 1292 2494 malam
1319 2438 1391 2492 illi
1421 2451 1608 2504 parere
1638 2436 1852 2489 faniam.
1881 2433 2014 2500 Quia
2041 2433 2180 2487 enim

607 2539 756 2594 inuiti
780 2539 924 2592 illum
945 2535 1242 2600 audierant,
1265 2531 1659 2600 adtnodntnque
1688 2525 2036 2592 mirabantur,
2063 2525 2184 2580 ideo

606 2645 821 2699 operam
848 2627 1046 2680 dabant
1075 2637 1131 2679 tit
1163 2623 1372 2694 publice
1396 2634 1450 2676 et
1491 2636 1670 2676 coram
1700 2617 2040 2673 multitudine
2083 2632 2182 2671 ne-

605 2728 838 2772 caretur.
867 2713 1113 2773 Christus
1139 2728 1270 2768 vero
1294 2711 1345 2766 id
1386 2726 1491 2764 non
1524 2709 1814 2778 impedivit,
1845 2705 1936 2763 sed
1969 2707 2179 2761 illorum

609 2809 841 2880 nequitia
869 2806 933 2861 ad
961 2805 1204 2862 veritatis
1227 2803 1681 2858 confirmationem
1724 2816 1849 2855 usus
1879 2811 1980 2866 est,
2014 2801 2082 2854 ita
2125 2809 2183 2853 ut

610 2916 754 2957 mors
783 2902 899 2966 ejus
923 2899 1169 2955 omnibus
1195 2905 1335 2952 esset
1360 2895 1658 2949 manifesta.
1689 2897 1764 2948 Ae
1784 2904 1968 2948 contra
1992 2893 2182 2948 accidit

607 3009 765 3063 quam
795 2992 894 3061 ipsi
924 2989 1190 3045 volebant.
1228 2987 1304 3041 Illi
1336 3001 1564 3056 namque
1609 2985 1755 3040 illiilli
1785 2984 2040 3038 infamare
2084 3000 2179 3038 cn-

611 3085 844 3155 piebant,
887 3095 944 3138 ut
973 3083 1238 3138 dedecore
1263 3082 1558 3150 replerent;
1579 3080 1670 3133 ille
1702 3095 1826 3133 vero
1852 3077 1949 3133 hac
1978 3080 2184 3134 ratione

613 3179 781 3248 magis
808 3175 1121 3244 Splendidns
1159 3177 1583 3243 conspicuusque
1607 3173 1794 3227 evasit.
1829 3174 1904 3225 Ac
1927 3175 2180 3240 quemad-

612 3271 824 3325 modum
847 3269 1116 3334 dicebant,
1142 3266 1447 3322 Occidamus
1467 3282 1598 3325 eum.
1626 3281 1688 3317 ne
1720 3265 1918 3318 veniant
1948 3262 2182 3328 Romani,

611 3373 657 3414 et
696 3362 873 3415 tollant
899 3361 1147 3413 civitatem
1179 3367 1400 3412 nostram
1425 3367 1471 3411 et
1500 3367 1693 3427 gentem
1721 3357 1739 3425 (
1760 3357 1919 3410 Joau.
1943 3359 2030 3411 11.
2060 3357 2182 3427 48),

612 3469 662 3510 et
694 3465 966 3524 po~tquain
998 3452 1306 3506 occidi-runt
1342 3465 1485 3513 eum,
1513 3448 1613 3503 hoc
1655 3450 1824 3518 ipsum
1850 3449 2031 3503 evenit
2061 3467 2074 3501 :
2115 3449 2182 3502 ita

612 3556 666 3598 et
696 3560 834 3597 nunc
862 3543 1067 3613 publice
1094 3541 1239 3595 illum
1267 3539 1664 3605 crucifixerunt,
1691 3549 1748 3592 nt
1774 3541 1888 3607 ejus
1910 3540 2186 3595 existima-

614 3634 809 3688 tionem
844 3633 1096 3687 hederent
1117 3671 1131 3695 ,
1164 3640 1217 3685 et
1246 3630 1569 3685 contrarium
1597 3630 1791 3682 evenit.
1822 3628 1979 3695 Quod
2008 3639 2184 3683 autem

614 3735 925 3795 potestatem
954 3725 1210 3779 haberent
1238 3737 1331 3792 per
1355 3723 1561 3792 seipsos
1602 3722 1748 3775 illum
1803 3722 2149 3776 interﬁciendi
2168 3763 2183 3784 ,

612 3817 735 3870 anili
769 3817 992 3870 Pilatum
1017 3815 1066 3869 id
1097 3825 1424 3870 asserentem
1461 3831 1475 3865 ε
1519 3814 1738 3882 Accipite
1760 3829 1874 3866 eum
1902 3829 2007 3878 vos,
2034 3824 2081 3866 et
2109 3831 2186 3867 se-

613 3908 829 3960 cundum
853 3907 1010 3975 legem
1033 3917 1244 3960 vestram
1258 3905 1490 3977 jiidicate
1509 3905 1671 3974 ipsum
1689 3904 1868 3972 (Joan.
1903 3905 1988 3961 l9.
2020 3906 2096 3977 ϐ).
2119 3908 2187 3960 At

611 3997 662 4050 id
697 3998 768 4051 illi
799 3999 1100 4060 noluerunt,
1133 4007 1189 4050 ut
1213 3996 1364 4066 quasi
1393 3996 1625 4065 iniquus,
1647 4006 1902 4065 tyrannus
1926 4005 1980 4050 et
2004 3997 2187 4050 factio-

615 4102 707 4140 sus
734 4087 902 4140 occidi
923 4085 1212 4141 videretur.
1229 4086 1563 4154 Quapropter
1582 4086 1813 4139 latrones
1828 4101 1949 4139 cum
1967 4087 2057 4139 illo
2068 4102 2190 4142 cru-

613 4179 913 4240 ciilxerunt;
944 4178 1140 4237 idcirco
1159 4176 1435 4232 dicebant:
1463 4174 1585 4230 Noli
1600 4177 1813 4230 scribere
1828 4178 1963 4232 hunc
1987 4194 2091 4231 esse
2110 4195 2188 4232 re-

608 4286 718 4339 gem
732 4267 1047 4333 ludicorum,
1065 4267 1312 4323 sedilium
1326 4285 1552 4337 seregem
1566 4268 1750 4322 dixisse
1770 4267 1946 4340 (Joan.
1974 4269 2054 4324 l9.
2073 4270 2186 4337 21).

689 4359 906 4413 Fulsims
927 4376 1015 4428 per
1043 4376 1096 4413 se
1122 4359 1305 4412 soluta.
1336 4389 1405 4399 -—
1434 4360 1557 4413 llaec
1585 4374 1745 4428 porro
1771 4360 1946 4412 omnia
1973 4375 2072 4430 pro
2103 4377 2187 4415 ve-

612 4453 766 4506 ritate
796 4453 927 4504 facta
955 4463 1096 4514 sunt,
1130 4460 1188 4504 ut
1213 4466 1278 4504 ne
1305 4451 1488 4504 umbra
1506 4450 1716 4518 quidem
1737 4451 1865 4519 ipsis
1884 4463 2188 4519 superesset

616 4543 940 4612 impudentis
966 4542 1312 4596 defensionis.
1355 4540 1410 4594 lit
1457 4543 1705 4612 sepulcro
1759 4546 1883 4595 item
1915 4525 2185 4612 signacula

615 4644 668 4688 ct
687 4636 940 4689 custodiae
967 4637 1171 4689 veritati
1200 4634 1538 4704 splendorem
1566 4636 1892 4690 attulerunt:
1927 4637 2068 4705 quod
2101 4637 2182 4705 ip-
2235 4642 2238 4644 ’

614 4741 730 4777 stitit
758 4725 903 4779 dicas
926 4725 992 4778 de
1022 4725 1649 4786 irrisiOnibns.dicteriis.
1680 4726 2038 4780 cootuineliis.
2073 4727 2184 4781 "ir-

607 4817 839 4882 jusniodi
863 4826 944 4869 est
972 4815 1170 4868 falsitas
1200 4835 1211 4869 :
1246 4833 1338 4884 per
1360 4832 1478 4884 quin
1518 4817 1735 4870 insidias
1767 4827 1910 4884 parat
1935 4858 1948 4872 .
1983 4833 2075 4884 per
2099 4833 2188 4872 ea-

609 4908 729 4961 dem
779 4905 1088 4961 dissolvitnr
1123 4926 1132 4957 -.
1167 4907 1305 4970 quod
1337 4907 1422 4960 hic
1449 4907 1608 4961 etiam
1639 4909 1876 4976 contigit.
1928 4907 2058 4961 Nam
2094 4909 2185 4978 qui

611 4999 799 5052 vicisse
831 4997 1169 5066 putabantur,
1199 4996 1249 5050 lii
1279 4997 1510 5051 maxime
1537 4997 1737 5066 pudore
1763 4999 1937 5054 all'eeti
1961 5042 1975 5066 ,
2007 5009 2059 5054 et
2089 5014 2184 5054 sn-

611 5090 775 5158 perati
811 5091 1109 5157 perierunt:
1142 5089 1231 5159 qui
1263 5106 1388 5143 vero
1419 5089 1590 5143 victus
1616 5104 1736 5144 esse
1755 5091 2068 5156 videbatur,
2100 5093 2186 5148 hic

612 5182 841 5236 maxime
869 5181 1072 5236 refulsit
1106 5192 1156 5235 ei
1191 5183 1463 5236 victoriam
1489 5183 1689 5237 retulit.
1729 5183 1805 5239 Ne
1834 5200 1962 5255 ergo
1988 5185 2183 5257 ubique

610 5273 882 5327 victoriam
912 5289 1231 5342 qna-ramus,
1267 5291 1361 5329 nec
1387 5289 1600 5346 semper
1630 5277 1868 5345 superari
1886 5292 2182 5332 vereamur.

612 5365 703 5418 Est
732 5380 851 5419 cuin
883 5367 1098 5420 victoria
1153 5382 1342 5421 noxam
1385 5368 1538 5421 aifcrt
1559 5408 1574 5433 ,
1603 5368 1784 5421 clades
1827 5382 1953 5423 vero
1982 5368 2183 5423 utilita-

611 5471 737 5516 tvm.
766 5459 898 5516 Nam
926 5459 1061 5514 inter
1084 5475 1198 5525 eos,
1230 5461 1317 5529 qui
1351 5461 1422 5512 ira
1457 5460 1872 5527 inflammantur,
1909 5462 1953 5515 is
1994 5462 2184 5518 vicisse

619 5552 819 5607 videtur
847 5550 939 5622 qui
971 5552 1149 5619 plures
1176 5551 1528 5606 contumelias
1545 5551 1795 5620 jaciavit;
1838 5552 1931 5608 sed
1959 5551 2045 5608 hie
2071 5531 2183 5622 ipse

606 5661 630 5691 :i
655 5644 970 5712 gravissimo
996 5643 1181 5696 inorbo
1204 5653 1481 5711 superatus
1511 5654 1562 5698 et
1593 5643 1753 5698 linsus
1779 5654 1860 5698 cst
1893 5662 1906 5696 :
1938 5644 2028 5714 qui
2058 5659 2183 5699 vero

614 5734 664 5787 id
686 5733 894 5788 fortiter
921 5733 1036 5787 tnlit
1066 5775 1078 5792 .
1109 5732 1151 5786 is
1181 5733 1304 5786 vicit
1331 5743 1383 5786 ei
1425 5737 1712 5802 superavit.
1740 5734 1804 5788 Et
1836 5735 1924 5790 ille
1966 5735 2181 5804 quidem

611 5843 780 5895 neque
801 5827 1068 5897 proprium
1099 5827 1337 5879 morbum
1361 5829 1696 5898 exstinguere
1726 5829 1891 5898 potuit
1913 5845 1926 5888 ;
1947 5828 2031 5883 hic
2053 5829 2178 5885 alie-

1319 413 1374 470 S.
1413 407 1687 467 JOANNIS
1720 397 2189 461 CHRYSOSTOMI
2230 396 2546 454 ARCIIIEP.
2585 389 3113 452 CONSTANTINOP.

3770 389 3874 446 ἳέιθ

2285 548 2412 587 num
2448 531 2685 588 sustulit.
2745 529 2837 584 Ille
2879 543 2909 581 a
2957 541 3058 581 suo
3095 524 3265 578 victus
3307 533 3426 588 est;
3455 522 3541 577 hic
3585 521 3656 579 de
3695 525 3878 579 alieno

2287 623 2650 692 triumphavit,
2684 634 2783 674 nec
2812 617 2973 673 modo
3005 618 3120 687 ipse
3143 631 3248 669 non
3278 615 3502 668 adustus
3528 622 3613 669 est
3639 654 3655 677 ,
3695 613 3790 668 sed
3820 625 3880 668 «ιι

2287 717 2503 771 alterius
2531 715 2796 769 flammam
2828 712 3190 781 insurgentem
3215 707 3484 762 restinxit.
3511 705 3566 759 Si
3596 713 3777 758 autem
3805 719 3875 759 ea

2285 823 2405 877 qua:
2428 807 2707 860 videbatur
2731 817 2852 858 esse
2873 801 3091 856 victoria
3127 798 3282 868 potiri
3310 796 3587 858 voluisset,
3604 797 3719 865 ipse
3740 813 3877 864 quo-

2284 914 2388 969 que
2409 898 2579 952 victus
2609 896 2815 960 fuisset,
2837 905 2894 950 et
2920 893 3285 948 adversarium
3304 890 3471 960 magis
3489 887 3874 943 inﬂannnasset

2285 1006 2349 1046 ac
2373 992 2618 1057 laesisset,
2646 999 2699 1045 et
2718 998 2778 1044 ut
2807 989 3043 1044 rixantes
3073 987 3345 1048 mulieres,
3375 983 3532 1038 ambo
3565 988 3795 1050 turpiter
3820 991 3879 1035 et

2286 1081 2665 1136 miserabiliter
2688 1081 2757 1135 ab
2785 1080 2862 1134 ira
2892 1078 3142 1148 prosrati
3176 1075 3421 1130 fuissent.
3447 1073 3600 1128 Nunc
3633 1083 3812 1127 autem
3844 1091 3875 1124 ει

2286 1175 2374 1229 tali
2397 1173 2663 1229 dedecore
2688 1182 2906 1241 ereptus
2933 1172 2978 1224 is
3003 1171 3092 1239 qui
3119 1166 3524 1237 philosophatus
3552 1175 3656 1225 est.
3686 1164 3872 1233 splen-

2285 1265 2469 1319 didum
2498 1275 2756 1334 tropaeum
2785 1273 2839 1317 et
2862 1263 2912 1317 in
2943 1277 3004 1316 se
3026 1273 3074 1315 et
3109 1261 3161 1314 in
3189 1259 3496 1313 adversario
3524 1267 3710 1311 eontra
3737 1257 3874 1310 iram

2284 1356 2478 1420 erexit,
2509 1354 2728 1426 quando
2757 1343 2998 1422 superari
3030 1353 3175 1407 visits
3195 1360 3298 1405 est.
3356 1383 3379 1399 .

2353 1449 2409 1503 4.
2452 1445 2582 1500 Vera
2633 1446 2838 1500 victoria
2883 1460 2974 1513 per
3026 1443 3321 1512 patientiam
3347 1449 3653 1508 reportatur.
3680 1468 3752 1480 —
3773 1439 3873 1504 Nc,

2284 1557 2490 1611 qumso,
2521 1540 2715 1610 ubique
2743 1539 3021 1593 victoriam
3046 1549 3368 1605 quivramus.
3397 1531 3560 1588 Certe
3587 1531 3676 1598 qui
3708 1532 3871 1596 la-sit,

2285 1632 2471 1688 laesum
2492 1633 2637 1698 vicit,
2669 1630 2761 1686 sed
2788 1628 3088 1701 perniciosa
3109 1626 3330 1680 victoria
3353 1665 3369 1690 ,
3393 1640 3514 1695 qua:
3538 1624 3766 1678 exitium
3798 1623 3872 1674 vi.

2283 1726 2415 1780 ctori
2444 1723 2630 1778 ail‘erat
2662 1739 2675 1777 :
2701 1722 2791 1792 qui
2821 1735 2950 1776 vero
2966 1720 3126 1774 lastis
3152 1727 3232 1772 est
3263 1726 3318 1772 et
3342 1716 3512 1770 victus
3540 1715 3751 1769 videtur
3784 1757 3800 1778 ,
3827 1715 3873 1768 si

2284 1815 2585 1887 philosOphi
2621 1828 2772 1868 more
2812 1811 2865 1866 id
2893 1809 3061 1874 ferat,
3094 1807 3182 1863 hic
3208 1823 3334 1862 vere
3362 1821 3621 1862 coronam
3663 1804 3868 1859 retulit.

2285 1909 2441 1979 Siepe
2471 1924 2709 1980 namque
2750 1908 2993 1978 superari
3026 1906 3220 1961 melius
3261 1913 3380 1960 est:
3415 1903 3502 1957 hic
3543 1918 3708 1972 porro
3735 1902 3875 1969 opti-

2285 2018 2404 2056 mus
2428 2011 2511 2056 est
2549 2002 2786 2057 victoria:
2822 2002 3032 2056 modus.
3063 1999 3193 2054 Nam
3225 1999 3338 2052 sive
3365 1997 3485 2067 quis
3508 1997 3679 2066 rapiat
3711 2035 3726 2061 ,
3758 1996 3874 2049 sive

2285 2094 2562 2163 percutiat,
2591 2095 2710 2148 sive
2740 2092 2974 2149 invideat
3007 2134 3021 2154 ,
3067 2091 3154 2161 qui
3189 2090 3416 2144 vincitur
3441 2130 3458 2155 ,
3491 2103 3591 2142 nec
3625 2103 3725 2140 una
3746 2101 3873 2141 cum

2284 2185 2374 2239 ilio
2392 2185 2687 2248 contendit,
2711 2184 2756 2238 is
2784 2199 2908 2239 vere
2937 2184 3107 2239 victor
3129 2191 3232 2238 est.
3259 2181 3456 2251 Ecquid
3483 2181 3676 2250 loquor
3692 2178 3762 2232 de
3791 2193 3879 2233 ra-

2285 2278 2408 2348 pina
2437 2286 2492 2333 et
2514 2278 2708 2332 invidia
2736 2277 2761 2330 ?
2787 2276 2887 2344 Qui
2915 2276 2980 2330 ad
3011 2275 3322 2346 martyrium
3351 2273 3583 2327 trahit-ir
3606 2313 3622 2334 ,
3653 2272 3724 2325 ita
3755 2272 3876 2324 vin—

2284 2370 2377 2434 cit,
2404 2371 2633 2432 vinctus,
2663 2368 2977 2440 ﬂagellatus,
3007 2366 3586 2436 concisus,jngulatns.
3618 2367 3683 2417 At
3706 2378 3790 2429 pie
3817 2372 3873 2415 ut

2289 2458 2340 2513 iii
2369 2460 2520 2515 bellis
2546 2460 2684 2515 vinci
2711 2458 2906 2513 dicitur
2943 2459 2988 2513 is
3013 2459 3100 2529 qui
3129 2457 3273 2513 cadit
3300 2498 3315 2521 ,
3351 2454 3581 2526 idipsum
3609 2453 3748 2522 apud
3777 2469 3875 2506 nos

2287 2552 2508 2605 victoria
2539 2559 2644 2606 est.
2676 2549 2948 2621 Nusquam
2981 2550 3122 2604 enim
3154 2549 3292 2603 male
3317 2556 3537 2615 agentes
3566 2546 3832 2600 vincimus
3856 2587 3872 2609 ,

2287 2643 2380 2697 sed
2409 2643 2605 2712 ubique
2627 2642 2762 2696 mala
2786 2645 3068 2712 patientes.
3091 2640 3242 2695 Tunc
3263 2638 3690 2709 splendidissima
3708 2637 3875 2691 victo-

2288 2734 2421 2790 toria
2444 2742 2545 2800 est,
2572 2749 2692 2790 cum
2716 2732 2966 2804 patiendo
2997 2741 3253 2789 nocentes
3283 2731 3566 2787 vincimus.
3607 2728 3741 2785 iiine
3780 2742 3875 2783 os-

2288 2828 2525 2884 tenditur
2548 2844 2576 2879 a
2611 2828 2722 2882 Deo
2759 2841 2879 2881 esse
2919 2826 3195 2880 victoriam
3221 2866 3236 2887 ,
3269 2839 3388 2892 qua:
3427 2832 3671 2876 naturam
3713 2819 3877 2874 habet

2287 2919 2616 2974 contrariam
2645 2927 2883 2972 externa:
2910 2916 2983 2970 illi
3016 2916 3251 2971 victoriae
3283 2932 3298 2967 :
3328 2913 3485 2984 idque
3507 2913 3738 2966 maxime
3767 2909 3877 2964 for-

2290 3011 2528 3064 titudinis
2554 3017 2924 3078 argumentum
2947 3017 3049 3061 est.
3079 3006 3167 3061 Sic
3189 3007 3405 3060 inarina-
3429 3013 3590 3074 petra:
3609 3017 3877 3072 percussae

2288 3103 2482 3158 fluetus
2521 3101 2821 3154 dissolvunt
2854 3118 2867 3150 :
2900 3098 2979 3152 sic
3005 3098 3174 3151 sancti
3205 3111 3394 3153 omnes
3432 3094 3690 3150 celebrati
3718 3108 3868 3148 coro-

2291 3209 2410 3246 nam
2435 3191 2748 3246 rctuleriint.
2783 3187 3166 3258 splendidaque
3184 3195 3383 3257 trepma
3402 3194 3713 3248 erexerunt,
3737 3184 3876 3240 hanc

2291 3299 2397 3336 non
2424 3282 2754 3336 contentiose
2781 3280 3054 3334 victoriam
3084 3278 3427 3348 consequuti:
3450 3277 3526 3332 Ne
3551 3287 3603 3331 te
3633 3292 3875 3340 moveas,

2294 3374 2457 3443 inquit
2487 3414 2502 3440 ,
2537 3389 2635 3427 nec
2663 3369 3010 3441 defatigeris:
3047 3371 3187 3425 licus
3216 3371 3351 3424 hanc
3380 3371 3472 3423 tibi
3504 3368 3877 3425 fortitudinem

2293 3464 2501 3526 indidit,
2534 3475 2590 3518 ut
2613 3479 2715 3517 non
2738 3478 2801 3517 ex
2822 3476 3111 3531 congressu
3136 3462 3340 3527 vincas,
3360 3461 3452 3517 sed
3478 3461 3726 3531 patiendo
3749 3471 3880 3517 tan-

2294 3567 2424 3610 tum.
2473 3555 2546 3608 Ne
2587 3557 2754 3610 aciein
2799 3557 3031 3608 instruas
3059 3595 3076 3619 ,
3123 3562 3182 3609 et
3221 3555 3494 3610 victoriam
3535 3555 3740 3610 referes
3767 3573 3782 3606 :
3809 3571 3880 3611 ne

2291 3650 2683 3718 congrediaris,
2716 3658 2770 3701 et
2806 3649 3187 3710 coronaheris;
3243 3648 3399 3716 longe
3445 3645 3637 3701 fortior
3685 3657 3879 3716 poten-

2296 3746 2503 3811 tiorque
2546 3758 2604 3796 es
2651 3742 2959 3796 adversario
2989 3750 3097 3796 tuo.
3131 3739 3239 3795 Cur
3265 3752 3317 3795 te
3347 3740 3613 3796 dedecore
3657 3742 3829 3797 afficis
3855 3742 3880 3794 ?

2293 3833 2368 3888 Ne
2395 3834 2492 3888 des
2520 3833 2593 3887 illi
2622 3833 2795 3887 locum
2823 3831 3036 3886 dicendi
3077 3842 3130 3886 te
3167 3847 3514 3902 congressum
3545 3832 3754 3894 vit-isse,
3782 3833 3876 3887 sed

2296 3925 2534 3992 relinque
2566 3924 2710 3976 illum
2757 3933 3059 3993 stupentem
3111 3933 3271 3992 atque
3323 3924 3576 3976 invictam
3625 3924 3876 3977 virtutem

2297 4029 2436 4071 tuam
2476 4017 2756 4070 mirantem
2787 4058 2801 4081 ,
2839 4016 3195 4085 omnibusque
3222 4015 3488 4070 dicentem
3517 4024 3567 4070 te
3595 4019 3714 4069 sint:
3743 4031 3879 4072 eon-

2292 4126 2479 4177 gressu
2511 4110 2717 4164 vicisse.
2751 4109 2841 4162 Sic
2861 4120 2915 4163 ct
2942 4111 3129 4164 beatus
3158 4108 3355 4176 Ioseph
3400 4107 3592 4179 ubique
3619 4109 3879 4178 praedica-

2297 4215 2381 4256 tur
2408 4245 2423 4266 ,
2459 4202 2599 4272 quod
2632 4201 2768 4254 male
2815 4201 3063 4269 patiendo
3112 4202 3309 4255 malum
3346 4201 3636 4255 inferentes
3668 4201 3876 4256 vicerit.

2293 4294 2422 4348 Nam
2454 4294 2786 4347 insidiatores
2817 4292 2889 4344 illi
2924 4293 3071 4346 fuere
3099 4291 3288 4345 fratres
3319 4300 3374 4345 et
3397 4289 3641 4361 Aigyptia
3663 4293 3876 4348 mulier:

2294 4402 2473 4438 verunt
2502 4399 2689 4438 omnes
2728 4385 2814 4437 ille
2849 4384 3143 4450 superavit.
3179 4382 3255 4438 Ne
3283 4381 3410 4436 mihi
3438 4399 3712 4438 earccreni
3743 4426 3760 4449 ,
3790 4385 3879 4440 tibi

2291 4481 2578 4533 conclusus
2610 4479 2725 4542 fuit,
2759 4492 2824 4532 ne
2854 4479 3075 4547 regiam,
3111 4477 3195 4531 tibi
3223 4489 3430 4532 versata
3475 4491 3553 4533 est
3588 4480 3673 4532 illa
3697 4522 3712 4542 ,
3743 4481 3879 4534 alle-

2293 4585 2386 4638 ges
2413 4587 2428 4631 ;
2461 4570 2552 4624 sed
2585 4570 2809 4624 ostende
2835 4569 2962 4624 mihi
2995 4571 3113 4639 quis
3138 4571 3329 4630 victus.
3354 4571 3475 4641 quis
3493 4572 3662 4626 victor
3693 4571 3873 4638 fuerit,

2292 4663 2409 4731 quis
2441 4663 2491 4714 iii
2521 4675 2750 4715 moerere
2779 4660 2937 4714 fuerit
2967 4702 2980 4722 ,
3019 4661 3139 4729 quis
3185 4660 3236 4714 in
3289 4662 3578 4732 voluptate.
3612 4663 3703 4717 Illa
3733 4663 3877 4718 enim

2292 4769 2396 4807 non
2426 4752 2584 4806 modo
2609 4756 2832 4821 justum,
2864 4753 2956 4808 sed
2987 4767 3085 4806 nec
3109 4753 3267 4806 animi
3301 4755 3543 4808 morbum
3571 4768 3727 4808 suum
3759 4758 3878 4808 vino

2292 4861 2414 4900 rere
2445 4847 2615 4914 potuit
2642 4863 2654 4896 :
2689 4845 2776 4898 ille
2818 4860 2946 4899 vero
2976 4855 3026 4897 et
3055 4843 3198 4898 illam
3232 4853 3285 4897 et
3318 4845 3694 4914 gravissimum
3729 4862 3877 4899 tuor-

2293 4939 2414 4992 bnnt
2441 4939 2726 5006 superavit.
2757 4938 2811 4992 Si
2837 4938 2935 5000 vis,
2972 4939 3080 5004 ipsa
3111 4940 3267 4992 verba
3297 4938 3504 5003 audias,
3532 4950 3586 4994 et
3613 4948 3874 5008 Impatnin

2295 5029 2497 5084 videbis
2523 5030 2538 5062 ¹
2567 5047 2580 5082 :
2606 5030 2876 5083 Adduxiin
2898 5029 3038 5081 nobis
3059 5031 3156 5081 huc
3175 5045 3382 5096 pateram
3412 5027 3703 5096 Hebraeum,
3728 5045 3784 5085 tu
3811 5032 3877 5086 il-

2293 5121 2484 5176 luderet
2507 5122 2649 5176 nobis
2679 5121 2830 5193 (Gen.
2863 5122 2953 5176 39.
2992 5123 3099 5191 14).
3132 5121 3242 5176 Non
3270 5122 3359 5177 ille
3383 5121 3572 5186 illusit,
3595 5141 3629 5174 n
3655 5126 3874 5184 misera.

2290 5217 2381 5271 sed
2413 5215 2673 5279 diabolus,
2704 5215 2792 5284 qui
2815 5215 2968 5278 dixit,
2997 5225 3052 5268 te
3075 5229 3230 5285 posse.
3250 5214 3588 5270 aiiamantem
3606 5217 3873 5287 frangere:

2292 5326 2396 5365 non
2417 5310 2504 5364 ille
2521 5309 2612 5362 tibi
2633 5309 2838 5362 induxit
2859 5324 3082 5377 puerum
3101 5307 3380 5363 Hebraeum
3404 5309 3492 5378 qui
3513 5309 3872 5372 insidiaretur,

2280 5403 2383 5459 sed
2406 5402 2662 5469 malignus
2677 5401 2883 5454 ila-mon
2906 5400 2993 5469 qui
3011 5400 3272 5468 impuram
3287 5399 3556 5457 iesciviant
3584 5401 3794 5465 indidit,
3830 5403 3872 5456 is

2292 5495 2383 5548 tibi
2416 5494 2598 5548 illusit.
2622 5491 2757 5560 Quid
2785 5507 2914 5561 ergo
2943 5491 3139 5560 .Ioseph
3162 5492 3184 5542 ἲ
3207 5490 3370 5545 Tacet
3395 5533 3411 5557 ,
3453 5503 3612 5559 atque
3639 5493 3707 5546 ita
3739 5509 3866 5547 cnn-

2290 5588 2593 5651 dentnatur,
2625 5584 3069 5656 queniadnimiutn
3125 5582 3178 5636 et
3229 5583 3494 5638 Christus.
3529 5584 3619 5639 illa
3679 5585 3867 5657 quippe

2288 5681 2465 5735 omnia
2492 5679 2680 5733 horum
2702 5689 2849 5734 erant
2877 5679 3076 5747 figurae.
3103 5677 3166 5732 Et
3190 5677 3276 5732 ille
3301 5676 3515 5748 quidem
3541 5676 3596 5732 in
3625 5679 3866 5743 vinculis,

2351 5840 2367 5869 ι
2395 5839 2507 5893 Alii,
2531 5843 2572 5884 ct
2597 5833 2776 5883 πάσης
2807 5832 3042 5896 quomodo
3075 5831 3259 5882 cladem
3293 5839 3538 5896 acceptam
3561 5840 3780 5894 arguant.
