4160 6330
232 429 338 488 τις-ι

230 640 426 687 renato
453 632 645 703 quovis
668 631 1026 702 splendidior,
1051 635 1153 690 etsi
1173 636 1378 692 catenis
1401 646 1630 692 onustus
1661 655 1676 691 :
1707 634 1823 693 haec

228 739 363 780 vero
387 725 564 780 vincto
591 725 782 795 quovis
803 724 1054 781 miserior
1084 727 1136 780 in
1169 727 1332 798 regiis
1362 728 1610 782 thalamis
1640 743 1824 785 versa-

227 826 408 871 batur.
437 816 542 871 Sed
566 832 671 870 non
700 815 823 871 hinc
855 818 1053 879 solum.
1081 819 1177 874 sed
1204 821 1274 874 ab
1294 820 1412 890 ipso
1437 821 1585 876 exitu
1606 830 1663 878 et
1692 820 1818 888 ﬁne,

223 915 285 960 et
323 908 600 962 victoriam
638 916 692 962 et
733 906 943 964 cladem
973 908 1155 964 videre
1180 911 1324 966 licet.
1350 911 1478 980 Quis
1504 913 1648 968 enim
1679 914 1821 985 quod

221 998 396 1052 Voluit
420 1009 605 1052 nactus
633 1007 736 1064 est,
768 999 980 1056 vinetus
1008 1016 1075 1056 an
1097 1003 1282 1073 regina
1313 1005 1329 1036 ³
1351 1005 1492 1061 ‘lllle
1518 1007 1820 1067 castitatem

219 1101 452 1150 scrvare
473 1099 700 1145 conatus
722 1099 805 1146 est
829 1131 844 1156 ,
876 1090 966 1146 illa
997 1092 1211 1163 eripere
1236 1094 1422 1150 voluit.
1449 1095 1580 1164 Quis
1607 1113 1736 1170 ergo
1765 1098 1820 1155 id

290 1287 307 1317 ι
339 1286 537 1345 Quidam
561 1286 804 1338 habent...
828 1296 1003 1340 Nactus
1033 1295 1104 1340 est
1123 1287 1149 1339 .’
1169 1290 1370 1352 uinctus,
1389 1291 1476 1342 sed
1509 1305 1604 1344 non
1627 1293 1813 1358 regina.

1121 430 1193 487 ῐΝ
1231 430 1639 489 ΜΑΤΤΙΙᾸΞΙΙΜ
1672 430 1902 488 1103111..
1946 432 2210 489 LXXXV.
2253 435 2324 489 al.
2369 435 2654 491 LXXXVI.

230 540 326 596 illa
353 542 403 595 in
425 537 568 610 regis
595 548 733 596 erat.
762 539 828 594 Et
858 539 984 610 quid
1015 540 1160 596 hoc?
1191 541 1278 598 Ille
1338 558 1563 614 namque
1590 554 1707 599 erat
1729 558 1823 599 co-
1869 531 1874 536 ’

3435 441 3538 498 758

1927 545 2069 616 quod
2101 546 2311 602 volebat
2351 548 2530 605 effecit
2558 552 2694 621 Z'qni
2735 551 2877 608 male
2927 567 3117 624 passus
3145 564 3229 610 est
3259 598 3275 624 ,
3317 571 3385 612 an
3413 573 3536 630 qua:

1926 637 2067 693 male
2095 637 2219 693 fecit
2245 639 2268 691 ?
2299 640 2525 696 Planum
2554 652 2637 697 est
2658 657 2782 699 eum
2805 643 2897 715 qui
2917 644 3060 700 male
3089 661 3277 715 passus
3303 659 3409 704 est.
3431 649 3531 706 llic

1927 744 2056 802 ergo
2085 740 2170 787 est
2195 734 2286 804 qui
2316 734 2461 790 vicit.
2487 735 2613 792 Hzcc
2638 751 2762 792 cum
2777 737 3015 792 sciamus
3043 779 3058 804 ,
3092 739 3232 796 lianc
3260 743 3536 813 patientis

1927 821 2203 879 victoriam
2232 840 2618 895 persequamur
2647 846 2661 894 ;
2696 829 2842 885 illam
2867 845 2998 885 vero
3020 830 3266 901 injuriam
3293 833 3535 891 inferen—

1927 918 2058 973 tium
2105 916 2390 989 fugiamus.
2437 920 2528 976 Sic
2556 921 2703 977 enim
2733 931 3060 991 praesentem
3089 924 3257 979 vitam
3298 927 3535 997 negotiis

1927 1010 2151 1066 liberam
2186 1020 2243 1067 et
2282 1026 2509 1082 pmrsus
2548 1013 2894 1083 tranquillam
2925 1014 3193 1070 ducemus
3227 1057 3241 1079 ,
3272 1026 3329 1071 et
3354 1017 3532 1074 futura

1924 1103 2066 1158 bona
2087 1110 2484 1175 consequemur
2504 1148 2521 1173 ,
2545 1108 2714 1177 gratia
2745 1117 2802 1163 et
2829 1107 3164 1178 benignitate
3190 1109 3406 1166 Domini
3430 1127 3533 1167 no-

1923 1197 2022 1252 stri
2051 1195 2179 1252 Jesu
2207 1197 2408 1254 Christi
2433 1241 2449 1263 ,
2482 1200 2570 1255 cui
2607 1200 2777 1271 gloria
2817 1212 2874 1256 et
2914 1201 3200 1272 imperium
3255 1202 3309 1257 in
3336 1205 3530 1260 sucula
3612 1247 3615 1249 ι

1923 1288 2264 1343 szeculnrmn.
2291 1290 2487 1346 Amen.

3271 1406 3523 1421 ἡ

1260 1468 1604 1532 HOMILIA
1650 1470 1975 1534 LXXXV.
2020 1474 2105 1536 al.
2153 1475 2512 1538 LXXXVI.

208 1588 348 1642 Car.
400 1586 491 1641 9.6.
547 1602 599 1641 v.
650 1586 739 1642 67.
785 1584 932 1642 Tunc
959 1599 1206 1658 spuerunt
1254 1593 1309 1644 in
1355 1592 1540 1662 {aciem
1581 1594 1691 1662 ejus
1719 1634 1734 1658 ,
1763 1603 1811 1645 et

290 1676 531 1746 colaphis
561 1693 676 1731 eunt
700 1677 987 1732 ceciderunt
1014 1695 1033 1742 ,'
1074 1678 1166 1732 alii
1198 1690 1369 1734 autem
1407 1681 1604 1750 palmas
1645 1684 1699 1736 in
1722 1682 1813 1752 fa-

285 1770 414 1822 ciem
452 1769 565 1839 ejus
592 1768 860 1835 dederunt,
890 1769 987 1835 68,
1008 1769 1264 1832 dicentes:
1291 1770 1605 1841 Propltetisa
1629 1774 1770 1830 nobis
1789 1813 1808 1840 .

283 1860 506 1925 Christe,
533 1860 648 1930 quis
668 1869 739 1915 est
767 1861 858 1932 qui
883 1871 929 1914 te
950 1863 1199 1931 percussit
1224 1862 1252 1916 ?
1287 1872 1395 1919 etc.

288 1964 340 2017 i.
374 1961 677 2015 Judceorum
703 1963 900 2034 objecta
927 1962 1218 2019 crudelitas.
1250 1962 1694 2037 Euangelistarum
1719 1983 1808 2022 ve-

207 2055 401 2108 mcitas
420 2054 931 2111 admiranda.——Cur
958 2055 1059 2111 hoc
1082 2054 1350 2113 faciebant
1369 2101 1384 2125 ,
1417 2074 1539 2113 cum
1567 2061 1801 2116 occisuri

207 2145 366 2199 illum
393 2155 578 2201 essent
607 2145 776 2216 ?quid
795 2161 936 2216 Opus
963 2146 1271 2218 lmjusmodi
1295 2149 1586 2216 comedis,
1619 2152 1722 2208 nisi
1752 2162 1811 2207 nt

207 2236 516 2305 petiilantes
546 2237 761 2292 illorum
791 2253 970 2294 mures
998 2239 1050 2294 in
1078 2240 1330 2296 omnibus
1365 2251 1680 2312 perspectus
1709 2244 1808 2299 ha-

205 2331 342 2385 beas
366 2330 498 2400 ?qui
521 2331 680 2401 quasi
708 2342 903 2387 venatu
932 2331 1169 2399 invento,
1197 2333 1277 2389 sic
1303 2349 1456 2390 suam
1480 2336 1807 2392 exercebant

203 2421 578 2491 petulantiam,
598 2422 908 2494 insaniaqne
928 2424 1138 2495 repleti,
1159 2423 1260 2480 hoc
1284 2426 1436 2496 quasi
1458 2425 1650 2482 festum
1666 2428 1808 2484 cele-

203 2514 456 2579 brabant,
468 2531 588 2570 cum
600 2515 872 2586 voluptate
883 2516 1169 2583 irruentes,
1185 2519 1615 2590 etsanguinarios
1627 2536 1806 2577 mores

199 2603 630 2661 exbibentes.'l‘u
643 2607 1187 2680 verodiscipulornm,
1201 2608 1316 2666 haec
1330 2625 1454 2666 cum
1470 2619 1615 2668 tanta
1637 2627 1802 2670 accu-

199 2699 414 2754 ratiooe
433 2701 790 2769 narrantium,
812 2700 1204 2773 philosophiam
1229 2703 1461 2761 mireris.
1484 2705 1633 2762 Unde
1646 2722 1803 2763 amur

197 2789 444 2845 veritatis
459 2791 514 2845 ia
544 2791 648 2846 illis
661 2791 1076 2859 demonstratur,
1111 2796 1234 2866 quia
1261 2811 1382 2867 qua:
1399 2798 1658 2868 probrosa
1679 2815 1800 2856 esse

197 2881 547 2949 videbantur,
573 2898 695 2938 cum
716 2885 860 2939 omni
879 2885 1104 2941 veritate
1119 2897 1363 2956 narrant,
1393 2888 1524 2944 nihil
1539 2890 1795 2958 celantes,

194 2991 311 3030 Iun
336 2975 735 3042 erubescentes,
757 2978 852 3034 sed
878 2980 1099 3049 gloriam
1135 2989 1380 3048 putantes
1401 2984 1711 3051 maximam,
1739 2995 1799 3042 ut

192 3081 388 3120 revera
410 3076 546 3131 erat,
572 3067 714 3138 quod
732 3068 989 3126 Dominus
1009 3070 1155 3128 orbis
1179 3071 1301 3126 talia
1319 3087 1414 3142 pro
1436 3074 1591 3129 nobis
1608 3091 1798 3145 passus

188 3165 362 3211 esset.
389 3156 501 3213 lloc
524 3159 641 3228 ejus
657 3159 1044 3229 providentiam
1066 3161 1392 3221 iueﬂabilem
1422 3205 1439 3230 ,
1473 3165 1796 3239 illorumque

189 3249 491 3328 nequitiam
513 3251 668 3305 venia
692 3251 963 3323 indignam
991 3253 1324 3324 comprobat,
1349 3257 1444 3328 qui
1477 3257 1601 3312 talia
1619 3259 1792 3314 aude-

189 3325 334 3381 bant
388 3337 581 3384 contra
629 3331 814 3387 mitem
859 3345 1318 3407 mansuetumque
1368 3325 1545 3403 illum,
1589 3340 1786 3411 hisque

184 3413 325 3469 illos
351 3416 532 3472 verbis
569 3421 988 3489 compellantem
1018 3439 1142 3495 qua:
1167 3425 1376 3481 leonem
1400 3443 1600 3499 agnum
1633 3431 1783 3488 face-

187 3519 254 3559 re
282 3506 614 3575 potuissent.
637 3506 783 3566 Nihil
805 3513 977 3581 enim,
1016 3514 1151 3570 nihil
1174 3517 1257 3572 vel
1285 3516 1378 3572 ille
1398 3523 1777 3578 mansuetudi-

184 3593 303 3658 nis,
319 3596 401 3651 vel
424 3597 498 3652 illi
514 3602 858 3658 contumelia;
868 3611 924 3658 et
935 3605 1279 3662 crudelitatis
1292 3621 1436 3666 retro
1449 3611 1787 3682 reliquerunt

181 3699 288 3740 seu
304 3683 468 3742 factis
484 3704 579 3744 seu
599 3691 804 3747 verbis.
824 3692 960 3761 Qua
973 3697 1157 3751 omnia
1171 3696 1347 3756 isaias
1363 3703 1627 3774 propheta
1647 3721 1782 3778 pra:-

180 3777 484 3845 uuntiavit,
524 3797 636 3835 uno
671 3787 839 3840 verbo
877 3801 1098 3844 omnem
1133 3794 1522 3851 contumeliam
1564 3777 1776 3857 descri-

183 3863 379 3956 beas:
419 3864 882 3932 Quemadmodum
937 3873 1305 3946 obstupescent
1353 3897 1514 3952 super
1530 3894 1580 3938 te
1605 3887 1782 3956 multi,

176 3955 262 4008 sic
325 3955 586 4026 inglorius
637 3961 738 4015 erit
767 3963 910 4032 apud
970 3964 1210 4024 homines
1270 3981 1516 4041 aspectus
1554 3985 1702 4040 tuus.
1730 3989 1784 4034 et

172 4043 363 4136 gloria
387 4056 479 4100 tua
509 4048 648 4101 inter
667 4049 807 4118 filios
832 4052 1102 4110 hominum
1129 4058 1148 4128 (
1178 4057 1318 4116 Isai.
1344 4061 1431 4117 52.
1471 4063 1599 4135 η).
1639 4067 1782 4136 Quid

182 4131 328 4224 huic
353 4137 704 4194 contumeliae
729 4156 826 4205 par
852 4144 1020 4198 fuerit
1044 4144 1144 4200 ?ln
1175 4147 1370 4205 faciem
1400 4131 1574 4220 illam,
1609 4131 1777 4224 quam

172 4218 376 4275 videns
397 4237 548 4277 mare
565 4226 861 4281 reveritum
879 4238 988 4295 est,
1009 4249 1178 4302 quam
1206 4235 1260 4292 in
1281 4252 1448 4295 cruce
1464 4241 1546 4296 sol
1562 4218 1777 4315 videns,

167 4306 368 4360 radios
414 4323 548 4364 suos
571 4312 680 4366 alio
712 4325 911 4370 avertit
941 4318 958 4349 ⁸
983 4360 998 4383 ,
1027 4322 1430 4392 conspuebant,
1463 4328 1654 4400 alapas
1675 4306 1781 4388 im;

172 4392 502 4491 pingebant,
521 4397 646 4491 ejus
664 4415 801 4491 capti
815 4407 1235 4474 tpercutiebant.
1256 4411 1472 4472 insania
1489 4392 1588 4474 sua
1610 4435 1778 4491 supra

179 4482 415 4537 modum
437 4484 671 4557 abrepti.
691 4488 887 4561 Plagas
903 4497 1048 4549 enim
1068 4501 1316 4556 omnium
1334 4482 1778 4565 contumeliosis-

170 4569 360 4625 simas
391 4570 717 4638 intulerunt.
769 4580 1016 4650 colaphis
1049 4587 1342 4654 caedentes,
1376 4595 1772 4661 percutientcs.

167 4655 468 4755 plagisque
483 4673 773 4755 sputornm
791 4671 1102 4726 convicium
1120 4655 1464 4733 addiderunt.
1485 4655 1776 4755 Verbaque

168 4761 380 4803 rursus
397 4747 694 4808 derisionis
714 4754 872 4822 plena
906 4758 1277 4830 proferebant,
1297 4765 1546 4824 dicentes
1571 4786 1586 4824 :
1629 4747 1772 4826 Pro-

166 4835 393 4930 pltctisa
425 4837 597 4904 nobis,
632 4837 864 4906 Christe,
886 4847 1004 4914 quis
1037 4860 1114 4901 est
1143 4851 1234 4920 qui
1252 4858 1571 4923 tepercussit
1591 4859 1769 4930 ?quo-

158 4921 322 5008 niam
343 4921 526 4993 ipsum
554 4941 678 4982 esse
704 4931 1026 5001 prophetam
1047 4937 1295 5008 plerique
1309 4921 1591 5000 dicebant.
1611 4921 1771 5005 A'lius

378 5010 567 5104 Eilis
589 5014 616 5104 ᾼ)
639 5027 823 5073 autem
863 5021 1022 5088 dicit,
1071 5006 1222 5096 ipsos
1274 5028 1415 5087 facie
1464 5034 1585 5104 ejus
1622 5046 1770 5094 veste

151 5097 454 5196 obvoluta,
473 5101 562 5196 ita
582 5101 805 5172 fecisse,
825 5112 986 5179 quasi
1010 5112 1271 5172 infamem
1293 5133 1357 5175 ac
1379 5097 1586 5178 nullius
1606 5128 1766 5196 pretii

151 5186 447 5283 hominem
472 5187 530 5244 in
575 5193 759 5283 medio
796 5196 1138 5283 habuissent.
1160 5201 1226 5258 Et
1250 5222 1360 5262 non
1392 5209 1549 5266 liberi
1578 5186 1766 5283 modo,

152 5267 257 5318 sui
284 5265 454 5322 etiam
473 5270 615 5324 servi
640 5269 758 5328 haec
776 5276 1075 5340 petulanter
1090 5293 1274 5337 contra
1301 5265 1762 5354 imminit-1.1.}:

1920 1604 2023 1662 sat,
2051 1611 2267 1652 crucem
2294 1597 2438 1663 dico,
2473 1610 2726 1666 mortem.
2759 1602 3030 1658 cruciatus
3054 1645 3071 1672 ,
3099 1605 3365 1681 convicia,
3397 1621 3531 1661 con-

1919 1688 2186 1750 tumelias.
2210 1688 2459 1747 dicteria.
2495 1692 2562 1746 Et
2588 1692 2751 1748 modo
2784 1693 3002 1763 quidem
3029 1695 3106 1751 ait
3125 1738 3139 1755 .
3176 1696 3439 1754 Exeamus
3460 1702 3529 1753 ad

1914 1777 2104 1846 ipsum,
2131 1781 2465 1852 opprobrium
2488 1784 2602 1852 eius
2631 1789 2850 1857 ferentes
2869 1785 3056 1860 (Hebr.
3091 1789 3286 1862 13.13)
3313 1806 3328 1856 ;
3366 1792 3530 1846 modo

1913 1879 2114 1936 autem,
2150 1871 2253 1940 Qui
2277 1891 2372 1943 pro
2399 1876 2592 1946 gaudio
2619 1877 2714 1932 sibi
2743 1879 3005 1949 praposito
3035 1897 3236 1935 trucem
3261 1883 3525 1947 sustinuit,

1911 1961 2194 2032 ignominia
2213 1974 2503 2037 contempta
2535 1966 2717 2039 (Ibid.
2750 1969 2840 2025 12.
2863 1969 2900 2023 2
2925 1971 2965 2038 ).
3011 1971 3101 2027 G9.
3135 1970 3323 2028 Petrus
3352 1985 3524 2029 autem

1911 2053 2040 2123 faris
2083 2057 2289 2112 sedebat
2328 2059 2385 2113 in
2429 2060 2564 2115 atrio
2585 2077 2606 2114 :
2636 2071 2684 2116 et
2707 2065 2921 2117 accessit
2949 2073 3017 2117 ad
3047 2080 3160 2118 eum
3186 2082 3292 2120 una
3331 2068 3524 2122 ancilla

1911 2145 2085 2202 dicens
2107 2162 2128 2202 :
2155 2147 2220 2202 Et
2244 2159 2300 2204 tu
2325 2166 2438 2206 eras
2467 2167 2582 2207 cum
2624 2151 2752 2207 Jesu
2800 2151 3039 2209 Galilteo.
3085 2155 3177 2212 70.
3208 2143 3311 2212 Ille
3349 2169 3522 2214 autem

1911 2242 2110 2312 negauit
2133 2261 2307 2299 coram
2345 2245 2580 2301 omnibus
2621 2246 2795 2303 dicens
2825 2289 2843 2313 ,
2880 2248 3070 2304 Nescio
3094 2251 3221 2318 quid
3247 2252 3396 2307 dicis.
3425 2254 3518 2310 7i.

1908 2325 2038 2382 Cum
2077 2337 2246 2385 autem
2274 2331 2477 2386 exiisset
2507 2331 2562 2386 in
2586 2331 2887 2387 uestibulum
2921 2376 2935 2400 ,
2960 2335 3085 2388 uidit
3111 2336 3257 2390 illuni
3287 2339 3394 2392 alia
3423 2380 3439 2402 ,
3473 2349 3521 2393 et

1905 2418 2030 2472 dicit
2058 2419 2129 2474 eis
2156 2435 2176 2474 :
2205 2419 2270 2474 Et
2296 2421 2379 2475 lu'c
2396 2433 2506 2477 erat
2523 2439 2641 2477 cunt
2662 2422 2792 2479 Jcsu
2817 2423 3113 2482 Nazarene.
3139 2426 3229 2485 72.
3250 2428 3322 2484 Et
3342 2447 3521 2486 rursus

1905 2511 2104 2581 negauit
2119 2528 2232 2566 cum
2235 2514 2556 2586 juramento.
2577 2516 2668 2570 75.
2694 2515 2762 2571 Pr
2777 2527 2821 2570 st
2838 2519 3082 2588 pusillum
3101 2530 3272 2576 autem
3291 2539 3408 2578 curn
3430 2540 3519 2578 ac-

1901 2603 2164 2657 cessissent
2180 2606 2268 2674 qui
2287 2605 2508 2672 stabant,
2524 2606 2764 2662 dixerunt
2783 2607 2943 2664 Petro
2965 2625 2985 2664 :
3012 2609 3141 2665 Vere
3159 2623 3214 2666 tu
3230 2630 3295 2668 ea:
3313 2613 3419 2670 illis
3439 2631 3518 2681 es;

1901 2707 2021 2746 nam
2053 2694 2254 2764 loquela
2278 2705 2368 2749 tua
2395 2697 2726 2768 manifestum
2756 2710 2805 2754 te
2833 2701 2958 2772 facit
2984 2703 3024 2755 ⁸.
3047 2703 3140 2759 74.
3183 2702 3331 2759 Tunc
3364 2708 3519 2778 capit

1899 2785 2331 2842 anathematizarc
2347 2790 2588 2860 etjurare
2623 2794 2762 2860 quod
2783 2810 2885 2848 non
2906 2794 3126 2851 novisset
3141 2798 3419 2854 hominem.
3449 2799 3516 2854 Et

1895 2879 2138 2936 continuo
2153 2883 2320 2954 gallus
2353 2886 2595 2940 cantauit.
2611 2887 2703 2942 75.
2728 2886 2792 2943 Et
2807 2889 3106 2945 recordatus
3120 2901 3195 2946 est
3211 2891 3397 2949 Petrus
3410 2911 3514 2947 uer-

1895 2969 1945 3024 bt
1958 2970 1993 3026 J
1998 2989 2086 3027 esu
2104 2976 2239 3044 quod
2249 2977 2449 3031 dixerat
2474 3019 2490 3043 ,
2510 2977 2827 3051 Priusquam
2841 2982 3012 3053 gallus
3027 2993 3216 3052 cantet,
3231 2995 3398 3041 tenue
3416 3004 3510 3042 ne-

1893 3065 2058 3137 gabis.
2084 3066 2150 3123 Et
2175 3085 2406 3142 egressus
2425 3071 2590 3142 foras,
2611 3073 2751 3144 ﬂeuit
2776 3091 2972 3131 amare.
2993 3074 3038 3132 0
3056 3092 3144 3133 res
3161 3094 3330 3136 novas
3345 3091 3401 3136 et
3426 3082 3508 3137 in-

1893 3160 2217 3218 credibiles!
2237 3162 2375 3219 Cum
2395 3165 2797 3235 apprehensum
2815 3168 2950 3223 vidit
2965 3169 3277 3242 Magistrum
3300 3173 3502 3239 solmn,

1894 3259 2101 3307 tantum
2123 3253 2344 3317 exarsit,
2365 3258 2816 3328 ntstrlctogladio
2827 3272 3046 3316 servum
3069 3264 3418 3331 percusserit,
3450 3276 3506 3320 et

1890 3342 2186 3400 auriculam
2209 3345 2519 3412 absciderit;
2537 3361 2662 3403 cum
2675 3358 2858 3406 autem
2875 3351 3048 3422 magis
3066 3352 3332 3424 indignari
3349 3365 3402 3409 et
3420 3356 3504 3410 in-

1887 3434 2042 3490 cendi
2079 3451 2178 3508 par
2201 3447 2318 3492 erat
2348 3481 2361 3500 .
2392 3448 2540 3494 tanta
2566 3440 2793 3499 audiens
2821 3444 3066 3501 convicia
3097 3488 3114 3511 ,
3157 3457 3283 3504 tunc
3314 3461 3496 3521 negat.

1884 3524 2049 3595 Cujus
2067 3528 2210 3581 enim
2239 3526 2478 3584 furorem
2504 3545 2616 3585 non
2639 3531 2956 3590 incitassent
2983 3550 3047 3590 ea
3079 3552 3201 3607 quae
3230 3547 3342 3594 tum
3366 3557 3498 3612 age-

1883 3618 2081 3674 bantur
2100 3618 2126 3672 ?
2154 3621 2408 3678 Attamen
2437 3624 2633 3680 timore
2658 3626 2832 3682 victus
2855 3629 3152 3702 discipulus
3179 3649 3286 3690 non
3331 3637 3497 3693 modo

1881 3724 1989 3764 non
2021 3709 2449 3782 indignationem
2475 3714 2680 3785 profert
2706 3759 2723 3784 ,
2754 3716 2850 3774 sed
2881 3719 3045 3776 etiam
3074 3733 3274 3794 negat,
3297 3740 3362 3783 ac
3386 3729 3490 3785 [ιιὶ-

1877 3813 2016 3854 serae
2071 3800 2302 3874 vilisque
2352 3805 2550 3876 puellm
2602 3807 2777 3862 minas
2827 3826 2936 3865 non
2984 3809 3135 3877 fert;
3178 3830 3280 3871 nec
3323 3822 3493 3875 semel

1876 3890 2075 3958 solum,
2104 3892 2200 3949 sed
2227 3894 2389 3951 etiam
2411 3896 2652 3953 secundo
2673 3909 2728 3954 et
2751 3901 2912 3956 tertio
2942 3911 3141 3988 negat,
3176 3905 3337 3976 idque
3363 3908 3490 3965 bre-

1878 3982 1926 4037 vi
1983 3992 2226 4055 tempore
2255 4004 2267 4038 :
2300 4002 2406 4043 non
2437 4003 2622 4045 coram
2657 3989 2936 4061 judicibus
2959 4036 2976 4061 ,
3011 3982 3133 4051 nam
3168 3997 3299 4054 foris
3329 4013 3446 4057 erat
3474 4023 3487 4057 :

1876 4075 2052 4147 ipsum
2073 4080 2218 4135 enim
2245 4095 2525 4150 egressum
2551 4082 2620 4138 ad
2664 4085 2993 4143 vestibulum
3039 4089 3442 4163 interrogamnt
3469 4115 3483 4152 :

1874 4186 2048 4242 neque
2070 4173 2252 4228 statim
2271 4173 2480 4246 lapsum
2501 4190 2657 4232 suum
2678 4178 2864 4232 sensit.
2883 4179 3036 4248 Quod
3053 4191 3109 4238 et
3135 4181 3309 4240 Lucas
3329 4186 3484 4260 (Cap.

1869 4261 1962 4320 22.
1994 4265 2084 4334 6i)
2113 4308 2132 4334 ,
2177 4266 2325 4333 dicit,
2369 4268 2622 4326 nimirum
2659 4273 2894 4342 respexit
2933 4274 2985 4330 in
3035 4276 3185 4333 illum
3234 4279 3484 4339 Christus

1869 4356 2164 4413 ostendens
2193 4360 2365 4430 ipsum
2397 4377 2506 4417 non
2553 4362 2716 4419 modo
2765 4367 3044 4435 negavisse
3076 4412 3091 4438 ,
3144 4372 3239 4426 sed
3271 4373 3432 4429 etiam
3461 4419 3477 4436 .

1869 4457 2123 4504 cantante
2146 4451 2266 4507 licet
2296 4453 2439 4522 gallo
2471 4496 2487 4519 ,
2519 4453 2730 4525 lapsum
2755 4471 2910 4513 suum
2944 4475 3051 4516 non
3080 4464 3352 4532 sensisse,
3382 4469 3478 4523 sed

1869 4543 2077 4596 monitu
2125 4541 2364 4612 Magistri
2396 4561 2534 4617 opus
2583 4546 2858 4604 habuisse.
2891 4554 3160 4623 Aspectus
3202 4557 3323 4627 ejus
3379 4577 3478 4628 pro

1866 4647 1997 4688 voce
2027 4634 2126 4690 fuit
2150 4678 2164 4699 .
2203 4638 2342 4692 adeo
2380 4639 2570 4695 timore
2601 4642 2882 4711 perculsus
2907 4656 3045 4700 erat.
3077 4647 3287 4706 Marcus
3317 4650 3478 4723 (Cap.

1869 4727 1953 4782 M.
1987 4728 2190 4799 68-72)
2218 4747 2347 4786 vero
2379 4733 2454 4786 ait
2480 4775 2496 4797 ,
2543 4743 2825 4808 postquam
2854 4739 3023 4794 semel
3053 4752 3304 4812 negasset
3327 4785 3342 4806 ,
3363 4748 3478 4816 gal-

1867 4819 1973 4874 lum
2028 4825 2366 4892 cantavisse,
2422 4835 2706 4897 postquam
2775 4833 2934 4886 tertio
3015 4847 3302 4906 negasset,
3361 4849 3472 4893 tum

1863 4914 2104 4971 secundo
2123 4918 2428 4974 cantavisse
2448 4920 2671 4990 gallum,
2695 4926 3000 4981 accuratius
3019 4943 3310 4987 recensens
3328 4934 3476 4988 infir-

1864 5007 2100 5063 mitatem
2132 5008 2379 5080 discipuli
2413 5053 2427 5077 ,
2483 5013 2572 5084 qui
2610 5017 2762 5087 quasi
2802 5029 3046 5076 mortuus
3089 5033 3207 5078 erat
3233 5025 3425 5082 timore
3458 5047 3475 5081 :

1860 5107 1915 5152 et
1948 5097 2048 5154 hoc
2072 5098 2285 5156 Marcus
2317 5118 2346 5156 a
2375 5106 2637 5174 magistro
2665 5123 2766 5164 suo
2787 5110 2974 5166 didicit
3001 5155 3017 5180 ,
3050 5127 3168 5170 erat
3196 5117 3340 5173 enim
3367 5116 3472 5175 Pe-

1861 5189 1925 5241 tri
1954 5189 2274 5262 discipulus.
2300 5195 2419 5261 Quo
2445 5197 2619 5265 magis
2643 5200 2998 5259 admirandus
3021 5217 3104 5261 est
3130 5247 3148 5274 ,
3180 5209 3326 5279 quod
3360 5228 3469 5269 non

1860 5279 2021 5334 modo
2051 5283 2294 5354 magistri
2325 5284 2530 5357 lapsum
2560 5305 2666 5345 non
2697 5292 2984 5361 celaverit,
3009 5297 3106 5353 sed
3131 5299 3277 5370 quod
3305 5304 3468 5358 etiam

153 5353 294 5410 llaec
323 5355 566 5426 legamus
595 5360 906 5432 frequenter
925 5409 938 5430 ,
972 5367 1087 5426 haec
1112 5353 1393 5432 audiamus
1423 5386 1480 5433 ut
1507 5397 1603 5451 par
1627 5395 1712 5441 est
1745 5429 1759 5452 ,

1892 5373 2051 5431 larius
2079 5353 2240 5448 quam
2261 5378 2354 5433 alii
2379 5353 2684 5438 narraverit
2708 5426 2725 5450 ,
2759 5400 2826 5442 eo
2854 5353 3469 5466 ipso'quod'discipulus

153 5446 279 5500 haec
309 5447 363 5500 in
383 5449 581 5506 animis
622 5456 824 5512 nostris
856 5461 1194 5530 scribamus;
1227 5466 1343 5525 haec
1363 5446 1562 5544 quippe
1606 5446 1762 5537 nobis
1854 5477 2022 5520 9550‘-

151 5540 502 5598 honorabilia
529 5556 677 5602 sunt.
716 5549 772 5603 in
799 5550 883 5606 bis
907 5569 1009 5625 ego
1040 5560 1208 5614 altum
1238 5540 1424 5633 sapio,
1453 5540 1560 5625 non
1583 5574 1755 5630 solmn

1924 5559 1978 5611 2.
2021 5560 2300 5627 Quomodo
2339 5565 2499 5634 igitur
2541 5584 2731 5625 verum
2759 5574 2860 5627 erit
2903 5574 2954 5628 id
2997 5578 3140 5647 quod
3177 5580 3459 5638 Manlia-ns

145 5629 220 5685 de
247 5629 403 5687 mille
421 5638 648 5693 mortuis
673 5655 812 5711 quos
837 5645 1151 5714 suscitavit,
1182 5652 1278 5709 sed
1301 5629 1470 5712 ’ριίέηι
1515 5661 1582 5716 de
1624 5629 1754 5721 cm;
1854 5661 2057 5716 narrat,
2102 5652 2372 5710 Clu-istum
2423 5658 2648 5727 dixisse,
2697 5663 2858 5719 Amen
2897 5629 3158 5734 dico'tibi,
3189 5683 3460 5744 antequam

147 5719 391 5744 ..2--2l_--_
429 5740 551 5744 __,__
590 5743 594 5744 ,
944 5737 983 5744 -_
1299 5727 1302 5730 ’

146 5719 394 5778 ciatibus
422 5740 558 5796 quos
589 5743 787 5798 massas
809 5745 912 5792 est.
943 5737 1067 5796 Hec
1088 5727 1384 5814 smpissime
1410 5749 1605 5811 Paulus
1632 5772 1748 5813 ver-

211 5854 229 5887 ⁶
271 5851 389 5913 Alii.
415 5858 712 5914 radiossuor.
739 5865 998 5920 ςιττιιωι.

475 5955 745 6019 Parnm.
961 5965 1174 6030 L‘i'lll.

1919 5785 2240 5865 iungentium
2275 5788 2475 5865 loquela
2498 5800 2584 5843 tua
2605 5794 2917 5865 manifestum
2957 5807 3002 5865 te
3035 5801 3172 5865 facit,
3197 5804 3451 5856 desuut‘tn

1843 5845 2262 5962 ῗῗίἓιὲἑέᾳξθιη
2285 5845 2373 5903 sed
2400 5853 2645 5908 habentur
2672 5845 3460 5930 iniissiplurinii—s'alti-deidei:

2125 5929 2140 5961 ι
2172 5949 2182 5962 ι

2125 5929 2182 5962 is.

3063 6021 3136 6082 19
