4160 6330
231 422 330 481 7M

236 539 348 592 lloc
376 550 506 589 vero
531 542 588 590 et
614 530 975 587 testimonium
1007 535 1190 581 contra
1232 523 1377 585 illos,
1419 531 1472 574 et
1503 512 1833 589 proditionis

232 634 608 697 argumentum
654 624 770 679 fuit.
816 620 1019 674 Nomen
1065 617 1264 686 quippe
1307 613 1408 667 loci
1438 611 1639 666 clarius
1673 620 1833 677 quam

232 720 359 774 tuba
389 717 594 774 caedem
621 715 688 769 ab
715 713 820 768 illis
843 716 1200 781 perpetratam
1230 704 1480 760 omnibus
1505 700 1828 770 proclamat.

231 813 418 881 Neque
443 809 762 877 simpliciter
798 804 899 857 hoc
930 799 1150 864 faciunt,
1180 796 1274 852 sed
1312 796 1443 849 inito
1475 790 1703 847 consilto
1733 827 1748 852 ,
1781 795 1836 842 et

231 905 312 958 sic
338 904 536 970 ubique
565 907 763 970 agunt,
797 907 851 950 ιιι
900 893 1078 948 nullus
1118 892 1187 945 ab
1217 891 1318 944 hoc
1351 887 1556 942 scelere
1584 884 1652 938 sit
1679 883 1828 936 inno—

231 1011 387 1060 cens,
415 994 508 1048 sed
540 1005 729 1046 oumes
752 987 916 1042 noxii.
944 986 1072 1041 Haec
1091 997 1217 1039 vero
1239 994 1398 1050 supra
1423 978 1582 1032 allata
1607 973 1833 1044 pmplie-

232 1093 304 1145 tia
333 1084 672 1158 praenuntiat.
703 1081 892 1137 Viden’
930 1075 1202 1148 quomodo
1243 1089 1347 1128 non
1376 1068 1609 1140 apostoli
1646 1065 1828 1131 modo,

231 1181 325 1234 sed
356 1179 515 1234 etiam
548 1175 822 1247 propheta:
841 1170 1124 1242 opprobria
1158 1168 1243 1221 illa
1272 1177 1521 1220 accurate
1575 1169 1818 1223 narrent,

230 1283 282 1327 et
331 1271 568 1339 undique
615 1267 918 1337 passionem
968 1260 1283 1332 prmdlceut,
1331 1266 1386 1311 et
1434 1251 1832 1324 przcnuntieut?

233 1365 346 1418 lloc
374 1377 480 1415 nou
508 1360 865 1429 intelligentes
884 1354 1053 1410 Judaei
1082 1349 1342 1418 inemptis
1370 1347 1675 1418 perstitere.
1696 1342 1828 1397 Nam

229 1456 273 1508 si
309 1454 360 1507 in
393 1451 685 1506 corbouam
735 1446 1131 1515 conjecissent,
1165 1455 1253 1496 res
1281 1454 1388 1494 non
1421 1439 1498 1493 sic
1545 1435 1828 1491 manifesta

228 1546 456 1608 fuisset;
490 1541 590 1612 ipsi
614 1555 746 1596 vero
776 1552 964 1608 agrum
1004 1544 1246 1589 ementes
1273 1529 1622 1599 sequentibus
1661 1541 1829 1597 gene-

227 1637 528 1692 rationibus
560 1644 733 1688 totum
773 1630 1164 1702 patefecerunt.
1213 1624 1411 1680 Audite
1459 1628 1720 1692 quotquot
1762 1635 1829 1675 ex

225 1726 467 1781 GBdilllls
505 1722 758 1778 videmini
796 1718 1056 1776 beneﬁcia
1102 1725 1400 1787 praestare,
1428 1724 1483 1768 et
1528 1714 1826 1767 animarum

225 1821 508 1874 hominum
530 1819 760 1888 pretium
790 1813 1054 1883 accipitis.
1103 1809 1341 1866 Judaicze
1362 1815 1490 1861 sunt
1512 1802 1824 1876 huiusmodi

220 1914 606 1982 eleemosynaa,
638 1911 745 1963 imo
785 1907 962 1978 potius
987 1905 1262 1959 satanicae.
1307 1900 1446 1956 Sunt
1484 1900 1628 1954 enim
1655 1938 1670 1962 ,
1703 1903 1828 1950 sunt

223 2005 511 2074 hodieque,
544 2003 634 2074 qui
674 2000 902 2070 direptis
932 1998 1338 2052 innumerorum
1372 1992 1528 2046 bonis
1553 2030 1567 2055 ,
1600 2004 1660 2044 se
1686 1997 1827 2042 totos

219 2105 510 2155 excusatos
538 2103 768 2164 putant,
801 2093 846 2146 si
884 2090 970 2146 vel
998 2088 1184 2145 decem
1229 2086 1312 2140 vel
1360 2093 1577 2140 centum
1626 2094 1825 2136 aureos

220 2199 470 2262 erogeut.
503 2188 580 2244 De
621 2187 816 2258 quibus
843 2183 1104 2254 propheta
1125 2180 1253 2236 dicit
1282 2196 1296 2232 :
1345 2175 1662 2249 Operiebati:
1689 2177 1704 2207 ι
1741 2173 1823 2226 la-

217 2285 411 2356 crymia
438 2283 604 2336 altare
626 2296 792 2334 meum
821 2277 977 2349 (Μαι.
1020 2276 1077 2331 2.
1111 2272 1241 2344 l3).
1271 2271 1387 2327 Non
1437 2271 1549 2325 vult
1576 2268 1824 2324 Christus

214 2395 285 2433 ex
335 2378 518 2447 rapina
564 2372 794 2438 nutriri,
829 2386 934 2425 non
983 2364 1288 2438 huiusmodi
1340 2363 1516 2418 cibum
1569 2360 1814 2415 admittit.

215 2469 354 2538 Quid
384 2466 671 2523 Dominum
698 2461 1022 2520 contumelia
1052 2457 1243 2521 afticis,
1270 2455 1393 2509 dum
1427 2451 1700 2508 immunda
1744 2450 1819 2504 illi

213 2560 421 2617 otl'ers?
467 2559 657 2614 Melius
701 2564 844 2611 esset
887 2553 1026 2609 fame
1075 2550 1440 2604 tabescentem
1472 2545 1812 2614 relinquere,

212 2667 378 2723 quam
410 2650 603 2704 talibus
640 2661 860 2717 pascere
901 2645 1038 2699 cibis
1068 2661 1080 2696 :
1117 2638 1248 2696 illud
1294 2636 1533 2693 crudelis
1579 2635 1818 2690 hominis

210 2750 394 2805 esset,
425 2740 528 2795 hoc
555 2753 681 2794 vero
710 2747 765 2791 et
789 2734 1024 2790 crudelis
1073 2741 1128 2787 et
1172 2728 1568 2786 contumeliosi.
1628 2724 1816 2780 Melius

213 2844 301 2888 est
331 2831 460 2887 nihil
489 2831 642 2896 dare,
665 2845 826 2901 quam
847 2829 1024 2883 aliena
1052 2826 1172 2880 aliis
1200 2825 1350 2880 dare.
1375 2823 1470 2878 Dic
1493 2821 1635 2877 enim
1659 2819 1812 2886 mihi,

213 2929 260 2982 si
312 2928 450 2982 duos
485 2926 732 2982 homines
761 2924 972 2979 videres
998 2935 1226 2992 quorum
1255 2920 1394 2972 alius
1424 2916 1599 2971 nudus
1639 2925 1808 2980 esset,

212 3020 355 3075 alius
381 3019 704 3074 vestimento
734 3016 952 3071 indutus
977 3056 992 3082 ,
1030 3023 1085 3069 et
1137 3012 1284 3067 illum
1313 3011 1401 3081 qui
1431 3008 1644 3063 indutus
1671 3015 1812 3062 esset

205 3124 439 3165 excrea
461 3151 476 3176 ,
511 3117 568 3163 ut
594 3106 800 3163 nudum
830 3107 1073 3176 operires
1093 3145 1108 3169 ,
1157 3117 1334 3156 annon
1362 3100 1542 3170 inique
1581 3100 1812 3170 ageres"

205 3199 440 3255 Maxime
467 3207 636 3254 certe.
664 3196 818 3265 Quod
849 3197 894 3252 si
922 3211 1033 3251 rein
1065 3203 1226 3248 totam
1246 3207 1403 3263 quam
1431 3190 1653 3262 rapuisti
1674 3189 1808 3245 dans

202 3292 384 3356 alteri,
414 3291 592 3361 inique
636 3289 754 3360 agis
777 3329 794 3355 ,
826 3303 927 3342 nec
966 3286 1064 3341 das
1102 3284 1503 3354 eleemosynam
1534 3298 1549 3336 :
1592 3281 1806 3352 quando

204 3383 485 3437 minimam
516 3392 723 3451 partem
762 3380 857 3434 das
888 3379 1024 3449 rapti
1075 3376 1290 3447 peculii,
1325 3385 1381 3430 et
1407 3373 1534 3429 illud
1565 3374 1806 3429 eleetno-

199 3490 396 3547 synam
429 3488 612 3537 vocas,
646 3488 780 3542 quas
813 3486 999 3541 poenas
1047 3483 1155 3524 non
1184 3467 1376 3522 dabis?
1400 3465 1531 3521 Nam
1562 3465 1606 3520 si
1629 3465 1687 3531 ii,
1711 3464 1802 3535 qui

200 3565 393 3620 mutila
416 3563 665 3618 animalia
695 3562 1012 3622 otl‘erehant,
1039 3560 1093 3614 in
1119 3559 1322 3614 crimen
1344 3555 1696 3622 vocabantur,
1721 3563 1801 3618 tu,

195 3657 291 3727 qui
325 3656 508 3724 pejora
553 3654 683 3710 facis
705 3695 720 3720 ,
751 3668 909 3724 quam
938 3652 1149 3707 veniam
1176 3647 1560 3718 consequeris?
1587 3647 1799 3702 Etenim

193 3748 244 3802 si
277 3747 327 3802 ei
361 3747 449 3801 cui
497 3745 720 3800 abstulit
763 3744 850 3798 fur
877 3743 1121 3799 restituat
1152 3741 1203 3796 id
1236 3749 1439 3795 tantum
1470 3739 1609 3809 quod
1653 3738 1800 3792 abri-

193 3841 337 3912 puit,
367 3839 552 3909 inique
579 3837 722 3908 agit,
764 3848 818 3893 et
849 3851 1018 3906 usque
1070 3834 1205 3889 adeo
1237 3842 1294 3887 ut
1322 3832 1601 3903 quadrupli
1650 3831 1800 3885 addi-

193 3933 345 3987 tione
369 3931 456 3985 vix
486 3938 763 4000 peccatum
789 3929 919 3993 luat,
946 3937 1000 3981 et
1042 3927 1155 3980 hrcc
1186 3927 1237 3979 in
1270 3925 1436 3980 veteri
1483 3926 1600 3994 lege
1654 3942 1667 3977 :
1708 3924 1798 3993 qui

191 4039 304 4078 non
335 4025 507 4077 solum
532 4021 753 4085 furatur,
786 4019 878 4074 sed
906 4020 1066 4074 etiam
1092 4018 1355 4073 violenter
1384 4017 1596 4085 abripit,
1623 4032 1797 4086 neque

190 4117 269 4169 illi
300 4115 536 4169 restituit
581 4128 612 4167 a
653 4127 760 4182 quo
795 4111 1020 4178 abripuit
1049 4151 1062 4176 ,
1093 4109 1187 4164 sed
1216 4110 1408 4173 alteri,
1441 4124 1503 4162 ac
1533 4124 1638 4161 non
1667 4122 1796 4177 qua-

188 4205 444 4276 ilruplum
471 4247 485 4271 ,
517 4205 627 4259 imo
669 4220 736 4258 ne
761 4203 1040 4257 dimidium
1067 4202 1280 4272 quidem
1305 4243 1319 4264 ,
1357 4216 1455 4256 nec
1485 4200 1590 4269 iam
1631 4200 1682 4253 in
1710 4216 1796 4254 ve—

191 4300 320 4364 teri,
356 4297 451 4352 sed
480 4298 531 4350 iu
574 4311 712 4349 nova
739 4296 876 4364 lege,
903 4295 1078 4364 cogita
1108 4305 1361 4362 quantum
1414 4294 1588 4362 ignem
1624 4293 1674 4346 in
1705 4308 1795 4347 ca-

189 4399 286 4460 put
315 4404 471 4444 smun
495 4396 769 4457 congerat.
795 4386 947 4454 Quod
976 4387 1019 4440 si
1063 4386 1296 4440 nondum
1325 4401 1506 4454 pmnas
1528 4385 1639 4450 det,
1673 4385 1793 4441 idco

188 4484 347 4536 illum
396 4482 602 4550 lugeas,
634 4479 777 4550 quod
820 4479 919 4533 sibi
953 4479 1210 4546 maiorem
1239 4478 1333 4531 ira:
1365 4477 1676 4533 thesaurum
1707 4488 1791 4531 at-

188 4573 391 4637 trahat,
417 4571 517 4626 nisi
545 4570 913 4639 pmuitentiam
936 4578 1074 4639 agat.
1109 4569 1245 4634 Quid
1276 4569 1410 4623 enim
1435 4570 1737 4624 existimatis
1773 4612 1788 4637 ,

187 4665 388 4735 inquit,
419 4663 537 4717 illo:
564 4663 699 4717 solos
727 4672 1015 4730 peccatores
1056 4664 1212 4733 fuisse
1232 4705 1246 4728 ,
1282 4680 1440 4732 super
1466 4680 1590 4732 quos
1634 4667 1792 4719 turris

185 4752 420 4809 cecidit?
451 4751 596 4817 Non,
620 4753 734 4806 dico
759 4752 915 4816 vobis,
961 4753 1048 4805 sed
1072 4753 1167 4805 nisi
1197 4753 1540 4821 paenitentiam
1569 4756 1787 4825 egeritis,

185 4855 237 4898 et
279 4859 371 4898 vos
411 4843 564 4896 simul
611 4843 833 4913 per-ibitis
866 4841 1030 4914 (an.
1086 4843 1172 4897 l5.
1201 4844 1255 4898 4.
1290 4843 1380 4914 5).
1412 4843 1788 4899 Pamitentiam

183 4951 415 5007 agamus
447 4934 641 5004 igitur,
691 4942 748 4990 et
776 4949 806 4988 a
839 4935 1023 5005 rapina
1054 4951 1237 5004 puram
1268 4935 1667 5008 eleemosynam
1695 4940 1791 4994 de—

187 5043 336 5091 mus.
394 5027 719 5096 Iargiterque
767 5043 1072 5097 erogemus.
1126 5029 1365 5100 Cogitate
1409 5030 1625 5086 Judaeos
1663 5035 1787 5087 olim

183 5131 316 5176 octo
343 5121 490 5176 mille
517 5121 729 5175 Levitas
749 5121 967 5184 aluisse,
1000 5131 1054 5176 et
1082 5138 1204 5178 cum
1235 5123 1439 5178 Levitis
1465 5165 1480 5189 ,
1519 5125 1706 5179 viduas
1739 5137 1788 5179 et

185 5214 444 5283 pupillos,
480 5227 542 5267 ac
571 5219 830 5282 prmterea
860 5215 1172 5268 ministeriis
1222 5214 1340 5270 aliis
1376 5216 1658 5284 obnoxios,
1692 5218 1790 5271 mi-

185 5308 319 5361 litia:
340 5322 555 5376 quoque
584 5321 805 5374 cperam
845 5305 1060 5361 dedisse
1093 5326 1105 5358 :
1130 5323 1272 5363 nunc
1302 5324 1432 5362 vero
1460 5325 1615 5378 agros
1639 5351 1653 5373 ,
1703 5311 1772 5362 do

183 5413 330 5460 mos.
350 5399 645 5454 locationes
674 5401 890 5463 mdium,
922 5401 1163 5455 vehicula
1186 5441 1202 5464 ,
1230 5403 1513 5469 muliones,
1538 5405 1709 5458 mulos
1735 5417 1798 5460 et'

195 5491 369 5545 multa
424 5493 529 5546 alia
578 5490 884 5556 huiusmodi
928 5493 1167 5563 possidet
1190 5495 1429 5549 Ecclesia
1457 5500 1527 5549 ob
1557 5506 1784 5552 vestram

185 5582 587 5638 crudelitatem.
622 5583 910 5652 Oporteret
960 5600 1129 5654 penes
1159 5601 1256 5640 vos
1285 5603 1407 5642 esse
1430 5587 1572 5642 hunc
1603 5589 1789 5646 Eccle-

188 5676 291 5730 δίεν
344 5674 660 5730 thesaurum
688 5716 702 5741 ,
736 5685 791 5731 et
819 5689 1136 5747 proventum
1171 5679 1286 5746 ejus
1325 5695 1389 5734 ex
1421 5692 1598 5735 vestro
1623 5685 1784 5738 animi

256 5807 268 5836 ¹
293 5810 363 5880 sic
401 5807 680 5880 legendum
728 5817 823 5880 est,
858 5813 998 5880 juxta
1024 5812 1335 5880 Evangelium
1360 5814 1584 5865 Graecum
1611 5832 1624 5877 ;
1648 5819 1786 5880 juxta

195 5850 486 5922 νει-ιξῆοὲἔῑῗ
494 5850 581 5921 Ἑί-
596 5850 831 5934 quosdam
854 5850 1250 5936 ςιὶέῗῖᾧῷὶέἱῖῖῶ
1257 5850 1755 5942 Ἔέεέἰῖῖἶῖνέἑιῗᾶἓῗ

1115 412 1178 468 ιΝ
1223 402 1628 466 ΜΛΤΤΙΙίΕυΜ
1671 398 1900 455 HOMIL.
1946 397 2208 456 LXXXV.
2249 400 2323 452 al.
2364 399 2653 456 LXXXVI.

3448 404 3556 458 76‘!

1947 514 2123 565 studio
2155 512 2390 582 pendere
2418 531 2431 570 :
2463 531 2605 570 nunc
2630 523 2808 570 autem
2845 516 2952 571 duo
3024 517 3255 572 absurda
3295 518 3422 577 hinc
3461 534 3552 573 na-

1943 614 2197 667 scuntur;
2235 618 2355 658 nam
2385 613 2441 660 et
2466 620 2569 660 vos
2589 607 2708 662 sine
2736 606 2912 663 fructu
2944 609 3198 677 manetis,
3222 620 3276 665 et
3300 609 3557 665 sacerdo-

1942 704 2025 749 tes
2055 695 2143 750 Dei
2162 697 2261 751 sibi
2283 712 2388 751 non
2408 701 2769 767 competentia
2796 711 3046 756 tractant.
3076 703 3268 755 Annon
3293 711 3547 771 poterant

1939 789 2305 856 apostolorum
2331 799 2574 860 tempore
2592 792 2782 845 domus
2805 802 2856 847 et
2876 794 2990 864 agri
3006 809 3225 848 manere
3247 793 3265 847 ?
3285 794 3392 848 Cur
3413 810 3544 866 ergo

1942 883 2030 937 illa
2063 883 2365 938 vendebant
2393 924 2407 948 ,
2437 895 2489 940 et
2517 886 2751 954 pretium
2775 886 3224 941 distribuehant?’
3249 887 3380 955 Quia
3413 889 3541 942 illud

1939 976 2135 1030 melius
2163 985 2300 1030 erat.

2010 1069 2062 1121 4.
2093 1067 2199 1122 Sed
2229 1085 2370 1122 nunc
2395 1078 2574 1137 patres
2605 1078 2817 1124 vestros
2847 1070 3006 1123 timor
3045 1070 3266 1134 invasit,
3293 1087 3367 1124 nc
3393 1071 3548 1126 vobis

1939 1158 2139 1215 furiosa
2170 1177 2348 1215 rermn
2376 1162 2715 1216 sarcularium
2744 1162 3038 1232 cupiditate
3065 1163 3260 1232 captis,
3285 1163 3546 1233 colligen-
3582 1145 3589 1153 ⁸
3624 1237 3627 1240 ν

1938 1252 2206 1321 tibusque,
2243 1269 2341 1306 nec
2369 1255 2776 1324 spargoutibus,
2820 1254 3140 1321 viduarum,
3165 1257 3493 1326 pupillorum
3525 1259 3540 1290 ⁸

1937 1351 1992 1396 et
2021 1343 2283 1412 virginum
2315 1344 2465 1399 chori
2508 1345 2653 1400 fame
2681 1355 2905 1416 pereant
2938 1363 2952 1400 :
2984 1347 3106 1401 ideo
3150 1349 3264 1401 lucc
3294 1348 3364 1400 ita
3391 1363 3542 1401 com-

1936 1450 2138 1504 ponere
2163 1435 2334 1489 coacti
2364 1445 2508 1490 sunt.
2539 1437 2724 1507 Neque
2750 1439 2894 1492 enim
2941 1438 3197 1493 Volehant
3235 1437 3542 1508 hujusmodi

1935 1527 2168 1582 dedecus
2196 1528 2481 1585 admittere
2511 1571 2525 1590 .
2553 1529 2966 1600 sedcupiebaut
3018 1531 3310 1585 voluntatis
3344 1543 3538 1585 vesmc

1938 1620 2268 1688 propositum
2302 1620 2430 1689 ipsis
2480 1630 2798 1690 proventum
2848 1637 2971 1678 esse
2995 1663 3011 1687 ,
3046 1631 3102 1677 et
3133 1621 3256 1676 inde
3305 1623 3537 1676 tinctum

1933 1710 2248 1780 decerpere,
2303 1711 2429 1766 dum
2473 1711 2547 1766 illi
2593 1712 2840 1781 precibus
2873 1723 3078 1768 tantum
3137 1713 3536 1769 incumberent.

1933 1800 2087 1858 Nunc
2111 1811 2293 1857 autem
2324 1804 2444 1858 illos
2470 1806 2726 1875 coegistis
2756 1846 2772 1871 ,
2799 1815 2856 1860 ιιι
2881 1820 2978 1860 eos
3009 1809 3098 1876 qui
3131 1821 3219 1860 res
3251 1806 3542 1860 sazeulares

1931 1904 1986 1949 et
2012 1893 2303 1948 familiares
2335 1905 2562 1950 tractant
2612 1897 2987 1962 imitarentur;
3032 1897 3175 1953 unde
3214 1899 3394 1951 omnia
3446 1914 3540 1952 sus

1931 1988 2106 2057 deque
2135 2002 2289 2043 versa
2311 1999 2454 2042 sunt.
2486 1989 2619 2043 Nam
2651 2005 2773 2044 cum
2795 1999 2854 2045 et
2883 2005 2978 2045 vos
3009 2000 3062 2045 et
3113 2006 3211 2045 nos
3236 1991 3425 2045 iisdem
3458 1992 3536 2046 si-

1930 2093 2052 2133 mus
2101 2079 2336 2150 negotiis
2385 2079 2612 2147 intenti,
2643 2082 2764 2152 quis
2809 2082 2976 2135 Deum
3011 2081 3281 2151 placabit"
3315 2080 3438 2136 Ideo
3470 2098 3533 2134 os

1930 2185 2036 2224 non
2064 2169 2325 2225 audemus
2351 2174 2585 2241 aperire,
2618 2175 2740 2243 quia
2788 2173 3026 2230 Ecclesia
3074 2173 3205 2228 nihil
3233 2190 3261 2227 a
3307 2176 3537 2229 smeula-

1929 2262 2076 2316 ribus
2125 2263 2431 2320 hominibus
2458 2265 2655 2320 diﬂ‘ert.
2717 2266 2834 2320 Non
2865 2266 3093 2321 audistis
3123 2267 3398 2336 apostolos
3419 2308 3434 2332 ,
3471 2283 3540 2322 ne

1926 2357 2140 2424 quidem
2173 2358 2430 2426 pecunias
2465 2359 2584 2413 sine
2621 2359 2806 2415 labore
2849 2359 3108 2415 collectas
3135 2359 3539 2414 distribuendos

1925 2449 2270 2520 suscepisse?
2297 2450 2448 2506 Nunc
2473 2462 2655 2507 autem
2683 2453 2946 2522 episcopi,
2975 2462 3279 2516 curatores,
3311 2467 3533 2508 meoun—

1925 2555 2043 2596 mos
2071 2550 2127 2596 et
2150 2555 2423 2610 caupones
2443 2543 2748 2614 hujusmodi
2774 2544 3136 2600 sollicitudine
3158 2553 3416 2614 superant
3445 2553 3538 2599 :et

1922 2648 2042 2689 cum
2063 2643 2339 2703 oporteret
2356 2636 2790 2691 illosanitnarum
2807 2646 3105 2692 vestrarum
3123 2651 3307 2692 curam
3321 2651 3531 2706 gerere,

1921 2725 2110 2780 eadem
2135 2741 2256 2796 quae
2284 2736 2602 2796 exceptores
2624 2769 2640 2792 ,
2668 2738 2989 2799 qumstores,
3021 2729 3298 2784 rationarii
3330 2738 3390 2785 et
3430 2745 3531 2799 pe-

1920 2818 2146 2873 cuniarii
2172 2834 2364 2875 curare
2401 2831 2671 2892 coguntur
2703 2840 2717 2876 :
2747 2822 2816 2878 de
2858 2823 2941 2880 his
2971 2824 3212 2895 quotidie
3258 2833 3383 2878 sunt
3422 2824 3532 2879 sol-

1921 2912 2072 2967 liciti.
2129 2910 2258 2968 Haec
2307 2929 2416 2968 non
2469 2914 2667 2970 frustra
2723 2916 2988 2987 deploro,
3025 2918 3122 2974 sed
3177 2929 3233 2974 ut
3279 2918 3527 2989 quadam

1917 3004 2224 3060 emendatio
2273 3014 2329 3060 et
2374 3008 2600 3063 mutatio
2662 3018 2959 3078 sequatur,
3021 3021 3080 3066 ut
3133 3027 3231 3066 nos
3272 3013 3360 3082 qui
3423 3012 3524 3067 hac

1914 3099 2062 3168 gravi
2090 3099 2351 3152 servitute
2392 3100 2719 3169 premimur,
2749 3102 3179 3159 misericordiam
3224 3118 3526 3174 consequa-

1915 3208 2038 3247 mur
2057 3234 2072 3260 ,
2103 3202 2160 3245 ut
2184 3208 2279 3246 vos
2305 3192 2424 3248 sitis
2443 3191 2700 3250 Ecclesia:
2726 3204 2784 3250 et
2814 3205 3109 3266 proventus
3129 3205 3185 3251 et
3212 3194 3519 3250 thesaurus.

1913 3286 2007 3343 Sin
2034 3287 2215 3340 nolitis
2241 3287 2284 3352 ⁸,
2314 3301 2442 3342 ecce
2478 3303 2746 3358 pauperes
2774 3303 2957 3343 coram
2987 3290 3139 3343 vobis
3164 3299 3288 3343 sunt
3321 3307 3333 3342 :
3358 3299 3517 3360 quot-

1909 3389 2042 3450 quot
2065 3380 2383 3448 poterimus,
2407 3380 2649 3444 alemus;
2684 3396 2821 3452 quos
2870 3398 2977 3436 non
3010 3383 3328 3452 poterimus,
3360 3383 3516 3438 vobis

1909 3474 2132 3526 alcmlos
2158 3474 2567 3552 relinquemus,
2599 3489 2666 3529 ne
2698 3475 2750 3528 in
2797 3475 2886 3530 die
2909 3474 3190 3532 tremenda
3223 3477 3384 3530 verba
3416 3477 3507 3530 illa

1908 3566 2157 3631 audiatis,
2192 3566 2704 3623 immisericordibus
2730 3578 2784 3623 et
2816 3569 3126 3625 inhumanis
3151 3570 3292 3626 dicta
3326 3589 3338 3625 :
3371 3569 3516 3626 Esu-

1906 3661 2117 3715 rientem
2145 3676 2225 3714 me
2245 3661 2459 3728 vidiuis,
2485 3671 2530 3716 et
2553 3679 2656 3717 non
2686 3664 2907 3718 aluistis.
2938 3664 3065 3720 Haec
3088 3675 3237 3721 certe
3268 3665 3517 3722 inhuma-

1907 3753 2043 3804 nitas
2074 3759 2129 3804 et
2160 3766 2251 3805 vos
2275 3759 2329 3807 et
2350 3767 2449 3806 nos
2478 3753 2734 3809 ridiculos
2754 3755 2941 3820 efﬁcit,
2970 3757 3096 3825 quia
3124 3759 3390 3825 oratione,
3415 3758 3516 3812 do-

1903 3843 2098 3909 ctrina,
2127 3845 2444 3915 exterisque
2469 3847 2670 3901 sanetis
2694 3848 2971 3902 exercitiis
3002 3849 3227 3912 relictis,
3259 3850 3348 3905 alii
3374 3851 3508 3915 vini,

1903 3934 1991 3987 alii
2023 3935 2301 4002 frumenti,
2350 3936 2439 3990 alii
2483 3938 2713 3992 aliarum
2753 3955 2932 3994 rerum
2978 3940 3357 4014 venditoribus
3405 3942 3514 3996 liti-

1901 4026 2078 4094 gando
2107 4027 2396 4082 miscemur
2426 4030 2571 4082 omni
2625 4040 2888 4100 tempore.
2930 4032 3069 4087 llinc
3100 4033 3252 4100 νῖκαι,
3286 4043 3510 4090 centeno

1904 4119 2096 4185 tiones,
2143 4129 2199 4175 et
2249 4120 2555 4190 quotidiana
2583 4125 2823 4180 convicia
2853 4140 2866 4183 :
2901 4125 3231 4198 singulisque
3257 4128 3512 4182 sacerdo-

1903 4210 2043 4265 tibus
2067 4213 2284 4266 nomina
2329 4213 2573 4283 quzedam
2614 4216 2986 4286 imponuntur,
3014 4235 3134 4287 qum
3175 4220 3510 4276 sccularibus

1899 4302 2103 4357 aedibus
2135 4306 2304 4375 magis
2331 4316 2735 4376 competercnt;
2763 4325 2884 4363 cutn
2917 4321 3196 4380 oporteret
3244 4312 3366 4367 aliis
3407 4330 3509 4368 no-

1902 4396 2133 4450 minibus
2153 4399 2352 4464 vocari,
2388 4415 2509 4469 qua:
2550 4410 2854 4458 statuerunt
2878 4406 3130 4473 apostoli,
3158 4406 3226 4462 ab
3249 4407 3507 4464 alimento

1901 4490 2225 4557 pauperibus
2241 4491 2387 4555 dato,
2407 4508 2434 4545 a
2459 4494 2754 4561 patrocinio
2777 4496 2918 4552 lassis
2939 4513 3223 4566 concesso,
3237 4500 3303 4554 ab
3324 4501 3507 4571 hospi-

1899 4582 2124 4644 talitate,
2153 4599 2181 4637 a
2220 4585 2460 4654 prmstito
2482 4590 2753 4657 Oppressis
2785 4591 2988 4645 auxilio
3012 4633 3027 4657 ,
3062 4608 3090 4648 a
3120 4608 3246 4648 cura
3276 4595 3508 4664 pupillo-

1897 4690 2037 4740 rum,
2070 4691 2100 4729 a
2153 4677 2467 4735 defensione
2493 4681 2791 4744 viduarum,
2824 4699 2852 4737 a
2895 4689 3230 4756 protectioue
3277 4690 3501 4761 virgini-

1898 4772 1996 4828 bus
2025 4772 2169 4838 data,
2203 4782 2256 4828 et
2280 4775 2393 4830 hznc
2415 4777 2713 4832 ministeria
2735 4781 3108 4838 sacerdotibus
3139 4784 3295 4848 tradi,
3323 4786 3503 4854 potius

1895 4878 2052 4932 quam
2074 4879 2323 4933 agrorum
2346 4865 2669 4938 asdiumque.
2685 4868 2810 4925 Haec
2835 4871 2976 4925 enim
3000 4871 3256 4928 Ecclesia:
3278 4885 3403 4930 sunt
3427 4877 3505 4931 ci-

1897 4955 2052 5010 melia
2079 4975 2091 5011 :
2117 4956 2169 5010 hi
2196 4958 2432 5014 thesauri
2455 4960 2555 5030 ipsi
2582 4972 2971 5032 competentes,
2993 4981 3114 5036 quae
3145 4967 3371 5023 multam
3396 4984 3502 5024 no-

1896 5050 1977 5104 bis
2006 5049 2338 5119 facilitatem,
2358 5053 2618 5126 vobisque
2650 5056 2952 5122 utilitatem,
2982 5060 3091 5113 imo
3117 5061 3280 5115 etiam
3325 5059 3501 5117 facili-

1897 5155 2057 5199 tatem
2084 5157 2361 5215 praastent.
2383 5149 2518 5205 Nam
2543 5167 2637 5221 per
2666 5153 3002 5223 Deigratiam
3028 5169 3158 5226 puto
3186 5173 3277 5213 eos
3296 5160 3385 5229 qui
3415 5160 3505 5218 hic

1893 5249 2293 5312 congregantur
2322 5244 2389 5298 ad
2416 5256 2633 5300 centqu
2663 5249 2809 5305 mille
2841 5252 3148 5321 pertingere
3173 5269 3190 5316 ;
3221 5261 3278 5307 ct
3307 5253 3356 5307 si
3384 5254 3504 5309 sin-

1893 5334 2000 5400 guli
2024 5335 2248 5405 singulis
2273 5339 2594 5408 pauperibus
2616 5342 2856 5412 singulos
2890 5360 3056 5412 panes
3079 5346 3289 5410 darent,
3309 5362 3503 5404 omnes

1897 5426 1946 5476 iu
1973 5443 2150 5483 rerum
2178 5429 2504 5487 abundantia
2551 5445 2734 5489 essent
2764 5455 2776 5490 :
2803 5438 2846 5491 si
2879 5438 3074 5509 singuli
3107 5456 3272 5494 unum
3305 5442 3504 5498 darent

1893 5521 2133 5583 obolum,
2163 5538 2230 5578 ne
2277 5539 2415 5580 unus
2460 5526 2678 5595 quidem
2731 5544 2937 5598 pauper
2974 5541 3142 5597 esset,
3195 5549 3371 5603 neque
3425 5545 3500 5588 tot

1895 5615 2113 5670 dicteria
2143 5627 2197 5672 et
2228 5619 2420 5686 probra
2452 5621 2846 5677 sustineremus
2891 5625 2961 5679 ob
2991 5627 3314 5695 prmdiorum
3344 5629 3495 5682 solli-

1894 5707 2206 5764 citudiuem.
2228 5709 2360 5764 Nam
2389 5711 2537 5777 illud,
2568 5711 2740 5767 Vende
2755 5717 2988 5771 universa
3011 5735 3127 5788 quae
3153 5719 3321 5782 nubes,
3349 5729 3396 5774 et
3427 5722 3508 5774 da.

1959 5827 1976 5890 ἦ
2011 5824 2138 5876 Vox.
2165 5824 2480 5890 pupillorum,
2507 5828 2650 5879 deest
2678 5831 2725 5880 in
2752 5832 2915 5882 \torel.

1966 5889 1982 5916 ⁵
2021 5894 2147 5949 Haec,
2165 5886 2256 5939 ’δίη
2279 5888 2459 5953 nolitis,
2482 5890 2664 5943 desunt
2683 5895 2730 5943 in
2758 5896 2920 5945 Morel.
