4160 6330
705 395 808 447 7ϋῦ

706 506 1029 578 pauperibus.
1070 513 1115 555 et
1141 502 1271 568 seni,
1302 517 1505 571 sequere
1532 516 1607 551 me
1627 497 1839 568 (Matth.
1866 497 1951 551 l9.
1974 496 2088 563 21),
2117 492 2278 547 etiam

704 597 768 650 :nl
826 593 1080 654 Ecclesia:
1136 592 1393 662 przesides
1437 591 1505 645 de
1550 590 1802 644 Ecclesia:
1856 585 2280 657 possessionibus

705 696 1001 754 opportune
1040 684 1269 739 dicatur.
1302 682 1423 736 Alio
1461 681 1604 737 enim
1639 681 1795 733 ιιιιιιΙθ
1839 696 1941 733 non
1994 690 2282 746 possumus

706 787 761 827 ut
789 784 1002 844 Oportet
1030 774 1202 843 sequi,
1231 771 1332 825 nisi
1368 772 1511 825 omni
1539 768 1891 825 sollicitudine
1936 767 2198 821 crassiore
2226 774 2283 819 et

706 865 895 919 viliore
944 864 1109 917 simus
1159 861 1331 917 vacui.
1385 860 1535 915 Nunc
1598 872 1775 912 autem
1833 858 1924 913 Dei
1978 856 2284 910 sacerdotes

705 956 1006 1017 vindentizc,
1054 955 1254 1019 messi,
1297 951 1588 1007 venditioni
1617 961 1669 1004 ct
1708 950 1961 1019 emptioni
2015 948 2281 1001 fructuum

706 1048 834 1101 dant
862 1063 1078 1116 operam
1103 1063 1116 1111 ;
1148 1058 1201 1100 et
1224 1047 1313 1099 alii
1334 1046 1549 1113 quidem
1584 1044 1790 1099 umbrae
1817 1044 2113 1098 servientes
2141 1083 2154 1099 .
2190 1043 2281 1096 ho-

708 1156 824 1193 rum
852 1142 1086 1193 omnium
1115 1140 1375 1193 immunes
1419 1150 1592 1203 erant,
1623 1141 1721 1193 etsi
1752 1137 2012 1206 corporali
2041 1138 2284 1192 ministe-

712 1233 795 1297 rio
824 1233 1056 1300 deputati
1084 1248 1098 1297 ;
1124 1247 1219 1285 nos
1248 1242 1423 1286 autem
1455 1232 1544 1299 qui
1570 1229 1638 1284 ad
1667 1231 1776 1299 ipsa
1806 1229 2096 1299 penetralia
2122 1229 2285 1284 cado-

710 1339 827 1379 rum
844 1338 1151 1388 evocantur,
1176 1334 1226 1378 et
1245 1323 1296 1376 in
1323 1336 1448 1378 vera
1470 1332 1652 1377 sancta
1671 1332 1974 1376 sanctorum
2002 1323 2283 1382 intramus.

710 1424 1064 1468 mercatorum
1118 1423 1173 1468 et
1219 1428 1520 1481 cauponum
1565 1427 1721 1467 curas
1763 1412 2099 1480 suscipimus.
2152 1413 2287 1467 Hinc

710 1506 999 1573 Scriptura:
1037 1504 1325 1558 admodum
1353 1503 1708 1572 negliguntur,
1743 1504 2074 1572 precationes
2103 1506 2287 1574 segni-

1445 388 1500 439 5.
1527 381 1803 439 JUANNIS
1841 369 2301 436 CHIWSOSTOMI
2341 370 2650 427 AltClllEP.
2692 368 3220 428 CONSTANTINOP.

3872 364 3968 415 τιξι

2390 501 2469 545 ter
2493 491 2865 559 persolvuntur
2891 532 2906 554 ,
2937 491 3146 558 aliaque
3174 490 3354 543 omnia
3385 491 3825 541 contemnuntur.
3858 480 3968 534 Non

2387 583 2528 637 enim
2559 582 2669 636 fieri
2716 592 2921 651 potest,
2969 592 3023 635 ιιι
3050 582 3115 636 ad
3148 581 3261 636 ha2c
3290 579 3448 633 ambo
3473 593 3593 632 cum
3642 576 3826 631 studio
3850 574 3971 628 dili-

2387 674 2529 744 genti
2554 673 2881 727 scimlamur.
2913 672 3091 739 Quare
3116 673 3343 728 obsecro
3387 681 3441 726 ct
3468 686 3582 735 oro,
3617 678 3675 722 ιιι
3702 668 3858 721 multi
3890 684 3973 719 nt.»

2388 768 2471 822 bis
2497 767 2723 836 undique
2749 768 2923 821 fontes
2952 766 3266 831 scaturiant,
3318 774 3479 834 utque
3502 777 3626 816 area
3672 769 3858 815 vestra
3882 770 3934 814 et
3954 760 3968 787 ‘

2392 858 2621 912 torcular
2648 867 2885 912 vestrum
2911 859 2980 910 sit
3022 857 3174 910 nobis
3203 857 3254 908 in
3307 854 3599 907 stimulum.
3644 852 3721 915 Ita
3749 852 3896 905 enim
3923 860 3974 903 et

2392 962 2649 1017 pauperes
2679 946 2883 1002 facilius
2908 948 3139 1008 aleutur,
3168 946 3311 1001 Deus
3334 942 3741 1015 glot-ilicabitu',
3772 956 3975 1004 vosque

2390 1039 2457 1091 ad
2483 1040 2681 1109 majora
2707 1038 3049 1092 humanitatis
3070 1054 3233 1107 opera
3266 1036 3555 1106 progressi,
3577 1033 3803 1088 :etetnis
3828 1030 3974 1085 frue—

2392 1132 2520 1185 mini
2550 1134 2737 1186 bonis:
2776 1147 2897 1198 qua:
2927 1146 3024 1185 nos
3068 1145 3255 1184 onmes
3282 1129 3497 1196 assequi
3529 1128 3829 1195 contingat,
3856 1140 3977 1193 gra-

2393 1225 2462 1279 tia
2493 1233 2546 1277 et
2566 1220 2890 1292 benignitate
2911 1222 3118 1276 Domini
3145 1221 3314 1275 nostri
3353 1219 3477 1274 Jesu
3507 1217 3733 1281 Christi,
3764 1216 3852 1270 cui
3878 1215 3979 1283 glo.

2392 1317 2468 1371 ria
2497 1317 2548 1369 in
2579 1315 2774 1369 saecula
2804 1315 3146 1368 smculorum.
3170 1315 3365 1366 Amen.

2458 1489 2472 1518 ¹
2512 1485 2645 1545 Hinc,
2668 1498 2786 1535 area
2807 1491 2965 1535 vestra
2984 1490 3049 1544 et,
3072 1484 3255 1534 desunt
3277 1484 3325 1533 in
3346 1482 3512 1531 Morel.

3500 1570 3535 1584 Α

1739 1710 2083 1773 HOMILIA
2126 1710 2479 1770 LXXXVI.
2524 1710 2609 1770 al.
2652 1707 3038 1769 LXXXVII.

712 1853 842 1909 Car.
883 1855 972 1909 27.
1003 1871 1053 1909 v.
1092 1855 1176 1908 ll.
1216 1852 1367 1907 Jesus
1419 1864 1588 1907 autem
1634 1855 1767 1907 stetit
1818 1865 1934 1906 ante
1986 1855 2247 1922 prresidem
2274 1894 2289 1918 ,

780 1956 826 1998 et
853 1945 1173 2014 interrogavit
1199 1962 1310 1997 eum
1337 1961 1538 2014 praises,
1569 1945 1776 1999 dicens:
1806 1944 1881 1998 Tu
1908 1962 1958 1997 es
1984 1962 2072 1998 rex
2091 1944 2295 1999 Judaeu-

780 2036 933 2088 rum?
959 2034 1109 2087 Jesas
1136 2046 1301 2087 autem
1330 2035 1456 2087 dixit
1484 2051 1502 2087 :
1526 2034 1604 2087 Tu
1632 2036 1778 2089 dicis.
1811 2034 1894 2109 l2.
1931 2034 1993 2087 Et
2019 2051 2129 2086 cum
2151 2050 2293 2086 accu-

781 2134 976 2180 saretur
995 2144 1027 2178 a
1049 2126 1358 2196 principibus
1383 2126 1697 2180 sacerdotum
1726 2136 1773 2179 et
1792 2126 2070 2180 senioribus
2094 2126 2289 2195 populi,

786 2216 914 2269 nihil
942 2218 1217 2285 respondit.

784 2308 835 2361 1.
877 2306 1175 2360 Jttdteorum
1199 2317 1552 2361 accusatorum
1588 2305 1772 2361 Christi
1804 2308 1936 2360 mnta
1967 2308 2110 2374 ﬁdes.
2143 2306 2295 2362 Chri-

712 2408 819 2452 stus
842 2414 938 2465 quo
955 2414 1100 2453 sensu
1124 2416 1176 2452 se
1202 2416 1362 2469 regem
1390 2398 1793 2452 dicit.——\’iden‘
1812 2399 1897 2453 hic
1921 2400 2144 2467 primum
2170 2414 2295 2454 exa-

718 2488 903 2541 minari
954 2487 1078 2540 illud
1113 2489 1252 2556 quod
1297 2488 1464 2543 Judaei
1519 2487 1944 2557 frequentissime
1976 2492 2296 2545 versabant?

716 2578 848 2645 Quia
875 2579 1016 2631 enim
1048 2579 1297 2633 videbant
1327 2579 1552 2633 Pilatum
1621 2577 1760 2634 nihil
1825 2578 2015 2647 legalia
2085 2595 2293 2648 curare,

717 2668 783 2723 ad
812 2670 1013 2738 publica
1037 2671 1258 2725 crimina
1280 2680 1575 2725 vertuntur.
1597 2671 1687 2725 Sic
1711 2681 1763 2724 et
1782 2686 1905 2740 erga
1925 2672 2195 2739 apostolos
2212 2673 2295 2728 fa-

720 2758 949 2824 ciebant,
967 2760 1078 2813 haec
1104 2776 1315 2831 semper
1329 2760 1659 2828 objicicntes,
1685 2762 1827 2829 ipsos
1850 2776 2037 2830 nempe
2061 2763 2294 2816 cireum-

718 2849 797 2903 ire
852 2849 1196 2917 praudicantcs
1239 2866 1418 2918 reget].
1467 2850 1747 2920 quemdam
1803 2850 2005 2917 Jesum,
2051 2854 2200 2922 quasi
2230 2853 2297 2909 de

716 2938 859 2993 nttdo
882 2939 1095 2995 homine
1111 2941 1225 2994 inec
1247 2940 1571 3003 dicerent,et
1587 2941 1653 2995 ad
1678 2942 2034 3010 suspicionem
2058 2945 2297 3014 tyranni-

717 3032 799 3086 dis
825 3032 1153 3087 inducentes.
1188 3033 1336 3088 Unde
1364 3034 1534 3103 palam
1564 3043 1682 3098 est,
1714 3034 2023 3091 scissionem
2069 3038 2292 3104 tunicaa,

719 3134 773 3178 ct
808 3134 1077 3192 stuporem
1109 3124 1370 3194 pontiﬁcis
1395 3127 1637 3180 simulata
1682 3126 1859 3182 fuisse.
1888 3127 2076 3200 Omnia
2102 3131 2298 3200 quippe

720 3217 1004 3271 movebant
1046 3228 1099 3272 et
1146 3218 1467 3282 versabant,
1503 3228 1557 3271 ut
1603 3228 1826 3273 mortem
1876 3199 1972 3287 ipsi
2018 3199 2295 3275 inferrent.

721 3307 831 3362 Hoc
867 3309 1040 3379 itaque
1068 3309 1264 3364 Pilatus
1292 3320 1416 3365 tunc
1444 3312 1806 3379 interrogavit.
1837 3312 1969 3379 Quid
1995 3328 2121 3381 ergo
2146 3314 2299 3369 Citri-

719 3400 872 3455 stus‘l
905 3399 980 3453 Tu
1018 3401 1211 3455 dixisti.
1255 3402 1541 3456 Confessus
1579 3413 1661 3456 est
1701 3418 1760 3457 se
1798 3419 1973 3473 regem
2012 3419 2129 3460 esse
2154 3450 2167 3469 ,
2205 3407 2299 3460 sed

720 3490 989 3545 eaalesmm
1018 3507 1197 3559 regem
1230 3493 1246 3523 ‘
1278 3509 1290 3544 :
1319 3492 1458 3561 quod
1502 3493 1626 3547 alibi
1656 3494 1849 3546 clarius
1879 3494 2048 3547 Pilato
2078 3510 2297 3565 respon-

722 3581 855 3635 dens
875 3580 1045 3634 dixit:
1068 3580 1298 3650 Regnum
1314 3599 1479 3636 meum
1500 3600 1600 3636 non
1623 3594 1694 3636 est
1715 3585 1777 3637 de
1799 3585 1891 3637 hoc
1913 3587 2098 3639 mundo
2120 3586 2297 3655 (Joan.

723 3674 812 3728 l8.
840 3672 955 3743 36),
980 3682 1036 3726 ut
1064 3688 1233 3743 neque
1256 3675 1327 3737 hi,
1357 3690 1529 3744 neque
1556 3676 1628 3728 illi
1664 3675 1786 3729 talia
1821 3688 2136 3734 accusantes
2155 3722 2170 3745 ,
2203 3681 2301 3733 ali-

723 3778 880 3831 quam
911 3764 1304 3820 excusationem
1336 3766 1624 3829 li’abercnt;
1656 3766 2009 3836 invictamque
2042 3770 2298 3824 rationem

720 3852 877 3907 affert
900 3869 913 3907 :
940 3853 1000 3907 Si
1023 3870 1084 3907 ea:
1113 3854 1204 3906 hoc
1232 3854 1418 3907 mundo
1442 3871 1619 3921 essent,
1650 3856 1747 3907 mei
1772 3858 1939 3925 utique
1968 3859 2296 3927 decertarent,

720 3964 784 4003 ne
810 3948 1052 4002 traderer.
1087 3947 1283 4003 idcirco
1315 3958 1370 4001 ut
1407 3947 1543 4001 hanc
1570 3950 1922 4017 suspicionem
1958 3961 2297 4018 removeret,

720 4049 774 4093 et
818 4040 1068 4093 tributum
1116 4040 1313 4104 solvit,
1355 4052 1409 4093 et
1450 4041 1584 4094 alios
1623 4043 1829 4096 solvere
1862 4041 2050 4111 jussit;
2090 4052 2143 4097 et
2182 4059 2302 4099 cum

723 4130 923 4183 vellent
962 4145 1081 4184 eum
1126 4146 1303 4198 regem
1336 4130 1509 4184 facere
1534 4172 1548 4193 ,
1588 4130 1803 4198 aufugit.
1837 4129 1942 4183 Cur
1976 4141 2187 4198 autem,
2219 4132 2301 4186 in-

720 4221 890 4289 quies,
920 4221 1034 4276 hazc
1059 4236 1165 4275 non
1194 4223 1243 4275 in
1272 4221 1503 4276 medium
1530 4221 1767 4290 protulit,
1793 4236 1910 4275 cum
1932 4221 1999 4276 de
2021 4224 2299 4293 tyrannide

719 4312 1093 4367 accusaretur?
1136 4311 1266 4378 Quia
1314 4327 1433 4365 cum
1476 4320 1752 4366 sescentas
1799 4311 2055 4367 haberent
2102 4330 2167 4369 ex
2208 4330 2297 4370 re-

718 4402 819 4455 bus
844 4402 972 4472 ipsis
992 4404 1010 4433 ³
1038 4402 1519 4457 demonstrationes
1548 4402 1614 4457 de
1645 4410 1921 4470 patcstate,
1950 4404 2018 4460 de
2047 4419 2296 4460 mansue-

719 4493 940 4559 tudine,
990 4492 1057 4548 de
1104 4492 1402 4557 modestia,
1451 4492 1678 4547 libentes
1724 4493 2106 4555 excutiebant,
2162 4496 2297 4550 mala

718 4585 1191 4657 machinabantur,
1221 4594 1276 4639 et
1300 4594 1605 4653 corruptum
1634 4595 1749 4639 erat
1773 4586 2048 4653 judicium.
2082 4587 2207 4641 Ideo
2232 4588 2297 4642 ad

717 4675 845 4727 nihil
892 4674 1174 4743 respondet
1200 4717 1215 4739 ,
1248 4675 1342 4730 sed
1384 4684 1561 4740 tacet,
1592 4685 1646 4729 et
1674 4676 1984 4731 brevissime
2012 4678 2298 4746 aliquando

718 4765 978 4834 loquitur,
1008 4781 1073 4825 ne
1104 4781 1167 4822 ex
1201 4776 1456 4836 perpetuo
1482 4766 1693 4822 silentio
1717 4769 2030 4837 arrogantiae
2059 4770 2159 4823 sibi
2186 4771 2298 4826 exi-

717 4856 1072 4910 stimationem
1101 4866 1307 4925 pareret
1331 4898 1345 4927 ,
1376 4872 1567 4927 nempe
1591 4872 1710 4911 cum
1737 4858 1999 4927 adjuravit
2022 4860 2254 4928 pontifex
2275 4903 2291 4929 ,

713 4962 836 5001 eum
883 4945 1227 5016 interrogavit
1271 4962 1501 5016 praeses;
1545 4949 1609 5003 ad
1642 4948 1847 5018 objecta
1875 4966 2002 5003 vero
2031 4951 2250 5005 crimina
2274 4996 2289 5020 ,

716 5038 834 5106 quia
874 5052 934 5092 se
967 5037 1185 5092 minime
1223 5053 1595 5107 persuasurum
1632 5056 1745 5095 esse
1773 5041 2011 5106 sciebat,
2044 5042 2175 5095 nihil
2205 5058 2294 5097 re-

712 5130 946 5198 spondit.
977 5129 1126 5198 Quod
1153 5140 1206 5185 et
1233 5130 1486 5200 prepbcta
1508 5132 1737 5202 idipsum
1766 5133 2126 5202 praenuntians
2146 5133 2288 5189 dice-

712 5223 801 5277 bat
847 5239 860 5276 :
905 5222 970 5277 In
1010 5224 1288 5278 humilitate
1329 5225 1439 5294 ejus
1475 5224 1730 5293 judicium
1769 5227 1877 5288 eius
1919 5224 2172 5279 sublatum
2219 5236 2292 5279 est

713 5314 877 5382 (lsai.
904 5316 991 5371 55.
1022 5315 1114 5384 8).
1146 5315 1223 5369 De
1251 5315 1335 5369 his
1357 5315 1651 5369 mirabatur
1676 5329 1872 5385 praeses
1903 5334 1915 5369 :
1943 5316 2291 5373 admiratione

714 5406 907 5474 quippe
934 5406 1151 5475 dignum
1180 5419 1293 5460 erat
1317 5448 1332 5469 ,
1363 5415 1562 5460 tantam
1594 5405 1906 5460 modestiam
1932 5416 1986 5461 et
2014 5407 2288 5462 taciturni-

714 5501 877 5548 tatem
923 5495 1174 5550 exhibere
1216 5512 1337 5551 eum
1382 5496 1472 5565 qui
1520 5496 1793 5550 innumera
1837 5495 2018 5550 dicere
2063 5507 2286 5564 peterat.

716 5587 897 5658 Neque
935 5588 1077 5641 enim
1108 5587 1248 5656 quod
1284 5588 1480 5659 aliquid
1526 5590 1578 5643 in
1609 5604 1675 5643 eo
1705 5588 1826 5642 mali
1857 5595 2104 5658 putarent
2130 5602 2248 5643 esse
2272 5628 2288 5655 ,

738 5726 757 5791 ¹ν
778 5722 872 5791 alii
897 5722 1094 5791 habent,
1120 5730 1165 5791 et
1180 5736 1336 5785 regem
1357 5723 1611 5791 (questam,
1625 5722 1753 5786 quod
1769 5723 1998 5791 majorem
2018 5723 2110 5791 vim
2121 5722 2289 5773 habet.

748 5790 765 5823 ο
785 5784 837 5837 lu
861 5783 1021 5833 Morel.
1050 5783 1248 5847 legitur,
1267 5799 1291 5835 ε
1311 5784 1584 5848 scripturis,
1604 5783 1706 5848 pro,
1732 5798 1795 5836 ex
1808 5784 1947 5839 rebus
1969 5783 2104 5848 ipsis.

2400 1854 2547 1907 illum
2578 1853 2897 1908 accusabant
2916 1895 2931 1914 .
2961 1852 3055 1907 sed
3085 1852 3251 1906 livore
3275 1857 3477 1905 tantum
3507 1859 3560 1905 et
3592 1834 3787 1903 invidia
3818 1847 3984 1901 ducti.

2398 1943 2528 1998 Nam
2556 1959 2675 1997 cum
2707 1944 2869 1997 falsos
2897 1954 3058 1998 testes
3088 1942 3447 2007 induxerunt,
3474 1955 3570 1994 cur
3595 1954 3713 1995 cum
3744 1938 3878 1992 nihil
3907 1936 3987 1990 di-

2398 2033 2622 2089 cendum
2673 2033 2971 2099 haberent,
3018 2033 3191 2087 adhuc
3238 2030 3537 2086 accusando
3597 2027 3992 2099 perstiterunt?

2398 2140 2495 2179 cur
2532 2124 2716 2179 ludam
2751 2125 3107 2194 exspirantem
3146 2123 3387 2178 videntes
3411 2164 3425 2186 ,
3458 2133 3509 2176 et
3544 2121 3765 2175 Pilatum
3799 2134 3992 2173 manus

2400 2217 2662 2271 lavantem
2681 2259 2695 2279 ,
2729 2234 2835 2271 non
2865 2216 3165 2285 compuncti
3193 2215 3357 2269 sunt?
3383 2213 3511 2268 Nam
3544 2212 3706 2266 nmlta
3734 2211 3830 2264 illo
3859 2220 3992 2263 tem-

2401 2323 2530 2379 pore
2570 2308 2693 2363 fecit
2716 2350 2731 2374 ,
2773 2322 2893 2377 qua:
2930 2306 2997 2360 ad
3043 2305 3462 2375 resipisceudum
3502 2303 3857 2365 inducerent;
3900 2301 3992 2353 sed

2401 2398 2650 2452 meliores
2678 2413 2783 2451 non
2810 2396 2983 2451 eli‘ecti
3011 2407 3153 2451 sunt.
3181 2396 3317 2463 Quid
3344 2410 3471 2463 ergo
3498 2393 3715 2449 Pilatus.
3744 2393 3837 2445 13.
3866 2390 3993 2444 Non

2402 2492 2551 2546 audis
2568 2503 2758 2560 quanta
2777 2492 2860 2543 isti
2879 2491 3116 2544 adversus
3136 2501 3184 2544 te
3203 2490 3536 2558 testiﬁcantur
3552 2488 3578 2539 Υ
3596 2484 3826 2540 Volebat
3847 2485 3993 2539 enim

2404 2583 2549 2638 illum
2576 2596 2636 2638 se
2659 2583 3033 2638 defendentem
3068 2582 3301 2636 liberare
3326 2622 3340 2645 ,
3372 2580 3596 2649 ideoque
3623 2578 3697 2631 sic
3726 2578 3995 2647 loqueba-

2404 2681 2520 2737 tur;
2568 2689 2689 2727 cutn
2732 2684 2911 2727 autem
2949 2673 3078 2726 nihil
3118 2670 3504 2741 responderet,
3535 2670 3674 2724 aliud
3709 2669 3995 2736 quidpiam

2402 2762 2751 2817 machinatur.
2785 2763 3062 2828 Quodnam
3091 2763 3217 2817 illud
3241 2763 3263 2815 ?
3299 2762 3412 2816 Mos
3435 2773 3551 2816 erat
3574 2761 3852 2815 dimittere
3891 2761 3997 2813 illis

2403 2868 2563 2906 unum
2595 2869 2661 2907 ex
2692 2856 2864 2908 noxiis
2884 2896 2898 2919 ,
2931 2865 2984 2909 et
3010 2855 3107 2907 hac
3132 2856 3214 2907 via
3247 2853 3393 2907 illum
3420 2854 3629 2922 eripere
3656 2852 3909 2905 tentavit.
3943 2849 3998 2906 Si

2405 2959 2508 2995 non
2538 2945 2726 3008 vultis,
2761 2948 2961 3014 inquit,
2996 2956 3052 2999 ut
3080 2951 3342 2999 insontem
3370 2946 3663 3007 dimittere,
3694 2955 3753 2997 ut
3781 2955 3997 3000 sontem

2404 3037 2590 3089 saltem
2630 3035 2683 3088 iu
2714 3036 3049 3091 solemnitate
3080 3037 3289 3090 solvite.
3327 3036 3509 3091 Vidcn’
3548 3037 3822 3090 inversum
3851 3036 3999 3090 ordi-

2405 3125 2565 3179 nem?
2591 3126 2645 3180 In
2675 3142 2824 3181 more
2850 3137 2967 3181 erat
2993 3137 3047 3179 ut
3072 3142 3165 3196 pro
3193 3128 3456 3182 damnatis
3485 3128 3707 3198 pepulus
3741 3136 3959 3196 peteret
3983 3170 3997 3192 ,

2404 3230 2603 3284 praeses
2627 3231 2756 3271 vero
2779 3217 3098 3273 concederet
3128 3236 3141 3272 :
3171 3234 3310 3273 nunc
3335 3234 3497 3289 porro
3520 3218 3855 3272 contrarium
3884 3217 4000 3272 eflio

2403 3306 2580 3371 citur;
2612 3321 2812 3376 pra-ses
2852 3308 2904 3361 id
2932 3324 2962 3361 a
2994 3309 3190 3377 populo
3223 3310 3389 3377 petit,
3427 3324 3604 3378 neque
3627 3308 3704 3362 sic
3734 3308 3818 3362 illi
3849 3309 4000 3362 miti-

2403 3406 2633 3465 gantur,
2682 3399 2791 3451 imo
2834 3399 3002 3468 magis
3050 3398 3353 3464 ferociunt,
3402 3413 3695 3467 vocemque
3738 3398 4001 3453 emittunt

2405 3487 2617 3542 invidia:
2658 3489 2843 3543 morbo
2880 3490 3140 3545 furentes.
3185 3490 3367 3561 Neque
3402 3491 3545 3545 enim
3587 3490 3790 3559 aliquid
3837 3506 4002 3544 accu-

2404 3580 2572 3634 sando
2606 3580 2842 3650 objicere
2870 3590 3147 3650 poterant,
3175 3582 3380 3638 etiamsi
3409 3582 3497 3636 ille
3526 3592 3724 3637 taceret
3746 3625 3758 3641 .
3791 3583 3892 3638 sed
3924 3584 4001 3637 sic

2405 3678 2581 3724 tamen
2606 3670 3033 3738 confutabantur,
3062 3686 3129 3728 eo
3154 3672 3295 3743 quod
3328 3682 3432 3726 tam
3462 3670 3627 3727 multa
3659 3684 3848 3727 essent
3878 3690 4002 3743 qua:

2404 3757 2550 3813 illum
2574 3759 2773 3827 justum
2801 3776 2920 3816 esse
2946 3761 3276 3817 declararent
3307 3780 3320 3815 :
3351 3773 3531 3817 tacens
3559 3763 3806 3819 vincebat
3836 3764 3964 3817 illos
3984 3806 4000 3825 .

2406 3848 2681 3903 innumera
2706 3850 2942 3905 dicentes
2967 3863 3021 3905 et
3043 3853 3298 3909 lureutes.
3330 3852 3417 3907 19.
3446 3853 3667 3909 Sedente
3688 3867 3863 3908 autem
3887 3858 4002 3925 ipso

2406 3955 2499 4007 pro
2529 3940 2789 4006 tribunali,
2819 3942 2950 3994 misit
2977 3944 3044 3995 ad
3066 3960 3176 3996 eum
3206 3960 3332 3996 uxor
3355 3946 3463 4011 ejus
3488 3945 3658 3998 dicens
3681 3962 3699 3999 :
3722 3944 3882 4000 Nihil
3913 3950 4001 4000 tibi

2406 4039 2457 4081 et
2490 4032 2630 4099 justo
2661 4031 2776 4083 huic
2814 4047 2831 4085 :
2860 4034 3019 4085 multa
3046 4036 3178 4086 enim
3206 4050 3355 4103 passa
3381 4051 3495 4089 sum
3522 4036 3674 4089 hodie
3710 4055 3805 4106 per
3832 4040 4001 4093 uisum

2407 4131 2610 4193 propter
2635 4126 2819 4193 ipsum.
2852 4123 3011 4179 Vides
3038 4140 3222 4179 rursus
3248 4140 3360 4179 rem
3383 4140 3503 4195 quae
3526 4128 3792 4197 potuisset
3816 4130 3948 4185 illos
3970 4147 3999 4183 ει

2404 4216 2676 4282 ιιι-ονοδίιο
2705 4229 2976 4271 revue-tre.
3029 4215 3157 4270 Post
3191 4216 3705 4273 demonstrationem
3742 4221 3899 4274 enim
3935 4238 4001 4276 et

2403 4322 2580 4362 rerum
2618 4310 2947 4377 experientia
2989 4318 3191 4379 partam
3216 4351 3232 4377 ,
3265 4326 3369 4363 non
3402 4312 3547 4380 parvi
3590 4319 3854 4367 momenti
3885 4327 4002 4369 erat

2402 4401 2665 4453 soumiutn
2710 4400 2860 4453 illud.
2903 4400 2971 4454 Et
3003 4417 3100 4455 cur
3137 4416 3241 4454 non
3280 4402 3394 4471 ipse
3434 4400 3637 4457 Pilatus
3676 4403 3856 4458 vidit?
3905 4405 3999 4459 Vel

2401 4494 2521 4560 quia
2551 4492 2637 4545 illa
2666 4493 2875 4563 dignior
2901 4502 3016 4547 erat
3042 4510 3055 4551 :
3081 4494 3161 4547 vel
3191 4494 3314 4564 quia
3338 4494 3382 4548 si
3412 4496 3523 4565 ipse
3546 4497 3789 4564 vidisset,
3812 4498 3997 4553 credi-

2404 4594 2512 4638 tum
2541 4584 2637 4653 ipsi
2670 4602 2775 4639 non
2802 4586 3009 4652 luiSsct,
3031 4596 3121 4640 aut
3143 4603 3248 4640 non
3276 4596 3332 4641 ut
3353 4588 3524 4643 visum
3547 4588 3717 4644 fuerat
3738 4590 3996 4647 dixisset.

2400 4676 2602 4731 idcirco
2624 4678 2928 4746 providctur
2949 4689 3004 4730 ut
3028 4692 3167 4731 uxor
3187 4678 3381 4743 videat,
3404 4695 3511 4749 quo
3530 4696 3621 4735 res
3642 4681 3712 4735 sit
3732 4682 3995 4737 omnibus

2398 4779 2543 4822 noui.
2574 4767 2684 4822 Nec
2713 4768 2870 4823 modo
2907 4769 3083 4835 videt,
3129 4770 3223 4824 sed
3263 4772 3423 4825 etiam
3467 4773 3632 4827 multa
3675 4774 3907 4843 patitur.
3942 4786 3997 4831 ut

2396 4860 2549 4915 uxori
2569 4860 2861 4915 condolens
2891 4862 3002 4929 ipse
3029 4861 3228 4916 tardior
3251 4860 3318 4915 ad
3343 4862 3542 4917 ctedem
3566 4866 3795 4919 veniret.
3828 4866 3997 4922 Tem-

2399 4970 2494 5023 pus
2523 4970 2650 5008 vero
2677 4969 2781 5008 ιιοιι
2814 4969 2996 5023 parum
3027 4954 3093 5009 ad
3125 4955 3175 5009 id
3203 4954 3545 5021 conferebat;
3578 4973 3702 5012 nam
3748 4959 3841 5015 illa
3877 4960 3993 5033 ipsa

2397 5056 2551 5101 nocte
2573 5045 2796 5101 viderat.
2826 5046 3015 5100 Verum
3044 5061 3147 5101 non
3172 5057 3284 5100 tuto
3305 5057 3515 5116 poterat
3534 5048 3840 5117 dimittere,
3867 5053 3993 5122 quia

2394 5131 2665 5195 dixerant,
2696 5130 2934 5199 Seipsunt
2958 5146 3122 5199 regem
3151 5132 3292 5200 facit.
3319 5131 3606 5199 Oportebat
3633 5147 3759 5203 ergo
3791 5135 3995 5203 proba-

2396 5225 2568 5279 tiones
2596 5233 2651 5279 et
2676 5232 3004 5293 argumenta.
3031 5232 3191 5293 atque
3218 5222 3477 5279 affectate
3502 5225 3802 5295 tyrannidis
3834 5230 3993 5298 signa

2394 5330 2663 5385 quaerere;
2711 5324 2834 5383 puta
2855 5355 2871 5379 ,
2900 5330 3024 5368 num
3054 5316 3345 5369 exercitum
3377 5314 3788 5385 conscripsisset
3808 5358 3827 5384 ,
3860 5335 3991 5373 num

2356 5393 2646 5477 'pecunias
2688 5408 2989 5478 collegisset
3020 5408 3035 5439 ¹
3063 5448 3077 5472 ,
3110 5424 3234 5462 num
3274 5423 3425 5463 arma
3471 5408 3757 5464 labricatus
3798 5423 3992 5478 esset,

2395 5518 2519 5556 num
2549 5502 2671 5571 quid
2701 5501 2877 5557 simile
2902 5508 3179 5557 ιθιιιειεεθι.
3212 5500 3306 5556 ille
3332 5514 3462 5555 vero
3489 5500 3607 5556 sine
3629 5516 3791 5555 causa
3824 5504 3901 5557 ab
3929 5504 3990 5557 iis

2393 5610 2454 5649 se
2476 5593 2666 5649 attrahi
2700 5594 2929 5665 patitur;
2960 5592 3185 5663 ideoque
3210 5609 3321 5650 non
3343 5593 3497 5664 culpa
3522 5604 3803 5663 expertem
3834 5596 3989 5651 illum

2391 5702 2512 5743 esse
2551 5686 2809 5757 signiﬁcat
2846 5685 3087 5742 Christus
3126 5685 3355 5741 dicens:
3385 5684 3487 5750 Qui
3522 5701 3602 5739 me
3640 5685 3863 5740 tradidit
3903 5689 3995 5742 tibi

2461 5785 2481 5817 ³
2511 5787 2638 5840 llaec,
2663 5793 2775 5830 nam
2800 5778 3025 5843 pecunias
3047 5778 3333 5843 collegisset,
3354 5776 3533 5828 desunt
3555 5779 3606 5826 in
3631 5774 3798 5827 Μαι-ιιι.
