4160 6330
206 383 304 441 765

203 499 362 568 majus
401 504 658 568 peccatum
690 492 834 548 liabet
861 496 881 564 (
911 491 1067 548 Joan.
1096 491 1185 548 18.
1219 492 1289 548 36
1317 491 1360 565 ι).
1403 491 1522 548 Prze
1561 489 1785 546 mollitie

204 591 355 660 igitur
373 589 556 653 cessit,
578 597 633 644 et
655 585 966 641 verberibus
991 585 1140 640 illum
1165 585 1395 656 excepit.
1426 582 1600 639 Mollis
1627 583 1788 652 igitur

200 692 252 737 et
274 684 418 737 iners
443 691 560 738 erat
586 699 600 735 :
629 679 895 751 principes
919 688 1099 735 autem
1127 678 1465 734 sacerdotum
1491 675 1708 747 maligni
1734 685 1787 730 et

199 775 412 831 versuti.
446 775 577 844 Quia
606 774 748 828 enim
780 772 871 828 ille
899 769 1116 826 modum
1145 769 1561 839 excogitaverat.
1591 782 1787 837 nempe

198 866 546 923 solemnitatis
572 866 764 936 legem,
786 880 906 935 quze
924 864 1147 933 jubebat
1169 862 1480 918 damnatum
1500 861 1784 930 quemdam

197 960 403 1022 dimitti,
436 957 563 1030 quid
594 959 681 1015 hic
708 957 1121 1012 machinantur?
1149 954 1336 1010 Turba
1362 964 1630 1010 suaserunt
1648 996 1663 1020 ,
1700 954 1785 1008 in-

198 1053 323 1121 quit,
351 1061 406 1104 ut
437 1049 722 1104 Barabbam
749 1057 989 1121 peterent.

261 1142 316 1197 2.
345 1140 536 1197 Viden'
561 1151 756 1212 quanta
785 1141 873 1194 ille
897 1138 1227 1209 providentia
1253 1146 1405 1194 curet
1429 1136 1553 1193 illos
1572 1151 1602 1191 a
1628 1138 1784 1208 culpa

196 1233 439 1301 liberare,
469 1243 524 1290 et
549 1242 752 1304 quanto
782 1232 857 1287 illi
883 1232 1063 1287 studio
1089 1240 1352 1302 satagant,
1374 1241 1433 1286 ut
1469 1245 1565 1286 nec
1593 1229 1783 1285 umbra

195 1326 296 1381 illis
327 1326 688 1381 excusationis
714 1324 1086 1396 relinquatur?
1112 1323 1251 1392 Quid
1287 1323 1431 1378 enim
1464 1322 1785 1393 oportebat?

194 1432 257 1471 an
279 1416 387 1486 jam
417 1415 719 1472 convictum
737 1457 752 1480 ,
780 1430 846 1468 an
878 1430 1000 1470 eum
1023 1457 1038 1479 ,
1069 1415 1138 1469 de
1162 1429 1268 1484 quo
1295 1412 1668 1480 dubitabatur,
1697 1413 1779 1468 di-

193 1507 443 1563 mittere?
472 1506 602 1562 Nam
631 1507 674 1559 si
709 1521 772 1562 ex
801 1506 1046 1561 sontibus
1075 1505 1344 1561 dimittere
1368 1521 1531 1560 unum
1562 1514 1781 1575 oporte-

194 1599 278 1655 bat
301 1642 315 1662 ,
346 1599 516 1654 multo
546 1597 714 1669 magis
740 1600 784 1652 si
815 1599 1109 1668 cujnspiam
1136 1598 1291 1667 culpa
1324 1612 1430 1652 non
1459 1607 1583 1653 nota
1614 1607 1781 1653 esset.

193 1691 366 1764 Neque
389 1694 533 1748 enim
556 1693 687 1762 ipsis
706 1691 1003 1748 manifestis
1025 1691 1310 1748 homicidia
1331 1690 1482 1762 pejor
1502 1692 1606 1746 illis
1625 1690 1784 1747 Jesus

193 1782 464 1839 videbatur
503 1799 644 1840 esse.
692 1782 896 1840 Idcirco
941 1798 1046 1839 non
1091 1783 1263 1839 solum
1294 1783 1461 1850 dixit,
1504 1782 1785 1838 Habebam

193 1876 468 1942 latronem,
493 1877 610 1941 sed,
634 1876 897 1948 Insignem
921 1876 1205 1943 latronem,
1231 1876 1467 1946 nequitia
1489 1875 1779 1943 celebrem,

191 1970 273 2038 qtti
303 1967 449 2023 mille
476 1967 654 2023 credes
694 1976 1112 2037 perpetraverat.
1158 1967 1406 2022 Attamen
1449 1966 1599 2022 illum
1634 1966 1782 2022 orbis

191 2059 454 2117 Servatori
484 2059 859 2130 prmtulerunt,
889 2075 1062 2130 neque
1086 2073 1297 2114 sacrum
1324 2067 1538 2129 tempus
1565 2055 1780 2114 reveriti

190 2161 308 2207 sunt
328 2194 344 2215 ,
375 2168 481 2206 non
526 2151 872 2207 humanitatis
908 2150 1054 2220 leges
1077 2192 1092 2213 ,
1137 2164 1238 2206 nec
1262 2150 1534 2221 quidpiam
1564 2149 1777 2206 simile:

189 2245 277 2301 scd
304 2244 421 2300 illos
447 2244 640 2300 invidia
664 2245 986 2300 excazcavit:
1012 2259 1111 2300 nec
1135 2258 1229 2298 sua
1254 2245 1489 2299 contenti
1518 2243 1777 2315 nequitia,

191 2338 435 2407 populum
465 2339 628 2393 etiam
660 2345 1043 2407 corrumpunt,
1075 2345 1131 2390 ut
1157 2335 1227 2392 ob
1256 2335 1394 2391 hanc
1422 2338 1583 2392 etiam
1621 2337 1777 2392 falla-

187 2431 314 2485 ciam
342 2440 615 2486 extremas
659 2429 808 2485 luant
837 2444 1048 2501 pugnas.
1089 2428 1221 2485 Cum
1252 2444 1380 2500 ergo
1410 2430 1558 2485 illum
1589 2430 1777 2501 petiis-

187 2531 329 2586 sent,
359 2524 436 2578 ait
470 2540 484 2577 :
523 2522 614 2578 22.
661 2522 798 2590 Quid
824 2538 943 2594 ergo
973 2522 1158 2590 faciam
1187 2523 1251 2578 de
1276 2521 1402 2576 Iesu
1423 2564 1440 2589 ,
1467 2523 1565 2594 qui
1594 2524 1780 2579 dicitur

187 2612 412 2670 Christus
443 2616 501 2670 '?
545 2615 658 2671 lloc
697 2625 851 2685 pacto
881 2630 1091 2671 rursum
1125 2616 1246 2672 illos
1275 2615 1492 2672 fleetere
1522 2618 1774 2685 volebat,

186 2707 233 2761 id
271 2723 458 2762 eorum
501 2708 725 2762 arbitrio
754 2707 1067 2776 permittens
1091 2747 1105 2770 ,
1138 2716 1194 2762 ut
1223 2723 1333 2777 prae
1364 2707 1569 2778 pudore
1592 2708 1776 2764 Iesum

186 2809 464 2865 peterent,
507 2809 559 2856 et
599 2815 665 2855 ex
702 2814 890 2855 eorum
931 2799 1247 2856 liberalitate
1286 2809 1454 2856 totum
1496 2802 1773 2872 penderet.

185 2888 306 2944 Nam
331 2891 374 2946 si
401 2890 648 2955 dixisset.
670 2890 786 2946 Non
816 2893 1074 2961 peccavit.
1096 2893 1546 2950 contentiosiores
1565 2894 1775 2950 ell'eeis—

183 2983 259 3028 set
284 2993 299 3028 ι
327 2984 386 3029 ut
412 2985 594 3031 autem
622 2991 688 3031 ex
718 2976 1046 3032 humanitate
1089 2988 1400 3034 servaretur
1423 3021 1438 3045 ,
1483 2980 1774 3050 probabilis

181 3079 294 3121 esse
322 3067 510 3137 petitio
541 3066 841 3122 videbatur.
872 3066 951 3122 Illi
978 3083 1105 3123 vero
1133 3067 1204 3124 ita
1232 3069 1484 3126 dixerunt
1513 3090 1526 3126 :
1557 3071 1775 3142 Cruciﬁ-

181 3176 240 3230 ge
258 3199 274 3226 ,
299 3160 543 3232 cruci/Ege
569 3177 702 3215 eum.
734 3159 826 3217 25.
856 3159 886 3215 Ι
893 3161 959 3216 lle
983 3176 1099 3215 vero
1128 3160 1256 3216 dixit
1283 3177 1303 3216 :
1326 3162 1466 3230 Quid
1493 3165 1623 3219 enim
1648 3165 1774 3220 mali

182 3251 331 3318 fecit!
357 3253 424 3306 At
453 3252 539 3307 illi
565 3251 726 3307 multo
754 3253 915 3325 magis
944 3250 1260 3318 clamabant,
1290 3253 1652 3325 Cruci/igatur.
1677 3256 1769 3312 24.

190 3340 372 3398 Videas
420 3353 593 3398 autem
631 3343 834 3399 Pilatus
857 3361 910 3399 se
935 3344 1067 3399 nihil
1089 3345 1335 3415 proﬁcere
1356 3386 1372 3410 ,
1406 3345 1527 3399 lauit
1553 3362 1733 3400 manus
1753 3389 1768 3413 ,

181 3433 341 3490 dicens
364 3450 384 3489 :
408 3432 664 3490 lnnoccns
696 3452 786 3506 ego
811 3452 943 3490 sunt.
974 3435 1084 3490 Cur
1107 3451 1236 3506 ergo
1265 3435 1413 3490 illum
1443 3436 1646 3491 tradis?
1675 3453 1772 3493 cur

183 3544 279 3580 non
309 3529 577 3600 eripuisti,
604 3529 740 3583 sicut
767 3528 987 3584 Paulum
1014 3527 1296 3584 tribunus?
1323 3528 1422 3596 Qui
1450 3530 1612 3584 etiam
1644 3531 1771 3586 scie-

183 3611 264 3666 bat
290 3625 346 3667 se
374 3623 588 3683 gratum
639 3612 756 3667 fore
777 3610 1011 3676 Judteis;
1046 3613 1240 3668 seditio
1264 3615 1462 3683 quippe
1489 3614 1772 3669 tnnmltus—

181 3717 277 3770 que
317 3711 539 3774 propter
583 3704 756 3773 ipsum
800 3703 973 3758 factus
1016 3712 1137 3758 est:
1167 3712 1404 3760 attamen
1437 3705 1634 3760 restitit
1677 3704 1770 3760 ille
1851 3725 1853 3728 ‘

183 3791 396 3850 fortiter.
439 3797 513 3849 At
547 3809 658 3871 non
699 3795 775 3849 sic
817 3795 918 3850 iste
944 3814 958 3849 :
985 3794 1080 3850 sed
1123 3795 1310 3866 ignave
1347 3796 1686 3866 molliterque
1711 3811 1769 3853 se

180 3880 334 3946 gessit
361 3898 375 3932 :
404 3895 468 3934 ac
495 3879 650 3933 simul
677 3894 866 3934 omnes
890 3881 1124 3948 corrupti
1154 3881 1386 3935 fuerunt.
1416 3879 1600 3951 Neque
1624 3881 1766 3935 enim

183 3969 260 4026 hic
285 3971 446 4041 plebi,
477 3986 652 4042 neque
678 3971 960 4026 multitudo
985 3971 1183 4026 Jndaais
1210 3972 1404 4026 restitit
1426 3974 1483 4037 ἰς
1517 3971 1768 4043 nullaque

180 4060 276 4117 illis
301 4065 580 4121 excusatio
607 4075 906 4133 supererat.
937 4063 1070 4118 Nam
1101 4063 1428 4134 Supervacua
1455 4063 1764 4133 clamabant,

181 4154 276 4210 hoc
300 4165 402 4222 est,
436 4154 607 4225 magis
633 4170 696 4210 ac
724 4156 894 4226 magis
920 4155 1242 4222 clamabant,
1272 4154 1635 4226 Cruciﬁgatur.
1663 4154 1768 4211 Ne-

185 4257 283 4308 que
300 4242 444 4298 euim
469 4244 648 4298 solum
667 4244 921 4299 occidere
942 4243 1218 4306 volebant,
1232 4241 1327 4296 sed
1347 4241 1505 4312 quasi
1527 4257 1626 4312 pro
1649 4258 1762 4299 sce-

187 4330 373 4396 lere,et
385 4335 572 4401 judice
588 4343 924 4405 repugnante
940 4333 1127 4390 eadem
1143 4332 1435 4388 clamando
1457 4349 1769 4403 persevera-

187 4428 330 4484 bant.
349 4428 547 4484 Viden‘
569 4436 774 4499 quanta
800 4428 925 4483 fecit
954 4428 1208 4482 Christus
1240 4437 1299 4481 ut
1331 4427 1456 4481 illos
1479 4426 1544 4481 ad
1569 4427 1765 4497 resipi-

187 4522 439 4577 scendnm
461 4520 778 4576 induceret?
791 4520 944 4575 Sicut
960 4521 1103 4575 enim
1114 4518 1310 4574 Judam
1331 4535 1472 4588 saepe
1485 4520 1768 4587 repressit,

189 4616 261 4667 sic
277 4622 329 4670 et
343 4617 406 4670 ist
415 4625 563 4678 os,et
580 4615 632 4667 in
646 4620 763 4666 toto
777 4613 1080 4683 evangelio,
1094 4621 1148 4666 et
1161 4611 1385 4681 ipsojud
1395 4612 1483 4665 icii
1498 4621 1604 4665 tem
1615 4627 1765 4680 pore.

192 4703 316 4761 Nam
335 4707 562 4776 quando
584 4705 869 4776 praesidem
886 4713 940 4760 et
955 4705 1197 4773 judicent
1219 4704 1477 4758 videbant
1497 4703 1769 4757 lavantem

192 4811 377 4853 manus
396 4806 452 4852 et
472 4797 746 4853 dicentem
764 4837 780 4862 ,
819 4798 1081 4851 lnnocens
1110 4812 1227 4850 sum
1259 4811 1291 4848 a
1312 4797 1570 4864 sanguine
1589 4794 1769 4865 hujus,

190 4889 470 4959 compungi
494 4889 785 4959 oportebat
802 4895 857 4942 et
876 4887 1055 4943 verbis
1082 4896 1137 4944 et
1161 4887 1358 4954 rebus;
1396 4895 1454 4940 ut
1478 4895 1532 4941 et
1550 4886 1772 4956 quando

191 4977 374 5037 ludam
397 4982 658 5036 viderunt
675 4981 871 5050 laqueo
896 4986 1314 5050 suspensum.et
1335 4979 1512 5050 ipsum
1533 4977 1770 5032 Pilatum

193 5083 487 5144 rogantem,
514 5083 573 5126 ut
594 5073 760 5127 alium
783 5088 883 5143 pro
905 5073 998 5127 illo
1020 5073 1354 5142 acciperent.
1377 5070 1513 5126 Nam
1531 5088 1655 5127 cum
1679 5088 1769 5126 ac-

194 5174 471 5220 cusatoret
485 5165 736 5234 proditor
751 5165 825 5218 sei
837 5180 992 5234 psum
1010 5162 1415 5228 condemnet,et
1426 5164 1517 5234 qui
1540 5164 1642 5219 fert
1655 5180 1776 5219 sen-

194 5256 406 5310 tentiam
439 5257 660 5327 culpam
683 5273 712 5311 a
741 5273 801 5314 se
831 5258 1149 5321 amoliatur,
1173 5271 1235 5310 ac
1258 5257 1434 5310 visum
1458 5257 1565 5309 tale
1584 5255 1769 5310 eadem

195 5356 341 5403 nocte
359 5358 644 5419 appareat,
663 5358 717 5403 et
733 5350 890 5420 quasi
911 5351 1331 5405 condemnatum
1354 5348 1534 5418 ipsum
1555 5347 1769 5404 Pilatul

238 5477 256 5541 ξ
288 5473 402 5534 Alii,
425 5475 552 5541 quid
573 5489 691 5541 ergo
710 5475 889 5540 faciam
911 5479 972 5531 de
995 5478 1202 5531 Christo.

237 5538 256 5568 ¹
274 5530 599 5589 “acumina
616 5530 784 5591 Graeco
808 5530 968 5607 textui
992 5530 1272 5607 Consonaut.
1287 5545 1336 5593 in
1360 5558 1458 5607 quo
1479 5544 1659 5606 legitur
1683 5556 1766 5599 οὖτα

183 5608 474 5711 Bimae,
494 5613 582 5660 «te
605 5608 804 5676 unum;
826 5604 976 5674 (tm).
1003 5605 1248 5663 Quomodo
1271 5604 1432 5678 autem
1461 5604 1615 5682 potuit
1637 5609 1762 5681 mul-

220 5659 327 5720 tndo
347 5670 368 5707 δ
435 5677 625 5714 tuorum
646 5663 826 5713 Judaets
845 5672 1105 5720 reSIstere,
1132 5675 1185 5716 et
1205 5669 1321 5720 umd
1347 5678 1426 5718 est
1447 5669 1577 5718 aliud
1599 5670 1762 5720 multi-

185 5680 327 5708 uwoo
347 5680 625 5714 δυοεεοι-ωη
646 5680 826 5713 inurens
845 5680 1105 5726 resnuere,
1132 5680 1185 5716 et
1205 5680 1321 5730 quia
1347 5680 1426 5718 est
1447 5680 1577 5718 aliud
1599 5680 1762 5720 mutti-

185 5719 580 5797 gtdggud‘aaorum
605 5761 620 5797 τ
642 5738 789 5797 quam
811 5726 957 5797 Judaei
1007 5727 1131 5797 ipsi?
1178 5737 1422 5793 Iuterpres
1465 5732 1614 5797 vertit
1637 5765 1652 5792 ,
1675 5746 1762 5784 nec

186 5761 287 5770 -ν
306 5761 482 5775 --η-..η
498 5761 580 5774 .....
643 5761 789 5797 πω...
811 5761 957 5798 ...,._...
1007 5761 1124 5800 ,μευ
1178 5761 1293 5779 ,μω
1308 5761 1352 5793 γ,
1367 5761 1422 5780 ε,
1469 5761 1540 5780 ,ω
1555 5761 1614 5780 ιη
1637 5765 1652 5792 ,
1675 5761 1761 5784 ,η

436 5761 784 5860 gacerdottous,
797 5800 855 5837 ac
870 5801 908 5838 Si
925 5789 1107 5860 legerit
1127 5803 1214 5853 «ps,
1237 5804 1320 5850 τοὺς
1344 5803 1472 5854 tot“,
1484 5795 1572 5843 sed
1588 5807 1762 5846 omnes

187 5847 278 5892 its.
303 5854 350 5896 et
386 5847 507 5899 Editi
531 5849 736 5910 habent,
757 5861 843 5911 πρὸς
868 5861 951 5909 ut,
974 5847 1174 5910 t;.a.»...,,'.

1034 377 1099 437 IN
1134 376 1548 437 HATTILEUM
1587 375 1820 434 ﬂOMlL.
1861 376 2149 435 LXXXVI.
2191 379 2263 435 al.
2307 377 2621 437 LXXXVII.

3397 381 3502 436 70‘6

1902 501 2080 560 petat,
2113 509 2272 562 quam
2306 503 2557 564 poterunt
2586 493 2988 550 excusationem
3019 492 3266 551 habere?
3288 495 3423 552 Nam
3451 497 3498 552 si

1895 584 2150 638 nolebant
2178 599 2300 639 eum
2335 586 2674 640 innocentem
2703 600 2825 642 esse
2847 627 2864 650 ,
2897 593 3044 641 certe
3085 601 3191 642 non
3233 587 3500 644 latronem

1896 677 1995 746 ipsi
2019 677 2254 747 praponi
2278 678 2599 748 oportebat;
2629 678 2914 743 latronem,
2939 679 3176 748 inquam,
3198 679 3500 751 insignem,

1893 784 2051 841 quem
2095 770 2256 825 talem
2295 786 2416 826 esse
2456 771 2509 825 in
2549 770 2802 828 confesso
2829 781 2966 827 erat.
3008 773 3148 842 Quid
3195 775 3354 844 igitur
3382 774 3504 830 illi?

1893 858 2025 916 Cum
2058 863 2301 917 viderent
2321 862 2558 931 jndicem
2589 878 2779 918 manus
2810 864 3076 920 lavantem
3105 877 3168 921 ac
3189 866 3458 922 dicentem
3478 911 3496 932 ,

1892 951 2149 1008 lnnocens
2173 971 2304 1014 sum,
2330 955 2639 1010 clamabant
2672 971 2686 1008 :
2710 955 2803 1010 25.
2833 955 3063 1024 Sanguis
3082 957 3194 1028 ejus
3212 974 3364 1029 super
3383 978 3500 1024 nos.

1892 1057 1941 1100 et
1969 1063 2122 1116 super
2147 1048 2284 1118 ﬁlios
2315 1058 2536 1102 nostros.
2567 1045 2719 1102 Tunc
2744 1048 2961 1102 demum
2979 1090 2994 1113 ,
3026 1049 3150 1120 quia
3177 1055 3498 1109 sententiam

1889 1151 2077 1197 contra
2108 1156 2168 1197 se
2208 1143 2446 1197 tulerunt
2469 1183 2484 1209 ,
2518 1144 2697 1197 omnia
2728 1144 3000 1198 concessit
3038 1144 3165 1199 illis.
3198 1145 3276 1199 Tn
3316 1157 3502 1204 autem

1891 1233 1995 1290 hoc
2017 1235 2139 1291 loco
2158 1235 2439 1291 considera
2465 1251 2713 1307 magnam
2738 1237 2977 1307 ipsorum
2999 1238 3321 1295 vecordiam.
3353 1241 3500 1298 Talis
3595 1236 3597 1239 ’

1892 1327 2147 1381 enim—est
2179 1327 2498 1381 temerarius
2543 1327 2773 1397 impetus
2797 1368 2810 1392 ,
2845 1328 2966 1384 talis
3002 1344 3164 1398 prava
3193 1331 3498 1402 cupiditas;

1893 1430 1996 1469 non
2019 1417 2149 1470 sinit
2173 1417 2296 1471 boni
2321 1417 2592 1486 quidpiam
2617 1418 2817 1474 videre.
2846 1419 2979 1474 Esto
3000 1422 3166 1486 enim,
3191 1422 3344 1478 vobis
3367 1424 3498 1493 ipsis

1891 1507 2310 1575 maledixeritis;
2342 1523 2440 1564 cur
2465 1510 2901 1566 maledictionem
2935 1512 2986 1566 in
3019 1512 3159 1568 filios
3188 1525 3396 1570 vestros
3419 1525 3498 1570 at-

1891 1602 2141 1657 trahitis?
2183 1605 2433 1658 Attamen
2463 1604 2729 1675 benignus
2759 1605 3016 1662 Dominus
3040 1648 3056 1672 ,
3088 1623 3210 1663 cum
3241 1609 3319 1664 illi
3350 1621 3498 1664 tanto

1888 1691 2070 1748 furore
2111 1694 2410 1750 insanireut
2451 1706 2505 1752 et
2546 1707 2734 1751 contra
2777 1698 2987 1767 seipsos
3027 1707 3086 1755 et
3123 1712 3312 1756 contra
3358 1702 3498 1758 tilios

1889 1800 2038 1851 suos,
2072 1786 2232 1841 latam
2263 1802 2369 1841 non
2396 1787 2559 1842 modo
2589 1788 2640 1843 in
2671 1788 2812 1844 ﬁlios
2839 1798 2995 1858 suos;
3013 1789 3108 1846 sed
3136 1791 3296 1847 etiam
3331 1793 3382 1848 in
3411 1808 3499 1847 sc-

1889 1879 2038 1949 ipsos
2064 1880 2391 1935 sententiam
2418 1895 2526 1936 non
2551 1880 2913 1950 conﬁrmavit;
2944 1885 3070 1954 quin
3092 1886 3254 1940 etiam
3277 1902 3340 1941 ex
3368 1887 3500 1957 ipsis

1893 1989 1990 2027 eos
2019 1973 2108 2043 qui
2142 1973 2512 2043 paenitentiam
2544 1984 2770 2046 egerunt
2799 1977 3042 2046 recepit,
3080 1987 3137 2033 et
3167 1977 3312 2032 mille
3343 1979 3502 2033 bonis

1886 2064 2134 2135 dignatus
2161 2074 2264 2122 est.
2297 2065 2432 2122 Nam
2466 2076 2520 2122 et
2547 2067 2742 2124 Paulus
2767 2084 2833 2124 ex
2862 2070 3074 2125 illorum
3105 2087 3328 2126 numero
3352 2082 3494 2138 erat,

1891 2169 1946 2216 et
1987 2160 2155 2214 multa
2200 2159 2532 2216 credentium
2581 2162 2743 2216 millia
2791 2162 2842 2217 in
2884 2162 3226 2219 Jerusalem:
3265 2162 3497 2220 JaCobns

1886 2252 2031 2308 cnim
2063 2251 2141 2307 ait
2170 2269 2184 2305 :
2226 2250 2400 2319 Vides,
2427 2256 2605 2327 frater,
2633 2264 2752 2325 quot
2777 2255 2940 2309 millia
2961 2253 3260 2311 Judseorum
3287 2257 3495 2311 creden-

1885 2345 2014 2398 tium
2032 2354 2148 2399 sunt
2169 2344 2308 2416 (Act.
2324 2345 2417 2402 2i.
2434 2344 2550 2417 20).
2574 2345 2630 2403 Si
2653 2355 2834 2402 autem
2855 2347 3072 2419 quidam
3097 2359 3497 2416 remanserunt,

1882 2437 1983 2492 sibi
2027 2438 2156 2507 ipsis
2195 2438 2516 2509 supplicium
2549 2439 2832 2510 imputent.
2862 2439 2955 2497 26.
2993 2438 3134 2494 Tunc
3171 2441 3361 2494 dimisit
3391 2441 3493 2495 illis

1884 2527 2170 2584 Barabbam
2195 2571 2211 2595 ,
2241 2529 2421 2586 Iesum
2467 2522 2636 2584 autem
2684 2531 3000 2603 ﬂagellatam
3036 2533 3248 2586 tradidit
3287 2533 3360 2590 eis
3382 2575 3398 2600 ,
3438 2544 3495 2589 ut

1882 2622 2283 2691 cruciﬁgeretur.
2324 2621 2435 2678 Cur
2459 2621 2785 2694 ﬂagellavit?
2817 2626 2923 2679 Aut
2953 2623 3106 2694 quasi
3135 2625 3449 2680 damnatum
3473 2668 3490 2692 ,

1881 2724 1975 2770 aut
2012 2727 2072 2770 ut
2101 2715 2329 2772 formam
2357 2716 2646 2788 quamdam
2675 2717 2875 2786 judicio
2905 2717 3123 2774 afferret
3150 2760 3168 2784 ,
3197 2719 3280 2774 vel
3311 2731 3368 2774 ut
3392 2719 3492 2776 Ju-

1881 2809 2012 2864 dzeis
2049 2825 2163 2866 rem
2192 2820 2399 2881 gratam
2437 2811 2660 2867 faceret.
2709 2811 2780 2868 Et
2807 2824 2955 2869 certe
2985 2814 3241 2870 resistere
3269 2826 3492 2886 oporte-

1881 2900 1991 2955 bat.
2014 2901 2142 2956 Nam
2160 2911 2318 2958 antea
2343 2903 2552 2958 dixerat
2577 2918 2591 2956 :
2619 2902 2846 2974 Accipite
2869 2921 2983 2959 eum
3007 2921 3113 2972 vos,
3141 2918 3189 2960 et
3210 2908 3489 2964 semiudum

1880 2991 2037 3074 legent
2068 3003 2283 3047 vestram
2304 2993 2541 3064 judicate
2569 2995 2714 3050 illum
2741 2995 2921 3067 (Joan.
2954 2996 3043 3053 I8.
3077 2998 3191 3071 51).
3221 2998 3491 3072 Multaque

1879 3093 2032 3138 erant
2058 3100 2179 3156 quae
2217 3095 2465 3156 poterant
2501 3096 2556 3142 et
2586 3086 2816 3143 Pilatqu
2846 3097 2902 3144 et
2943 3087 3162 3146 Iudaeos
3186 3106 3216 3145 a
3249 3091 3489 3148 facinore

1881 3186 2030 3233 lauto
2057 3190 2325 3246 avertere,
2355 3180 2527 3250 signa,
2557 3181 2813 3237 miracula
2834 3226 2848 3247 ,
2881 3183 3070 3253 ingens
3101 3183 3242 3240 illius
3266 3186 3359 3257 qui
3394 3201 3487 3257 pa-

1878 3268 2108 3324 tiebatur
2137 3270 2515 3338 mansuetudo,
2546 3271 2734 3339 ingens
2756 3271 2886 3327 illud
2915 3273 3209 3329 silentium.
3245 3275 3314 3331 Ut
3339 3277 3484 3332 enim

1876 3372 1932 3415 et
1963 3377 2058 3430 per
2083 3377 2169 3426 ea,
2198 3378 2320 3432 quae
2348 3363 2414 3418 ad
2441 3362 2808 3418 defensionem
2838 3363 2976 3419 dixit
3007 3373 3062 3419 et
3093 3381 3187 3436 per
3216 3369 3486 3436 precatio-

1877 3467 1974 3507 nes
2002 3467 2127 3508 suas
2153 3467 2212 3508 se
2234 3453 2506 3508 hominem
2535 3468 2657 3509 esse
2683 3451 2919 3510 ostendit
2950 3472 2964 3510 :
2994 3455 3065 3511 ita
3097 3455 3484 3514 sublimitatem

1877 3543 2478 3614 magnanimitatemque
2521 3546 2679 3599 ‘suam
2731 3554 2787 3600 et
2827 3560 2926 3616 per
2973 3547 3247 3601 silentium
3292 3557 3346 3602 et
3387 3565 3486 3620 per

1874 3647 2241 3706 contemptum
2265 3651 2453 3690 eorum
2477 3652 2596 3706 qua:
2617 3646 2803 3697 contra
2832 3652 2893 3692 se
2919 3637 3236 3693 dicebantur
3255 3639 3483 3696 demon-

1873 3731 2098 3790 stravit,
2131 3744 2225 3799 per
2263 3731 2441 3784 omnia
2475 3729 2623 3797 ipsos
2653 3729 2720 3784 ad
2755 3731 2837 3783 sui
2870 3729 3283 3787 admirationem
3326 3733 3484 3788 indu-

1873 3835 2034 3884 cens;
2068 3819 2163 3875 sed
2195 3821 2321 3874 nulli
2349 3821 2539 3875 horum
2567 3821 2765 3877 cedere
2795 3821 3099 3878 voluerunt.

1943 3912 1997 3967 3.
2043 3909 2186 3965 l'itiis
2212 3913 2382 3966 aditus
2419 3911 2564 3967 initio
2595 3913 3030 3969 intercludendus.
3060 3914 3270 3970 Diabolt'
3304 3933 3481 3974 versu-

1873 4004 1942 4056 tia
1967 4004 2019 4058 in
2049 4004 2304 4058 tentandis
2346 4004 2898 4060 hominibus.-—Cum
2936 4006 3080 4062 enim
3119 4009 3287 4064 semel
3328 4013 3481 4079 quasi

1871 4095 2131 4151 ebrietate
2177 4106 2232 4152 et
2276 4094 2458 4151 furore
2489 4096 2625 4150 ratio
2657 4098 2948 4166 intercepta
2993 4107 3109 4163 est,
3151 4099 3367 4156 difficile
3397 4112 3483 4156 est

1871 4187 2077 4256 lapsum
2110 4187 2458 4257 resipiscere;
2488 4188 2588 4242 nisi
2620 4187 2740 4242 forti
2770 4189 2890 4258 quis
2918 4199 2972 4244 et
3000 4205 3266 4261 generoso
3294 4195 3481 4249 animo

1871 4281 1940 4334 sit
1972 4281 2244 4349 praeditus.
2283 4279 2476 4336 Gravis
2505 4291 2687 4344 certe,
2728 4283 2909 4352 gravis
2943 4298 3032 4339 res
3059 4294 3144 4339 est
3176 4288 3350 4354 pravis
3382 4287 3482 4343 hu-

1867 4371 2099 4441 iusmodi
2130 4374 2463 4441 passionibns
2492 4373 2621 4427 dare
2652 4375 2828 4428 locum
2864 4393 2877 4430 :
2906 4391 3234 4447 quapropter
3269 4380 3476 4437 aditum

1870 4464 1973 4520 illis
2014 4465 2235 4520 omnino
2276 4465 2633 4521 intercludere
2678 4481 2774 4536 par
2815 4477 2918 4523 est.
2948 4468 3080 4523 Cum
3121 4470 3266 4526 enim
3307 4474 3478 4531 semel

1869 4561 2101 4614 animam
2135 4560 2428 4614 invaserint
2458 4569 2512 4614 et
2533 4561 2880 4630 occuparint,
2907 4563 3057 4631 quasi
3085 4563 3221 4634 ignis
3252 4567 3304 4619 in
3334 4566 3476 4639 ligna

1868 4651 2154 4721 delapsus,
2201 4652 2280 4706 sic
2321 4652 2497 4706 solent
2539 4655 2826 4707 tuaximam
2853 4654 3150 4712 accendere
3181 4657 3478 4718 llatnmam.

1869 4744 2227 4814 Quamobrem
2261 4760 2414 4816 rogo,
2443 4745 2574 4800 nihil
2604 4761 2708 4800 non
2739 4745 3015 4809 faciamus,
3049 4758 3106 4802 nt
3145 4750 3249 4805 illis
3272 4752 3476 4812 aditum

1871 4837 2290 4894 intercludamus
2319 4855 2331 4889 :
2362 4851 2537 4907 neque
2610 4836 2716 4896 hoc
2754 4839 2955 4914 frigido
3027 4841 3310 4898 ratiocinio
3334 4847 3350 4877 ¹
3381 4863 3482 4902 nos

1869 4931 2232 4995 consolantes,
2253 4943 2469 4984 omnem
2489 4928 2890 4983 introducamus
2903 4931 3191 5000 nequitiam
3215 4935 3472 5002 dicentes,

1869 5024 2007 5092 Quid
2039 5022 2142 5078 hoc
2166 5031 2288 5088 est,
2317 5030 2372 5076 et
2399 5020 2526 5091 quid
2555 5019 2725 5076 illud?
2762 5037 2884 5077 nam
2921 5023 3131 5079 inﬁnita
3169 5029 3310 5083 mala
3351 5030 3478 5086 hinc

1869 5115 2188 5170 scaturiunt.
2238 5113 2490 5168 Diabolus
2529 5113 2671 5166 enim
2703 5113 2964 5170 scelestus
2991 5130 3113 5170 cum
3155 5121 3263 5183 sit,
3309 5122 3482 5178 multa

1870 5207 2036 5260 utitur
2063 5205 2323 5270 versutia,
2355 5205 2751 5275 perseverantia
2787 5214 2844 5261 et
2887 5210 3339 5277 attemperatione
3360 5215 3378 5242 ²
3407 5215 3475 5266 ad

1871 5299 2146 5354 hominum
2176 5299 2501 5369 perniciem,
2544 5307 2599 5352 et
2627 5314 2656 5352 a
2686 5297 2924 5353 minimis
2966 5301 3148 5356 statim
3188 5305 3474 5374 congredi-

1871 5401 1976 5445 tur.
2003 5392 2256 5447 Animum
2282 5391 2500 5446 adverte
2523 5431 2540 5458 ,
2572 5405 2776 5459 quaeso.
2808 5389 3031 5447 Volebat
3055 5392 3270 5449 Saftlcm
3304 5396 3354 5451 in
3381 5396 3475 5468 Py-

1870 5482 2124 5538 thonisste
2151 5498 2317 5553 nugas
2345 5493 2399 5538 et
2427 5482 2775 5538 deliramenta
2807 5483 3080 5539 inducere.
3113 5484 3220 5540 Sed
3259 5488 3304 5542 si
3346 5488 3474 5544 illud

1870 5572 2020 5629 initio
2057 5576 2460 5644 proposuisset,
2501 5589 2606 5628 non
2643 5582 2792 5628 certe
2831 5576 3148 5631 attendisset
3188 5578 3294 5633 ille.
3325 5577 3472 5644 Quo-

1934 5732 1952 5802 ξ
1987 5731 2185 5802 Quidam
2209 5731 2415 5802 habent,
2435 5724 2731 5802 pernicioso
2760 5722 3038 5802 ratiocinio.
3177 5791 3187 5802 '

1899 5795 1953 5904 σιξ
1987 5793 2173 5853 Morel.,
2210 5791 2362 5843 multa
2395 5793 2545 5842 utitur
2569 5794 2996 5853 attauprrationc,
3023 5791 3219 5843 omissis
3253 5793 3471 5860 interpo-

1870 5868 1908 5906 Si
1937 5867 1996 5904 is.
