4160 6330
654 420 657 423 -
681 381 781 435 τϋἹ

680 487 841 541 modo
871 487 921 541 id
949 485 1184 549 tulisset,
1230 482 1319 552 qui
1360 481 1477 536 illas
1516 479 1825 550 expulerat?
1854 480 1976 533 ldco
2004 476 2255 547 paulatim

684 578 828 631 illum
855 578 918 631 ad
943 575 991 630 id
1018 574 1236 628 inducit.
1261 573 1390 638 Quia
1411 573 1554 625 enim
1582 588 1685 624 non
1706 569 1979 624 obediemt
2004 564 2257 629 Samueli,

684 679 738 723 et
768 667 1069 720 holocausta
1102 664 1191 718 illo
1218 663 1437 716 absente
1461 660 1655 715 oll‘crre
1674 676 1835 714 ausus
1860 671 1960 722 e5t,
1985 663 2261 709 accusatus

682 760 841 822 dicit,
884 756 1262 810 Necessitatem
1302 751 1559 806 adventus
1609 752 1833 804 hostium
1879 747 2131 816 majorem
2177 744 2262 798 in-

680 849 828 902 duxit
855 850 941 915 (l.
979 844 1101 917 Reg.
1131 843 1219 899 28.
1252 844 1392 914 15);
1432 854 1486 897 et
1529 857 1649 895 cum
1696 842 1874 909 lugere
1903 839 2259 904 oportuisset.

680 940 827 1006 quasi
856 938 986 989 nihil
1015 936 1225 990 fecisset
1256 934 1473 987 ail'cCtus
1494 942 1627 986 erat.
1652 931 1881 985 Rursum
1908 927 2105 983 bellum
2131 942 2262 979 con-

684 1041 760 1084 tra
788 1030 1105 1084 Amalecitas
1122 1029 1277 1096 jussit
1305 1026 1478 1080 Dens:
1513 1024 1601 1077 ille
1630 1037 1754 1077 vero
1784 1021 1871 1077 hic
1897 1020 2057 1075 etiam
2086 1030 2261 1072 trans-

682 1137 896 1191 gressus
941 1129 1041 1176 est.
1088 1118 1175 1171 llis
1223 1123 1597 1170 successerunt
1632 1114 1747 1182 ejus
1784 1121 1969 1166 contra
2011 1107 2259 1187 Davidem

684 1215 915 1269 facinora
937 1253 952 1276 ,
983 1224 1035 1266 et
1066 1212 1141 1264 sic
1166 1211 1363 1265 sensim
1398 1220 1451 1261 et
1478 1208 1727 1277 paulatim
1756 1205 1822 1259 ad
1850 1205 2067 1259 exitium
2096 1199 2257 1255 decli-

684 1322 816 1358 nans
844 1319 943 1356 non
969 1302 1132 1364 stetit,
1157 1301 1326 1355 donec
1356 1302 1406 1352 in
1434 1299 1681 1367 perniciei
1710 1297 2025 1368 profundum
2052 1309 2112 1349 se
2134 1307 2265 1347 con—

678 1400 818 1468 jecit.
858 1398 944 1451 Sic
974 1405 1027 1449 et
1067 1396 1115 1448 in
1147 1395 1310 1448 Caino
1339 1393 1513 1447 evenit
1552 1410 1565 1445 :
1598 1407 1701 1445 non
1742 1390 1920 1444 statim
1960 1388 2025 1441 ad
2058 1386 2259 1441 credent

688 1488 858 1538 fratris
903 1485 1073 1554 ipsum
1113 1484 1368 1551 compulit
1405 1481 1645 1535 diabolus
1695 1499 1708 1532 :
1759 1478 1813 1533 id
1854 1479 1995 1533 enim
2036 1490 2141 1530 non
2189 1474 2261 1527 illi

686 1578 969 1635 suasisset;
1012 1573 1104 1628 scd
1146 1575 1347 1627 minora
1390 1572 1615 1640 primum
1658 1570 1756 1638 ipsi
1806 1568 1997 1623 obtulit
2033 1567 2260 1621 dicens:

690 1666 740 1721 In
771 1668 868 1721 hoc
896 1670 1097 1721 nullum
1123 1679 1203 1721 est
1236 1677 1545 1734 peccatum;
1578 1666 1834 1727 secundo,
1878 1665 2094 1717 livorem
2126 1663 2262 1716 invi-

684 1758 931 1826 diamque
961 1758 1227 1821 incendit,
1268 1758 1398 1810 nihil
1445 1758 1567 1810 mali
1607 1757 1755 1825 sequi
1794 1756 2052 1819 suadens;
2085 1755 2260 1818 tertio,

684 1846 882 1901 eadem
910 1847 985 1900 illi
1016 1848 1180 1900 suasit
1211 1856 1263 1899 et
1286 1848 1619 1916 negationem
1652 1847 1953 1907 homicidii;
1997 1861 2094 1899 nec
2122 1846 2266 1913 prius

684 1938 957 1998 abscessit,
981 1953 1138 2007 quam
1163 1936 1511 2006 colophonem
1540 1940 1796 1990 malorum
1825 1937 2125 2004 adjecissct.
2156 1936 2263 1989 Re~

686 2031 925 2099 pellenda
957 2046 1081 2099 ergo
1110 2032 1253 2083 initia
1284 2040 1441 2093 sunt;
1474 2045 1591 2082 cum
1623 2030 1852 2083 maxime
1877 2070 1890 2092 ,
1932 2029 2137 2082 etiamsi
2177 2028 2262 2079 illa

686 2122 853 2189 prima
899 2130 1110 2189 peccata
1159 2135 1263 2173 non
1310 2119 1445 2172 ultra
1488 2121 1953 2189 progrederemur,
2000 2134 2103 2171 non
2144 2117 2264 2171 ideo

685 2219 860 2265 tamen
890 2211 1185 2279 Spernenda
1214 2211 1300 2265 illa
1326 2220 1505 2264 essent
1533 2228 1545 2263 :
1576 2228 1712 2263 nunc
1739 2221 1916 2263 autem
1955 2208 2023 2263 ad
2064 2208 2264 2276 majora

684 2301 1010 2366 ascendunt,
1040 2301 1083 2354 si
1115 2301 1461 2371 negligentior
1490 2304 1556 2353 sit
1586 2301 1815 2354 animus.
1851 2299 1973 2352 Ideo
2003 2298 2128 2353 nihil
2162 2314 2263 2351 non

684 2392 946 2463 agendum
990 2402 1102 2454 est,
1150 2402 1206 2445 ut
1249 2392 1503 2459 principia
1549 2390 1919 2461 praecidantur.
1960 2389 2038 2443 Ne
2069 2390 2264 2457 peccati

687 2491 925 2535 naturam
956 2494 1009 2535 ut
1041 2498 1253 2551 parvam
1284 2484 1617 2545 consideres,
1658 2482 1749 2535 scd
1787 2482 2055 2549 perpende
2095 2480 2265 2547 ipsum

686 2575 904 2640 majoris
928 2588 1046 2627 esse
1072 2573 1299 2627 radicem
1326 2575 1370 2626 si
1399 2572 1696 2643 negligatur
1716 2577 1757 2622 ί.
1789 2572 1918 2626 Nam
1944 2572 1989 2625 si
2016 2570 2141 2639 quid
2170 2570 2266 2621 ad-

689 2662 987 2717 mirandum
1026 2663 1206 2718 dicere
1245 2674 1517 2733 oporteat,
1558 2678 1660 2717 non
1703 2673 1901 2716 tantam
1940 2661 2265 2731 diligentiam

690 2757 965 2826 requirunt
1005 2756 1204 2824 majora
1253 2758 1339 2809 illa
1386 2769 1640 2826 peccata,
1684 2771 1839 2825 quam
1891 2755 2125 2808 minima.
2180 2753 2265 2804 Illa

690 2863 916 2917 namque
948 2848 1055 2917 ipsa
1087 2848 1286 2917 peccati
1316 2862 1502 2901 natura
1532 2858 1587 2900 ut
1616 2861 1919 2900 aversemur
1945 2844 2140 2908 efﬁcit;
2169 2842 2266 2897 mi-

689 2956 818 2994 nora
845 2956 968 2995 vero
995 2941 1073 2993 vel
1108 2939 1248 3010 quod
1280 2941 1483 2993 minora
1511 2939 1615 2991 sint
1647 2938 1697 2991 in
1740 2937 2107 3007 negligentiam
2137 2951 2267 2989 cou-

688 3030 909 3101 jiciunt,
951 3046 1123 3101 neque
1162 3031 1338 3083 sinunt
1379 3029 1586 3082 fortiter
1622 3029 1686 3081 ad
1728 3030 1835 3098 ipsa
1880 3027 2108 3081 tollenda
2151 3042 2268 3079 sur—

689 3137 852 3192 gere;
894 3121 1013 3177 ideo
1042 3123 1197 3176 nobis
1222 3120 1611 3175 dormientibus
1635 3121 1741 3175 cito
1763 3135 1948 3189 magna
1979 3119 2128 3173 iiunt.
2156 3117 2269 3172 Hoc

691 3217 862 3287 ipsum
902 3215 955 3268 in
984 3214 1295 3283 corporibus
1322 3227 1532 3282 quoque
1570 3211 1809 3265 accidere
1846 3210 2045 3265 videas.
2088 3209 2178 3265 Sic
2215 3209 2267 3263 in

690 3304 825 3359 Juda
866 3319 1111 3373 maguum
1153 3302 1466 3370 proditionis
1502 3302 1701 3355 malum
1739 3311 1980 3354 exortum
2015 3310 2115 3355 est.
2157 3298 2267 3354 Nisi

692 3396 829 3449 enim
860 3402 1093 3463 putasset
1118 3408 1338 3463 parvum
1366 3406 1485 3447 esse
1514 3392 1764 3461 pecunias
1789 3406 2078 3461 pauperum
2106 3389 2272 3445 suﬂ'u-

696 3486 843 3551 rari,
890 3499 1173 3551 numquam
1222 3484 1274 3537 in
1326 3482 1679 3552 proditionem
1729 3476 2018 3536 incidisset.
2072 3481 2271 3535 Judaeis

693 3592 906 3648 quoque
933 3576 1030 3629 nisi
1061 3590 1281 3644 parvum
1307 3576 1477 3627 visum
1506 3572 1689 3626 luisset
1715 3590 1744 3625 a
1776 3582 1905 3625 vana
1934 3572 2099 3642 gloria
2130 3573 2269 3641 capi,

693 3682 979 3735 numquam
1024 3665 1089 3718 ad
1130 3662 1325 3717 Christi
1356 3662 1553 3718 caedem
1593 3662 1947 3717 devertissent.
1978 3661 2273 3731 Omniaque

696 3756 833 3810 mala
863 3756 984 3809 hinc
1009 3754 1237 3822 profecta
1262 3753 1459 3809 videas.
1482 3752 1648 3807 Nemo
1667 3754 1809 3808 enim
1830 3754 1937 3809 cito
1962 3768 2025 3808 ac
2054 3762 2273 3822 repente

697 3838 751 3891 in
772 3838 1069 3907 nequitiam
1091 3837 1297 3891 incidit.
1323 3836 1491 3892 liabet
1509 3848 1675 3906 certe,
1701 3842 1861 3897 habet
1877 3842 2056 3896 anima
2082 3858 2273 3913 quem-

700 3932 826 3983 dam
862 3929 1018 3983 nobis
1050 3928 1274 3982 insitum
1306 3930 1431 3982 mali
1462 3931 1720 3997 pudorem
1753 3932 1989 4002 bonique
2014 3950 2279 3989 verecun-

700 4022 871 4084 diam,
911 4035 1011 4074 nec
1049 4020 1169 4075 lieri
1204 4030 1384 4089 potest
1418 4032 1495 4089 ut,
1532 4023 1598 4077 ad
1636 4023 2026 4093 impudentiam
2060 4037 2279 4096 repente

702 4112 1012 4175 declinans,
1047 4114 1233 4167 omnia
1265 4113 1429 4167 simul
1452 4114 1718 4183 abjiciat;
1768 4116 1860 4169 sed
1906 4096 2111 4172 sensim
2159 4132 2281 4173 cor-

703 4205 999 4273 rumpitur,
1016 4204 1354 4272 negligendo.
1371 4203 1462 4259 Sic
1479 4205 1781 4260 idololatria
1806 4210 2049 4277 ingressa
2061 4222 2138 4263 est
2155 4224 2279 4265 cum

704 4294 955 4349 homines
984 4308 1148 4363 supra
1193 4297 1414 4348 modum
1440 4296 1858 4359 honorarentur,
1890 4300 2277 4365 siveviventes,

703 4386 818 4441 sive
841 4386 1149 4452 mortui;sic
1166 4388 1437 4456 sculptilia
1451 4388 1598 4442 culta
1618 4388 1875 4454 fuere;sic
1892 4391 2182 4445 fornicatio
2198 4391 2282 4445 in-

707 4475 1113 4545 valuit,aliaque
1130 4475 1395 4529 malaJlic
1416 4476 2035 4531 animumadhibeJlisit
2056 4478 2178 4546 quis
2199 4479 2283 4531 iu-

706 4567 1187 4635 tempestive,alius
1206 4566 1571 4634 reprehendit;
1593 4567 1738 4621 alius
1756 4577 1960 4621 metum
1980 4568 2177 4636 repulit
2195 4566 2283 4622 di-

695 4668 825 4707 cens
852 4670 866 4705 :
893 4653 1031 4707 Nihil
1058 4653 1158 4708 hoc
1182 4666 1281 4708 est.
1311 4654 1447 4722 Quid
1476 4659 1618 4711 enim
1647 4665 1730 4712 est
1758 4659 1969 4714 ridere?
1998 4660 2119 4729 quid
2148 4660 2271 4715 hinc

697 4746 822 4798 mali
866 4745 1100 4799 oriatur?
1136 4746 1270 4802 Hinc
1312 4748 1606 4803 scurrilitas
1644 4752 1833 4815 oritur,
1878 4751 2000 4806 inde
2037 4752 2269 4823 lurpilo-

698 4836 907 4904 quium,
940 4844 994 4889 et
1020 4837 1159 4890 actio
1188 4840 1375 4908 turpis.
1406 4838 1637 4895 Rursum
1666 4841 1801 4895 alios
1832 4842 2100 4897 incusatus
2128 4846 2267 4914 quod

696 4926 991 4996 proximum
1029 4928 1397 4996 calumnietur,
1450 4932 1591 5002 quod
1632 4934 1959 4989 convicietur
2002 4935 2085 5001 ei,
2129 4936 2269 5006 quod

694 5018 1008 5084 maledicat,
1055 5020 1111 5074 id
1140 5021 1405 5091 neglexit,
1447 5023 1682 5094 dixitque
1722 5042 1735 5079 :
1782 5024 2098 5081 Maledicere
2139 5027 2268 5081 nihil

691 5118 794 5165 est.
841 5109 973 5165 Hinc
1000 5110 1179 5166 odium
1210 5124 1417 5183 partum
1446 5124 1529 5168 est
1556 5115 1775 5185 ingens,
1816 5116 2089 5171 inimicitia
2134 5118 2266 5173 irre-

691 5204 1058 5270 conciliabilis,
1079 5206 1315 5260 convicia
1344 5205 1580 5272 inﬁnita;
1606 5223 1670 5262 ex
1696 5208 1948 5264 conviciis
1968 5210 2171 5282 plagaz;
2204 5226 2268 5267 ex

691 5294 860 5365 plagis
882 5310 1022 5366 saepe
1049 5298 1243 5354 caedes.

762 5386 816 5440 ι.
856 5387 900 5441 Α
931 5388 1107 5457 parvis
1137 5388 1312 5459 itaque
1339 5390 1417 5444 sic
1448 5402 1636 5461 magna
1666 5389 1869 5445 inducit
1892 5393 2149 5464 malignus
2180 5394 2269 5451 ille

691 5476 934 5540 damon;
964 5494 993 5531 a
1022 5480 1225 5549 magnis
1262 5480 1686 5549 deSperationem
1707 5523 1722 5547 ,
1763 5481 1921 5536 aliam
1961 5485 2267 5539 niethodum

693 5584 798 5624 non
830 5570 1002 5623 minus
1032 5571 1208 5639 priore
1238 5571 1589 5641 perniciosam
1629 5572 1929 5629 inveniens.
1970 5572 2091 5629 Non
2127 5575 2267 5631 enim

694 5668 801 5716 tam
850 5659 1021 5730 perdit
1075 5673 1385 5730 peccatum,
1430 5679 1589 5735 quam
1633 5663 1956 5734 desperatio.
2003 5666 2135 5722 Nam
2178 5668 2267 5739 qui

757 5770 777 5803 ⁸
810 5778 914 5820 ttzec
927 5808 942 5832 ,
962 5772 1006 5821 si
1030 5774 1315 5839 negligatur,
1339 5777 1517 5827 desunt
1541 5779 1589 5827 in
1607 5774 1773 5827 Morel.

1393 372 1451 428 S.
1489 369 1765 427 JOANNIS
1798 361 2266 425 CHRYSOSTOMI
2306 358 2618 416 AllClllEP.
2656 357 3183 415 CONSTANTINOP.

3845 363 3957 421 763

2372 472 2647 542 peccavit,
2698 468 2741 521 si
2788 469 3003 537 vigilet,
3049 470 3158 524 cito
3205 483 3298 539 per
3342 470 3701 539 paaiitemiam
3750 471 3952 528 iactum

2366 578 2519 618 suum
2548 562 2797 629 corrigit;
2824 562 2912 629 qui
2943 576 3070 614 vero
3099 560 3345 628 deSperat
3373 578 3472 617 nec
3495 565 3801 632 corrigitur,
3830 565 3954 619 ideo

2366 652 2563 707 excidit
2592 652 2658 704 ab
2688 654 3100 717 emendatione,
3152 653 3291 723 quod
3343 654 3666 722 penitentia:
3711 656 3950 710 remedia

2367 760 2471 798 non
2501 752 2749 811 apponat.
2790 743 2956 797 llabet
2996 759 3206 813 quoque
3245 746 3402 798 tertio
3428 747 3770 815 gravissimas
3817 750 3951 802 insi-

2366 835 2479 889 dias
2501 875 2517 898 ,
2566 844 2622 886 ut
2647 847 2769 887 cum
2808 834 3018 902 pietatis
3046 835 3278 903 speciem
3319 845 3536 903 peccato
3571 837 3953 908 circumponit.

2365 924 2434 979 Et
2462 924 2674 979 ubinam
2696 964 2712 991 ,
2743 924 2938 993 inquis,
2971 939 3139 994 usque
3166 925 3301 979 adeo
3328 926 3545 981 invaluit
3570 927 3815 982 diabolus
3833 968 3852 993 ,
3900 938 3957 982 ut

2366 1024 2568 1069 tantum
2598 1014 2867 1084 deciperet
2884 1015 2909 1068 ἲ
2929 1016 3081 1081 Audi,
3101 1025 3158 1071 et
3173 1031 3303 1071 cave
3325 1018 3415 1071 tibi
3438 1017 3507 1073 ab
3528 1018 3665 1073 illius
3694 1020 3955 1075 versutia.

2365 1103 2626 1174 Przccepit
2678 1121 2773 1175 per
2800 1104 3022 1160 Paulum
3069 1105 3163 1177 (l.
3194 1105 3314 1161 Cor.
3348 1106 3377 1159 7
3408 1110 3425 1177 )
3453 1106 3696 1163 Christus
3726 1124 3957 1164 uxorem

2365 1211 2396 1251 a
2435 1198 2551 1252 viro
2595 1213 2700 1251 non
2730 1213 2994 1266 separari;
3026 1214 3126 1254 nec
3162 1215 3221 1253 se
3244 1201 3470 1255 invicem
3499 1201 3741 1257 fraudare
3789 1218 3960 1269 oporo

2367 1298 2479 1344 tere
2523 1290 2677 1355 dixit,
2726 1293 2824 1344 nisi
2855 1307 2922 1347 ex
2975 1306 3237 1347 consensu
3284 1310 3297 1348 :
3331 1296 3422 1346 sed
3464 1294 3731 1348 nonnulla:
3767 1310 3960 1347 amore

2366 1384 2706 1438 continentia:
2725 1391 2741 1420 ³
2769 1399 2798 1436 a
2826 1385 2953 1437 viris
2983 1396 3261 1453 separatae,
3294 1400 3357 1439 ac
3387 1386 3430 1438 si
3464 1387 3609 1454 pium
3638 1386 3762 1451 quid
3808 1385 3957 1440 fata»

2369 1486 2523 1539 rent,
2566 1476 2771 1544 seipsas
2808 1476 2873 1529 ad
2923 1476 3239 1529 adulterium
3275 1478 3560 1531 dederunt.
3602 1480 3783 1545 Cogita
3826 1493 3961 1545 ergo

2365 1580 2522 1634 quam
2556 1568 2749 1618 malum
2782 1567 3019 1619 laborem
3052 1581 3316 1635 perpessa:
3338 1608 3354 1628 ,
3383 1568 3532 1636 quasi
3558 1582 3677 1635 qua
3704 1582 3961 1633 magnum

2366 1655 2615 1709 damnum
2644 1658 2915 1711 intulerint
2940 1697 2956 1721 ,
2987 1672 3253 1711 extremas
3278 1658 3386 1717 sint
3414 1659 3622 1712 luitune
3646 1674 3834 1728 poenas
3862 1701 3877 1715 ,
3909 1669 3964 1712 et

2368 1749 2418 1801 in
2450 1749 2699 1817 perniciei
2734 1750 3044 1803 barathrum
3087 1752 3305 1803 maritos
3334 1765 3460 1804 suos
3488 1750 3796 1820 conjiciant.
3850 1750 3961 1803 Alii

2368 1855 2553 1893 rursus
2584 1856 2647 1895 ex
2676 1841 2863 1909 jejuuii
2893 1851 3161 1910 praecepto
3190 1841 3517 1895 abstinentes
3554 1857 3585 1894 a
3628 1842 3782 1905 cibis,
3829 1858 3968 1910 νειυρ

2369 1934 2514 1986 latim
2546 1932 2612 1986 ad
2639 1934 3089 1988 abominationem
3121 1934 3361 1989 ciborum
3398 1934 3761 1995 devenerunt;
3815 1935 3968 2003 quod

2369 2024 2541 2093 ipsum
2576 2038 2825 2092 magnum
2853 2023 3008 2078 aii‘ert
3033 2024 3371 2094 supplicium.
3416 2024 3540 2077 Haec
3580 2038 3743 2093 pono
3785 2023 3925 2077 ﬁunt
3949 2065 3967 2089 ,

2368 2114 2585 2183 quando
2624 2114 2997 2183 pra-judicatus
3027 2130 3152 2168 suas
3179 2116 3461 2181 Opiniones
3489 2125 3682 2183 praeter
3713 2114 3967 2182 Scriptu-

2368 2220 2547 2259 rarum
2576 2215 2808 2258 mentem
2838 2204 3170 2259 confirmant.
3202 2205 3462 2259 Putarunt
3488 2206 3626 2275 apud
3653 2208 3968 2260 Corinthios

2370 2295 2533 2365 aliqui
2560 2294 2903 2365 perfectionis
2927 2311 3067 2361 esse,
3093 2295 3458 2351 iudiﬂ'erenter
3480 2300 3661 2352 omnia
3702 2309 3928 2369 gustare
3950 2339 3967 2363 ,

2367 2386 2634 2456 etiamque
2661 2386 2924 2456 prohibita
2948 2384 3107 2461 (Ibid.
3136 2403 3183 2440 υ.
3216 2386 3297 2459 8);
3318 2395 3375 2442 at
3405 2389 3505 2443 hoc
3535 2402 3642 2443 non
3671 2388 3969 2458 perfectio-

2371 2477 2489 2542 nis,
2518 2475 2615 2533 sed
2643 2487 2898 2533 extrema:
2925 2478 3218 2549 iniquitatis
3245 2491 3363 2534 erat
3397 2497 3413 2531 :
3456 2479 3577 2535 ideo
3618 2481 3974 2537 vehementer

2372 2569 2491 2623 illos
2541 2569 2737 2624 Paulus
2775 2570 3034 2639 increpat,
3079 2580 3424 2641 extremoque
3464 2570 3658 2641 dignos
3700 2572 3973 2642 supplicio

2371 2659 2561 2713 dicit'.
2611 2660 2713 2715 Alii
2753 2675 2967 2714 rursum
3007 2660 3076 2714 ad
3122 2660 3373 2729 pietatem
3416 2661 3688 2731 pertinere
3730 2673 3972 2731 putant,

2370 2766 2576 2806 comam
2615 2752 2805 2823 capitis
2832 2752 3103 2807 excolere.
3150 2751 3284 2807 Illud
3322 2769 3485 2824 porro
3525 2754 3856 2823 prohibitum
3889 2768 3973 2810 est

2370 2856 2433 2895 ac
2458 2842 2610 2895 multi
2639 2842 2939 2897 dedecoris.
2966 2842 3069 2897 Alii
3090 2845 3285 2898 iterum
3313 2845 3461 2898 luero
3485 2845 3587 2900 sibi
3613 2843 3731 2900 fore
3753 2856 3973 2915 putant,

2369 2932 2415 2986 si
2445 2932 2511 2985 de
2540 2934 2767 3001 peceatis
2796 2936 2906 2986 suis
2936 2931 3285 2988 immoderate
3322 2932 3570 2999 doleant;
3600 2934 3694 2989 sed
3740 2934 3877 2991 illud
3905 2937 3973 2989 ad

2369 3020 2645 3076 Vafrietem
2668 3025 2895 3089 pertinet
2915 3021 3249 3085 diabolicam,
3273 3032 3329 3077 ut
3348 3024 3639 3079 declaravit
3662 3024 3859 3091 ludas,
3882 3025 3974 3095 qui

2372 3112 2492 3167 ideo
2512 3126 2571 3166 se
2592 3111 2782 3180 laqueo
2793 3100 3088 3181 suspendit.
3114 3110 3315 3167 Idcirco
3331 3115 3527 3167 Paulus
3548 3115 3790 3178 timebat,
3806 3130 3883 3169 ne
3904 3117 3973 3180 is,

2371 3202 2460 3273 qui
2488 3202 2774 3257 fornicatus
2796 3212 2931 3267 erat,
2959 3204 3084 3272 quid
3104 3202 3281 3258 simile
3301 3190 3590 3273 pateretur,
3614 3205 3974 3277 hortaturque

2371 3294 2677 3349 Corinthios
2707 3304 2763 3348 nt
2790 3294 2947 3349 citius
2986 3295 3133 3349 illum
3173 3296 3295 3350 inde
3322 3296 3639 3361 extrahant,
3684 3297 3771 3352 Δί
3807 3301 3975 3352 uitalia

2374 3390 2576 3441 tristitia
2603 3385 2927 3440 absorbeatur
2955 3387 3249 3452 huiusmodi
3277 3386 3369 3458 (2.
3400 3385 3517 3441 Cor.
3550 3386 3604 3442 2.
3637 3390 3713 3457 7).
3761 3390 3974 3445 Deinde

2372 3480 2662 3535 ostendens
2694 3480 2742 3533 id
2773 3495 2839 3533 ex
2866 3480 2985 3549 ejus
3012 3478 3216 3532 insidiis
3248 3480 3557 3548 provenire,
3588 3482 3663 3534 ait
3701 3498 3715 3533 :
3749 3479 3825 3536 Ut
3868 3500 3974 3535 non

2374 3572 2821 3626 circumveniantur
2849 3589 2879 3622 a
2907 3581 3087 3623 satana
3130 3586 3149 3623 :
3190 3587 3287 3624 non
3326 3572 3459 3624 enim
3498 3573 3609 3643 ejus
3633 3573 3979 3643 cogitationes

2374 3664 2663 3733 ignoramus
2691 3660 2849 3734 (Ibid.
2894 3679 2939 3714 ιο.
2976 3662 3031 3714 ll
3056 3659 3078 3731 )
3099 3700 3113 3723 ,
3145 3662 3284 3730 quod
3325 3677 3447 3715 cum
3478 3662 3643 3715 multo
3669 3663 3800 3717 dolo
3833 3679 3974 3718 con-

2372 3754 2664 3825 grediatur,
2698 3756 2884 3824 inquit.
2918 3753 3048 3808 Nam
3087 3754 3131 3808 si
3178 3754 3346 3823 palam
3388 3754 3756 3825 impugnaret,
3796 3755 3977 3811 facilis

2372 3856 2513 3900 esset
2541 3847 2759 3898 victoria
2784 3861 2797 3907 ;
2847 3846 2953 3897 imo
2978 3846 3137 3897 etiam
3168 3860 3340 3904 nunc.
3371 3845 3415 3898 si
3445 3845 3721 3914 vigilemus
3745 3887 3759 3908 ,
3793 3845 3977 3901 facilis

2374 3940 2491 3992 erit.
2516 3938 2648 3991 Nam
2674 3938 2739 3990 ad
2767 3938 2999 4007 singulas
3020 3938 3180 3991 hasce
3203 3938 3313 3991 vias
3335 3938 3564 3991 armavit
3584 3952 3677 3993 nos
3704 3939 3876 3993 Dens.
3908 3938 3977 3995 Ut

2374 4030 2593 4084 suadeat
2619 4030 2759 4083 enim
2792 4046 2858 4083 ne
2886 4044 3044 4098 parva
3074 4039 3500 4094 contemnamus,
3530 4030 3650 4084 audi
3686 4033 3974 4100 quomodo

2376 4117 2617 4173 hortetur
2658 4135 2671 4171 :
2717 4118 2817 4183 Qui
2844 4119 3023 4171 dixerit
3058 4118 3206 4186 fratri
3231 4136 3344 4182 suo,
3375 4123 3547 4190 fatue,
3585 4136 3696 4174 rm
3729 4122 3835 4173 erit
3877 4138 3962 4192 ge-

2376 4210 2708 4280 hmmeiguis
2736 4208 2960 4275 (Matth.
2991 4210 3045 4263 5.
3083 4210 3225 4275 22);
3256 4222 3306 4264 et
3329 4252 3345 4270 .
3389 4211 3491 4277 Qui
3535 4211 3744 4267 lascivis
3790 4216 3968 4270 oculis

2373 4300 2579 4369 aSpicit,
2612 4301 2849 4354 intechus
2878 4310 2961 4355 est
2990 4302 3273 4371 perlectus.
3306 4302 3562 4358 uidentes
3602 4320 3823 4375 quoque
3866 4310 3970 4360 ini-

2373 4406 2526 4445 seros
2552 4391 2841 4460 prmdicat;
2872 4402 2925 4447 et
2954 4393 3150 4463 ubique
3179 4395 3434 4464 principia
3461 4406 3514 4451 et
3551 4399 3752 4451 semina
3788 4402 3969 4453 malo-

2374 4495 2492 4534 rum
2518 4482 2723 4547 evellit,
2762 4497 2825 4536 ac
2866 4482 2933 4537 de
2960 4487 3134 4537 otioso
3162 4484 3330 4539 verbo
3369 4486 3445 4540 ait
3482 4487 3813 4543 reddendam
3848 4506 3973 4545 esse

2376 4574 2654 4629 rationem.
2684 4574 2913 4645 Ideoque
2940 4585 2996 4629 et
3022 4575 3125 4631 Job
3154 4591 3258 4632 non
3285 4588 3401 4633 acta
3435 4580 3612 4644 modo,
3642 4580 3735 4636 sed
3765 4592 3829 4636 et
3874 4599 3973 4643 co-

2373 4667 2654 4735 gitationes
2680 4668 2908 4721 ﬁliorum
2938 4668 3193 4739 purgabat
3220 4670 3362 4741 (Job.
3395 4671 3447 4725 1.
3476 4672 3569 4742 5).
3603 4672 3677 4727 De
3697 4672 3970 4745 despera-

2376 4758 2519 4813 tione
2548 4769 2725 4813 autem
2754 4761 2830 4813 ait
2860 4777 2873 4814 :
2902 4761 2981 4814 An
3007 4762 3094 4830 qui
3117 4762 3324 4828 cecidit,
3353 4780 3455 4818 non
3478 4765 3741 4836 resurget?
3768 4783 3846 4822 ιιι
3885 4770 3973 4838 qui

2374 4850 2550 4902 avertit
2568 4890 2583 4913 ,
2612 4866 2713 4902 non
2741 4852 3044 4905 convertitur
3072 4850 3219 4921 (Jer.
3248 4853 3304 4909 8.
3330 4854 3441 4926 d)?
3467 4855 3531 4910 Et
3558 4871 3739 4911 rursus
3776 4874 3793 4911 :
3827 4858 3975 4912 Noto

2376 4951 2584 4994 mortem
2610 4942 2883 5010 peccatoris
2902 4983 2915 5005 ,
2947 4943 3036 4996 sed
3075 4954 3127 4997 ut
3163 4956 3479 5002 convertatur
3503 4958 3551 5001 et
3577 4949 3707 5002 vivat
3736 4947 3971 5017 (Εια-Ιι.

2378 5032 2463 5086 l8.
2490 5030 2605 5103 33).
2638 5034 2721 5099 Et,
2754 5031 2921 5087 Hodie
2942 5036 2986 5087 si
3013 5051 3179 5089 uocem
3213 5038 3325 5107 ejus
3352 5038 3612 5093 audieritis
3656 5038 3844 5109 (Paul.
3875 5043 3969 5101 9b.

2376 5123 2450 5189 8).
2473 5122 2547 5191 (α)
2564 5121 2653 5194 [Et
2683 5139 2915 5187 rursum,
2932 5122 3184 5179 Gaudium
3210 5136 3286 5181 est
3307 5127 3361 5181 in
3388 5130 3527 5183 aclis
3546 5147 3822 5198 superum
3851 5149 3975 5202 pec-

2373 5223 2540 5266 catore
2566 5214 2905 5283 pinnitmtiam
2933 5227 3112 5286 agente
3131 5216 3279 5289 (Luc.
3305 5220 3394 5275 15.
3416 5220 3531 5293 7).]
3553 5220 3711 5275 Multa
3740 5238 3980 5295 quoque

2374 5304 2479 5358 alia
2506 5306 2667 5359 verba
2693 5315 2749 5359 et
2772 5307 3017 5375 exempla
3048 5309 3100 5361 in
3130 5310 3405 5379 Scriptura
3440 5309 3722 5367 habentur.
3752 5313 3844 5370 Ne
3870 5331 3967 5370 auo

2377 5403 2483 5450 tem
2505 5395 2715 5463 pietatis
2738 5397 2917 5466 specie
2936 5413 3235 5467 pereamus,
3256 5401 3381 5458 audi
3402 5402 3621 5457 Paulum
3644 5404 3928 5464 dicentem
3952 5424 3969 5463 :

2377 5485 2461 5539 Ne
2481 5485 2837 5544 abundantiori
2862 5491 3063 5545 tristitia
3079 5491 3402 5549 absorbeatur
3419 5493 3498 5566 (2.
3510 5493 3626 5551 Cor.
3649 5496 3707 5552 ε.
3728 5498 3813 5570 7).
3840 5500 3974 5560 Haec

2439 5597 2458 5629 ι
2494 5594 2611 5657 Alii,
2633 5611 2798 5650 arnore
2816 5598 3024 5658 pietatis.

2432 5657 2943 5740 Linﬁ'ffellf’spr
2955 5662 3069 5740 iter).
3087 5663 3269 5740 Ρσιιιιιε
3281 5666 3391 5720 dm
3412 5675 3631 5721 εαναηο
3650 5668 3837 5736 dim
3856 5682 3980 5740 ευρ»

2374 5718 2520 5784 plicia
2534 5718 2670 5781 dicit,
2690 5718 2888 5773 ctetéris
2907 5718 3120 5777 omissis.

2438 5790 2513 5851 (α)
2542 5799 2656 5845 una:
2679 5788 2876 5839 uncinis
2896 5788 3184 5841 clauduntur
3211 5796 3389 5847 desum
3414 5796 3464 5846 in
3489 5794 3651 5847 διαει,
