4160 6330
240 400 348 456 769

233 616 367 663 sunt
403 606 743 667 subvertere,
785 602 1180 672 Scripturarum
1222 598 1560 669 prudentiam
1600 609 1838 666 appona-

233 716 381 756 mus.
413 699 597 769 Neque
623 698 770 752 dicas
803 713 816 748 :
849 695 986 764 Quid
1016 696 1060 748 si
1099 692 1390 748 formosam
1430 688 1708 744 mulierem
1739 704 1837 742 cn-

231 796 382 850 riuse
410 791 710 862 aspexero?
747 789 879 852 Nam
920 789 964 842 si
1007 803 1060 842 in
1101 785 1264 840 corde
1302 783 1603 839 moechatus
1640 781 1837 845 fueris,

229 888 347 942 cito
383 887 557 956 reipsa
587 882 843 939 mcechari
875 880 1120 935 audebis.
1165 877 1243 933 Ne
1270 876 1450 939 dicas,
1495 873 1632 942 Quid
1672 884 1753 928 est
1794 873 1839 926 si

230 993 528 1048 pauperem
561 975 702 1030 hunc
730 970 1087 1044 prmteream‘l
1111 969 1165 1025 Si
1198 968 1338 1023 hunc
1365 976 1674 1038 praetereas,
1705 964 1841 1029 alte-_

229 1087 357 1126 rum
382 1080 436 1124 et
467 1078 587 1139 post
615 1068 758 1122 hunc
786 1066 949 1121 alium
981 1061 1298 1134 praeteribis.
1334 1060 1442 1115 Nec
1472 1071 1658 1114 rursus
1681 1055 1837 1111 dixe-

229 1163 311 1218 ris
352 1180 366 1217 :
399 1162 538 1232 Quid
577 1161 624 1216 si
664 1161 801 1216 bona
843 1157 1074 1229 proximi
1104 1151 1515 1224 concupiscam?
1543 1150 1654 1205 Hoc
1693 1148 1837 1203 enim

227 1255 546 1311 Achaabum
590 1253 852 1324 perdidit,
893 1251 1103 1307 etiamsi
1147 1248 1375 1319 pretium
1415 1244 1670 1307 solverit,
1714 1241 1838 1311 quia

226 1347 442 1402 scilicet
465 1361 495 1400 a
527 1346 743 1400 nolente
764 1342 996 1413 abripuit
1019 1341 1110 1410 (ὅ.
1141 1339 1270 1409 Iteg.
1291 1336 1409 1406 2i).
1441 1335 1669 1403 Emptor
1692 1331 1835 1386 enim

234 1456 3184 1495 _________________—__———_________________

1097 393 1163 449 IN
1203 389 1618 449 MAT'I'Il/EUM
1661 388 1888 444 IIOIIIL.
1933 389 2244 451 LXXXVII.
2283 396 2354 453 al.
2401 398 2716 459 LXXXVIII

234 531 370 587 ergo
395 529 518 570 cum
550 514 803 576 sciamus,
836 510 1086 564 omnibus
1129 509 1226 561 viis
1247 549 1263 573 ,
1310 521 1428 576 qum
1461 504 1678 560 desides
1715 518 1843 571 pos-

3461 405 3568 462 770

1955 520 2060 560 non
2091 522 2322 578 cogere,
2373 512 2470 567 sed
2519 516 2848 584 persuadere
2892 513 3073 572 debet.
3121 516 3177 574 Si
3220 531 3349 573 vero
3392 520 3436 576 is
3475 523 3569 593 qui

1943 596 2149 663 justum
2182 606 2412 669 pretium
2441 606 2764 673 numeravit,
2796 607 2867 660 ita
2896 605 3182 662 damnatus
3206 621 3323 676 est,
3350 614 3475 680 quia
3497 629 3564 671 ex

1915 711 1918 714 ’
1956 687 2172 744 nolcute
2202 693 2410 763 accepit
2439 711 2453 747 :
2483 694 2574 765 qui
2602 713 2709 751 non
2741 697 2903 753 modo
2927 697 3030 752 hoc
3055 701 3183 767 agit,
3216 701 3311 757 sed
3341 711 3443 758 cta
3471 720 3568 760 no-

1952 776 2096 834 lente
2121 781 2350 851 abripit,
2385 795 2438 839 et
2469 785 2570 842 hoc
2591 787 2647 843 in
2668 788 2786 861 lege
2811 793 3018 860 gratiae,
3042 809 3150 864 quo
3178 810 3284 849 non
3310 798 3416 852 erit
3436 811 3569 867 sup-

1951 871 2111 939 plicio
2140 871 2371 943 dignus?
2400 875 2477 932 Ne
2506 879 2688 950 itaque
2719 883 3027 952 puniamur,
3059 900 3088 938 a
3122 885 3174 938 vi
3214 889 3358 942 omni
3385 901 3440 946 et
3473 906 3565 944 ra-

1953 960 2075 1028 pina
2105 978 2205 1018 nos
2233 979 2394 1033 puros
2434 981 2737 1038 servantes,
2770 983 2824 1028 et
2854 988 2962 1030 non
2997 985 3211 1045 peccata
3242 980 3436 1044 modo,
3466 983 3563 1037 sed

1952 1053 2112 1107 etiam
2148 1057 2405 1128 principia
2441 1074 2785 1129 peccatorum
2815 1076 3100 1132 caventes,
3134 1068 3419 1138 diligenter
3449 1074 3559 1127 vir-

1952 1152 2120 1200 tutem
2150 1148 2541 1216 amplectamur
2566 1172 2578 1206 :
2603 1155 2682 1209 sic
2708 1155 2852 1210 enim
2881 1159 3102 1213 :eternis
3124 1159 3361 1216 fruemur
3383 1163 3560 1228 bonis,

1948 1236 2122 1305 gratia
2164 1247 2218 1291 et
2261 1238 2586 1311 benignitate
2617 1244 2829 1301 Domini
2859 1249 3026 1304 nostri
3055 1248 3183 1304 Jesu
3208 1248 3440 1319 Christi,
3473 1254 3562 1310 cui
3639 1240 3641 1243 1

1953 1327 2120 1396 gloria
2150 1328 2202 1383 in
2234 1334 2429 1387 saacula
2455 1337 2800 1394 saeculorum.
2831 1343 3026 1396 Amen.

3190 1471 3544 1487 -Ἃρ

1258 1540 1609 1606 HOMILIA
1652 1535 2042 1613 LXXXVII,
2091 1541 2178 1602 al.
2220 1543 2645 1610 LXXXVIII.

225 1656 361 1714 CAP.
412 1658 503 1713 27.
556 1676 607 1714 v.
665 1659 756 1714 27.
805 1657 951 1713 Tunc
1002 1656 1183 1710 milites
1243 1652 1478 1724 prasidiis
1531 1649 1836 1718 accipientes

301 1748 481 1804 Iesum
501 1754 554 1804 in
580 1751 836 1817 prdatorio,
869 1755 1297 1819 congregaverant
1313 1745 1383 1796 ad
1408 1761 1522 1797 eum
1549 1744 1835 1796 universam

301 1845 596 1905 cohortem;
633 1842 725 1897 28.
776 1851 826 1895 et
869 1850 1102 1895 canentes
1127 1856 1266 1904 eruit,
1291 1838 1610 1908 chlamydem
1663 1837 1830 1890 cocci-

299 1949 454 1986 neum
479 1933 912 1986 circumdederunt
938 1933 1014 1995 ei,
1043 1929 1136 1986 29.
1193 1939 1239 1983 et
1283 1929 1552 1998 plectentes
1589 1943 1831 1981 coronam

299 2022 369 2077 de
411 2023 590 2090 spinis,
638 2031 912 2091 posuerunt
937 2037 1091 2090 super
1120 2031 1273 2087 caput
1293 2021 1420 2090 ejus,
1450 2029 1498 2074 et
1527 2010 1829 2072 arundinem

297 2115 358 2168 in
384 2115 590 2167 dextera
615 2114 743 2183 ejus.
777 2112 842 2167 Et
866 2129 1034 2184 genua
1058 2113 1312 2182 ﬂectentes
1332 2127 1503 2164 coram
1523 2127 1612 2174 eo,
1639 2110 1826 2163 illude-

299 2206 420 2259 bant
440 2206 486 2258 ci
509 2206 748 2272 dicentes,
782 2205 905 2271 Ave,
927 2219 1019 2260 rea:
1043 2201 1364 2257 Iudaeorum.

299 2343 327 2396 ί
342 2381 356 2394 .
384 2342 516 2409 Quot
537 2350 583 2397 et
601 2351 793 2409 quanta
817 2342 870 2394 in
909 2340 1146 2410 passione
1170 2356 1264 2394 sua
1286 2337 1546 2409 pertulerit
1572 2337 1822 2393 Christus.

224 2431 294 2488 In
325 2433 530 2500 publica
556 2442 602 2487 et
628 2434 825 2502 priuata
847 2433 1097 2504 passionis
1122 2415 1332 2486 lectione
1349 2447 1584 2502 quasnam
1608 2431 1821 2484 utilitas.

219 2524 670 2579 "Corisuunnatum
725 2535 804 2578 est
829 2565 845 2590 ,
891 2523 1015 2595 quid
1062 2523 1332 2594 signiﬁcet.
1361 2553 1432 2562 —
1459 2522 1621 2590 Quasi
1665 2531 1823 2592 pacto

229 2631 360 2672 cum
390 2618 638 2671 omnibus
667 2617 841 2671 ‘inito
886 2615 1133 2670 diabolus
1177 2625 1303 2669 tunc
1353 2614 1580 2669 choreas
1608 2613 1819 2683 agebat.

226 2709 361 2765 Esto
383 2711 525 2765 enim
549 2708 764 2764 Iudaeos
793 2709 991 2763 invidia
1037 2716 1092 2762 et
1116 2706 1285 2762 livore
1330 2707 1663 2761 tabescentes
1695 2713 1822 2760 tunc

223 2803 486 2859 adversus
535 2818 657 2857 eum
715 2801 1074 2857 debacchatos
1125 2799 1336 2866 fuisse:
1363 2814 1460 2854 cur
1508 2807 1564 2854 et
1597 2813 1702 2868 qua
1752 2796 1822 2853 de

219 2910 388 2951 causa
413 2896 573 2950 etiam
601 2894 838 2950 milites?
865 2894 1056 2949 Annon
1079 2892 1221 2956 ideo,
1253 2901 1309 2946 ut
1338 2901 1504 2962 patet,
1526 2891 1669 2962 quod
1706 2890 1823 2946 dia-

219 2987 382 3043 bolus
408 2997 533 3041 tunc
559 2984 698 3054 apud
733 2999 922 3040 omnes
949 2983 1422 3040 debaccharetur?
1450 2982 1581 3038 Nam
1626 2992 1818 3038 contu-

218 3078 401 3132 melius
431 3077 530 3146 ipsi
586 3073 749 3132 illata:
803 3077 1060 3147 voluptati
1118 3076 1220 3131 sibi
1268 3086 1441 3140 erant,
1493 3074 1738 3131 crudeles
1767 3085 1821 3130 et

218 3171 502 3226 inhumani
528 3184 650 3226 cum
677 3178 860 3226 essent
899 3187 914 3223 :
966 3184 1093 3225 cum
1137 3170 1280 3225 enim
1324 3172 1650 3240 oportuisset
1701 3170 1820 3225 illos

217 3263 520 3334 reprimere
569 3278 649 3331 se,
705 3272 760 3319 et
813 3264 1119 3336 lacrymari,
1174 3263 1318 3334 quod
1366 3263 1529 3317 etiam
1559 3263 1627 3319 de
1667 3263 1820 3334 plebe

216 3355 445 3419 dixeris,
490 3354 594 3411 hoc
630 3369 736 3410 non
788 3353 1062 3420 fecerunt;
1104 3355 1214 3410 imo
1246 3355 1584 3410 contumeliis
1609 3354 1816 3410 afﬁcie—

215 3449 374 3512 hant,
403 3448 744 3512 insultabant,
772 3459 830 3502 ut
849 3447 1080 3503 fortasse
1107 3448 1243 3518 grati
1270 3446 1470 3502 Iudaeis
1497 3456 1698 3508 essent,
1734 3446 1818 3502 vel

214 3543 385 3598 etiam
413 3542 589 3611 pravis
618 3540 731 3596 suis
759 3549 970 3599 utentes
1000 3539 1239 3596 moribus
1272 3557 1285 3592 :
1314 3538 1654 3594 contumeliae
1691 3552 1818 3593 vero

213 3635 426 3711 diversi
448 3634 663 3704 generis
691 3643 862 3687 erant.
891 3632 1024 3686 Nam
1051 3632 1291 3688 divinum
1323 3630 1450 3685 illud
1479 3639 1638 3702 caput
1660 3630 1819 3683 modo

213 3725 466 3796 colaphis
484 3724 786 3786 credebant,
805 3724 966 3780 modo
981 3724 1166 3794 spinea
1187 3737 1384 3778 corona
1401 3721 1816 3786 dedccorabant,

213 3816 386 3873 modo
444 3815 652 3870 calamo
700 3816 1099 3884 percutiebant,
1159 3815 1258 3870 viri
1307 3814 1518 3870 εοεΙωί
1578 3825 1633 3868 et
1659 3828 1817 3868 exse-

216 3905 437 3964 crandi.
471 3906 600 3976 Qum
630 3905 784 3961 nobis
808 3918 988 3975 postea
1006 3905 1108 3961 erit
1126 3905 1419 3970 excusatio,
1450 3919 1570 3958 cum
1597 3919 1659 3958 ex
1683 3919 1815 3958 con-

214 3999 456 4056 tumeliis
486 3998 550 4053 ad
580 3997 712 4052 iram
741 3995 1093 4060 concitantur,
1134 4008 1415 4067 postquam
1443 3995 1545 4049 hoc
1570 3993 1819 4050 Christus

215 4106 414 4162 passus
442 4090 565 4145 est?
587 4089 871 4145 Extremus
898 4098 1045 4145 certe
1069 4090 1516 4144 contumeliarum
1555 4088 1818 4142 terminus

212 4191 360 4248 erat,
392 4181 443 4237 id
468 4181 612 4252 quod
644 4191 767 4236 tunc
809 4179 988 4235 ﬂebat.
1033 4179 1216 4250 Neque
1241 4182 1383 4236 enim
1423 4195 1548 4250 pars
1589 4189 1816 4247 tantum,

214 4275 317 4330 sed
350 4283 520 4328 totum
541 4287 738 4343 corpus
754 4273 1091 4328 contumeliis
1129 4271 1680 4348 alliciebatur;caput
1725 4287 1820 4340 per

214 4381 481 4423 coronam
510 4375 566 4420 et
589 4365 876 4429 calamum,
911 4363 1076 4418 facies
1101 4362 1342 4431 colaphis
1367 4372 1423 4418 et
1446 4363 1638 4432 sputis,
1667 4378 1819 4432 genae

214 4458 414 4528 alapis,
437 4459 632 4527 corpus
660 4466 826 4511 totum
856 4455 1096 4525 flagellis,
1123 4454 1364 4509 nuditate
1389 4455 1437 4519 ',
1454 4453 1653 4507 amictu
1679 4454 1821 4508 chla-

215 4549 419 4622 mydis,
452 4557 508 4603 ct
535 4548 778 4602 simulata
815 4546 1159 4611 adoratione;
1211 4559 1401 4600 manus
1449 4546 1676 4610 calamo,
1727 4545 1817 4614 qui

215 4656 322 4712 pro
346 4650 563 4709 sceptro
585 4639 740 4693 datus
765 4646 850 4693 est
869 4654 883 4703 ;
901 4654 962 4692 os
989 4654 1200 4693 rursum
1226 4654 1318 4708 per
1334 4637 1568 4692 oblatum
1583 4645 1816 4692 acetum.

214 4733 361 4800 Quid
385 4730 468 4785 bis
497 4728 746 4800 gravius?
776 4728 900 4799 quid
942 4729 1422 4784 contumeliosius?
1449 4729 1574 4783 Ilaec
1602 4744 1817 4783 omnem

214 4821 494 4878 excedunt
517 4819 837 4875 orationem.
869 4820 946 4874 Ac
975 4819 1020 4874 si
1043 4819 1186 4874 enim
1209 4820 1479 4885 timerent,
1512 4833 1579 4874 ne
1607 4817 1734 4888 quid
1767 4819 1819 4874 in

215 4925 374 4969 tanto
407 4912 643 4967 facinore
690 4910 938 4978 deesset,
990 4909 1281 4980 prophetas
1319 4910 1534 4980 quidem
1574 4909 1820 4965 manibus

213 5006 336 5060 suis
383 5003 803 5066 intertlciebant,
849 5001 991 5057 hunc
1043 5017 1110 5057 ex
1154 5001 1349 5072 judicis
1395 5003 1680 5058 sententia.
1731 5002 1822 5058 Sic

214 5100 406 5162 oiniiia
436 5095 657 5159 faciunt,
679 5095 791 5148 suis
833 5093 1088 5149 occidunt
1136 5093 1404 5158 manibus,
1457 5094 1714 5149 damnant
1766 5104 1822 5151 et

214 5187 547 5245 seritentiam
603 5186 805 5251 ferunt,
857 5187 1018 5241 etiam
1069 5185 1211 5255 apud
1264 5185 1492 5241 Pilatum
1542 5185 1817 5255 dicentes,

215 5279 453 5349 Sanguis
477 5280 586 5350 ejus
624 5292 896 5345 supernos
935 5285 980 5330 et
1027 5292 1178 5338 super
1206 5276 1340 5344 ﬁlios
1384 5287 1602 5330 nostros.
1646 5277 1820 5332 Insul-

218 5381 363 5434 tant,
401 5370 755 5424 contumelias
780 5367 1038 5433 inferunt,
1058 5367 1323 5434 vinciunt,
1355 5368 1644 5431 abducunt,
1676 5369 1821 5424 mili-

218 5464 370 5518 tibus
392 5460 838 5516 contumeliarnm
878 5469 1126 5516 auctores
1177 5469 1320 5525 sunt,
1374 5460 1519 5514 cruci
1572 5460 1818 5532 afﬁgunt,

215 5553 621 5618 conviciantur,
658 5559 981 5622 conSpuunt,
1028 5549 1294 5605 derident.
1335 5550 1473 5606 Nihil
1506 5551 1592 5608 hic
1621 5553 1823 5610 Pilatus

221 5646 428 5706 intulit,
456 5645 548 5700 sed
577 5645 754 5697 omnia
806 5643 882 5698 illi
916 5643 1177 5708 fecerunt,
1203 5654 1564 5712 accusatores,
1586 5645 1818 5716 judices,

287 5760 310 5792 ι
346 5756 510 5807 Horel.
538 5771 633 5806 non
658 5757 826 5814 habet,
853 5769 962 5806 cum
983 5755 1213 5808 omnibus.

286 5819 471 5885 iuves.
504 5819 738 5885 nuditate,
759 5818 975 5885 deestin
1001 5817 1161 5867 Morel.
1193 5820 1337 5881 Infra,
1364 5821 1489 5881 haec,
1513 5823 1630 5885 (prid
1654 5831 1821 5877 contu-

220 5880 490 5938 meliosius,
515 5884 563 5930 iu
590 5881 1150 5947 mulemdesidcrantur.

1947 1644 2243 1711 carnifices,
2276 1651 2477 1704 nullam
2507 1668 2614 1705 non
2657 1664 2881 1724 agentes
2904 1668 3214 1724 personam.
3256 1657 3384 1714 Hzee
3411 1661 3553 1730 apud

1945 1748 2044 1790 nos
2093 1735 2363 1808 leguntur,
2395 1757 2518 1796 curn
2552 1758 2743 1798 omnes
2765 1760 2868 1798 una
2903 1749 3252 1806 conveniunt.
3304 1749 3438 1804 Nam
3483 1769 3554 1808 ne

1941 1828 2170 1895 gentiles
2195 1829 2396 1899 dicant,
2428 1832 2586 1888 Clara
2613 1843 2669 1888 et
2695 1835 2977 1904 splendida
3007 1839 3218 1906 populis
3260 1839 3550 1907 exhibetis,

1940 1928 2000 1972 ut
2024 1919 2171 1989 signa
2201 1930 2255 1976 et
2283 1923 2561 1991 miracula,
2610 1924 2728 1981 haec
2758 1941 2888 1982 vero
2918 1929 3178 1998 probrosa
3218 1933 3505 1988 occultatis
3534 1951 3548 1986 :

1939 2010 1993 2065 id
2041 2011 2371 2083 dispensavit
2433 2018 2606 2088 gratia
2669 2018 2935 2090 Spiritus,
2987 2030 3048 2077 ut
3097 2023 3149 2077 in
3204 2025 3550 2084 solemnitate

1937 2103 2191 2172 maxima,
2223 2120 2345 2160 cum
2374 2107 2474 2161 viri
2511 2108 2872 2180 mulieresque
2928 2127 3123 2183 magno
3177 2130 3405 2171 numero
3448 2119 3549 2173 ad-

1934 2207 2080 2260 sunt,
2104 2213 2400 2269 omnesque
2428 2202 2652 2256 omnino
2688 2202 2741 2256 in
2771 2217 2964 2273 magna
2993 2205 3272 2262 Paschalis
3295 2224 3546 2280 vespera,

1936 2295 2062 2343 tunc
2089 2288 2204 2344 tunc
2228 2291 2408 2345 omnia
2450 2291 2698 2362 legantur
2723 2309 2738 2347 :
2768 2293 3019 2349 omnibus
3049 2296 3248 2368 ubique
3277 2307 3547 2356 terrarum

1934 2381 2310 2448 praesentibus,
2343 2381 2459 2438 haec
2503 2398 2695 2456 magna
2730 2401 2867 2443 voce
2897 2388 3263 2458 prmdicentur
3292 2409 3306 2444 :
3349 2392 3547 2462 quibus

1932 2468 2086 2524 lectis
2114 2480 2168 2525 et
2194 2474 2445 2543 cognitis,
2476 2473 2721 2533 Christus
2745 2477 2987 2533 creditur
3013 2495 3140 2535 esse
3160 2481 3323 2550 Deus,
3348 2494 3404 2541 et
3432 2495 3548 2540 tum

1931 2571 2152 2630 propter
2178 2563 2305 2627 alia,
2335 2573 2450 2620 tum
2483 2576 2703 2636 propter
2729 2569 2846 2625 haec
2871 2571 3036 2626 etiam
3075 2573 3357 2643 adorator,
3399 2579 3548 2648 quod

1930 2664 2031 2720 pro
2056 2653 2213 2708 nobis
2250 2669 2318 2710 eo
2345 2671 2516 2727 usque
2543 2658 2878 2716 descendere
2907 2660 3156 2730 dignatus
3200 2665 3292 2732 sit,
3347 2667 3549 2738 illaque

1930 2743 2066 2812 pati,
2095 2754 2155 2799 ut
2183 2760 2282 2800 nos
2310 2747 2362 2801 in
2406 2750 2552 2803 omni
2585 2749 2797 2805 virtutis
2825 2766 3026 2822 genere
3068 2755 3391 2813 insumeret.
3418 2758 3549 2814 llzec

1929 2832 2108 2904 itaque
2124 2851 2337 2906 semper
2367 2839 2608 2910 legamus
2641 2858 2656 2896 :
2689 2858 2813 2898 nam
2842 2845 3065 2901 multum
3119 2848 3247 2903 hinc
3291 2851 3543 2918 lucrum,

1930 2927 2160 2982 maxima
2189 2930 2412 2984 utilitas.
2444 2932 2580 2987 Cum
2608 2935 2753 2990 enim
2777 2936 2974 2992 videris
3000 2939 3150 2994 illum
3188 2948 3245 2996 et
3276 2943 3440 2999 rebus
3487 2955 3545 3001 et

1925 3023 2105 3079 verbis
2132 3025 2433 3094 adoratum,
2463 3030 2675 3086 irrisum
2714 3041 2770 3088 et
2803 3034 3040 3104 illusum,
3091 3047 3288 3095 tortum
3331 3051 3386 3096 et
3433 3058 3536 3098 es-

1929 3122 2094 3169 trema
2125 3117 2434 3185 patientem,
2465 3121 2676 3178 etiamsi
2723 3123 2859 3193 lapis
2910 3129 3095 3195 fueris,
3145 3145 3269 3186 cera
3323 3134 3537 3190 mollior

1927 3205 2139 3271 evades,
2173 3222 2500 3279 omnemque
2528 3213 2693 3268 animi
2725 3225 2990 3272 nunorem
3023 3219 3229 3287 ejicics.
3263 3223 3400 3278 Audi
3433 3224 3536 3294 igi-

1927 3307 2016 3350 tur
2056 3312 2118 3352 ea
2165 3316 2286 3369 qua:
2330 3313 2647 3372 sequuntur.
2685 3304 2972 3376 Postquam
3004 3309 3288 3367 illuserunt
3337 3315 3408 3378 ei,
3441 3316 3533 3371 5|.

1929 3384 2197 3441 Duxerunt
2218 3405 2332 3443 eum
2362 3391 2415 3444 in
2465 3407 2687 3456 crucem,
2723 3405 2777 3449 et
2800 3395 3057 3454 denudati
3102 3412 3280 3458 vestes
3306 3419 3534 3477 accepe-

1926 3487 2073 3546 runt,
2104 3481 2460 3554 sedentesque
2489 3484 2849 3552 observabant
2875 3491 3092 3560 quando
3112 3496 3436 3564 exspiraret.
3471 3499 3540 3553 Et

1924 3569 2224 3628 diviserunt
2247 3576 2563 3632 vestimenta
2590 3577 2728 3647 ejus,
2749 3580 2893 3650 quod
2914 3582 3061 3638 circa
3086 3583 3373 3644 damnatos
3397 3589 3539 3647 viles

1926 3673 1982 3718 et
2007 3663 2245 3733 abjectos
2275 3674 2329 3722 et
2359 3667 2430 3722 ab
2457 3669 2708 3725 omnibus
2758 3672 3005 3730 desertos
3037 3675 3153 3732 ﬁeri
3187 3680 3350 3735 solet.
3396 3683 3534 3738 Par-

1928 3755 2133 3810 tiuntur
2159 3758 2495 3822 vestimenta.
2513 3761 2710 3832 quibus
2736 3772 2814 3819 tot
2842 3765 2984 3820 edita
3008 3767 3224 3826 fuerant
3249 3773 3530 3832 miracula.

1926 3845 2032 3901 Sed
2065 3846 2199 3901 nihil
2232 3857 2357 3904 tunc
2384 3852 2773 3920 operabantur,
2807 3856 3026 3914 Christo
3049 3862 3156 3915 vim
3211 3864 3422 3922 illorum
3448 3869 3534 3922 in-

1925 3937 2189 3994 cII'abilern
2247 3939 2555 3998 cohibente.
2600 3943 2715 4000 Hoc
2744 3962 2876 4001 vero
2899 3965 3008 4004 non
3040 3952 3309 4010 modicum
3341 3956 3539 4016 furoris

1925 4029 2346 4088 additamentum
2391 4045 2527 4090 erat.
2557 4036 2690 4092 Nam
2719 4041 2871 4109 quasi
2902 4058 3027 4113 erga
3061 4044 3340 4114 infamem,
3378 4051 3531 4122 abie-

1925 4136 2068 4180 ctum
2095 4137 2147 4182 ct
2171 4131 2410 4183 omnium
2438 4131 2778 4200 vilissimum,
2809 4145 2868 4188 ut
2905 4135 3037 4202 dixi,
3070 4139 3148 4194 sic
3186 4142 3364 4196 omnia
3401 4160 3533 4215 age-

1925 4216 2054 4272 bant
2083 4236 2097 4272 :
2131 4219 2426 4275 latronibus
2455 4222 2583 4276 nihil
2611 4224 2716 4280 tale
2741 4223 3018 4292 fecissent,
3051 4230 3149 4284 sed
3170 4231 3223 4289 in
3251 4232 3527 4289 Cbrisnuu

1928 4306 2043 4364 haec
2086 4311 2264 4365 omnia
2312 4311 2998 4388 audebant:mcdiurnque
3040 4320 3191 4376 illum
3242 4326 3529 4382 crncilise-

1926 4410 2072 4467 runt,
2107 4411 2162 4456 ut
2192 4402 2406 4458 illorum
2436 4405 2668 4462 infamia:
2693 4423 2917 4464 consors
2939 4423 3103 4467 esset.
3146 4415 3239 4471 54.
3270 4415 3339 4469 Et
3366 4418 3525 4474 dede-

1925 4505 2066 4582 rnut‘
2099 4496 2145 4548 ei
2175 4508 2370 4550 acetum
2391 4499 2588 4563 bibere,
2624 4499 2726 4556 hoc
2762 4501 2890 4557 item
2935 4509 3328 4565 contumeliose
3358 4529 3373 4565 :
3403 4511 3521 4581 ipse

1927 4588 2105 4642 autem
2135 4589 2350 4645 uolebat
2398 4591 2603 4646 bibere.
2628 4595 2778 4648 Alius
2809 4597 2886 4650 sic
2916 4607 3096 4653 narrat
3127 4615 3141 4654 :
3177 4599 3304 4655 Cum
3330 4615 3536 4674 gustas-

1927 4687 2020 4742 set,
2045 4678 2194 4743 dixit,
2218 4677 2634 4736 Consummatur);
2664 4695 2736 4738 est
2765 4683 2957 4757 (Joan.
2990 4689 3077 4743 19.
3121 4690 3251 4761 30).
3281 4693 3418 4759 Quid
3453 4707 3536 4751 cst

1927 4780 2128 4837 autem,
2155 4770 2571 4828 Consunnuatum
2609 4777 2765 4830 est“!
2816 4778 3106 4851 Proplietia
3151 4783 3267 4840 lucc
3314 4786 3533 4857 impleta

1928 4872 2012 4918 est
2043 4881 2056 4917 :
2089 4862 2348 4918 Dederunt
2372 4867 2425 4919 in
2454 4884 2620 4922 escam
2647 4886 2810 4924 meam
2837 4875 2926 4942 fel,
2949 4883 2996 4928 et
3037 4875 3091 4928 in
3115 4877 3202 4930 siti
3244 4895 3354 4934 mea
3385 4893 3535 4951 pota-

1928 4965 2104 5009 verunt
2130 4972 2208 5008 me
2233 4965 2371 5010 aceto
2411 4955 2594 5029 (Psal.
2623 4961 2715 5017 68.
2756 4961 2828 5016 2‘2
2849 4960 2888 5034 ).
2919 4963 3102 5036 Neque
3131 4976 3309 5024 tamen
3341 4971 3430 5028 ille
3458 4974 3537 5043 ip-

1929 5062 2046 5103 squ
2102 5049 2302 5105 bibisse
2331 5052 2608 5106 ostendit:
2643 5053 2774 5108 nihil
2828 5057 2970 5111 enim
3021 5059 3276 5116 dilTerunt
3319 5077 3539 5134 gustare

1929 5141 2101 5196 solum
2133 5150 2187 5196 et
2213 5157 2318 5198 non
2351 5142 2558 5209 bibere,
2590 5146 2686 5200 sed
2737 5155 3025 5220 utrumque
3055 5151 3287 5221 idipsum
3334 5159 3536 5226 signifi-

1927 5245 2034 5289 cat.
2064 5234 2245 5306 Neque
2273 5246 2450 5291 tamen
2500 5237 2586 5292 hic
2638 5238 2850 5295 furendi
2887 5241 3046 5297 linem
3098 5241 3376 5313 fecerunt;
3410 5267 3535 5305 nam

1933 5336 2211 5396 postquam
2237 5329 2595 5395 nudaverant,
2627 5332 3029 5398 crucifixerant,
3070 5347 3281 5393 acetum
3323 5339 3532 5395 obtule-

1931 5430 2071 5483 rant,
2104 5419 2241 5474 ultra
2272 5423 2725 5490 progrediuntur;
2757 5433 2811 5478 et
2843 5427 2989 5480 cruci
3019 5426 3242 5484 afﬁsum
3270 5431 3535 5496 videntes,

1931 5512 2257 5580 exprobrant
2288 5523 2340 5568 et
2371 5513 2467 5580 illi,
2497 5525 2551 5570 et
2592 5515 2626 5569 ii
2653 5515 2741 5585 qui
2775 5520 3387 5589 praztergrediebantur:
3417 5542 3536 5594 qua:

1932 5603 2170 5657 omnium
2201 5605 2514 5675 gravissima
2551 5616 2708 5662 erant
2757 5608 2920 5675 mala,
2973 5611 3188 5680 quando
3239 5615 3538 5673 seductoris

1997 5763 2014 5794 ¹
2049 5768 2178 5826 Ilaec,
2205 5762 2330 5822 Quid
2352 5768 2423 5814 est
2445 5771 2623 5826 rudem,
2658 5782 2682 5812 ι
2703 5774 3091 5818 commurmth
3113 5775 3227 5821 est:
3254 5770 3305 5820 In
3329 5772 3538 5823 Savlt.et

1931 5822 2302 5937 3253:3113:
2325 5833 2441 5878 sunt
2463 5841 2556 5892 per
2592 5822 3053 5894 bonmteleuton;
3095 5831 3186 5882 sed
3219 5822 3468 5886 habentur
3490 5822 3540 5888 ut
