4160 6330
629 409 722 463 ἸἹΙ

636 524 848 577 nomine
895 523 992 574 hoc
1038 519 1348 587 patiebatur,
1379 526 1434 568 ιιι
1463 528 1715 582 arrogans
1755 524 1804 564 ct
1834 509 2211 576 iactabundus.

639 614 760 666 ideo
803 613 945 664 illiilli
1001 608 1302 676 etvpnblice
1355 606 1750 665 crucifixi-runt,
1801 613 1857 656 ιιι
1915 601 2210 654 videntibus

639 703 886 756 omnibus
930 701 1325 769 vituperarent:
1360 696 1480 750 ideo
1511 697 1666 748 etiam
1697 695 1920 746 militum
1949 691 2209 752 manibus,

643 802 696 846 at
719 807 836 846 cum
875 791 992 846 haec
1022 806 1114 860 per
1146 788 1410 859 publicum
1445 786 1702 856 judicium
1744 784 1952 847 fierent,
1983 781 2212 835 furorem

643 884 893 950 majorem
934 883 1264 937 exhiberent.

709 985 764 1040 Ξ.
808 987 877 1039 At
901 1000 1030 1037 vero
1055 999 1209 1052 quem
1238 997 1338 1033 nmt
1371 980 1607 1033 ﬂexisset
1637 976 1786 1030 turba
1814 989 2044 1043 sequens
2063 982 2118 1028 et
2143 973 2216 1026 Ia-

643 1076 931 1147 crymans?
980 1075 1091 1129 Non
1121 1086 1294 1127 tamen
1335 1074 1494 1125 hasce
1523 1071 1740 1124 belluas.
1771 1067 2104 1135 Quapropter
2131 1064 2221 1117 ille

647 1167 743 1218 hos
773 1165 1118 1234 responsione
1148 1163 1412 1232 dignatur,
1449 1160 1567 1212 illos
1590 1173 1761 1212 secus.
1789 1155 1919 1209 Nam
1944 1165 2218 1223 postquam

643 1259 820 1310 omnia
854 1273 946 1325 pro
970 1255 1132 1309 lubito
1166 1254 1417 1316 fecerant,
1451 1251 1641 1304 famam
1668 1248 1782 1316 ejus
1806 1245 1995 1300 laedere
2020 1259 2222 1298 conan-

625 1360 748 1408 --tur,
781 1349 895 1414 ejus
945 1344 1384 1399 resurrectionem
1428 1342 1694 1395 timentes.
1723 1338 1842 1390 Ideo
1871 1335 1982 1388 haec
2013 1334 2222 1403 publice

648 1438 863 1505 jactant,
899 1439 1130 1490 latrones
1155 1450 1272 1487 cum
1321 1433 1413 1484 illo
1437 1431 1770 1498 crnciiiguut,
1819 1436 1872 1482 et
1899 1436 1953 1479 ιιι
1979 1425 2224 1479 seducto-

651 1544 761 1584 rem
777 1529 1136 1590 ostenderent,
1156 1526 1399 1580 dicebant
1421 1524 1535 1578 ειο.
1559 1523 1657 1589 Qui
1671 1521 1820 1574 solvis
1834 1520 2093 1588 templum,
2113 1527 2157 1570 et
2171 1518 2223 1570 in

645 1618 804 1670 tribus
822 1619 994 1670 diebus
1015 1618 1256 1680 mdiﬁcas,
1277 1616 1518 1668 descende
1537 1615 1599 1666 de
1612 1629 1776 1666 cruce.
1797 1611 1924 1664 Nam
1942 1609 2061 1678 quia
2084 1608 2221 1663 Pila-

649 1719 758 1760 tum
780 1717 1025 1776 rogantes
1051 1717 1103 1758 ut
1129 1708 1430 1774 inscriptam
1454 1720 1664 1758 causam
1695 1704 1927 1766 tolleret,
1950 1716 2067 1771 qum
2088 1708 2220 1759 erat.

653 1797 758 1851 (lea:
785 1797 1106 1861 Jndworum,
1141 1798 1270 1850 nihil
1301 1797 1666 1865 impetrarunt,
1697 1796 1789 1849 scd
1817 1794 2007 1848 institit
2034 1792 2120 1846 ille
2147 1791 2226 1844 di-

643 1903 770 1940 t-ens
797 1905 809 1940 :
836 1886 981 1951 Quod
1003 1889 1201 1956 scripsi.
1233 1887 1412 1955 scripsi
1453 1902 1469 1938 :
1498 1886 1573 1940 illi
1603 1885 1814 1938 demum
1846 1883 2090 1938 irrisione
2133 1896 2226 1935 sua

645 1977 867 2043 probare
908 1977 1198 2040 tentabant,
1242 1977 1411 2044 ipsum
1457 1992 1560 2029 non
1607 1990 1726 2029 esse
1762 1988 1958 2043 regem.
2006 1972 2127 2027 Ideo
2175 1979 2230 2024 et

647 2070 758 2120 haec
785 2076 838 2120 et
887 2067 970 2120 illa
1000 2063 1246 2119 dicebant
1275 2083 1286 2117 :
1316 2064 1404 2119 ιε.
1440 2066 1500 2118 Si
1527 2081 1618 2117 rea:
1644 2063 1809 2118 Israel
1842 2074 1932 2125 est,
1963 2063 2227 2116 descendat

646 2173 779 2209 nunc
809 2158 870 2210 de
894 2173 1038 2209 cruce
1066 2176 1082 2211 :
1119 2166 1172 2209 et
1199 2171 1430 2220 rursum,
1461 2156 1604 2209 Alios
1634 2157 1798 2209 salvos
1843 2156 1978 2224 fecit,
2009 2154 2229 2222 seipsum

646 2265 741 2299 non
770 2257 921 2316 potest
951 2249 1140 2301 salvum
1165 2249 1328 2316 facere
1353 2264 1370 2299 :
1409 2257 1461 2299 et
1487 2247 1753 2315 prioribus
1795 2247 1958 2315 signis
1990 2245 2110 2299 hinc
2130 2245 2225 2300 de-

653 2340 867 2389 trahere
883 2331 1224 2389 conalbantur
1246 2355 1259 2402 ;
1280 2345 1331 2389 ct
1351 2353 1561 2398 rursus,
1578 2334 1638 2390 Si
1656 2333 1829 2387 Filius
1850 2335 1942 2389 Dei
1961 2345 2035 2390 est
2051 2346 2099 2388 et
2119 2336 2227 2389 vult

649 2444 788 2489 eunt,
812 2428 1323 2495 salvumfaciateum
1351 2428 1387 2479 ι.
1409 2425 1452 2478 Ο
1476 2427 1688 2480 scelesti
1706 2437 1759 2480 et
1777 2427 2096 2481 exsecrandi
2117 2429 2129 2482 !
2147 2428 2225 2480 An

655 2520 926 2587 prophetze
953 2534 1058 2571 non
1079 2526 1234 2571 erant
1251 2519 1550 2586 propin-tte?
1565 2535 1632 2571 an
1654 2518 2226 2588 justi.nonjusti,quia

658 2611 795 2664 Deus
819 2611 940 2663 illos
981 2626 1042 2664 ex
1070 2611 1327 2679 periculis
1352 2626 1457 2662 non
1478 2611 1724 2678 eripuit?
1758 2608 2095 2677 Atquierant
2129 2612 2230 2687 etsi

658 2702 798 2768 passi
820 2704 944 2753 sint.
961 2700 1098 2765 Quid
1125 2701 1350 2753 insaniae
1374 2711 1563 2754 vestae
1582 2717 1678 2769 par
1696 2701 2031 2755 fuerit?i\'am
2053 2703 2095 2754 si
2123 2702 2236 2754 illo-

658 2809 775 2846 rum
801 2793 1024 2862 gloriam
1067 2809 1173 2846 non
1201 2793 1594 2845 Ialieiactarunt
1614 2792 1756 2844 illata
1797 2792 1902 2844 illis
1918 2792 2152 2860 pericula
2181 2800 2236 2845 et

660 2885 796 2939 mala
809 2885 919 2947 ,sed
935 2887 1212 2955 propheta:
1230 2900 1316 2938 era
1329 2883 1627 2946 nt,etiamsi
1647 2882 1735 2937 illa
1752 2882 2236 2952 paterenturmml-

660 2987 714 3029 to
730 2977 900 3045 magis
914 2991 1017 3029 non
1029 2975 1309 3030 debebatis
1325 2976 1391 3029 de
1411 2975 1514 3028 hoc
1530 2974 1889 3029 scandalizari
1907 2973 1998 3044 qui
2013 2983 2067 3028 et
2080 2972 2238 3027 factis

651 3071 702 3112 et
729 3063 898 3116 verbis
925 3064 1035 3116 suis
1083 3061 1264 3117 falsam
1300 3063 1436 3117 hanc
1463 3063 1656 3131 repulit
1705 3063 2034 3131 opinionem.
2072 3064 2226 3116 Atta-

657 3171 777 3208 men
812 3154 924 3209 bazc
945 3155 1184 3209 dicentes
1209 3164 1263 3209 et
1286 3166 1502 3225 agentes
1534 3156 1663 3207 nihil
1698 3156 1779 3208 vel
1828 3157 1878 3208 in
1927 3156 2042 3223 ipso
2091 3164 2228 3208 tem-

653 3262 778 3312 pore
805 3247 974 3300 facere
996 3255 1296 3315 potuerunt.
1329 3245 1485 3301 Certe
1512 3247 1601 3313 qui
1633 3246 1778 3300 omni
1805 3247 2077 3316 iniquitate
2099 3261 2224 3300 cor-

653 3349 835 3404 ruptus
862 3346 998 3401 erat,
1027 3337 1118 3407 qui
1166 3336 1328 3390 vitam
1378 3337 1428 3389 in
1481 3336 1718 3391 caedibus
1765 3346 1819 3392 et
1863 3337 2230 3407 sepulcrorum

651 3427 1025 3481 ctlbssionibus
1063 3428 1301 3497 (legerat.
1347 3442 1466 3480 cum
1506 3427 1622 3482 htec
1678 3427 2021 3491 dicerentur,
2060 3429 2231 3496 ipsum

655 3517 926 3571 conifessus
951 3527 1049 3580 est,
1105 3528 1158 3570 et
1213 3533 1432 3587 regnum
1490 3520 1948 3582 commemoravit,
1979 3519 2233 3588 plebsque

653 3610 796 3660 illmu
827 3609 1059 3678 lugebat.
1092 3607 1420 3677 Quamquam
1466 3608 1776 3662 videbantur
1800 3624 1887 3664 res
1911 3619 2073 3677 gesta:
2101 3624 2231 3664 con-

652 3699 807 3751 traria
835 3699 1130 3767 signiﬁcare
1151 3699 1214 3753 iis
1243 3701 1330 3769 qui
1354 3701 1590 3770 mysterii
1619 3701 2106 3754 teconomiam’uon
2137 3716 2232 3755 no-

654 3800 854 3856 verant,
881 3791 1022 3861 quod
1048 3807 1238 3861 nempe
1266 3791 1508 3848 infirmus
1547 3803 1706 3857 esset,
1744 3795 1978 3863 nihilque
2005 3804 2184 3862 posset
2212 3810 2224 3846 τ

652 3892 882 3936 attamen
913 3885 1107 3936 veritas
1158 3899 1252 3952 per
1277 3885 1538 3937 contraria
1573 3885 1733 3938 etiam
1783 3886 2075 3954 prrcvalnit.
2108 3887 2230 3941 [hac

653 3975 808 4039 igitur
847 3972 1142 4036 audientes,
1177 3989 1442 4028 armemus
1471 3991 1567 4028 nos
1601 3986 1782 4031 contra
1814 3977 1945 4030 iram
1991 3987 2043 4031 ct
2089 3978 2233 4030 furo-

652 4080 784 4118 rem.
816 4064 867 4119 Si
918 4076 1120 4118 tumere
1148 4065 1229 4118 vel
1257 4064 1568 4118 inflammari
1600 4081 1693 4120 cor
1728 4075 1873 4118 tuum
1905 4067 2120 4130 videris,
2155 4069 2229 4120 si-

650 4156 873 4224 gnaculo
893 4156 1063 4208 crucis
1090 4156 1273 4224 pectus
1304 4164 1447 4207 tuum
1480 4158 1683 4208 munito
1720 4174 1732 4208 :
1765 4160 2019 4210 memoria
2048 4168 2230 4226 repete

645 4247 740 4300 illa
771 4263 886 4315 qua:
916 4257 1034 4298 tunc
1084 4248 1437 4314 contigerunt,
1485 4258 1535 4299 ct
1584 4248 1768 4301 horum
1818 4251 2071 4305 memoria
2100 4253 2227 4304 iram

652 4351 861 4389 omnem
886 4345 939 4387 ut
964 4337 1232 4403 pulverem
1265 4339 1522 4391 excuties.
1552 4336 1735 4407 Cogita
1762 4341 1920 4394 verba
1949 4350 2002 4395 et
2031 4353 2178 4411 gesta
2213 4361 2224 4396 :

650 4426 820 4494 cogita
866 4426 1008 4478 illum
1065 4439 1183 4478 esse
1224 4425 1540 4488 Dominum,
1599 4439 1754 4497 teque
1793 4445 2000 4483 servum
2038 4451 2049 4485 :
2083 4433 2226 4486 illum

650 4523 866 4583 propter
894 4526 944 4568 te
968 4530 1179 4583 passum
1223 4530 1360 4577 esse,
1412 4526 1462 4571 te
1490 4526 1708 4585 propter
1738 4529 1788 4572 te
1842 4519 2048 4587 ipsum;
2080 4522 2225 4575 illum

654 4625 746 4675 pro
778 4609 840 4659 iis
878 4609 966 4675 qui
1011 4606 1279 4661 beneficiis
1310 4610 1481 4661 affecti
1525 4611 1693 4677 ipsum
1724 4613 2135 4681 crucifigehant,
2178 4626 2227 4668 te

653 4715 745 4764 pro
769 4708 818 4750 te
847 4697 987 4766 ipso;
1009 4697 1156 4748 illum
1180 4712 1275 4765 pro
1293 4699 1354 4751 iis
1375 4701 1459 4766 qui
1489 4717 1543 4752 se
1561 4703 1897 4756 contumeliis
1919 4703 2223 4769 affecerant,

652 4801 701 4840 te
730 4803 871 4855 smpc
903 4803 998 4854 pro
1035 4787 1096 4839 iis
1121 4802 1253 4855 quos
1305 4788 1517 4854 lmsisti;
1558 4791 1698 4843 illum
1729 4792 1942 4848 vidente
1979 4795 2224 4862 civitate,

653 4883 759 4931 imo
787 4881 979 4948 populo
1009 4889 1118 4932 toto
1139 4879 1437 4934 Judasorum
1461 4923 1474 4944 ,
1509 4884 1926 4952 peregrinorum.
1955 4887 2226 4956 indigena-

653 4985 788 5033 rum,
819 4971 1009 5038 quibus
1031 4969 1352 5039 benignitate
1383 4972 1531 5039 plena
1557 4976 1713 5026 verba
1739 4978 1971 5044 protulit,
2012 4990 2062 5033 te
2102 4995 2223 5048 pau-

651 5065 728 5117 cis
780 5064 1126 5132 praesentibus
1164 5082 1175 5117 :
1223 5073 1277 5118 ct
1318 5065 1456 5134 quod
1507 5068 1720 5134 majoris
1746 5085 1862 5124 csse
1893 5076 2224 5131 contumelia:

655 5155 879 5216 videtur,
930 5155 1069 5224 quod
1116 5154 1402 5208 derelictus
1435 5158 1501 5209 sit
1543 5173 1571 5209 a
1620 5158 1909 5230 discipulis.
1950 5161 2081 5218 Nam
2135 5168 2224 5236 qui

654 5256 808 5297 antea
837 5245 1002 5312 ipsum
1027 5246 1288 5309 colebant,
1319 5251 1650 5302 resulierunt:
1685 5251 1879 5306 inimici
1904 5269 2032 5309 vero
2054 5266 2104 5310 et
2135 5260 2227 5314 ad-

657 5336 872 5388 versarii
907 5334 956 5386 in
989 5337 1162 5390 medio
1194 5338 1446 5406 positum,
1488 5340 1763 5406 conviciis,
1800 5345 1931 5406 risu.
1966 5346 2226 5403 illusioni-

657 5431 752 5481 bus
795 5426 1211 5481 (leltonesutrnnt
1236 5471 1248 5489 ,
1279 5429 1446 5484 Judtci
1471 5473 1485 5496 ,
1514 5433 1728 5498 milites,
1763 5434 1886 5490 hinc
1916 5447 1970 5492 et
1998 5439 2117 5495 inde
2147 5443 2226 5495 la-

657 5529 834 5570 trones
865 5536 875 5569 :
910 5517 1066 5571 ambo
1093 5521 1285 5588 quippe
1322 5521 1554 5577 latrones
1583 5523 1754 5592 ipsum
1784 5527 1991 5596 probris
2016 5539 2069 5584 et
2093 5545 2227 5585 con--

660 5613 886 5667 tumeliis
911 5611 1227 5667 afficiebant.
1262 5613 1536 5680 Quomodo
1562 5632 1688 5687 ergo
1709 5618 1878 5675 Lucas
1893 5620 2036 5690 dicit,
2063 5640 2222 5680 unum

731 5795 752 5829 ι
782 5797 877 5847 Alli
896 5801 1099 5862 habent,
1127 5804 1171 5853 si
1209 5803 1362 5857 Filias
1407 5808 1489 5860 Dei
1509 5825 1579 5873 es,
1611 5813 1748 5864 mira
1779 5816 2092 5881 temetipsum.

1358 401 1412 456 S.
1453 395 1723 453 JOANNIS
1761 391 2226 449 CIIRYSOSTOMI
2270 389 2580 446 ARCIIIEP.
2623 392 3153 452 CONSTANTINUP.

3802 382 3914 441 ’ἲτὲ

2319 524 2397 566 ex
2454 512 2744 568 latronibus
2800 515 3027 569 alterum
3079 517 3381 586 increpasse
3424 514 3584 589 (Luc.
3635 517 3720 570 εἰ.
3768 517 3902 584 40).

2334 603 2624 676 Utrumque
2645 605 2842 660 factum
2866 618 2948 661 est
2975 628 2985 660 :
3011 610 3240 677 primunt
3268 611 3408 662 enim
3431 609 3592 664 ambo
3620 609 3906 678 exprobra-

2333 697 2489 768 bant,
2534 707 2714 766 postea
2756 714 2863 752 non
2913 699 3062 753 item.
3095 699 3170 754 Ne
3211 709 3364 768 putes
3413 703 3554 754 enim
3594 715 3659 754 ex
3682 700 3918 768 quodam

2332 763 2486 858 pactci
2511 805 2624 844 rem
2653 799 2853 858 gestant
2891 791 3075 853 fuisse,
3102 802 3194 845 aut
3225 791 3485 846 latronem
3517 805 3619 846 non
3654 791 3816 846 fuisse
3841 793 3920 846 la-

2333 891 2561 942 tronem,
2594 895 2622 932 a
2650 881 2968 935 contumelia
3001 881 3130 936 illud
3158 881 3247 936 tibi
3279 882 3514 937 declarat
3543 899 3556 934 :
3603 896 3834 951 superne
3864 882 3916 934 in

2329 985 2488 1025 cruce
2515 973 2650 1026 latro
2674 982 2790 1026 erat
2817 980 2871 1028 et
2899 973 3174 1038 inimicus;
3198 974 3290 1028 sed
3313 983 3534 1042 repente
3557 983 3789 1027 mutatus
3807 983 3915 1027 est.

2336 1063 2458 1117 llmc
2486 1065 2643 1132 igitur
2660 1065 2836 1119 omnia
2865 1075 3037 1121 tecum
3069 1077 3320 1136 reputans
3353 1069 3748 1137 pbilosophare.
3776 1067 3917 1134 Quid

2331 1158 2470 1209 enim
2491 1169 2696 1212 tantum
2720 1161 2933 1225 pateris,
2963 1171 3216 1228 quantum
3249 1161 3508 1214 Dominus
3535 1160 3693 1215 tuus?
3720 1175 3788 1215 an
3820 1177 3919 1230 pu-

2332 1247 2471 1302 blice
2499 1248 2827 1318 vituperatus
2853 1254 2952 1305 es?
2979 1250 3083 1304 Sed
3115 1267 3218 1304 non
3259 1268 3380 1306 cum
3426 1254 3584 1305 tantis
3627 1264 3914 1307 contume-

2337 1338 2438 1392 liis.
2465 1339 2786 1395 Verberibus
2814 1355 2987 1395 carsns
3011 1342 3104 1395 es?
3128 1343 3232 1397 Sed
3263 1360 3367 1397 non
3393 1353 3503 1396 toto
3532 1359 3758 1413 corpore
3777 1385 3791 1403 .
3817 1360 3919 1397 ne-

2332 1444 2434 1496 que
2455 1431 2522 1483 ita
2543 1430 2768 1485 nudatus
2791 1441 2845 1486 et
2869 1431 3184 1503 ﬂagellatus.
3211 1434 3266 1488 Si
3288 1445 3464 1488 autem
3488 1434 3725 1504 colaphis
3743 1449 3920 1490 etesiis

2332 1536 2409 1582 cs,
2444 1532 2497 1576 at
2529 1539 2630 1576 non
2661 1525 2750 1579 illo
2789 1525 2963 1579 modo.

2403 1613 2456 1667 3.
2489 1612 2582 1666 His
2622 1614 2760 1670 adde
2801 1632 2829 1669 a
2875 1616 3103 1685 quibus.
3151 1631 3354 1686 quare,
3397 1618 3654 1686 quando:
3694 1627 3748 1672 et
3773 1619 3918 1687 quod

2331 1704 2698 1770 gravissimum
2730 1715 2830 1768 est,
2861 1706 2986 1760 dum
3016 1707 3128 1762 ltzuc
3174 1708 3382 1774 fierent,
3420 1725 3578 1764 nemo
3609 1711 3920 1776 petulantes

2333 1793 2587 1860 arguebat
2611 1795 2696 1848 vel
2724 1794 3065 1866 increpabat;
3097 1810 3279 1851 contra
3307 1815 3468 1862 vero,
3500 1800 3819 1866 laudabant,
3846 1804 3920 1855 si-

2334 1885 2445 1938 mul
2491 1885 2772 1950 ridebant,
2803 1888 2960 1940 simul
3006 1889 3301 1942 illudebant
3326 1900 3380 1945 et
3409 1899 3464 1944 nt
3490 1901 3830 1960 arrogantem
3857 1907 3921 1944 ac

2333 1977 2703 2043 seductorem,
2725 1978 2815 2047 qui
2848 1995 2950 2034 nou
2982 1990 3161 2049 posset
3189 1983 3329 2038 dicta
3360 1998 3456 2038 sua
3485 1986 3737 2053 operibus
3763 2000 3918 2041 com-

2334 2066 2580 2134 probare.
2611 2070 2687 2122 sic
2713 2071 2970 2125 conviciis
2999 2072 3343 2141 impetebaut.
3371 2073 3463 2128 Ille
3487 2090 3612 2128 vero
3639 2075 3707 2130 ad
3737 2076 3919 2130 omnia

2335 2159 2573 2225 tacebat,
2609 2177 2797 2231 magna
2831 2165 2982 2218 nobis
3014 2167 3247 2220 remedia
3278 2182 3468 2237 parans
3496 2168 3562 2221 ad
3607 2170 3918 2236 patientiam

2332 2252 2708 2306 exercendam.
2740 2254 2842 2308 Sed
2875 2271 2972 2309 nos
3003 2256 3117 2310 hzec
3145 2258 3453 2322 audientes,
3481 2276 3548 2313 ne
3574 2275 3764 2315 servos
3795 2263 3922 2331 qni-

2333 2338 2452 2392 dem
2500 2351 2712 2397 nostros
2742 2343 2882 2400 ferre
2916 2344 3194 2416 possumus
3219 2391 3234 2413 ,
3267 2354 3359 2405 sed
3407 2352 3686 2421 plusquam
3729 2353 3920 2421 onagri

2336 2428 2653 2486 insumamus
2679 2474 2692 2494 ,
2723 2435 3060 2490 calcitramns
3082 2477 3097 2502 ,
3129 2438 3268 2492 circa
3297 2439 3369 2493 'ea
3401 2456 3518 2510 qua!
3548 2457 3645 2495 nos
3673 2454 3923 2512 spectant

2334 2523 2580 2578 crudeles
2606 2534 2659 2579 et
2699 2525 3010 2592 inhumani,
3044 2544 3104 2583 ea
3145 2545 3271 2584 vero
3302 2548 3420 2599 qua:
3448 2533 3514 2586 ad
3558 2533 3722 2588 Deum
3756 2538 3923 2603 perti-

2337 2623 2464 2667 nent
2489 2631 2592 2669 non
2623 2620 2751 2671 tanti
2775 2619 3044 2675 facientes.
3075 2621 3223 2674 Circa
3255 2625 3456 2677 amicos
3484 2626 3644 2680 etiam
3672 2627 3923 2682 similiter

2335 2705 2505 2759 affecti
2537 2721 2720 2763 sumus
2746 2727 2756 2763 :
2794 2713 2835 2765 si
2870 2713 2988 2779 quis
3020 2729 3118 2769 nos
3149 2715 3381 2769 oﬂ'endat
3402 2759 3417 2782 ,
3449 2733 3550 2772 non
3586 2718 3806 2774 ferimus
3833 2739 3846 2782 ;
3877 2722 3921 2773 si

2333 2798 2654 2852 contumelia
2683 2800 2910 2864 alliciat,
2946 2804 3063 2872 plus
3093 2823 3252 2876 quam
3281 2807 3451 2862 bellua
3482 2811 3689 2879 qumvis
3722 2812 3922 2866 feroci-

2335 2903 2486 2953 mus,
2530 2891 2619 2959 qui
2668 2900 2844 2948 tamen
2895 2894 3007 2950 haec
3053 2900 3290 2966 quotidie
3331 2901 3570 2969 legimus.
3618 2903 3926 2974 Discipulos

2337 2983 2602 3049 prodidit,
2632 2987 2820 3055 reliqui
2851 2989 2939 3042 illo
2971 2991 3160 3046 relicto
3190 2992 3437 3062 fugerunt
3465 3015 3476 3048 :
3525 2995 3612 3049 alii
3646 2997 3923 3054 beneficiis

2336 3074 2508 3129 alfecu
2537 3090 2936 3147 conspuerunt;
2978 3098 3165 3138 servus
3196 3088 3390 3140 summi
3421 3088 3685 3156 pontificis
3710 3091 3922 3158 alapam

2336 3167 2484 3222 dedit
2509 3186 2522 3232 ;
2552 3171 2751 3225 milites
2775 3173 3015 3242 colaphis
3045 3177 3388 3243 ceciderunt;
3419 3181 3508 3251 qui
3540 3184 3922 3249 prmteribant.

2336 3257 2630 3315 illudebant
2656 3272 2709 3317 et
2733 3265 3169 3322 conviciahantur
3196 3270 3282 3333 ei;
3314 3271 3548 3327 latrones
3571 3274 3923 3332 incusabant:

2337 3358 2391 3403 et
2415 3351 2670 3407 adversus
2696 3353 2810 3409 hinc
2835 3373 2902 3412 ne
2930 3360 3145 3413 verbum
3178 3362 3391 3430 quidem
3425 3363 3511 3419 ille
3539 3368 3794 3434 protulit,
3823 3371 3922 3423 sed

2337 3441 2549 3495 silentio
2587 3459 2775 3502 omnes
2819 3449 2975 3514 vicit,
3026 3461 3082 3505 nt
3114 3462 3164 3506 te
3212 3452 3461 3522 operibus
3492 3457 3836 3525 institueret,
3874 3473 3926 3514 te

2338 3538 2535 3592 quanto
2564 3533 2892 3585 mansuetius
2922 3535 3057 3589 feres
3077 3578 3091 3600 ,
3126 3546 3270 3590 tanto
3297 3541 3466 3608 magis
3495 3543 3633 3595 male
3663 3543 3926 3600 facientes

2338 3629 2733 3682 superaturum,
2765 3626 3116 3693 omnibusque
3143 3628 3479 3690 admirationi
3509 3631 3768 3688 futurum.
3793 3637 3928 3703 Quis

2338 3707 2478 3758 enim
2507 3724 2609 3761 non
2635 3714 2855 3776 miretur
2869 3729 2989 3768 eum
3008 3719 3094 3784 qui
3119 3720 3466 3774 contumelias
3493 3721 3595 3776 fert
3616 3726 3886 3792 patienter
3903 3729 3928 3780 1

2336 3795 2796 3861 Quemadmodum
2825 3805 2965 3858 enim
2995 3807 3039 3861 si
3069 3808 3189 3878 quis
3219 3812 3381 3865 etiam
3403 3813 3547 3880 jnste
3573 3816 3805 3882 patiatur
3824 3860 3840 3880 ,
3873 3829 3929 3873 et

2340 3890 2535 3944 malum
2561 3904 2837 3949 mansuete
2865 3895 3019 3965 ferat,
3044 3914 3072 3951 a
3095 3902 3277 3956 multis
3306 3911 3525 3972 putatur
3552 3907 3750 3975 injuste
3776 3910 3883 3978 pati
3910 3929 3924 3963 :

2340 3979 2409 4032 ita
2439 3981 2482 4033 si
2513 3983 2708 4051 injuste
2735 3988 2960 4054 patiatur
2985 3999 3040 4044 et
3068 3989 3288 4046 ferociat
3311 4037 3325 4055 ,
3354 4009 3413 4049 se
3437 3995 3578 4062 jnste
3606 4001 3714 4067 pati
3746 4001 3796 4054 in
3835 4016 3929 4056 slt-

2338 4069 2627 4135 Spicionetn
2661 4075 2856 4142 veniet,
2885 4087 2936 4132 et
2968 4079 3219 4134 ridiculus
3247 4084 3367 4146 erit,
3389 4095 3448 4138 tit
3475 4090 3720 4156 captivus
3746 4093 3814 4147 ab
3847 4095 3925 4148 ira

2341 4166 2660 4252 pertractus,
2690 4167 2777 4233 qui
2804 4168 3131 4224 nobilitatem
3157 4186 3308 4226 suam
3333 4175 3583 4243 perdidit.
3606 4177 3751 4233 Talis
3770 4185 3929 4252 quip-

2340 4265 2402 4315 pe
2427 4250 2587 4305 homo
2612 4270 2710 4310 nec
2737 4257 2872 4312 liber
2891 4261 3104 4329 quidem
3127 4266 3394 4318 vocandus
3415 4278 3516 4332 est,
3543 4271 3752 4324 etiamsi
3778 4250 3928 4330 mil—le

2339 4342 2505 4394 servis
2551 4343 2875 4401 dominetur.
2930 4353 2996 4404 At
3044 4363 3093 4406 te
3124 4354 3408 4408 admodum
3443 4358 3530 4412 ille
3563 4361 3824 4417 irritavit?
3859 4365 3928 4420 Et

2337 4432 2458 4498 quid
2489 4433 2626 4488 hoc?
2653 4437 2801 4492 Tunc
2822 4441 2961 4494 cnim
2992 4443 3380 4514 philosophiam
3407 4452 3663 4507 exhibere
3686 4469 3784 4522 par
3800 4468 3923 4511 est:

2337 4539 2455 4580 cum
2485 4530 2627 4583 enim
2656 4537 2889 4589 concitat
2921 4553 3078 4592 nemo
3102 4583 3115 4604 ,
3151 4541 3292 4609 ipsas
3323 4542 3461 4598 feras
3504 4561 3812 4605 mansuetas
3841 4553 3924 4606 vi-

2335 4614 2524 4672 demus
2547 4635 2566 4672 :
2599 4636 2703 4675 non
2735 4638 2948 4694 semper
2985 4629 3126 4682 enim
3174 4631 3438 4689 ferocinut
3461 4678 3474 4698 ,
3509 4636 3602 4691 sed
3634 4653 3756 4694 cum
3801 4645 3926 4712 quis

2338 4706 2453 4760 illas
2483 4711 2849 4767 concitaverit.
2885 4715 2990 4770 Nos
3032 4735 3242 4789 quoque
3269 4725 3310 4776 si
3345 4734 3470 4780 tunc
3506 4737 3708 4802 tantum
3752 4706 3924 4802 quieti

2334 4812 2517 4852 sumus
2538 4842 2552 4863 ,
2584 4818 2704 4856 cum
2737 4820 2895 4861 neruo
2926 4823 3021 4862 nos
3049 4817 3319 4878 concitat,
3353 4818 3477 4884 quid
3512 4822 3741 4888 amplius
3775 4841 3914 4892 prce-

2334 4893 2576 4946 SIamus?
2610 4894 2714 4948 [lite
2744 4899 2884 4951 enim
2926 4917 3068 4970 stepe
3090 4905 3233 4973 juste
3263 4909 3603 4977 indignantur
3623 4955 3639 4977 ,
3671 4931 3724 4969 et
3755 4933 3925 4971 exeu-

2333 4983 2436 5035 s:tri
2473 4995 2726 5051 possunt;
2774 5003 2894 5043 nam
2940 5005 3221 5049 commove
3248 5007 3299 5051 et
3347 5010 3555 5066 puncta:
3600 5003 3922 5072 irritantur;

2334 5083 2590 5140 praeterea
2619 5079 2840 5133 rationis
2868 5093 2990 5135 sunt
3018 5096 3269 5154 expertes
3289 5129 3303 5151 ,
3336 5098 3388 5143 et
3414 5107 3482 5146 ex
3515 5104 3699 5149 natura
3730 5097 3924 5152 ferita-

2335 5175 2441 5220 tem
2471 5167 2687 5223 habent.
2734 5171 2812 5224 Tu
2844 5189 2969 5227 veno
2996 5175 3044 5228 si-
3072 5177 3293 5232 ferocias
3315 5221 3330 5244 ,
3361 5182 3532 5246 unde,
3565 5202 3748 5252 quaeso
3771 5229 3788 5251 ,
3827 5205 3919 5259 po-

2337 5260 2462 5310 teris
2487 5260 2692 5314 veniam
2715 5267 3003 5332 consequi?
3025 5267 3150 5335 quid
3174 5271 3295 5322 mali
3326 5287 3510 5339 passus
3533 5290 3609 5334 es.
3639 5280 3885 5345 rapinam
3906 5283 3927 5334 τ

2335 5350 2458 5403 Ideo
2490 5351 2630 5407 ferre
2657 5365 2866 5423 oportet
2887 5399 2900 5420 ,
2935 5359 3059 5428 quia
3089 5364 3256 5430 magis
3289 5364 3597 5420 Iucraberis.
3621 5366 3725 5424 Sed
3760 5371 3814 5425 in
3849 5377 3925 5427 fa-

2335 5459 2419 5495 ma
2449 5444 2604 5499 lassus
2635 5448 2732 5500 es?
2758 5448 2825 5502 Et
2849 5450 2972 5517 quid
3005 5451 3148 5506 hoc?
3169 5453 3284 5508 Non
3309 5456 3452 5510 enim
3485 5459 3661 5514 minor
3691 5459 3816 5516 ideo
3840 5480 3922 5528 es.

2334 5534 2376 5586 si
2408 5535 2816 5604 philosopheris.
2844 5541 2898 5595 Si
2929 5557 3053 5597 vero
3071 5545 3210 5610 ,niltil
3239 5546 3418 5601 damni
3444 5550 3661 5617 pateris,
3694 5567 3794 5607 cur
3819 5555 3927 5608 ira-

2333 5629 2495 5683 sceris
2518 5630 2776 5686 adversus
2796 5649 2916 5688 eum
2945 5637 3032 5704 qui
3064 5637 3193 5692 nihil
3223 5639 3315 5693 tibi
3345 5639 3503 5694 infert
3526 5643 3677 5704 mali.
3709 5646 3806 5699 sed
3830 5645 3924 5715 qui

2331 5721 2487 5775 etiam
2537 5724 2754 5790 prodest
2782 5725 2920 5779 tibi?
2960 5727 3058 5794 Qui
3107 5730 3247 5784 enim
3296 5730 3594 5796 honorant,
3639 5736 3925 5791 molliores

2333 5829 2432 5869 nos
2457 5814 2706 5885 reddunt,
2739 5818 2782 5876 si
2817 5836 2921 5874 non
2960 5821 3237 5891 vigilemus
3265 5841 3280 5890 ;
3315 5824 3404 5893 qui
3436 5838 3556 5880 vero
3587 5830 3918 5885 contumelia
