4160 6330
227 393 329 447 773

225 508 472 560 alliciunt
496 515 552 559 et
600 511 971 561 Contemnunt,
1000 513 1093 553 eos
1114 539 1128 562 ,
1158 499 1244 565 qui
1277 498 1375 550 sibi
1405 495 1701 553 attendunt,
1726 496 1817 545 lir-

228 607 429 654 miorcs
465 597 714 651 reddunt.
750 594 882 648 Nam
910 591 1122 646 desides
1146 590 1314 660 magis
1342 587 1611 643 la'duntur
1639 587 1820 640 lauda-

227 695 289 754 ti,
315 706 472 759 quam
503 686 826 742 rontunu-iia
849 683 1040 738 affecti.
1068 682 1167 749 Qui
1193 681 1409 745 laedunt,
1441 682 1483 734 si
1508 679 1814 748 vigilemus,

227 782 385 835 nobis
415 777 764 848 philosophize
786 789 945 828 causa
974 783 1130 836 sunt;
1153 773 1242 842 qtti
1278 785 1407 824 vero
1430 769 1673 832 laudant,
1701 768 1817 822 cla-

226 879 310 921 tos
340 867 605 932 reddunt,
635 873 976 933 arrogantes,
1007 877 1156 916 vana:
1182 862 1363 931 gloria:
1387 859 1642 929 cupidos,
1675 858 1815 912 desi-

223 961 324 1013 des
349 1001 363 1024 ,
391 960 571 1012 animo
614 956 910 1010 molliores.
962 954 1126 1023 Cujus
1169 953 1246 1008 rei
1275 960 1442 1006 testes
1475 958 1599 1004 sunt
1641 958 1819 1018 patres

227 1055 324 1123 qui
361 1053 495 1106 lilios
541 1065 666 1106 suos
695 1064 800 1103 non
832 1059 937 1102 tam
969 1046 1253 1102 adulantur
1284 1061 1441 1116 quam
1473 1045 1774 1112 vituperant
1802 1083 1816 1107 ,

227 1144 390 1198 veriti
421 1158 487 1196 ne
515 1141 654 1210 quod
684 1139 807 1194 inde
833 1139 1084 1193 damnum
1108 1138 1406 1206 patiantur;
1431 1135 1666 1204 magistri
1689 1149 1822 1204 quo-

224 1251 334 1304 que
365 1235 466 1289 hoc
497 1243 716 1287 utuntur
760 1231 1018 1287 remedio.
1051 1229 1228 1298 Quare
1254 1230 1297 1282 si
1326 1229 1630 1298 quempiam
1659 1241 1819 1280 aver—

224 1327 337 1378 sari
373 1341 468 1393 par
494 1324 563 1378 sit
587 1364 602 1388 ,
632 1323 958 1376 adulatorem
989 1322 1166 1391 potius
1195 1334 1473 1382 aversare,
1506 1333 1663 1387 quam
1691 1331 1818 1371 con-

225 1415 571 1468 tumeliosum
595 1431 606 1465 :
640 1412 894 1478 majorem
923 1411 1119 1480 quippe
1149 1424 1253 1463 non
1282 1409 1503 1463 attentis
1525 1407 1675 1462 affert
1700 1423 1817 1476 per-

230 1507 431 1559 niciem
461 1504 779 1559 adulationis
806 1502 1052 1557 illecebra
1074 1541 1090 1566 ,
1120 1517 1276 1570 quam
1305 1500 1646 1562 contumelia,
1673 1498 1816 1552 difli-

221 1595 493 1664 ciliusque
530 1603 613 1648 est
657 1593 831 1660 hanc,
872 1607 1030 1664 quam
1074 1593 1214 1645 illam
1258 1605 1511 1660 superare
1560 1591 1598 1642 ί.
1653 1589 1814 1645 Multo

227 1689 408 1754 major
454 1686 573 1739 inde
602 1699 811 1740 merces
831 1727 846 1751 ,
895 1685 1060 1738 multo
1091 1685 1262 1752 major
1307 1684 1422 1737 laus
1450 1691 1503 1736 et
1533 1682 1816 1737 admiratio

228 1778 500 1845 sequitur.
532 1776 660 1830 Nam
689 1776 984 1830 mirabilius
1006 1785 1088 1830 est
1119 1775 1390 1829 hominem
1421 1774 1600 1828 videre
1630 1783 1818 1827 contu-

227 1867 408 1921 meliis
436 1867 706 1930 allectum,
734 1881 831 1921 nec
850 1875 1195 1929 commotum,
1218 1881 1375 1934 quam
1401 1864 1667 1920 hominem
1691 1880 1814 1932 per-

225 1974 448 2014 cussum
469 2000 486 2025 ,
519 1973 616 2014 nec
641 1958 942 2014 cadentem.
980 1957 1047 2011 Et
1089 1957 1391 2026 quomodo,
1421 1956 1629 2026 inquies
1649 1997 1662 2020 ,
1695 1969 1816 2024 pos-

223 2065 414 2104 sumus
446 2067 549 2104 non
596 2052 958 2106 commoveri?
983 2050 1058 2105 Te
1099 2048 1417 2104 contumelia
1447 2049 1565 2118 quis
1591 2047 1801 2102 alleeit?

222 2143 425 2197 Pectus
471 2158 631 2198 cruce
661 2145 868 2212 signan
891 2185 904 2206 ,
936 2142 1223 2198 recordare
1266 2141 1503 2195 omnium
1539 2156 1656 2210 qum
1689 2149 1813 2194 tunc

219 2242 377 2300 gesta
403 2243 526 2287 sunt
551 2275 566 2298 ,
597 2243 653 2287 et
690 2235 868 2287 omnia
898 2233 1329 2302 exstinguuntur.
1361 2229 1437 2286 Ne
1460 2229 1812 2285 contumelias

217 2331 431 2376 tantum
482 2325 682 2392 cogites
707 2366 723 2390 ,
752 2323 845 2378 sed
873 2334 929 2378 et
955 2325 999 2378 si
1026 2323 1150 2394 quid
1181 2323 1273 2377 tibi
1318 2321 1442 2376 boni
1468 2337 1498 2376 a
1531 2331 1811 2375 contume-

223 2415 367 2469 lioso
395 2415 486 2468 illo
533 2417 833 2482 advenerit,
883 2417 934 2470 in
982 2425 1214 2471 mentem
1252 2424 1521 2481 revocato,
1548 2426 1603 2469 et
1633 2415 1810 2468 statim

219 2508 556 2562 mansuetior
587 2506 701 2562 fles.
740 2508 850 2562 lmo
881 2509 1055 2578 potius
1083 2519 1206 2562 ante
1233 2509 1409 2563 omnia
1439 2508 1529 2563 Dei
1563 2508 1810 2563 timorem

214 2596 268 2649 in
301 2608 482 2653 mente
529 2598 759 2663 habeas,
806 2610 861 2654 et
911 2602 1090 2654 statim
1137 2601 1462 2655 moderatior
1504 2598 1810 2671 mquiorque

215 2689 354 2744 eris.

288 2782 346 2836 ι.
379 2781 459 2836 Ad
501 2781 614 2837 hrec
639 2827 652 2848 ,
685 2798 714 2837 a
757 2783 927 2838 servis
956 2785 1059 2837 tuis
1102 2783 1481 2838 documentum
1526 2783 1805 2852 suscipias.

225 2871 296 2926 Et
325 2887 448 2927 cum
476 2873 674 2929 videris
695 2885 745 2929 te
765 2875 1171 2938 Conviciantem,
1203 2875 1346 2928 illum
1371 2890 1496 2927 vero
1520 2883 1803 2938 tacentem,

214 2965 398 3034 cogita
427 2975 481 3019 te
508 2966 878 3035 philosophari
910 2981 1066 3035 posse
1086 3009 1099 3030 ,
1134 2975 1288 3034 teque
1312 2975 1684 3034 exasperatum
1713 2963 1808 3017 da-

213 3072 363 3109 mna.
390 3061 562 3126 Atque
586 3057 638 3110 in
664 3056 780 3128 ipso
802 3056 1248 3110 contumeliarum
1272 3064 1511 3124 tempore
1532 3055 1676 3108 disce
1699 3071 1806 3107 non

209 3149 594 3202 contumeliam
631 3148 861 3212 inferre,
884 3156 939 3202 et
964 3149 1040 3201 sic.
1070 3163 1165 3200 nec
1195 3149 1304 3217 ipse
1332 3146 1665 3200 contumeliis
1685 3145 1808 3201 alfa-

208 3251 331 3294 ctus
377 3240 605 3295 dolebis.
654 3241 839 3310 Cogita
884 3256 1006 3294 eum
1051 3239 1145 3310 qui
1190 3240 1527 3294 contumeliis
1555 3237 1724 3292 af.icit
1751 3246 1805 3292 et

209 3332 345 3386 furit
377 3347 484 3386 non
515 3333 596 3386 sui
641 3341 942 3402 compotem
991 3347 1108 3386 esse
1129 3373 1144 3397 ,
1174 3341 1228 3385 et
1253 3332 1331 3386 sic
1375 3331 1440 3386 de
1479 3331 1803 3385 contumelia

210 3439 322 3480 non
353 3426 751 3494 indignaberis:
785 3441 904 3479 nam
933 3439 984 3480 et
1014 3425 1330 3482 darmoniaei
1360 3439 1456 3479 nos
1487 3425 1800 3490 verberant,

207 3532 314 3571 nec
345 3516 508 3571 modo
536 3531 644 3571 non
679 3532 974 3584 movemur,
1004 3516 1100 3571 sed
1130 3518 1288 3571 etiam
1319 3515 1438 3570 illos
1461 3517 1800 3571 miserantur.

207 3605 326 3660 Hoc
350 3615 409 3660 et
439 3615 494 3659 tu
522 3606 713 3671 facito;
743 3607 996 3661 miserare
1028 3607 1500 3674 contumeliosum;
1532 3609 1607 3662 ira
1633 3608 1799 3675 enim,

209 3699 363 3766 gravi
401 3699 511 3752 fera
538 3740 553 3763 ,
586 3699 874 3765 detinetur,
909 3699 1153 3756 (temone
1181 3701 1505 3772 pernicioso.
1536 3700 1698 3756 Solve
1725 3701 1805 3770 ip-

205 3805 329 3845 sum
377 3791 466 3859 qui
496 3789 561 3843 ab
615 3789 917 3858 bujusmodi
965 3791 1211 3847 daamone
1253 3801 1508 3856 vexatur,
1556 3801 1609 3846 et
1653 3792 1799 3846 brevi

208 3889 459 3949 tempore
485 3881 867 3950 corrumpitur.
899 3881 1044 3937 Talis
1075 3884 1270 3954 quippe
1313 3883 1400 3939 hic
1429 3886 1648 3938 morbus
1677 3896 1757 3938 est
1781 3925 1798 3950 ,

205 3971 298 4041 qui
324 3970 395 4028 ad
426 3972 714 4038 perniciem
736 3974 863 4042 :rgri
891 3987 995 4027 non
1023 3974 1192 4028 multo
1211 3982 1362 4044 egeat
1390 3984 1647 4045 tempore.
1677 3973 1799 4028 Ideo

203 4059 426 4114 dicebat
465 4062 770 4131 quispiam:
823 4061 1135 4117 Momentum
1178 4065 1366 4134 furoris
1406 4066 1514 4135 ejus
1543 4082 1689 4119 casus
1728 4074 1800 4120 est

202 4155 308 4222 ipsi
359 4153 565 4225 (Ecrli.
615 4157 665 4212 Ι.
693 4156 799 4227 9.8)
828 4175 840 4210 :
873 4173 979 4227 quo
1020 4160 1250 4212 maxime
1279 4159 1613 4230 tyrannidem
1645 4175 1796 4214 suam

197 4245 482 4310 ostendit,
511 4248 650 4316 quod
682 4249 824 4302 brevi
877 4259 1116 4320 tempore
1161 4258 1304 4304 tanta
1335 4246 1588 4320 o‘peretur
1616 4251 1754 4305 mala
1779 4291 1795 4316 ,

201 4353 304 4392 nec
337 4353 489 4391 mora
519 4353 652 4407 opus
683 4339 872 4395 habeat
899 4358 911 4394 :
943 4351 995 4394 et
1021 4341 1065 4394 si
1096 4342 1145 4395 in
1173 4342 1221 4395 vi
1253 4334 1348 4396 sua
1396 4353 1793 4411 perseveraret,

198 4429 288 4482 vix
341 4429 665 4498 superabilis
707 4440 867 4486 essm.
900 4431 1102 4486 Vellem
1135 4434 1418 4510 ostendere
1444 4477 1459 4500 ,
1505 4437 1623 4505 quis
1655 4437 1721 4490 sit
1753 4439 1796 4492 is

198 4521 288 4588 qui
312 4520 671 4580 conviciator,
695 4523 812 4591 quis
840 4523 927 4577 ille
955 4524 1042 4593 qui
1071 4523 1493 4596 philosophatur,
1518 4537 1572 4583 et
1602 4530 1795 4584 nudam

199 4614 490 4682 utriusque
536 4613 766 4668 animam
800 4615 850 4669 in
882 4617 1114 4671 medium
1158 4617 1366 4674 afferre.
1402 4620 1621 4677 Videres
1652 4623 1796 4678 illam

196 4703 442 4758 similem
467 4719 588 4759 esse
619 4705 803 4776 pelago
823 4706 1070 4763 ﬂuetibus
1096 4712 1316 4780 agitato,
1348 4713 1484 4768 hanc
1509 4717 1795 4785 tranquillo

196 4797 405 4864 portui.
442 4796 626 4867 Neque
673 4800 815 4855 enim
852 4803 1094 4857 turbatur
1119 4819 1148 4858 a
1183 4805 1424 4875 malignis
1450 4809 1656 4873 ventis,
1703 4809 1794 4863 sed

196 4888 323 4944 illos
357 4887 518 4945 facile
565 4891 735 4945 sedat.
765 4892 894 4946 Nam
921 4894 1006 4963 qui
1040 4898 1391 4951 contumelias
1421 4898 1675 4960 inferunt,
1710 4902 1793 4955 ni-

198 4977 272 5032 hil
306 4995 422 5034 non
449 4989 612 5048 agunt
637 4991 690 5034 ut
720 4983 1031 5048 mordeant;
1062 5001 1184 5040 eum
1208 4997 1384 5040 autem
1414 4987 1512 5042 hac
1538 5003 1633 5059 spe
1665 4991 1794 5060 lapsi

199 5081 349 5137 sunt,
375 5072 479 5141 ipsi
503 5071 715 5128 demum
743 5074 1014 5141 sedantur,
1041 5088 1093 5132 et
1116 5081 1382 5135 emendati
1407 5081 1622 5137 abeunt.
1656 5083 1792 5141 Fieri

217 5219 278 5296 ,γε
308 5219 574 5296 piciocus
596 5224 666 5272 sic
707 5223 917 5292 habetur
939 5228 1065 5296 apud
1082 5231 1347 5286 .stontf.....
1391 5248 1535 5296 quam
1557 5243 1796 5290 contiunc-

190 5281 331 5357 lia.l[
346 5283 739 5357 Adulatiouquasi
761 5300 889 5357 esca
907 5281 1130 5350 quinam»
1149 5301 1220 5357 est
1242 5308 1350 5357 [μίαν
1374 5281 1794 5352 ﬁﬁ'ﬁnéiiiéiiiéa

189 5342 768 5422 (rapiquldifﬁfiliusgue
780 5355 850 5397 est
868 5342 996 5422 [ιᾱηε
1013 5365 1155 5422 quam
1180 5342 1310 5404 iilu'm
1329 5342 1792 5420 suam:taxa};

192 5405 366 5455 clausa
399 5405 504 5455 non'
523 5405 838 5468 reperiuntur
867 5412 911 5460 in
939 5405 1077 5462 tcxlu
1101 5416 1287 5467 (tam.

1045 384 1105 440 IN
1147 382 1550 438 ΜᾹΤΤΗᾸἾῚΜ
1597 380 1821 436 ιιολιιιι.
1866 379 2168 436 LXXXVII.
2208 380 2276 434 al.
2321 379 2652 435 LXXXVIII.

3416 387 3521 446 774

1924 495 2064 544 enim
2091 491 2272 560 nequit
2299 500 2356 546 ut
2384 492 2464 546 vir
2488 493 2657 547 iratus
2686 505 2790 545 non
2823 506 2882 545 se
2911 489 3197 546 :ulmodum
3222 492 3510 564 improbet,

1919 593 2062 645 sicut
2088 590 2202 642 lieri
2249 590 2438 658 nequit
2474 599 2532 641 ut
2559 587 2652 657 qui
2681 602 2787 642 non
2819 584 3079 639 irascitur
3107 578 3345 656 seipsum
3376 600 3512 640 con-

1914 683 2152 736 demnet.
2175 679 2308 735 Nam
2328 683 2374 736 si
2395 682 2447 734 iu
2463 680 2704 750 aliquem
2722 680 3012 749 insurgere
3031 686 3301 748 oporteat,
3321 677 3373 732 id
3389 678 3514 733 sino

1915 772 1992 826 ira
2021 783 2198 840 pote.~t
2219 773 2355 838 ﬁeri,
2385 781 2439 827 et
2460 772 2678 841 quidem
2707 768 2926 824 facilius
2946 769 3378 838 prudentiusque
3401 777 3508 835 est,

1913 881 2078 935 quam
2100 859 2298 918 iratum
2320 864 2370 917 id
2397 865 2574 918 lacere
2598 883 2606 917 :
2634 863 2882 931 nihilque
2913 863 3186 931 ingratum
3210 863 3510 929 patiemur.

1913 957 1968 1012 Si
1991 972 2228 1026 namque
2249 955 2506 1020 velimus,
2527 955 2671 1026 apud
2692 970 2792 1011 nos
2818 954 2967 1024 ipsos
2985 953 3127 1009 bona
3150 960 3333 1019 erunt,
3353 952 3511 1024 ctju-

1907 1057 2066 1101 vaute
2094 1048 2186 1102 Dei
2210 1049 2380 1116 gratia
2406 1047 2558 1101 nobis
2583 1048 2712 1115 ipsis
2738 1047 2867 1100 satis
2891 1047 3091 1100 erimus
3117 1046 3181 1100 ad
3209 1045 3426 1100 tutelam
3452 1059 3507 1102 et

1909 1139 2190 1192 honorem.
2225 1138 2335 1191 Cur
2365 1138 2508 1191 enim
2559 1137 2782 1206 gloriam
2833 1135 2900 1189 ab
2946 1138 3116 1191 altero
3159 1137 3397 1207 quzeris?
3429 1139 3506 1192 'l'u

1909 1229 2136 1298 teipsum
2183 1229 2385 1284 honora
2410 1270 2425 1294 ,
2458 1239 2511 1283 et
2540 1243 2702 1284 nemo
2732 1228 2824 1283 tibi
2878 1229 3074 1296 poti-rit
3119 1229 3502 1283 contumeliam

1908 1321 2138 1384 inferre;
2171 1322 2212 1375 si
2262 1336 2392 1375 vero
2440 1329 2494 1375 tu
2540 1320 2768 1391 teipsum
2822 1319 3182 1393 dclionestes,
3215 1321 3422 1374 etiamsi
3457 1333 3508 1374 te

1907 1425 2097 1467 omnes
2130 1411 2418 1474 honorent,
2445 1426 2549 1465 non
2575 1410 2628 1464 in
2654 1410 2859 1465 honore
2883 1411 3010 1466 cris.
3039 1411 3502 1479 Quemadmodum

1908 1503 2048 1559 enim
2081 1502 2184 1556 nisi
2217 1516 2315 1555 nos
2345 1501 2486 1555 malo
2513 1500 2816 1554 imbuamus
2846 1501 3036 1554 affectu
3063 1543 3078 1568 ,
3114 1517 3271 1555 nemo
3303 1517 3402 1555 nos
3430 1502 3509 1555 sic

1909 1594 2115 1648 imbuet
2138 1609 2150 1644 :
2185 1593 2264 1646 sic
2295 1592 2395 1646 nisi
2419 1605 2516 1645 nos
2539 1592 2862 1646 contumelia
2887 1590 3203 1656 afﬁciamus,
3231 1608 3388 1647 nemo
3414 1591 3510 1646 de-

1907 1683 2204 1738 decorabit.
2231 1683 2313 1737 Sit
2337 1683 2480 1737 enim
2527 1682 2609 1736 vir
2635 1682 2898 1752 quispiam
2930 1681 3276 1738 admirandus
3303 1693 3357 1738 ct
3388 1698 3505 1736 ma-

1907 1789 2045 1843 gnus
2068 1815 2082 1839 ,
2113 1787 2411 1842 omnesque
2442 1772 2590 1826 illum
2620 1773 2894 1829 moechum
2926 1783 3152 1840 vocent,
3182 1774 3350 1829 furem
3376 1816 3390 1841 ,
3422 1792 3506 1830 sc-

1910 1866 2222 1935 pulcrorum
2270 1863 2583 1919 cmissorem
2610 1905 2624 1928 ,
2677 1863 2998 1919 homicidam
3022 1905 3036 1928 ,
3088 1865 3386 1920 latronem:
3418 1869 3506 1922 ille

1909 1972 2037 2011 vero
2079 1972 2178 2012 nec
2211 1968 2492 2012 moveatur
2513 1999 2528 2022 ,
2561 1971 2661 2011 nec
2693 1955 3039 2027 indignetur,
3073 1958 3271 2013 nullius
3316 1974 3502 2014 eorum

1906 2050 2004 2104 sibi
2033 2052 2282 2104 conscius
2317 2069 2328 2103 :
2360 2064 2520 2119 quam
2551 2049 2640 2104 ille
2669 2049 3050 2104 contumeliam
3086 2051 3353 2118 patietur?
3378 2052 3505 2106 Nul-

1905 2140 2010 2193 lam
2059 2141 2238 2210 plane.
2273 2141 2412 2208 Quid
2458 2155 2622 2210 ergo,
2657 2141 2901 2210 inquies,
2937 2141 2983 2196 si
3015 2141 3167 2196 multi
3200 2142 3505 2216 bujusmodi

1904 2230 1970 2284 de
2020 2231 2138 2301 ipso
2182 2232 2493 2300 Opinionem
2541 2231 2814 2286 habeant?
2844 2232 3026 2302 Neque
3057 2232 3135 2287 sic
3177 2237 3502 2289 contumelia

1903 2321 2128 2377 affectus
2157 2331 2276 2388 est,
2306 2323 2398 2377 sed
2428 2323 2502 2376 illi
2535 2324 2745 2392 seipsos
2772 2322 3170 2378 dedecorarunt
3191 2366 3205 2390 ,
3250 2327 3392 2396 quod
3426 2337 3505 2380 ta-

1904 2414 2006 2469 lem
2031 2415 2176 2469 illum
2203 2416 2337 2470 falso
2358 2416 2806 2471 existimaverint.
2842 2416 2935 2470 Dic
2957 2417 3099 2471 enim
3125 2419 3253 2473 milii
3277 2459 3293 2484 ,
3317 2421 3359 2472 si
3385 2417 3504 2489 quis

1903 2509 2069 2564 Solem
2098 2510 2388 2564 obscurum
2411 2523 2532 2563 esse
2557 2518 2732 2580 putet,
2758 2524 2825 2564 an
2854 2509 2954 2564 soli
2983 2509 3236 2573 detraxit,
3265 2525 3331 2565 an
3360 2512 3503 2566 sibi?

1903 2600 2015 2655 Sibi
2065 2605 2281 2672 utique,
2333 2601 2460 2655 dum
2509 2601 2608 2654 sibi
2641 2610 2732 2654 aut
2773 2601 2901 2655 caici
2929 2609 3023 2655 aut
3052 2601 3278 2656 furentis
3307 2601 3502 2658 famam

1901 2693 2172 2748 conciliat.
2212 2693 2302 2747 Sic
2328 2701 2383 2746 et
2411 2693 2444 2746 ii
2492 2692 2582 2762 qui
2629 2691 2803 2746 bonos
2851 2707 2972 2746 esse
3016 2691 3190 2746 malos
3220 2701 3440 2761 putant.
3472 2712 3503 2748 e

1901 2784 2173 2838 contrario
2200 2783 2411 2853 seipsos
2435 2781 2704 2837 dedecore
2723 2781 2965 2836 afficiunt
2993 2800 3006 2836 :
3039 2782 3158 2836 ideo
3187 2784 3377 2854 majori
3412 2799 3492 2839 cu-

1903 2875 2125 2930 randum
2155 2875 2336 2930 studio
2363 2882 2485 2942 est,
2520 2886 2575 2930 ut
2605 2876 2992 2931 conscientiam
3023 2885 3265 2932 nostram
3293 2892 3499 2946 expur-

1899 2985 2086 3038 gemus
2106 3007 2122 3033 ,
2153 2983 2326 3038 neque
2353 2982 2539 3022 ansam
2566 2968 2728 3022 ullam
2759 2969 3048 3038 suspicioni
3080 2967 3306 3034 demus;
3331 2973 3375 3023 si
3410 2985 3501 3023 ve-

1900 3077 1960 3115 ro
1987 3061 2077 3114 alii
2105 3060 2287 3116 furere
2313 3059 2604 3127 voluerint,
2637 3061 2793 3116 nobis
2820 3061 2922 3116 hoc
2950 3062 3112 3116 modo
3137 3062 3364 3128 allectis,
3390 3081 3498 3118 non

1899 3155 1950 3209 id
1977 3169 2168 3209 curare
2192 3195 2207 3220 ,
2241 3153 2326 3208 vel
2355 3153 2542 3208 dolere
2573 3168 2711 3223 opus
2757 3164 2859 3210 est.
2892 3154 3023 3210 Nam
3052 3156 3140 3223 qui
3173 3156 3348 3212 bonus
3377 3173 3499 3211 cum

1899 3247 2003 3312 sit,
2053 3245 2334 3315 improbus
2360 3259 2388 3298 a
2420 3245 2739 3316 quibusdam
2787 3254 3003 3315 putatur
3031 3262 3154 3302 esse
3178 3289 3193 3314 ,
3223 3246 3311 3300 hic
3352 3260 3502 3303 certe

1899 3337 2027 3391 nihil
2059 3337 2183 3392 hinc
2207 3336 2450 3404 laeditur;
2479 3337 2568 3408 qui
2602 3353 2729 3393 vero
2759 3336 2809 3393 id
2843 3338 2982 3394 male
3010 3346 3063 3392 et
3094 3349 3296 3394 temere
3318 3343 3498 3410 suspi-

1895 3439 2046 3484 catus
2072 3437 2175 3494 est,
2202 3429 2246 3482 is
2270 3437 2570 3484 extremam
2598 3427 2896 3499 perniciem
2925 3428 3122 3494 subiit;
3147 3429 3500 3496 quemadmo-

1895 3522 2020 3575 dum
2049 3530 2103 3576 et
2135 3520 2432 3590 improbus,
2463 3520 2510 3576 si
2541 3535 2574 3576 e
2597 3521 2871 3575 contrario
2895 3519 3068 3574 bonus
3088 3533 3212 3575 esse
3239 3528 3492 3591 putetur,

1895 3615 2027 3669 nihil
2058 3615 2183 3669 hinc
2213 3613 2551 3680 lucrabitur;
2578 3613 2672 3668 sed
2704 3613 2895 3682 majori
2922 3614 3188 3668 obnoxius
3215 3614 3317 3668 erit
3341 3613 3497 3668 dan:-

1895 3706 2099 3760 nationi
2127 3748 2143 3772 ,
2194 3705 2356 3774 inque
2387 3705 2645 3774 majorem
2678 3705 2878 3758 incidet
2905 3719 3214 3760 tuan-orem.
3243 3703 3374 3759 Nam
3405 3708 3493 3775 qui

1898 3798 2072 3852 malus
2099 3812 2220 3850 cum
2253 3798 2323 3849 sit
2345 3837 2359 3860 ,
2406 3795 2576 3849 malus
2604 3796 2943 3848 existimatur
2968 3810 3086 3849 esse
3107 3837 3122 3862 ,
3157 3796 3291 3850 forte
3324 3796 3501 3848 humi-

1897 3889 2055 3942 liatus
2077 3929 2092 3953 ,
2123 3898 2341 3956 peccata
2374 3902 2469 3940 sua
2499 3887 2740 3952 noverit;
2771 3887 2814 3940 si
2846 3901 2975 3941 vero
3015 3887 3210 3954 lateat,
3240 3889 3292 3942 in
3337 3888 3495 3942 indo-

1896 3980 2111 4034 lentiam
2137 3980 2371 4034 decidet.
2398 3979 2532 4034 Nam
2553 3979 2598 4032 si
2624 3979 3000 4034 accusantibus
3023 3980 3274 4036 omnibus
3301 3997 3493 4051 pecca-

1895 4082 2039 4129 tores
2071 4075 2156 4128 vix
2209 4076 2514 4128 excitantur
2562 4072 2630 4127 ad
2671 4085 3189 4143 compuncttonem:
3231 4090 3354 4130 cum
3387 4093 3496 4132 non

1895 4167 2054 4224 modo
2083 4182 2187 4221 non
2208 4174 2494 4232 accusent,
2520 4166 2614 4222 sed
2639 4167 2799 4220 etiam
2825 4165 3048 4221 laudent
3070 4168 3333 4236 nonnulli,
3362 4185 3498 4241 quo-

1895 4259 2054 4314 modo
2096 4259 2282 4314 oculos
2327 4260 2535 4328 aperire
2579 4259 2786 4329 possint
2827 4260 2885 4314 in
2930 4261 3164 4330 nequitia‘
3209 4261 3496 4319 viventes?

1893 4351 2007 4406 Non
2029 4350 2182 4406 audis
2211 4350 2432 4405 Paulum
2452 4361 2795 4405 accusantem
2817 4351 2960 4420 quod
2985 4351 3360 4408 fornicatorem
3387 4370 3494 4409 non

1895 4445 2054 4498 modo
2080 4445 2436 4498 non'siverint
2461 4440 2723 4498 Corinthii
2758 4453 3032 4514 peccatum
3056 4460 3210 4501 suum
3233 4461 3493 4518 agnosce—

1896 4551 1952 4591 re
1975 4578 1990 4599 ,
2025 4535 2150 4590 dum
2184 4534 2690 4590 lionorarentgillum
2717 4577 2732 4602 ,
2769 4537 2974 4606 ipsique
3004 4537 3318 4604 plauderent
3345 4578 3365 4607 ,
3396 4543 3493 4596 sed

1894 4628 2054 4681 etiam
2084 4633 2136 4680 in
2165 4627 2400 4696 nequitia
2442 4626 2774 4682 detinuerint
2813 4629 2905 4697 (l.
2933 4628 3050 4682 Cor.
3077 4630 3131 4684 5.
3166 4629 3489 4699 l)?Quam-

1893 4720 2102 4787 obrcm,
2134 4721 2360 4776 obsecro
2380 4763 2395 4788 ,
2430 4721 2718 4775 multorum
2751 4723 3053 4792 opiniones,
3087 4728 3445 4782 contumelias
3470 4771 3485 4794 ,

1894 4812 2126 4868 Imnores
2154 4813 2483 4884 negligentes
2505 4855 2520 4878 ,
2556 4814 2656 4868 hoc
2688 4830 2852 4868 unum
2893 4815 3204 4872 studeatnus
3227 4860 3243 4885 ,
3279 4830 3334 4873 ut
3367 4825 3492 4874 nul-

1894 4906 1994 4960 lius
2025 4905 2150 4960 mali
2184 4906 2336 4961 nobis
2367 4909 2568 4961 conscii
2599 4908 2788 4972 simus,
2819 4924 2990 4980 neque
3019 4925 3116 4964 nos
3149 4911 3294 4981 ipsos
3325 4913 3495 4969 dede-

1891 5013 2018 5052 core
2045 4996 2382 5063 afficiamus;
2430 4999 2506 5054 sic
2551 5002 2695 5056 enim
2724 5010 2778 5056 et
2806 5001 2889 5055 hic
2921 5012 2976 5057 et
3004 5003 3055 5057 in
3088 5003 3266 5058 futuro
3294 5009 3495 5060 smeulo

1893 5088 2057 5142 multa
2105 5089 2274 5158 gloria
2310 5088 2590 5155 fruemur;
2639 5107 2798 5160 quam
2851 5092 3054 5146 utinam
3097 5108 3497 5164 consequamur

1892 5193 2102 5242 omnes,
2129 5181 2297 5249 gratia
2327 5190 2380 5234 et
2407 5181 2733 5252 benignitate
2760 5181 2967 5237 Domini
2998 5185 3165 5240 nostri
3191 5186 3316 5240 Jesu
3339 5188 3495 5242 Chri-

1893 5270 1959 5324 sti
1985 5310 1999 5335 ,
2029 5271 2247 5340 quicum
2291 5270 2436 5325 Patri
2478 5272 2745 5343 simulque
2774 5273 2994 5344 Spiritui
3025 5286 3213 5331 sancto
3243 5278 3410 5346 gloria
3440 5291 3494 5334 et

1893 5363 2172 5432 imperium
2199 5404 2213 5428 ,
2237 5379 2380 5418 nunc
2407 5375 2462 5420 et
2493 5380 2730 5436 semper,
2758 5377 2812 5422 et
2836 5368 2886 5422 in
2915 5371 3110 5424 siccula
3137 5373 3489 5425 smculorum.

1894 5459 2084 5510 Amen.

1608 5639 2097 5720 Μ

531 5903 799 5964 Parnm.
841 5903 956 5963 (in.
1011 5904 1224 5964 Ll'lll.
