4160 6330
675 415 780 474 775

672 541 1648 580 Μ*-

1879 531 2044 542 ...α-ι

1655 536 1878 549 ...ρ-

1459 405 1498 457 S
1557 398 1828 457 .lOAN-NIS
1860 387 2321 448 οίίῐὶγςοετοῃι
2355 384 2664 439 ΑΠΕΗΙΕΡ.
2708 378 3235 438 (ἽΟΝΞΤᾹΝἨΧΟΡ.

2049 523 2302 538 ...η-..-

1658 605 2000 670 HOMILIA
2047 596 2454 660 LXXXVIII.
2501 593 2585 655 al.
2631 593 2990 654 LXXXIX.

671 783 796 835 (lar.
832 777 922 831 27.
965 790 1014 830 v.
1204 770 1246 822 Α
1289 773 1426 821 sexta
1459 770 1624 816 autem
1677 761 1802 809 liora
1851 748 2060 804 tenebrat
2099 744 2246 811 facta

745 877 861 920 sunt
882 881 1033 932 super
1057 863 1339 914 universam
1368 865 1551 908 terram
1572 862 1728 917 usque
1751 843 1818 896 ad
1843 842 2019 894 harant
2038 847 2241 888 nonum.

741 957 830 1012 46.
877 927 1026 1011 Circa
1067 960 1230 1004 autem
1275 947 1450 999 horam
1477 954 1658 995 nonam
1687 932 1919 988 clamavit
1955 927 2106 982 Jesns
2134 936 2248 975 race

744 1063 950 1118 magna,
980 1043 1148 1096 dicem
1172 1054 1192 1092 :
1224 1036 1326 1100 Eli,
1361 1033 1465 1098 Eli,
1506 1032 1642 1086 latua
1681 1019 2020 1080 subeat/iani?
2058 1016 2111 1069 id
2153 1022 2243 1070 est,

749 1104 887 1193 Deus
915 1104 1072 1199 metu,
1102 1130 1241 1185 Dens
1264 1143 1420 1188 meus,
1453 1132 1507 1177 ut
1531 1119 1650 1191 quid
1677 1110 1985 1182 dereliquisti
2011 1105 2129 1160 me?
2155 1104 2221 1157 κεῖ

750 1229 969 1295 Quidam
992 1238 1107 1278 vero
1135 1236 1198 1277 ea:
1224 1214 1558 1278 adstantibus,
1583 1225 1696 1265 cum
1724 1206 1828 1260 haec
1855 1199 2111 1259 audirent,
2143 1210 2244 1248 CH'.

749 1390 801 1442 1.
828 1385 942 1440 Hoc
967 1389 1052 1437 est
1094 1371 1304 1447 signum
1338 1367 1489 1432 illud,
1515 1362 1652 1436 quod
1683 1359 1826 1431 prius
1859 1349 2162 1426 petentibus
2191 1359 2250 1397 se

678 1481 923 1533 daturum
972 1467 1334 1538 pollicebatur,
1392 1461 1576 1514 dicens
1621 1471 1636 1508 :
1687 1447 1952 1506 Generatio
2001 1456 2154 1511 praua
2201 1447 2249 1491 ct

679 1571 908 1625 adultera
934 1565 1130 1632 signum
1157 1556 1356 1629 quierit,
1389 1560 1434 1605 et
1466 1551 1665 1618 riguum
1701 1558 1801 1596 non
1835 1538 2036 1592 dabitur
2061 1533 2126 1596 ei,
2155 1528 2251 1582 nisi

681 1670 880 1733 signum
912 1628 1061 1710 Iona!
1097 1628 1351 1721 propheta.I
1377 1639 1588 1716 (Matth.
1621 1635 1705 1692 I2.
1732 1633 1822 1703 '59)
1859 1648 1872 1684 :
1905 1628 1991 1682 ubi
2013 1635 2246 1733 crucem,

686 1715 954 1812 nionem,
985 1743 1282 1814 sepulcrum
1315 1738 1329 1768 ¹
1361 1744 1416 1791 et
1467 1727 1908 1788 resurrectionem
1971 1715 2248 1787 significat.

685 1846 752 1899 Et
779 1855 963 1897 rursus
989 1837 1095 1891 alio
1136 1832 1293 1887 modo
1322 1829 1566 1881 virtutem
1593 1819 1767 1876 crucis
1800 1807 2142 1884 significando
2166 1804 2248 1856 di-

683 1936 834 1990 cebat
865 1949 877 1982 :
906 1928 1033 1986 Cum
1062 1919 1398 1980 exaltuveritis
1429 1915 1476 1968 F
1480 1914 1622 1968 ilium
1661 1907 1897 1962 hominis.
1921 1912 2038 1954 tunc
2065 1909 2251 1965 cogno—

683 1989 828 2082 scetis
855 2005 974 2088 quia
1002 2035 1090 2088 ego
1118 2030 1230 2070 sum
1272 2008 1453 2080 (Joan.
1499 2005 1550 2060 8.
1599 2001 1734 2070 28);
1786 1995 1835 2050 id
1865 2003 1966 2055 est,
2004 1989 2253 2088 Cum'me

685 2109 1076 2172 ι-ηιεὶιῖ·.θι’ἰιίε,
1107 2116 1159 2160 et
1186 2118 1270 2158 me
1296 2101 1488 2154 victum
1525 2110 1553 2147 a
1599 2090 1748 2146 vobis
1774 2100 1893 2140 esse
1924 2077 2248 2152 putaveritis,

688 2212 812 2263 tunc
841 2204 1069 2259 maxime
1099 2191 1458 2251 fortitudinem
1498 2198 1669 2240 meam
1713 2178 1910 2234 scietis.
1949 2172 2076 2227 Nam
2106 2177 2252 2237 post-

687 2316 844 2372 quam
881 2294 1165 2352 crucifixus
1193 2296 1294 2350 est,
1344 2285 1552 2338 illorum
1602 2275 1786 2330 civitas
1826 2267 2000 2340 periit,
2039 2261 2253 2318 .ludaica

687 2350 879 2448 deSsar'
909 2397 984 2451 nt,
1014 2395 1067 2440 et
1096 2379 1274 2452 politia
1295 2387 1505 2446 quoque
1533 2376 1588 2422 ct
1613 2367 1827 2420 libertas
1868 2359 2075 2413 illorum
2111 2350 2255 2406 ceci-

687 2487 786 2547 dit,
811 2450 1113 2552 praedicatio
1138 2471 1336 2530 floruit,
1365 2476 1418 2520 ct
1451 2462 1518 2516 ad
1542 2469 1840 2515 extremum
1883 2450 2064 2503 orbem
2093 2458 2256 2499 evan-

687 2578 888 2646 gelieus
914 2585 1090 2626 sermo
1112 2560 1384 2636 pervenit;
1409 2565 1570 2618 terra,
1600 2564 1766 2610 mare,
1796 2542 2022 2598 habitata
2047 2533 2256 2590 inhabi-

1599 2643 1610 2646 “
1634 2641 1642 2646 ⁵
1919 2632 1947 2646 ι·
1968 2645 1971 2646 ν
1994 2645 2003 2646 κ
2057 2636 2070 2646 ι
2135 2623 2256 2646 ll.--

693 2623 907 2737 lataque
947 2671 1085 2716 terra
1115 2623 1370 2709 'virtutem
1406 2648 1520 2716 ejus
1562 2641 1756 2709 uh'tque
1788 2632 2093 2704 pr.edicant.
2135 2623 2258 2678 ll:cc

691 2718 984 2827 ergo'dicit,
1008 2761 1060 2806 et
1085 2763 1143 2803 ca
1166 2759 1284 2815 quae
1305 2741 1423 2811 ipso
1453 2734 1627 2792 crucis
1656 2740 1894 2798 tempore
1927 2718 2273 2805 acciderunt:

691 2806 856 2903 Miluo
882 2844 1076 2913 quippe
1117 2832 1408 2891 mirabilius
1449 2825 1546 2880 fuit
1579 2821 1694 2878 lucc
1722 2814 1977 2872 accidisae
2006 2824 2123 2864 cum
2146 2806 2259 2872 ipse

690 2939 832 2994 cruci
865 2936 1051 2990 aftixus
1075 2936 1233 2991 esset,
1263 2936 1418 2994 quam
1442 2917 1558 2973 siin
1592 2923 1731 2968 terra
1761 2918 1886 2962 tunc
1913 2900 2256 2958 ambulasset.

692 3031 870 3100 Nt'qtte
911 3028 962 3081 in
998 3023 1099 3077 hoc
1128 2991 1300 3073 solum
1329 3027 1417 3069 res
1457 3004 1713 3078 stupenda
1743 3006 1877 3063 erat,
1921 2993 2013 3049 sed
2053 2991 2258 3059 signum

694 3081 865 3185 illu‘d;
883 3116 1021 3187 quod
1065 3107 1412 3182 qumrebant,
1458 3100 1524 3155 de
1568 3095 1700 3151 caelo
1731 3092 1921 3146 factum
1974 3095 2077 3148 est,
2126 3090 2180 3136 et
2209 3081 2259 3132 in

698 3215 942 3269 universa
972 3218 1145 3268 terra;
1174 3202 1225 3257 id
1251 3195 1392 3269 quod
1423 3205 1707 3259 numquam
1736 3185 2050 3251 contigerat,
2081 3175 2178 3229 nisi
2210 3174 2261 3225 in

699 3305 930 3375 Egyplo
970 3307 1195 3357 tantum,
1241 3287 1452 3362 quando
1485 3277 1691 3354 pascha
1737 3270 2053 3331 celebraturi
2092 3272 2262 3319 crant.

701 3364 907 3452 Etenim
932 3392 1016 3444 illa
1047 3389 1234 3441 horum
1267 3394 1420 3452 typus
1437 3385 1608 3432 erant.
1637 3371 1702 3426 Et
1725 3364 2088 3447 animadverte
2103 3372 2269 3426 quau-

699 3493 891 3544 donant
936 3485 1048 3538 lucc
1093 3482 1237 3534 liaut.
1284 3474 1340 3528 In
1377 3467 1618 3531 meridie,
1650 3473 1705 3516 ut
1735 3473 1922 3515 omnes
1957 3469 2049 3524 per
2086 3450 2269 3506 orbem

701 3582 984 3636 discerent.
1011 3587 1132 3627 nam
1163 3568 1355 3635 ubique
1385 3571 1641 3616 terrarum
1668 3553 1783 3608 dics
1807 3555 1921 3603 crat
1951 3563 1964 3597 :
1997 3541 2137 3614 quod
2168 3541 2273 3593 uti-

703 3687 806 3738 que
835 3667 898 3723 ad
936 3667 1053 3721 illos
1081 3653 1468 3718 convertendos
1510 3644 1824 3705 sufficiebat,
1867 3653 1971 3694 non
2010 3632 2272 3702 magnitu-

707 3765 829 3818 dine
856 3761 1023 3814 solum
1053 3749 1312 3811 miraculi,
1339 3743 1432 3801 sed
1476 3738 1614 3812 quod
1661 3736 1776 3790 lucc
1806 3736 2105 3800 Opportune
2134 3721 2272 3776 acci-

709 3856 912 3910 derent.
965 3847 1092 3902 Nam
1137 3850 1257 3913 post
1293 3838 1384 3893 illa
1422 3823 1597 3889 olunia
1636 3842 1753 3898 qua:
1802 3825 1985 3878 insane
2017 3817 2270 3874 fecerant,

711 3953 830 4015 post
855 3937 1148 3996 derisioucs
1174 3931 1290 3987 illas
1316 3927 1538 3996 iniquas,
1570 3920 1620 3976 id
1650 3915 1860 3979 accidit,
1892 3907 2103 3981 quando
2130 3904 2275 3959 furor

1559 4013 1572 4015 ’
1761 4008 1778 4015 ⁸
1974 4010 1986 4015 -
2143 4012 2160 4015 -
2174 4012 2198 4015 μ-
2216 3995 2274 4015 .l-

711 3995 1008 4093 .rcmiserat,
1038 4023 1246 4096 quando
1293 4015 1498 4075 ridendi
1549 4013 1706 4067 linem
1757 4008 2013 4066 fecerant,
2066 3995 2278 4068 quando

709 4127 862 4195 jactis
890 4120 1124 4175 dicteriis
1167 4109 1407 4170 exsatiati
1455 4113 1627 4167 erant,
1675 4109 1730 4156 el.
1770 4096 1946 4152 omnia
1979 4105 2073 4161 pro
2117 4087 2281 4140 lttbito

716 4180 986 4272 dixerant;
1017 4217 1140 4262 tunc
1186 4200 1431 4256 tenebras
1455 4191 1710 4254 exhibuit,
1742 4197 1800 4242 ut
1845 4184 1924 4238 vel
1975 4183 2053 4237 sic
2082 4180 2156 4233 ira
2198 4190 2283 4230 se—

716 4311 858 4367 data,
887 4322 948 4360 ex
978 4296 1232 4356 miraculo
1255 4289 1447 4363 aliquid
1484 4288 1835 4341 lucrarentur.
1862 4279 1968 4332 Res
2002 4272 2140 4327 enim
2171 4279 2284 4322 tan-

717 4415 798 4456 tas
825 4401 875 4452 in
900 4409 1056 4451 crure
1099 4402 1255 4455 agere
1293 4380 1582 4438 mirabilius
1608 4383 1742 4441 erat,
1768 4386 1923 4442 quam
1965 4370 2006 4445 si
2033 4367 2096 4421 de
2126 4376 2283 4419 cruce

719 4489 1094 4548 descendisset.
1131 4480 1259 4535 Nam
1306 4476 1418 4530 sive
1447 4473 1591 4526 illum
1633 4469 1748 4521 lucc
1798 4464 1988 4518 fecisse
2016 4462 2282 4530 putarent,

721 4584 939 4638 credere
982 4573 1261 4644 oportebat
1301 4579 1355 4620 et
1399 4568 1618 4627 timere;
1663 4561 1775 4614 sive
1816 4572 1920 4610 non
1971 4553 2139 4613 illum,
2191 4545 2284 4600 sed

723 4675 953 4730 Patrem,
987 4666 1110 4719 hinc
1141 4661 1296 4714 etiam
1337 4655 1613 4724 compungi
1648 4665 1740 4720 par
1777 4655 1932 4702 erat:
1969 4658 2088 4697 nam
2137 4649 2286 4693 teuc-

723 4765 834 4817 brte
871 4759 970 4813 illa:
1014 4770 1079 4809 ex
1125 4753 1198 4806 ira
1228 4749 1293 4804 de
1339 4743 1656 4800 facinoribus
1685 4741 1789 4795 illis
1829 4745 2081 4805 concepta
2129 4732 2290 4802 proli-

724 4853 1075 4910 ciscchaotur.
1102 4842 1250 4914 Quod
1276 4841 1415 4896 enim
1450 4853 1553 4891 non
1580 4843 1721 4890 esset
1741 4832 1968 4900 eclipsis,
1994 4827 2086 4885 sed
2125 4829 2198 4880 ira
2236 4833 2291 4878 et

725 4944 1037 5017 indignatio,
1077 4955 1180 4994 non
1228 4935 1351 4991 hinc
1403 4932 1572 4986 solum
1605 4926 1941 5006 manifestum
1993 4931 2138 4983 erat,
2197 4918 2290 4974 sed

727 5042 886 5097 etiam
925 5049 954 5090 a
1013 5041 1248 5098 tempore
1293 5043 1306 5077 :
1360 5021 1526 5076 tribus
1575 5018 1715 5073 enim
1771 5016 1914 5070 horis
1962 5009 2286 5082 permansit;

731 5130 940 5201 eclipsis
989 5140 1114 5179 vero
1161 5121 1211 5173 in
1259 5123 1526 5170 momento
1577 5109 1828 5179 temporis
1867 5107 1925 5160 fit
1965 5147 1978 5160 .
2020 5103 2158 5174 quod
2190 5115 2291 5154 non

735 5191 970 5294 ignorant
995 5215 1082 5287 qui
1111 5212 1355 5265 viderunt
1384 5223 1397 5258 :
1428 5219 1549 5257 nam
1575 5212 1752 5255 nostra
1780 5197 1937 5253 etiam
1971 5203 2125 5248 (131MB
2163 5191 2295 5246 ccli-

729 5284 838 5390 psis
863 5284 1102 5378 contigit.
1135 5303 1200 5358 Et
1237 5293 1524 5370 quomodo,
1572 5293 1795 5361 inquies,
1831 5305 1933 5341 non
1973 5284 2145 5340 mirati
2177 5291 2298 5336 sunt

726 5378 934 5469 omnes,
967 5415 1063 5456 nec
1089 5397 1409 5468 putaverunt
1428 5399 1548 5441 esse
1572 5383 1736 5437 Deum
1759 5379 1780 5432 ?
1806 5378 1936 5446 Quia
1970 5388 2094 5430 tunc
2134 5391 2298 5442 genus

731 5465 1005 5560 hominum
1038 5465 1103 5545 inv
1137 5484 1299 5543 multa
1333 5474 1644 5548 negligentia
1672 5482 1725 5525 et
1764 5469 1993 5537 nequ‘itia
2028 5465 2299 5520 detineba-

727 5609 831 5653 tur.
864 5592 926 5647 Et
955 5589 1056 5643 hoc
1084 5579 1395 5638 miraculum
1419 5583 1582 5625 unum
1608 5573 1725 5622 erat
1749 5580 1762 5629 ;
1791 5562 1928 5633 quod
1947 5561 2123 5615 statim
2146 5569 2298 5625 atque

727 5683 991 5760 ερμιῑτιιὶι,
1022 5671 1314 5752 pra‘terivit
1344 5687 1356 5721 :
1386 5664 1667 5732 nullusque
1698 5656 1774 5712 rei
1814 5667 2027 5710 causam
2066 5649 2302 5706 ediscere

791 5839 812 5875 ⁸
844 5841 939 5894 Alit
978 5840 1162 5900 legunt,
1188 5826 1504 5894 sepulturam,
1530 5832 1635 5886 pro,
1660 5812 1950 5880 sepulcrum.

2351 739 2631 810 qumsivit;
2665 738 2827 792 multa
2864 752 3076 806 quoque
3103 746 3229 790 tunc
3269 733 3514 805 impietas
3537 749 3600 787 ex
3638 742 3934 786 consuetu-

2350 830 2473 885 dine
2503 828 2838 898 pmvalebat.
2885 827 3068 896 Neque
3107 825 3349 880 sciebant
3393 840 3510 892 quae
3563 836 3725 878 causa
3768 832 3938 893 geste

2351 921 2426 974 rei
2458 929 2599 973 esset
2629 937 2640 974 :
2669 919 2804 973 forte
2826 919 3084 987 putabant
3111 931 3205 986 per
3224 916 3485 986 eclipsim,
3516 916 3596 968 vel
3625 916 3782 967 aliam
3838 929 3937 967 na-

2353 1012 2573 1064 turalem
2599 1026 2811 1064 causam
2839 1009 2887 1063 id
2913 1010 3178 1064 evenisse.
3212 1007 3412 1076 Ecquid
3453 1007 3662 1060 miraris
3687 1006 3757 1060 de
3781 1015 3941 1058 esto-

2352 1107 2422 1155 ris
2448 1103 2539 1171 qui
2567 1103 2695 1156 nihil
2733 1101 2992 1164 sciebant,
3026 1101 3222 1169 quique
3257 1098 3328 1152 oh
3367 1097 3624 1151 desidiam
3655 1097 3722 1150 de
3763 1111 3822 1150 re
3853 1100 3940 1148 tn-

2367 1195 2605 1258 utirenda
2654 1209 2758 1246 non
2801 1193 3141 1263 Cogitabam,
3188 1191 3402 1260 quando
3452 1194 3485 1244 ii
3535 1191 3694 1242 etiam
3740 1189 3832 1258 qui
3886 1188 3940 1242 in

2348 1285 2524 1337 .ludrea
2551 1295 2720 1349 erant,
2754 1291 2868 1353 post
2901 1292 2979 1337 tot
3011 1283 3285 1345 mirantia,
3322 1280 3494 1334 adhuc
3523 1279 3941 1349 perseverabant

2351 1374 2702 1429 contumelias
2733 1373 3038 1438 inferentes,
3073 1362 3390 1444 quamquam
3419 1372 3547 1441 ipsis
3575 1371 3720 1426 clare
3753 1381 3943 1424 osten-

2351 1467 2536 1530 disset,
2565 1481 2624 1520 se
2653 1466 2773 1519 talia
2799 1475 3075 1535 operatum
3105 1463 3309 1519 fuisse?
3334 1462 3456 1518 Ideo
3479 1472 3529 1515 et
3556 1470 3736 1532 pomca
3769 1461 3945 1531 loqui-

2355 1569 2457 1621 tur,
2492 1566 2547 1611 et
2573 1557 2781 1611 discant
2799 1571 2859 1612 se
2883 1556 3057 1610 adhuc
3083 1555 3283 1618 vivere,
3314 1562 3368 1608 et
3390 1555 3478 1608 illa
3511 1552 3717 1615 fecisse,
3741 1563 3796 1608 et
3817 1553 3944 1607 hinc

2354 1649 2540 1703 saltem
2587 1647 2969 1702 moderatiores
3028 1648 3183 1709 fiant,
3229 1659 3293 1701 ac
3332 1644 3481 1709 dicit,
3512 1643 3615 1709 Eli,
3672 1642 3776 1707 Eli,
3806 1644 3942 1694 (ama

2354 1739 2666 1802 subit-timui,
2693 1747 2750 1792 ut
2775 1736 3013 1791 viderent
3040 1752 3159 1792 eum
3193 1751 3359 1805 usque
3383 1734 3448 1789 ad
3475 1745 3672 1789 extren
3703 1750 3772 1786 un
3810 1733 3943 1786 bali-

2359 1845 2466 1889 tum
2500 1835 2762 1888 honorare
2801 1832 3033 1895 Patrem,
3063 1846 3236 1900 neque
3265 1843 3384 1884 esse
3416 1830 3523 1883 Deo
3552 1827 3943 1883 adversarium.

2358 1925 2481 1980 Ideo
2507 1923 2864 1993 propheticum
2895 1921 3177 1992 quamdam
3219 1919 3398 1975 emisit
3425 1934 3629 1981 vocem,
3675 1933 3844 1988 usque
3876 1917 3946 1972 ad

2358 2017 2596 2071 ultimam
2643 2016 2823 2068 horam
2872 2013 3040 2068 veteri
3085 2012 3184 2082 ιον
3238 2013 3483 2081 prmbens
3533 2008 3945 2064 testimonium:

2357 2125 2457 2164 nec
2494 2109 2650 2162 modo
2699 2108 3078 2178 pt‘Opheticam,
3123 2104 3216 2160 sed
3259 2114 3313 2159 et
3357 2104 3666 2160 llebtaieam
3725 2117 3947 2161 vocem;

2358 2203 2428 2257 ita
2461 2214 2515 2255 ut
2537 2203 2639 2256 illis
2661 2211 2842 2255 notum
2862 2209 2916 2253 et
2943 2198 3282 2254 tuanifestum
3315 2195 3363 2251 id
3389 2207 3564 2260 esset;
3598 2210 3800 2264 perque
3827 2209 3949 2248 om-

2359 2295 2442 2348 nia
2471 2291 2700 2347 ostendit
2721 2306 2868 2346 suam
2899 2306 3016 2345 cum
3043 2289 3295 2344 Genitore
3317 2287 3677 2342 concordiam.
3713 2287 3794 2341 Tn
3822 2301 3949 2339 vero

2359 2386 2476 2438 vid--
2520 2384 2728 2438 illorum
2785 2381 3124 2450 petulantiam
3177 2388 3336 2450 atque
3372 2378 3664 2433 vesaniam.
3722 2377 3950 2430 Putavo.

2360 2487 2501 2539 rttn',
2533 2476 2722 2545 inquit,
2742 2474 2909 2528 Etiam
2929 2475 2998 2528 ab
3025 2489 3090 2528 eo
3115 2474 3314 2537 vocari,
3341 2480 3390 2527 et
3418 2473 3596 2526 statim
3621 2479 3952 2544 potaverum

2362 2573 2510 2626 illum
2537 2582 2703 2625 aceto.
2733 2570 2880 2623 Alius
2917 2575 3093 2621 autem
3128 2565 3313 2621 lancea
3356 2564 3493 2620 latus
3535 2539 3650 2632 ejus
3695 2539 3960 2632 spurcit‘.

2360 2660 2494 2728 Quid
2524 2660 2604 2714 his
2632 2659 2878 2728 iniquius,
2907 2657 3031 2726 quid
3062 2656 3309 2720 ferocius,
3339 2654 3428 2726 qui
3450 2669 3688 2724 eousque
3720 2655 3954 2707 furorem

2361 2768 2512 2809 suum
2555 2752 2932 2815 extenderunt,
2983 2757 3040 2805 et
3087 2761 3352 2804 mortuum
3383 2760 3579 2816 corpus
3625 2745 3955 2800 contumelia

2362 2843 2687 2898 affecerunt?
2737 2842 2817 2897 Tu
2855 2855 2983 2895 vero
3034 2837 3303 2909 perpende
3344 2836 3614 2906 quomodo
3655 2835 3958 2889 sceleribus

2362 2948 2547 2989 eorum
2576 2947 2702 2987 usus
2726 2934 2795 2986 sit
2818 2932 2884 2986 ad
2911 2932 3132 2986 salutem
3160 2939 3414 2985 nostram.
3437 2929 3560 2983 Post
3583 2927 3794 2998 plagam
3812 2929 3958 2981 enim

2364 3024 2538 3080 fontes
2566 3025 2752 3080 salutis
2799 3023 2923 3078 inde
2953 3030 3254 3076 manarunt.
3305 3020 3394 3075 50.
3441 3018 3593 3072 Jews
3631 3029 3801 3072 autem
3837 3015 3955 3068 cla-

2364 3135 2508 3172 mnus
2532 3134 2648 3172 uoce
2666 3133 2870 3184 magna,
2899 3115 3060 3168 emisit
3087 3113 3340 3181 spiritum.
3371 3110 3482 3165 lluc
3517 3120 3594 3165 est
3633 3109 3774 3179 quod
3808 3110 3975 3170 dice-_

2367 3211 2456 3265 bat
2488 3229 2501 3263 :
2537 3208 2841 3265 Potestatem
2871 3207 3029 3260 habeo
3061 3203 3278 3275 ponendi
3314 3204 3537 3255 animum
3555 3216 3561 3222 ’
3581 3217 3764 3264 meum,
3791 3211 3838 3252 et
3875 3215 3962 3268 ρο-

2370 3314 2590 3358 testatem
2616 3304 2774 3356 Itach
2795 3303 2972 3355 iterum
2995 3296 3228 3353 attinendi
3255 3312 3364 3348 eam
3389 3294 3563 3364 (Joan.
3598 3293 3683 3348 l0.
3729 3293 3851 3360 l8);
3882 3301 3963 3356 ct,

2371 3396 2484 3468 Ego
2529 3411 2659 3465 pono
2705 3411 2816 3448 eam
2860 3410 2891 3446 a
2935 3407 3015 3446 me
3059 3391 3190 3460 ipso.
3247 3387 3372 3442 Ideo
3421 3401 3550 3440 voce
3600 3385 3961 3448 eac'amavit,

2372 3497 2431 3543 ut
2473 3484 2780 3541 ostenderet
2823 3498 2885 3538 ex
2934 3490 3192 3552 potestate
3243 3492 3505 3542 sua,rem
3553 3475 3686 3546 ﬁeri.
3752 3476 3968 3530 Marcus

2375 3579 2527 3652 (Cap.
2555 3577 2637 3632 15.
2666 3577 2754 3631 Η.
2783 3575 2874 3644 59)
2912 3587 3036 3628 vero
3059 3570 3205 3635 dicit,
3229 3569 3483 3623 miratum
3514 3567 3678 3620 fuisse
3709 3565 3966 3624 Pilatum.

2374 3672 2417 3725 si
2440 3672 2549 3739 jam
2579 3680 2818 3724 mortuus
2842 3673 2984 3721 esset
3011 3681 3024 3719 :
3053 3678 3116 3718 ac
3151 3661 3515 3717 centurionem
3561 3657 3682 3712 ideo
3730 3657 3971 3714 maxime

2375 3759 2684 3822 credidisse,
2715 3757 2835 3828 quia
2861 3771 2981 3811 cum
3023 3753 3299 3824 potestatis
3334 3752 3486 3822 signo
3520 3759 3766 3805 mortuus
3797 3759 3970 3804 essr-t.

2380 3854 2503 3909 llznc
2532 3867 2632 3907 vox
2662 3851 2834 3904 velum
2861 3845 3090 3909 discidit,
3122 3852 3463 3899 monumenta
3506 3841 3735 3912 aperuit,
3777 3849 3836 3894 et
3869 3841 3972 3894 do-

2379 3964 2523 4006 mum
2563 3948 2829 4001 desertam
2883 3939 3132 3996 reddidit.
3187 3937 3298 3992 lloc
3339 3944 3514 3990 autem
3561 3933 3705 3995 fecit,
3755 3948 3869 3987 non
3919 3941 3977 3985 ut

2382 4037 2634 4106 templum
2677 4032 3050 4088 dehonestaret
3103 4024 3393 4100 (quomodo
3432 4024 3572 4078 enim
3612 4023 3663 4078 id
3706 4024 3978 4089 potuisset

2383 4133 2469 4201 qui
2501 4131 2622 4185 dicit
2658 4144 2673 4181 :
2700 4125 2870 4179 Nolite
2895 4128 3058 4192 facere
3086 4121 3291 4173 domum
3319 4116 3491 4171 Patris
3518 4117 3613 4169 mei
3642 4116 3853 4168 domum
3881 4131 3976 4168 ne-

2383 4219 2710 4295 gotiationis?
2737 4214 2996 4289 [lauru-2.
3033 4210 3143 4285 16])
3174 4209 3268 4264 sed
3299 4207 3542 4277 indignos
3575 4206 3693 4259 illos
3737 4205 3979 4259 reddens

2385 4294 2471 4382 qui
2501 4311 2571 4367 ibi
2603 4315 2959 4366 versarentur,
2989 4313 3046 4357 ut
3070 4303 3228 4355 etiam
3249 4314 3369 4354 cum
3394 4295 3520 4352 illud
3545 4294 3852 4366 Babyloniis
3877 4307 3981 4348 tra-

2386 4404 2538 4459 didit.
2571 4401 2692 4456 llaec
2715 4413 2878 4471 porro
2908 4412 3011 4450 non
3039 4409 3100 4448 ea
3133 4393 3303 4445 solum
3333 4389 3401 4444 de
3428 4403 3586 4444 causa
3619 4386 3838 4453 llelmnt,
3882 4387 3981 4443 sed

2369 4505 2504 4559 erat
2529 4492 2652 4548 illud
2678 4488 2951 4557 prOphetia
2979 4485 3168 4540 futurze
3190 4479 3552 4543 desolationis,
3579 4486 3634 4532 et
3657 4478 3983 4532 conversio-

2390 4588 2473 4643 nis
2508 4589 2556 4639 iu
2595 4585 2816 4647 meliora
2845 4578 3278 4645 sublimiomque,
3310 4585 3516 4627 necnon
3551 4571 3797 4639 potentia
3829 4568 3986 4624 illius

2391 4692 2619 4733 διαιιιιῐη.

2475 4695 2619 4730 num.

2438 4695 2516 4821 82.
2544 4765 2618 4818 Ad
2648 4765 2760 4818 haec
2790 4770 2965 4816 autem
2993 4775 3057 4814 ex
3086 4757 3171 4824 iis,
3201 4769 3317 4824 quze
3343 4763 3527 4824 postea
3566 4757 3783 4819 sequuta
3821 4760 3986 4815 Sunt,

2394 4860 2624 4926 scipsum
2664 4853 3048 4914 tnanifestavit,
3083 4866 3148 4903 cx
3190 4855 3520 4902 mor-tuorum
3560 4841 3988 4906 resurrectione,

2395 4966 2461 5006 ex
2503 4949 2782 5004 obscurata
2836 4945 2972 5009 luce,
3024 4951 3079 4996 et
3115 4955 3182 4996 ex
3223 4938 3609 4994 elementorum
3661 4933 3989 4989 mutatione.

2396 5042 2572 5098 Elisau
2608 5040 2749 5095 enim
2789 5048 3029 5104 tempore
3059 5042 3298 5087 mortuus
3329 5037 3595 5082 mortuum
3636 5035 3859 5094 tangens
3894 5039 3991 5078 re-

2397 5135 2625 5191 surrexit
2652 5132 2728 5201 (ι.
2774 5131 2898 5199 Reg.
2931 5128 3017 5182 15.
3050 5125 3183 5194 2|):
3212 5137 3350 5178 nunc
3383 5131 3560 5174 autem
3604 5133 3702 5171 vox
3733 5117 3853 5170 illos
3888 5133 3995 5172 ex.

2397 5229 2596 5291 citavit,
2625 5226 2749 5280 dum
2778 5236 2972 5289 corpus
3003 5220 3054 5272 in
3088 5233 3248 5271 cruce
3287 5227 3518 5284 superne
3560 5209 3772 5264 omnim
3806 5221 3994 5264 esset.

2401 5324 2644 5392 Alioquin
2668 5338 2793 5374 vero
2820 5319 2903 5373 illa
2935 5317 3120 5371 ltorttm
3156 5315 3334 5384 ﬁgura:
3359 5321 3536 5367 erant.
3579 5312 3703 5366 Ideo
3723 5308 3868 5366 enim
3903 5295 3996 5362 illa

2403 5416 2536 5470 facta
2579 5421 2721 5474 sunt,
2754 5421 2811 5465 ut
2839 5409 2953 5464 lucc
2982 5407 3350 5464 crederentur.
3382 5403 3565 5474 Neque
3591 5403 3762 5467 solum
3787 5399 3997 5454 mortui

2401 5507 2755 5567 suscitantur,
2799 5504 2890 5557 scd
2940 5504 3100 5557 etiam
3141 5509 3304 5570 petrae
3344 5498 3698 5555 scinduntur.
3736 5506 3999 5564 terraque

2403 5604 2720 5665 connectitur,
2769 5610 2824 5654 ut
2852 5599 3060 5654 discant
3087 5611 3144 5652 se
3189 5593 3309 5650 illos
3355 5606 3516 5665 posse
3561 5600 3612 5646 et
3641 5602 3921 5646 excacztrc
3945 5595 4000 5643 ct

2494 5809 2510 5840 ι
2537 5803 2592 5861 lu
2617 5810 2726 5853 ttss.
2743 5813 2836 5850 non
2862 5797 3032 5863 paucis
3056 5792 3260 5856 legitur,
3277 5787 3522 5853 lacerarit,
3541 5799 3650 5852 pro,
3665 5776 3879 5845 aperuit.
