4160 6330
236 332 338 392 ππ

235 450 561 516 dirumperc.
596 445 724 503 Nam
763 445 849 514 qui
894 452 1070 515 petras
1109 442 1339 506 discidit,
1371 450 1425 496 et
1449 451 1643 495 terram
1676 446 1818 491 tene-

241 538 355 595 bris
372 539 617 604 obduxit,
659 537 825 592 multo
855 535 1023 604 magis
1063 534 1114 588 in
1146 533 1251 588 illis
1282 532 1405 586 talia
1434 542 1690 600 prarstare
1730 542 1824 597 po-

238 632 449 697 tuisset,
496 630 543 685 si
571 630 786 698 quidem
825 628 1127 683 voluisset:
1159 641 1342 681 rerum
1394 624 1446 678 id
1498 623 1685 699 noluit,
1733 619 1825 674 sed

238 726 477 779 immissa
523 724 574 778 in
620 722 887 777 elementa
920 721 995 775 ira
1025 735 1142 783 sna,
1187 734 1251 774 es
1302 716 1708 772 mansuetudine
1732 729 1827 768 sua

238 819 477 885 ipsorum
499 815 725 869 salutem
746 813 984 868 curabat.
1012 812 1115 868 Sed
1152 810 1228 866 illi
1255 812 1305 864 in
1338 809 1542 864 insania
1575 807 1827 876 perstite-

238 918 384 965 runt.
412 908 558 963 Talis
583 922 668 961 res
709 914 791 961 est
836 905 1068 966 invidia;
1099 919 1204 958 non
1236 902 1388 957 facile
1416 901 1650 956 sedatur.
1680 898 1830 952 Tunc

236 1018 368 1070 ergo
395 1000 482 1055 bis
502 1000 803 1067 conspectis
829 998 1102 1069 prodigiis.
1131 996 1263 1050 nihil
1287 1011 1350 1051 ex
1383 993 1711 1062 impudentia
1743 1006 1830 1045 re-

240 1096 538 1159 miserunt;
588 1104 766 1161 postea
814 1102 989 1146 autem
1043 1089 1255 1159 quando
1292 1087 1467 1157 sigillo
1508 1086 1751 1154 apposito
1779 1092 1833 1137 ct

240 1182 502 1238 militibus
532 1180 951 1237 eustodientibns
980 1179 1303 1241 resurrexit;
1342 1177 1393 1231 id
1428 1176 1569 1246 quod
1609 1176 1676 1230 ab
1704 1174 1834 1242 ipsis

239 1274 557 1331 custodibus
595 1273 927 1337 didicerunt;
964 1280 1188 1342 argento
1223 1270 1342 1324 illos
1367 1282 1743 1336 corruperunt,
1776 1274 1835 1318 ut

240 1366 654 1421 resurrectionis
700 1364 998 1419 testimonia
1050 1361 1456 1418 snll‘urarentur.
1506 1358 1584 1413 Ne
1625 1357 1835 1411 mireris

243 1458 449 1526 itaque,
487 1458 532 1511 si
565 1467 692 1510 tunc
718 1456 877 1508 etiam
921 1444 1163 1522 improbe
1192 1466 1250 1507 se
1272 1459 1591 1522 gesserunt;
1641 1449 1720 1503 sic
1751 1461 1838 1501 se-

244 1547 355 1603 mel
395 1561 456 1602 se
490 1552 935 1614 comparaverant
960 1543 1027 1598 ad
1055 1558 1267 1597 omnem
1298 1540 1645 1608 impudentiae
1673 1538 1837 1592 ratio-

245 1651 373 1691 nem
408 1653 420 1689 :
452 1633 545 1689 sed
572 1633 699 1688 illud
725 1632 1032 1689 consideres
1061 1632 1243 1697 velim,
1275 1632 1449 1701 qualia
1479 1632 1627 1701 signa
1655 1627 1839 1683 fecerit

245 1742 311 1781 ex
335 1725 491 1790 ea-lo,
519 1725 570 1780 in
599 1734 739 1780 terra
769 1732 824 1779 et
848 1724 903 1779 in
921 1723 1039 1794 ipso
1066 1723 1299 1794 templo;
1325 1721 1480 1776 simul
1517 1720 1837 1788 indignatio-

246 1832 373 1871 nem
417 1830 570 1871 suam
618 1825 1081 1881 commonstrans,
1127 1814 1392 1883 simulque
1442 1812 1719 1869 declarans
1774 1825 1837 1863 ea

247 1924 372 1975 qua:
393 1909 520 1963 olim
549 1908 819 1963 inaccessa
855 1915 1027 1973 crant,
1062 1906 1176 1972 jam
1228 1904 1361 1959 adiri
1414 1919 1570 1974 posse
1603 1921 1616 1958 :
1648 1902 1838 1955 rzclum

248 2015 371 2055 esse
387 2000 752 2069 aperiendum,
780 2008 835 2053 et
857 1997 921 2053 ad
942 2014 1064 2054 vera
1088 2007 1271 2053 sancta
1291 2006 1595 2051 sanctorum
1619 2010 1703 2050 res
1720 2008 1840 2047 esse

251 2088 667 2144 transferendas.
710 2089 779 2144 Et
804 2088 889 2143 alii
916 2089 1131 2160 quidem
1172 2087 1440 2151 (licebant,
1473 2086 1535 2142 Si
1560 2102 1648 2140 rex
1678 2084 1842 2139 Israel

248 2189 345 2240 est,
377 2177 804 2232 amendatum
846 2178 910 2231 de
952 2194 1137 2241 cruce;
1168 2180 1282 2248 ipse
1329 2192 1457 2232 vero
1486 2175 1742 2241 ostendit,
1783 2190 1844 2230 se

252 2285 361 2323 non
404 2269 611 2323 lsraelis
648 2269 829 2332 modo,
861 2268 953 2325 sed
998 2272 1157 2323 totius
1185 2269 1331 2323 orbis
1356 2284 1534 2340 regem
1580 2283 1720 2322 csse.
1764 2267 1843 2321 Illi

250 2359 522 2419 dicebant,
557 2359 656 2426 Qui
689 2358 835 2413 solvit
874 2360 1113 2430 templum
1161 2360 1275 2426 hor,
1317 2370 1363 2412 rt
1406 2361 1458 2413 in
1487 2358 1645 2413 tribus
1673 2358 1845 2412 diebus

250 2448 479 2516 trdiﬁrat
505 2447 671 2513 illud;
715 2449 829 2519 ipse
853 2464 980 2505 vero
1012 2448 1272 2512 declarat,
1303 2450 1556 2518 templum
1598 2462 1766 2518 usque
1791 2448 1843 2502 in

254 2540 419 2595 linem
446 2539 715 2595 desertum
746 2538 881 2595 fore.
910 2540 1142 2595 Rursum
1174 2541 1246 2595 illi
1277 2538 1544 2602 dicebant,
1569 2539 1709 2593 Alios
1750 2538 1847 2592 eal-

252 2646 345 2682 ros
377 2630 512 2701 fecit,
536 2630 756 2699 seipsunt
793 2645 894 2684 non
924 2640 1085 2700 potest
1119 2631 1311 2685 salvum
1338 2632 1541 2700 facere;
1579 2629 1693 2701 ipse
1719 2644 1847 2683 vero

256 2720 312 2773 in
338 2733 523 2785 cruce,
550 2719 600 2773 in
632 2733 911 2775 servorum
938 2720 1252 2789 corporibus
1291 2720 1341 2773 id
1371 2734 1490 2774 cum
1532 2734 1722 2788 magna
1752 2734 1849 2789 po-

255 2810 423 2863 tentia
470 2808 720 2864 ostendit.
755 2809 885 2865 Nam
932 2811 976 2864 si
1022 2811 1433 2880 quatriduannm
1484 2808 1743 2863 Lazarum
1781 2823 1849 2864 ex

253 2900 509 2969 supulcro
557 2902 705 2956 exire
742 2915 992 2970 magnum
1029 2910 1167 2966 erat,
1210 2902 1376 2956 multo
1417 2900 1589 2971 majus
1633 2909 1850 2955 sanctos

258 2992 386 3048 illos
411 3008 602 3048 omnes
625 2994 734 3059 jam
778 2994 903 3048 olim
932 2996 1170 3063 sepultos
1197 2995 1478 3051 confertim
1506 2996 1657 3049 vivos
1682 3009 1847 3064 appa—

258 3085 586 3155 rere;quod
636 3084 825 3141 futnrze
868 3086 1274 3143 resurrectionis
1317 3088 1523 3157 signum
1575 3098 1711 3143 erat.
1768 3086 1853 3141 Ait

257 3177 407 3230 enim
438 3196 450 3229 :
480 3175 571 3232 52.
604 3175 771 3230 Multa
819 3194 1035 3248 corpora
1076 3191 1367 3231 structorum
1403 3179 1490 3247 qui
1519 3179 1848 3241 dormierunt,

254 3277 608 3322 surrexerunt.
637 3267 726 3323 55.
754 3265 817 3321 Et
842 3268 1139 3322 introierunt
1167 3269 1220 3321 itt
1253 3280 1480 3322 sanetam
1509 3269 1775 3332 civitatem,
1807 3277 1853 3321 et

257 3370 611 3428 apparuerunt
641 3360 831 3413 multis.
872 3359 949 3415 Ne
977 3360 1117 3415 enim
1145 3371 1421 3431 putaretur
1441 3361 1491 3416 id
1522 3361 1661 3431 quod
1696 3362 1856 3416 fiebat

262 3451 585 3519 phantasma
613 3464 750 3513 esse,
781 3451 963 3508 multis
984 3452 1140 3506 etiam
1165 3462 1422 3523 apparent
1446 3453 1499 3507 in
1523 3454 1756 3508 civitate.
1790 3454 1857 3508 Et

259 3536 512 3594 centurio
530 3556 743 3610 quoque
774 3541 938 3596 Deum
964 3551 1089 3597 tunc
1117 3542 1431 3612 gloriﬁcarit
1459 3545 1641 3599 dicens
1676 3564 1688 3599 :
1733 3544 1857 3599 Vere

261 3632 349 3682 hic
386 3630 535 3685 homo
553 3632 729 3701 justus
755 3642 881 3689 erat.
930 3631 998 3686 Et
1029 3633 1186 3688 turba:
1211 3650 1322 3704 qua:
1364 3646 1600 3691 verterant
1642 3638 1708 3689 ad
1752 3654 1859 3706 spe-

258 3722 527 3783 ctantium,
571 3724 899 3790 percutieutes
925 3735 1127 3795 pectora
1152 3741 1265 3789 tua,
1296 3726 1666 3781 revertebantur
1704 3726 1853 3795 (Luc.

259 3812 339 3865 23
382 3814 470 3866 47.
505 3813 614 3884 48).
663 3813 830 3869 Tanta
878 3825 961 3870 est
1003 3817 1174 3870 virtus
1218 3818 1478 3879 crucilixi,
1524 3828 1579 3872 ut
1625 3830 1741 3888 post
1782 3828 1859 3874 tot

262 3902 549 3957 irrisiones
575 3913 627 3959 et
652 3903 894 3971 dicteria,
925 3915 979 3961 et
1005 3908 1249 3962 centurio
1270 3919 1321 3963 et
1347 3908 1570 3977 pepulus
1595 3925 1857 3979 compun-

260 4001 542 4062 gcrcntur.
590 3993 815 4059 Quidam
872 4011 999 4050 vero
1041 4008 1260 4052 narrant
1311 3996 1451 4052 hunc
1489 4001 1855 4056 renuo-iuncto

267 4094 457 4147 postea
480 4084 531 4136 in
556 4085 658 4139 fide
680 4086 1004 4149 roboralum,
1032 4090 1341 4160 martyrium
1370 4089 1578 4146 fortiter
1607 4093 1855 4148 subiisse.

263 4174 361 4231 55.
392 4172 550 4227 Erant
578 4185 745 4230 autem
773 4178 875 4232 illic
901 4180 1133 4233 mulieres
1161 4182 1330 4234 multa:
1376 4200 1405 4233 a
1442 4184 1588 4250 longe
1617 4184 1855 4250 ritlt'ntcs,

262 4281 387 4332 qua
416 4277 637 4337 sequuta!
678 4272 879 4337 fuerant
920 4269 1094 4322 Iesum
1121 4288 1152 4323 α
1184 4270 1399 4325 (ἱηΙίίωα
1429 4274 1765 4327 ministrantes
1790 4276 1855 4341 ei,

266 4356 363 4417 3:8,
396 4356 449 4408 in
477 4357 655 4425 quibus
682 4370 787 4412 erat
828 4359 994 4414 Maria
1027 4362 1345 4431 Magdalene,
1376 4375 1423 4419 et
1459 4366 1627 4419 .ilaria
1655 4368 1853 4430 Jacobi,

263 4457 318 4500 et
340 4446 466 4501 lose
494 4457 669 4515 mater,
698 4460 743 4504 et
765 4462 921 4505 mater
940 4455 1160 4521 ﬁliorum
1184 4455 1427 4511 Zrbedrei.
1466 4458 1589 4513 Ilzec
1614 4461 1746 4514 facta
1784 4463 1860 4514 \‘i-

262 4538 400 4591 clunt
430 4538 678 4594 mulieres
711 4540 835 4606 illm,
858 4558 978 4612 qme
1008 4545 1237 4598 maxime
1261 4547 1443 4601 dolent
1469 4564 1530 4603 ac
1563 4550 1763 4616 lugent.
1795 4551 1861 4605 Et

263 4630 581 4685 consideres
623 4631 782 4685 velim
824 4650 981 4703 quam
1036 4636 1264 4690 assidam
1308 4638 1435 4691 sint.
1486 4640 1861 4710 Sequebantur

265 4722 449 4789 ipsum
490 4722 877 4787 ministrantes,
924 4735 976 4779 ct
1014 4742 1182 4798 usque
1224 4729 1288 4782 ad
1338 4732 1569 4798 pericula
1612 4734 1855 4790 aderant.

265 4809 506 4879 Ideoque
544 4814 719 4865 omnia
766 4817 1097 4885 spectabant,
1151 4822 1417 4887 quomodo
1464 4824 1776 4878 clamaverit
1807 4836 1861 4880 et

262 4902 660 4969 exspiraverit;
712 4906 977 4973 quomodo
1010 4919 1171 4975 petra:
1205 4914 1382 4965 srissm
1409 4912 1532 4973 sint,
1564 4925 1861 4986 metr-raque

265 4995 473 5047 omnia.
505 4993 741 5065 Ipsarque
778 4998 959 5066 primm
987 4998 1167 5054 Iesum
1216 5003 1425 5070 rident;
1470 5005 1660 5074 bicque
1700 5024 1861 5064 sexus

264 5084 507 5137 maxime
532 5084 831 5150 damnatus,
867 5088 1064 5156 primus
1092 5091 1351 5146 bonorum
1383 5098 1690 5163 spectaculo
1734 5101 1863 5153 frui.

265 5184 355 5224 tur
386 5184 401 5223 ε
432 5173 575 5240 quod
605 5176 833 5229 niaxime
864 5179 1070 5233 illarum
1100 5180 1461 5239 fortitudinem
1494 5189 1855 5246 commendat.

266 5262 527 5331 Discipuli
567 5263 831 5334 fugerunt,
864 5269 965 5322 illae
987 5272 1227 5326 aderant.
1266 5276 1521 5343 Quaenam
1550 5280 1652 5333 illa:
1674 5282 1862 5336 erant?

262 5355 441 5408 Mater
466 5355 602 5423 ejus,
634 5373 792 5425 quam
815 5361 940 5415 dicit
962 5361 1165 5426 Jacobi,
1195 5376 1246 5419 et
1269 5367 1506 5437 reliqum.
1535 5373 1683 5424 Alius
1710 5390 1863 5427 eran-

262 5447 460 5514 go-Iista
489 5446 697 5515 (Lucas,
722 5450 871 5520 ibid.)
902 5452 1048 5516 dicit,
1082 5457 1273 5510 multos
1303 5458 1465 5515 fuisse
1504 5464 1591 5530 qui
1632 5465 1701 5517 ob
1748 5466 1860 5521 lure

266 5538 586 5605 plangorem
636 5550 921 5611 pectusque
964 5546 1274 5614 tunderem;
1310 5553 1449 5620 quod
1498 5558 1731 5611 umxime
1763 5558 1859 5611 .Iu-

261 5628 506 5681 tlzrorum
540 5630 909 5687 crudelitatem
943 5639 1280 5706 ostendi-bat,
1314 5644 1403 5710 qui
1442 5646 1508 5699 de
1544 5650 1737 5716 quibus
1768 5652 1855 5705 alii

270 5712 551 5788 ευιιιοὺδιιι
588 5722 960 5797 Ιιεςθὺςιιιιψιο,
996 5730 1061 5784 ι⁸ρ
1105 5732 1290 5789 iisdem
1329 5737 1423 5805 ipsi
1468 5712 1853 5809 gloriabantur,

1073 326 1139 382 IN
1179 324 1583 383 MATTEIIEUSI
1626 324 1855 379 IlOillL
1903 319 2235 378 LXXXVIII.
2280 317 2349 370 al.
2393 315 2683 372 LXXXIX.

3424 313 3526 368 T78

1934 451 2104 502 neque
2136 432 2501 489 miserit-ordia
2522 433 2674 494 moti,
2700 445 2873 501 neque
2897 431 3085 486 timore
3107 430 3348 485 cohibiti.
3369 433 3531 501 Signa

1932 529 2129 598 quippe
2157 527 2269 591 illa,
2313 540 2417 578 non
2464 524 2624 578 modo
2665 526 2833 593 signa,
2887 522 2981 577 sed
3013 524 3107 579 irae
3138 537 3345 591 magna:
3390 521 3536 574 furo-

1934 622 2114 691 risque
2134 620 2282 690 signa
2324 625 2511 683 erant;
2546 618 2805 682 tenebrae,
2838 625 3005 685 petra:
3037 616 3243 681 scissae,
3286 615 3460 669 velum
3503 630 3530 666 a

1935 713 2113 769 medio
2144 712 2458 777 rescissum,
2505 719 2661 765 terra:
2704 717 2879 763 motus
2910 725 2923 762 :
2957 708 3075 763 haec
3109 707 3342 778 ingentis
3382 714 3539 761 erant

1938 805 2335 877 indignationis.
2369 804 2460 859 58.
2491 802 2749 857 Accedens
2792 810 2959 854 autent
3001 800 3216 868 Ioseph.
3253 800 3392 870 petiit
3431 815 3537 853 cor-

1936 915 2049 969 pus.
2084 897 2180 952 llic
2209 906 2324 952 erat
2363 893 2563 966 Ioseph
2595 895 2702 957 ille,
2735 893 2824 963 qui
2865 906 2926 947 se
2955 892 3103 963 prius
3133 892 3494 948 occultaverat
3522 907 3535 951 ;

1938 1003 2082 1043 nunc
2115 1002 2245 1042 vero
2281 1000 2531 1056 magnum
2566 984 2838 1054 quidpiam
2865 998 3031 1039 ausus
3069 992 3154 1039 est
3185 993 3305 1053 post
3333 981 3536 1038 Christi

1938 1090 2186 1133 mortem.
2218 1076 2334 1133 Non
2364 1077 2509 1132 enim
2540 1074 2791 1144 ignobilis
2818 1076 3159 1146 ignotusque,
3191 1074 3287 1129 sed
3319 1090 3385 1129 ex
3408 1089 3536 1127 eon-

1939 1170 2060 1225 sitio
2089 1185 2222 1223 unus
2251 1167 2647 1236 admodnmqne
2677 1166 2901 1236 insignis
2940 1174 3059 1223 erat
3087 1183 3101 1220 :
3132 1165 3275 1222 unde
3306 1166 3538 1220 maxime

1940 1261 2056 1327 ejus
2088 1260 2344 1315 Iortitudo
2373 1259 2663 1331 spectanda
2694 1270 2778 1315 est
2803 1278 2818 1316 :
2847 1275 2970 1315 nam
3009 1260 3061 1314 in
3103 1259 3297 1315 mortis
3324 1259 3541 1329 pericu-

1945 1352 2051 1406 lum
2092 1353 2360 1417 veniebat,
2391 1368 2512 1407 cum
2555 1352 2793 1407 omnium
2831 1353 2884 1408 in
2916 1368 2975 1408 se
3006 1352 3189 1408 odium
3217 1353 3536 1417 concitaret,

1943 1443 2069 1497 dum
2111 1459 2263 1499 suam
2294 1459 2416 1515 erga
2451 1442 2637 1500 Jesum
2668 1443 3096 1499 benevolentiam
3138 1442 3541 1507 demonstrans,

1943 1548 2140 1605 Ct-rptts
2167 1542 2350 1605 petere
2379 1549 2542 1589 ausus
2577 1543 2678 1599 est,
2711 1550 2882 1605 neque
2908 1529 3134 1600 destitit,
3164 1534 3339 1590 donec
3381 1534 3433 1589 id
3460 1548 3546 1588 as-

1946 1634 2201 1694 sequutus
2249 1632 2411 1681 esset.
2445 1624 2554 1681 Nec
2594 1626 2802 1705 accepit
2847 1625 3010 1681 modo
3055 1633 3111 1681 et
3151 1640 3274 1680 cum
3324 1634 3540 1695 sumptu

1946 1716 2206 1785 sepelivit,
2236 1717 2330 1772 sed
2359 1718 2411 1771 in
2434 1717 2683 1786 sepulcro
2707 1731 2806 1771 suo
2834 1733 2994 1788 novp,
3021 1717 3146 1773 hinc
3167 1732 3409 1775 amorem
3436 1717 3546 1773 for-

1948 1808 2337 1879 titudinemqne
2363 1824 2513 1862 snam
2544 1807 2943 1863 demonstrans.
2974 1809 3088 1865 Hoc
3129 1824 3258 1864 vero
3289 1825 3394 1864 non
3428 1809 3547 1863 sine

1947 1915 2128 1964 erasa,
2158 1914 2257 1955 nec
2284 1899 2400 1955 sine
2442 1900 2776 1971 providentia
2800 1901 2870 1955 ita
2898 1899 3096 1956 factum
3130 1910 3233 1966 est,
3263 1900 3358 1955 sed
3393 1916 3441 1954 ιιι
3480 1916 3548 1954 ne

1950 1994 2054 2045 nlla
2080 1992 2164 2048 rel
2197 1992 2419 2046 minima
2462 1991 2697 2060 suspicio
2730 1999 3054 2055 remaneret,
3105 1992 3268 2045 alium
3314 2005 3413 2062 pro
3443 1990 3550 2045 alio

1950 2085 2272 2142 surrexisse.
2321 2084 2409 2140 6|.
2466 2084 2626 2138 Erant
2666 2092 2833 2137 autem
2880 2081 3053 2138 Maria
3107 2082 3458 2152 Magdalene,
3504 2092 3549 2135 et

1951 2176 2113 2229 altera
2160 2174 2331 2229 Mario
2361 2175 2589 2230 sedentes
2632 2192 2658 2229 ε
2692 2176 2895 2245 regione
2923 2175 3167 2245 sepulcri.
3201 2174 3310 2231 Cur
3345 2176 3449 2229 illa:
3480 2175 3549 2228 ita

1952 2267 2239 2323 assident?
2287 2267 2430 2322 Nihil
2468 2265 2645 2323 adhuc
2690 2282 2941 2337 magnum
2977 2266 3060 2321 vel
3090 2266 3325 2321 sublime
3362 2266 3430 2319 de
3462 2266 3553 2321 illo

1952 2360 2193 2415 sciebant
2222 2377 2236 2415 :
2268 2359 2496 2429 ideoque
2525 2370 2794 2429 unguenta
2822 2358 3139 2423 atutlernnt,
3182 2367 3238 2413 et
3264 2368 3432 2426 prope
3463 2372 3553 2410 se-

1962 2444 2214 2515 pulcrum
2248 2450 2564 2516 manebant,
2601 2462 2680 2517 ut,
2710 2451 2758 2505 si
2799 2448 3118 2509 Iuda-orum
3157 2448 3315 2505 furor
3340 2449 3560 2525 sedare-

1964 2542 2078 2601 tur,
2116 2538 2440 2594 accederent
2468 2547 2523 2595 et
2554 2539 2726 2595 elfuse
2754 2539 3243 2609 amplecterentur.

2024 2632 2079 2687 5.
2129 2629 2467 2702 Eleemosyna
2495 2629 2705 2699 pauperi
2752 2629 2897 2695 data,
2955 2626 3157 2683 Christo
3198 2638 3461 2699 erogatur.
3487 2657 3557 2671 —--

1963 2723 2118 2778 Vides
2148 2724 2431 2778 mulierum
2468 2722 2872 2787 fortitudinem?
2901 2721 3053 2777 vides
3084 2720 3374 2776 amorem?
3404 2720 3557 2775 vides

1958 2814 2335 2871 liberalitatem
2366 2815 2418 2868 in
2444 2829 2676 2884 expensa
2704 2792 2875 2885 usqlie
2908 2813 2975 2868 ad
3002 2812 3196 2869 mortis
3215 2812 3512 2884 periculum
3534 2796 3559 2865 ‘t‘

1961 2907 2135 2962 Ilasce
2156 2907 2407 2961 mulieres
2447 2906 2739 2969 imitemur,
2786 2906 2882 2959 viri
2919 2922 2930 2959 :
2972 2919 3039 2961 ne
3066 2904 3251 2961 Jesum
3295 2903 3347 2959 in
3382 2912 3559 2960 tenta-

1961 2998 2192 3055 tionibus
2218 2998 2604 3067 relinquamus.
2639 2997 2747 3053 Illa:
2780 2997 2831 3051 in
2864 3004 3139 3059 mortuum
3173 3005 3253 3051 tot
3286 2995 3560 3065 impende-

1962 3098 2104 3156 runt,
2130 3088 2183 3143 in
2208 3091 2330 3143 vita:
2360 3102 2471 3144 sua:
2512 3089 2805 3158 periculum
2837 3106 2850 3141 :
2882 3103 2981 3143 nos
3016 3086 3383 3157 autem»(libct
3416 3089 3560 3142 enim

1963 3182 2193 3252 idipsum
2218 3185 2489 3252 repetere)
2514 3196 2613 3237 nec
2632 3182 2960 3237 esurientem
2980 3181 3197 3248 alimus,
3230 3194 3333 3236 nec
3354 3179 3560 3234 nudum

1965 3274 2255 3341 induimus,
2299 3274 2395 3329 sed
2434 3274 2585 3328 illum
2610 3273 3024 3329 mendicantem
3054 3272 3300 3327 videntes
3335 3282 3561 3341 prmter-

1962 3368 2250 3423 currimus.
2297 3367 2437 3421 Sane
2493 3368 2537 3422 si
2595 3368 2768 3435 ipsum
2814 3362 3090 3421 Christum
3139 3363 3421 3431 videretis,
3467 3379 3565 3418 sua

1964 3461 2160 3532 singuli
2206 3459 2608 3534 profunderent.
2651 3458 2756 3515 Sed
2792 3474 2934 3514 nunc
2976 3457 3116 3513 idem
3150 3456 3268 3528 ipse
3310 3466 3413 3513 est.
3448 3456 3565 3526 Ipse

1965 3566 2196 3622 namque
2224 3551 2376 3616 dixit,
2410 3550 2524 3620 Ego
2564 3565 2702 3604 sum.
2730 3548 2839 3605 Cur
2868 3565 2997 3620 ergo
3028 3564 3132 3603 non
3159 3550 3339 3603 omnia
3389 3547 3564 3603 eﬂ'un-

1964 3645 2087 3699 dis?
2114 3644 2321 3698 Etenim
2352 3657 2493 3697 inme
2517 3641 2785 3697 dicentem
2808 3642 2981 3705 audis,
3006 3640 3135 3695 Mihi
3166 3641 3346 3712 facis‘.
3376 3640 3562 3709 Neque

1966 3736 2235 3807 quidpiam
2282 3736 2507 3789 interest
2550 3743 2725 3789 utrum
2774 3734 2914 3797 huic,
2970 3745 3149 3789 utrum
3205 3734 3279 3789 illi
3322 3733 3560 3794 dederis,

1970 3846 2146 3901 neque
2172 3830 2351 3884 minus
2376 3830 2591 3895 feceris,
2632 3846 2793 3900 quam
2840 3833 3097 3887 mulieres
3138 3834 3264 3897 illm,
3294 3848 3412 3901 qua-
3444 3844 3568 3886 tune

1970 3922 2141 3990 ipsum
2184 3921 2511 3983 nutriebant,
2542 3920 2649 3974 imo
2690 3923 2859 3976 multo
2899 3923 3095 3993 majus.
3130 3923 3333 3977 Verum
3358 3940 3426 3978 ne
3456 3933 3570 3977 tur-

1969 4012 2003 4066 b
2024 4011 2188 4065 Vmini.
2235 4010 2349 4065 Non
2378 4021 2459 4065 est
2488 4011 2630 4065 enim
2662 4012 2867 4082 :rqnale
2895 4014 3068 4082 ipsum
3103 4014 3386 4068 Dominum
3429 4029 3567 4083 pra--

1969 4112 2178 4157 srntem
2213 4103 2382 4166 alere,
2423 4103 2562 4171 quod
2593 4103 2673 4156 vel
2709 4103 2974 4172 lapideum
3007 4103 3244 4159 aninmm
3279 4105 3561 4174 pertrahe-

1971 4204 2072 4250 t'rt,
2130 4203 2182 4247 rt
2232 4203 2451 4263 promer
2496 4194 2658 4247 verba
2709 4194 2826 4263 eius
2875 4194 3191 4261 dumtaxat,
3248 4211 3565 4266 pauperrm,

1972 4289 2238 4349 nnnilmn,
2273 4288 2548 4341 incurvum
2572 4288 2850 4342 hominem
2899 4291 3100 4346 fovere.
3134 4291 3209 4346 Ibi
3241 4293 3382 4347 enim
3410 4309 3568 4363 aspe-

1971 4392 2087 4433 (atus
2109 4380 2447 4448 dignitaSque
2478 4383 2757 4449 praesentis
2785 4382 3041 4448 attrahit;
3076 4385 3161 4439 hic
3185 4395 3364 4442 autem
3397 4395 3567 4442 totum

1974 4470 2355 4525 misericordia:
2385 4472 2476 4525 tibi
2501 4472 2779 4539 prauuium
2802 4474 3123 4529 adscribitur
3149 4495 3161 4530 :
3188 4479 3471 4548 majusque
3489 4490 3570 4534 est

1973 4570 2075 4614 uno
2099 4577 2224 4630 erga
2257 4563 2403 4615 illum
2436 4565 2756 4618 reverentiae
2785 4576 3183 4635 argumentum,
3210 4570 3427 4636 quando
3447 4587 3571 4637 pro-

1972 4662 2090 4721 pter
2119 4653 2236 4719 ejus
2269 4657 2431 4707 verba
2477 4669 2796 4709 conservum
2835 4656 2982 4710 foves
3015 4660 3064 4712 in
3103 4660 3376 4715 omnibus.
3427 4663 3569 4717 Fore

1975 4742 2155 4809 igitur,
2202 4758 2265 4797 ac
2314 4744 2475 4799 crede
2517 4745 2801 4814 accipienti
2832 4758 2886 4801 et
2914 4748 3135 4813 dicenti,
3182 4748 3313 4805 Mihi
3354 4754 3555 4807 dedisti.

1974 4833 2081 4886 Nisi
2125 4835 2268 4887 cnim
2301 4834 2401 4904 ipsi
2442 4834 2623 4902 dares,
2664 4852 2771 4892 non
2804 4848 2854 4893 te
2894 4839 2982 4893 iile
3027 4856 3195 4909 regno
3232 4842 3567 4912 dignaretur.

1972 4923 2080 4977 Νιςὶ
2112 4924 2659 4994 ipsmnarersareris,
2696 4945 2801 4984 non
2833 4940 2882 4984 te
2908 4930 2957 4985 in
2986 4932 3288 5002 gehennam
3307 4937 3561 4999 mitteret,

1974 5013 2115 5081 quod
2148 5015 2303 5068 vilem
2340 5016 2571 5085 aliquem
2611 5017 2885 5076 hominem
2915 5022 3274 5093 tit‘SpCXlSsCS.
3302 5027 3407 5083 Sed
3446 5033 3566 5099 quia

1975 5106 2063 5158 ille
2096 5107 2207 5173 ipse
2236 5116 2319 5161 est
2348 5110 2435 5177 qui
2464 5110 2775 5179 despicitur,
2812 5116 2931 5168 ideo
2953 5134 3202 5184 magnum
3237 5119 3287 5174 id
3308 5122 3559 5191 ﬂagitium

1973 5208 2075 5251 est.
2099 5198 2188 5253 Sic
2217 5210 2269 5253 et
2296 5200 2490 5254 Paulus
2527 5203 2673 5256 illum
2700 5209 3145 5275 prrsctpirbatur;
3180 5210 3300 5266 ideo
3328 5212 3559 5277 dicebat,

1977 5287 2113 5353 Quid
2134 5306 2212 5341 me
2236 5295 2543 5361 persequeris
2564 5295 2701 5360 (Act.
2723 5298 2775 5351 9.
2803 5300 2855 5369 ά)
2878 5300 2899 5350 ?
2924 5300 3011 5354 Sic
3029 5317 3178 5371 ergo,
3203 5319 3323 5358 cum
3352 5306 3561 5367 damus,

1971 5376 2146 5433 aliecti
2178 5382 2367 5445 simus,
2407 5399 2468 5437 ac
2511 5386 2551 5436 si
2583 5385 2798 5441 Christo
2825 5404 3170 5459 cn-garemus
3202 5413 3214 5448 :
3248 5411 3367 5448 nam
3404 5398 3565 5450 verba

1972 5468 2107 5537 ejus,
2141 5471 2257 5539 plus
2296 5488 2452 5541 quam
2494 5490 2555 5528 ea
2599 5491 2719 5545 qua:
2751 5480 2850 5532 sub
2898 5493 3171 5550 aspectum
3204 5486 3401 5540 cadunt
3437 5503 3559 5543 cre-

1972 5562 2165 5617 denda.
2222 5565 2355 5619 Cum
2418 5569 2610 5623 Videris
2671 5587 2800 5643 ergo
2867 5590 3199 5643 pauperem,
3269 5580 3557 5636 raeord-ru

2039 5694 2065 5773 _‘__
2090 5698 2285 5770 Merci...
2302 5708 2398 5773 (‘ur
2414 5714 2514 5773 tum
2537 5703 2694 5750 onmiu
2712 5705 2936 5768 rﬂ'umiis,
2962 5711 3156 5770 quando
3174 5712 3369 5773 quidmt
3403 5736 3422 5759 (ι
3439 5716 3563 5765 ,Πέίιί

1966 5756 2108 5817 (uris,
2144 5778 2159 5803 ε
2188 5762 2387 5813 ιιιιιὶςδὲδ
2413 5769 2739 5822 interpositis.
