  <div class='ocr_page' id='page_1' title='image "/cluster/home/n/w/nwhite01/storage/ocr_20150623/58/pst.000005712571/321.png"; bbox 0 0 4160 6330; ppageno 0'>
   <div class='ocr_carea' id='block_1_1' title="bbox 647 291 748 348">
    <p class='ocr_par' dir='ltr' id='par_1_1' title="bbox 647 291 748 348">
     <span class='ocr_line' id='line_1_1' title="bbox 647 291 748 348; baseline -0.02 -1"><span class='ocrx_word' id='word_1_1' title='bbox 647 291 748 348; x_wconf 80' lang='lat'><strong>779</strong></span> 
     </span>
    </p>
   </div>
   <div class='ocr_carea' id='block_1_2' title="bbox 646 381 2212 472">
    <p class='ocr_par' dir='ltr' id='par_1_2' title="bbox 646 381 2212 472">
     <span class='ocr_line' id='line_1_2' title="bbox 646 381 2212 472; baseline -0.019 -11"><span class='ocrx_word' id='word_1_2' title='bbox 646 405 952 469; x_wconf 87' lang='lat' dir='ltr'><strong>verborum,</strong></span> <span class='ocrx_word' id='word_1_3' title='bbox 997 400 1187 472; x_wconf 82' lang='lat' dir='ltr'><strong>quibus</strong></span> <span class='ocrx_word' id='word_1_4' title='bbox 1227 410 1283 450; x_wconf 89' lang='lat' dir='ltr'><strong>sc</strong></span> <span class='ocrx_word' id='word_1_5' title='bbox 1330 394 1441 462; x_wconf 83' lang='lat' dir='ltr'><strong>ipse</strong></span> <span class='ocrx_word' id='word_1_6' title='bbox 1487 389 1614 444; x_wconf 84' lang='lat' dir='ltr'><strong>dicit</strong></span> <span class='ocrx_word' id='word_1_7' title='bbox 1664 385 1930 441; x_wconf 85' lang='lat' dir='ltr'><strong>alendum.</strong></span> <span class='ocrx_word' id='word_1_8' title='bbox 1986 381 2212 472; x_wconf 81' lang='lat' dir='ltr'><strong>Etiamsi</strong></span> 
     </span>
    </p>
   </div>
   <div class='ocr_carea' id='block_1_3' title="bbox 650 471 2214 563">
    <p class='ocr_par' dir='ltr' id='par_1_3' title="bbox 650 471 2214 563">
     <span class='ocr_line' id='line_1_3' title="bbox 650 471 2214 563; baseline -0.019 -10"><span class='ocrx_word' id='word_1_9' title='bbox 650 497 787 553; x_wconf 76' lang='lat' dir='ltr'><strong>enim</strong></span> <span class='ocrx_word' id='word_1_10' title='bbox 819 495 865 549; x_wconf 91' lang='lat' dir='ltr'><strong>is</strong></span> <span class='ocrx_word' id='word_1_11' title='bbox 889 492 976 563; x_wconf 97' lang='lat' dir='ltr'><strong>qui</strong></span> <span class='ocrx_word' id='word_1_12' title='bbox 1003 471 1222 559; x_wconf 83' lang='lat' dir='ltr'><strong>apparet</strong></span> <span class='ocrx_word' id='word_1_13' title='bbox 1250 492 1353 539; x_wconf 84' lang='lat' dir='ltr'><strong>n‘on</strong></span> <span class='ocrx_word' id='word_1_14' title='bbox 1383 481 1452 536; x_wconf 87' lang='lat' dir='ltr'><strong>sit</strong></span> <span class='ocrx_word' id='word_1_15' title='bbox 1471 480 1737 541; x_wconf 89' lang='lat' dir='ltr'><strong>Christus,</strong></span> <span class='ocrx_word' id='word_1_16' title='bbox 1763 475 1855 531; x_wconf 88' lang='lat' dir='ltr'><strong>sed</strong></span> <span class='ocrx_word' id='word_1_17' title='bbox 1877 474 1976 530; x_wconf 91' lang='lat' dir='ltr'><strong>sub</strong></span> <span class='ocrx_word' id='word_1_18' title='bbox 2006 472 2102 526; x_wconf 86' lang='lat' dir='ltr'><strong>hae</strong></span> <span class='ocrx_word' id='word_1_19' title='bbox 2125 471 2214 563; x_wconf 88' lang='lat' dir='ltr'><strong>ille</strong></span> 
     </span>
    </p>
   </div>
   <div class='ocr_carea' id='block_1_4' title="bbox 651 562 2213 656">
    <p class='ocr_par' dir='ltr' id='par_1_4' title="bbox 651 562 2213 656">
     <span class='ocr_line' id='line_1_4' title="bbox 651 562 2213 656; baseline -0.017 -16"><span class='ocrx_word' id='word_1_20' title='bbox 651 590 815 656; x_wconf 68' lang='lat' dir='ltr'><strong>ligara</strong></span> <span class='ocrx_word' id='word_1_21' title='bbox 855 562 981 653; x_wconf 84' lang='lat' dir='ltr'><strong>petit</strong></span> <span class='ocrx_word' id='word_1_22' title='bbox 1005 589 1058 633; x_wconf 86' lang='lat' dir='ltr'><strong>et</strong></span> <span class='ocrx_word' id='word_1_23' title='bbox 1091 576 1300 644; x_wconf 89' lang='lat' dir='ltr'><strong>accipit.</strong></span> <span class='ocrx_word' id='word_1_24' title='bbox 1333 572 1597 627; x_wconf 77' lang='lat' dir='ltr'><strong>Erubesce</strong></span> <span class='ocrx_word' id='word_1_25' title='bbox 1640 570 1816 640; x_wconf 84' lang='lat' dir='ltr'><strong>igitur,</strong></span> <span class='ocrx_word' id='word_1_26' title='bbox 1854 581 1973 619; x_wconf 91' lang='lat' dir='ltr'><strong>eum</strong></span> <span class='ocrx_word' id='word_1_27' title='bbox 2014 562 2213 656; x_wconf 82' lang='lat' dir='ltr'><strong>petenti</strong></span> 
     </span>
    </p>
   </div>
   <div class='ocr_carea' id='block_1_5' title="bbox 652 653 2216 735">
    <p class='ocr_par' dir='ltr' id='par_1_5' title="bbox 652 653 2216 735">
     <span class='ocr_line' id='line_1_5' title="bbox 652 653 2216 735; baseline -0.018 -4"><span class='ocrx_word' id='word_1_28' title='bbox 652 653 756 731; x_wconf 78' lang='lat' dir='ltr'><strong>non</strong></span> <span class='ocrx_word' id='word_1_29' title='bbox 790 672 1016 727; x_wconf 87' lang='lat' dir='ltr'><strong>dederis.</strong></span> <span class='ocrx_word' id='word_1_30' title='bbox 1049 670 1159 723; x_wconf 88' lang='lat' dir='ltr'><strong>lloc</strong></span> <span class='ocrx_word' id='word_1_31' title='bbox 1196 665 1379 735; x_wconf 90' lang='lat' dir='ltr'><strong>pudori</strong></span> <span class='ocrx_word' id='word_1_32' title='bbox 1410 673 1512 728; x_wconf 91' lang='lat' dir='ltr'><strong>est,</strong></span> <span class='ocrx_word' id='word_1_33' title='bbox 1549 660 1650 715; x_wconf 88' lang='lat' dir='ltr'><strong>hoc</strong></span> <span class='ocrx_word' id='word_1_34' title='bbox 1685 673 1890 728; x_wconf 67' lang='lat' dir='ltr'><strong>poenam</strong></span> <span class='ocrx_word' id='word_1_35' title='bbox 1920 664 1975 710; x_wconf 87' lang='lat' dir='ltr'><strong>et</strong></span> <span class='ocrx_word' id='word_1_36' title='bbox 2014 653 2216 722; x_wconf 83' lang='lat' dir='ltr'><strong>suppli-</strong></span> 
     </span>
    </p>
   </div>
   <div class='ocr_carea' id='block_1_6' title="bbox 649 745 2213 826">
    <p class='ocr_par' dir='ltr' id='par_1_6' title="bbox 649 745 2213 826">
     <span class='ocr_line' id='line_1_6' title="bbox 649 745 2213 826; baseline -0.014 -6"><span class='ocrx_word' id='word_1_37' title='bbox 649 767 788 822; x_wconf 76' lang='lat' dir='ltr'><strong>cium</strong></span> <span class='ocrx_word' id='word_1_38' title='bbox 821 757 1071 817; x_wconf 85' lang='lat' dir='ltr'><strong>uteretur.</strong></span> <span class='ocrx_word' id='word_1_39' title='bbox 1103 759 1232 813; x_wconf 82' lang='lat' dir='ltr'><strong>Nam</strong></span> <span class='ocrx_word' id='word_1_40' title='bbox 1259 755 1399 826; x_wconf 90' lang='lat' dir='ltr'><strong>quod</strong></span> <span class='ocrx_word' id='word_1_41' title='bbox 1423 753 1706 812; x_wconf 89' lang='lat' dir='ltr'><strong>memlicet,</strong></span> <span class='ocrx_word' id='word_1_42' title='bbox 1744 750 1809 802; x_wconf 87' lang='lat' dir='ltr'><strong>ad</strong></span> <span class='ocrx_word' id='word_1_43' title='bbox 1837 751 1952 814; x_wconf 82' lang='lat' dir='ltr'><strong>ejus</strong></span> <span class='ocrx_word' id='word_1_44' title='bbox 1989 745 2213 816; x_wconf 92' lang='lat' dir='ltr'><strong>pertinet</strong></span> 
     </span>
    </p>
   </div>
   <div class='ocr_carea' id='block_1_7' title="bbox 652 838 2219 920">
    <p class='ocr_par' dir='ltr' id='par_1_7' title="bbox 652 838 2219 920">
     <span class='ocr_line' id='line_1_7' title="bbox 652 838 2219 920; baseline -0.015 -9"><span class='ocrx_word' id='word_1_45' title='bbox 652 855 959 915; x_wconf 80' lang='lat' dir='ltr'><strong>bonitatem,</strong></span> <span class='ocrx_word' id='word_1_46' title='bbox 985 866 1047 906; x_wconf 88' lang='lat' dir='ltr'><strong>ac</strong></span> <span class='ocrx_word' id='word_1_47' title='bbox 1069 860 1283 920; x_wconf 74' lang='lat' dir='ltr'><strong>promer</strong></span> <span class='ocrx_word' id='word_1_48' title='bbox 1299 847 1398 901; x_wconf 91' lang='lat' dir='ltr'><strong>hoc</strong></span> <span class='ocrx_word' id='word_1_49' title='bbox 1418 859 1512 898; x_wconf 91' lang='lat' dir='ltr'><strong>nos</strong></span> <span class='ocrx_word' id='word_1_50' title='bbox 1531 842 1740 913; x_wconf 84' lang='lat' dir='ltr'><strong>gloriari</strong></span> <span class='ocrx_word' id='word_1_51' title='bbox 1767 855 1861 907; x_wconf 88' lang='lat' dir='ltr'><strong>par</strong></span> <span class='ocrx_word' id='word_1_52' title='bbox 1880 849 1960 892; x_wconf 69' lang='lat' dir='ltr'><strong>est</strong></span> <span class='ocrx_word' id='word_1_53' title='bbox 1987 855 1998 889; x_wconf 89' lang='lat'>:</span> <span class='ocrx_word' id='word_1_54' title='bbox 2029 838 2072 891; x_wconf 88' lang='lat' dir='ltr'><strong>si</strong></span> <span class='ocrx_word' id='word_1_55' title='bbox 2094 853 2219 889; x_wconf 89' lang='lat' dir='ltr'><strong>vero</strong></span> 
     </span>
    </p>
   </div>
   <div class='ocr_carea' id='block_1_8' title="bbox 651 931 2218 1015">
    <p class='ocr_par' dir='ltr' id='par_1_8' title="bbox 651 931 2218 1015">
     <span class='ocr_line' id='line_1_8' title="bbox 651 931 2218 1015; baseline -0.015 -13"><span class='ocrx_word' id='word_1_56' title='bbox 651 964 756 1003; x_wconf 90' lang='lat' dir='ltr'><strong>non</strong></span> <span class='ocrx_word' id='word_1_57' title='bbox 788 945 1022 1006; x_wconf 83' lang='lat' dir='ltr'><strong>dederis,</strong></span> <span class='ocrx_word' id='word_1_58' title='bbox 1058 953 1159 996; x_wconf 68' lang='lat' dir='ltr'><strong>tua:</strong></span> <span class='ocrx_word' id='word_1_59' title='bbox 1190 940 1290 994; x_wconf 90' lang='lat' dir='ltr'><strong>erit</strong></span> <span class='ocrx_word' id='word_1_60' title='bbox 1319 936 1661 1015; x_wconf 58' lang='lat' dir='ltr'><strong>crudeli&#39;ptis.</strong></span> <span class='ocrx_word' id='word_1_61' title='bbox 1695 931 1844 1001; x_wconf 90' lang='lat' dir='ltr'><strong>Quod</strong></span> <span class='ocrx_word' id='word_1_62' title='bbox 1871 932 1914 985; x_wconf 90' lang='lat' dir='ltr'><strong>si</strong></span> <span class='ocrx_word' id='word_1_63' title='bbox 1944 945 2084 983; x_wconf 81' lang='lat' dir='ltr'><strong>nunc</strong></span> <span class='ocrx_word' id='word_1_64' title='bbox 2115 945 2218 980; x_wconf 88' lang='lat' dir='ltr'><strong>non</strong></span> 
     </span>
    </p>
   </div>
   <div class='ocr_carea' id='block_1_9' title="bbox 650 1019 2218 1100">
    <p class='ocr_par' dir='ltr' id='par_1_9' title="bbox 650 1019 2218 1100">
     <span class='ocr_line' id='line_1_9' title="bbox 650 1019 2218 1100; baseline -0.017 -7"><span class='ocrx_word' id='word_1_65' title='bbox 650 1037 838 1093; x_wconf 86' lang='lat' dir='ltr'><strong>credas</strong></span> <span class='ocrx_word' id='word_1_66' title='bbox 867 1044 938 1098; x_wconf 88' lang='lat' dir='ltr'><strong>te,</strong></span> <span class='ocrx_word' id='word_1_67' title='bbox 962 1047 1080 1088; x_wconf 92' lang='lat' dir='ltr'><strong>cum</strong></span> <span class='ocrx_word' id='word_1_68' title='bbox 1105 1043 1387 1100; x_wconf 82' lang='lat' dir='ltr'><strong>pauperem</strong></span> <span class='ocrx_word' id='word_1_69' title='bbox 1411 1024 1617 1080; x_wconf 86' lang='lat' dir='ltr'><strong>lideiem</strong></span> <span class='ocrx_word' id='word_1_70' title='bbox 1647 1020 2026 1092; x_wconf 64' lang='lat' dir='ltr'><strong>printer-cunis,</strong></span> <span class='ocrx_word' id='word_1_71' title='bbox 2049 1019 2218 1087; x_wconf 89' lang='lat' dir='ltr'><strong>ipsum</strong></span> 
     </span>
    </p>
   </div>
   <div class='ocr_carea' id='block_1_10' title="bbox 653 1109 2217 1197">
    <p class='ocr_par' dir='ltr' id='par_1_10' title="bbox 653 1109 2217 1197">
     <span class='ocr_line' id='line_1_10' title="bbox 653 1109 2217 1197; baseline -0.015 -17"><span class='ocrx_word' id='word_1_72' title='bbox 653 1136 1083 1197; x_wconf 67' lang='lat' dir='ltr'><strong>praetercurrere,</strong></span> <span class='ocrx_word' id='word_1_73' title='bbox 1110 1130 1233 1174; x_wconf 90' lang='lat' dir='ltr'><strong>tunc</strong></span> <span class='ocrx_word' id='word_1_74' title='bbox 1257 1115 1442 1171; x_wconf 79' lang='lat' dir='ltr'><strong>credes</strong></span> <span class='ocrx_word' id='word_1_75' title='bbox 1469 1129 1588 1168; x_wconf 92' lang='lat' dir='ltr'><strong>cum</strong></span> <span class='ocrx_word' id='word_1_76' title='bbox 1626 1123 1677 1166; x_wconf 92' lang='lat' dir='ltr'><strong>tc</strong></span> <span class='ocrx_word' id='word_1_77' title='bbox 1707 1111 1757 1164; x_wconf 90' lang='lat' dir='ltr'><strong>in</strong></span> <span class='ocrx_word' id='word_1_78' title='bbox 1797 1109 1972 1164; x_wconf 90' lang='lat' dir='ltr'><strong>medio</strong></span> <span class='ocrx_word' id='word_1_79' title='bbox 2012 1109 2217 1161; x_wconf 88' lang='lat' dir='ltr'><strong>illormn</strong></span> 
     </span>
    </p>
   </div>
   <div class='ocr_carea' id='block_1_11' title="bbox 655 1203 2221 1288">
    <p class='ocr_par' dir='ltr' id='par_1_11' title="bbox 655 1203 2221 1288">
     <span class='ocr_line' id='line_1_11' title="bbox 655 1203 2221 1288; baseline -0.014 -16"><span class='ocrx_word' id='word_1_80' title='bbox 655 1217 932 1288; x_wconf 88' lang='lat' dir='ltr'><strong>producto,</strong></span> <span class='ocrx_word' id='word_1_81' title='bbox 969 1213 1108 1268; x_wconf 92' lang='lat' dir='ltr'><strong>dicet</strong></span> <span class='ocrx_word' id='word_1_82' title='bbox 1134 1229 1147 1265; x_wconf 89' lang='lat'><strong>:</strong></span> <span class='ocrx_word' id='word_1_83' title='bbox 1175 1208 1202 1264; x_wconf 82' lang='grc' dir='ltr'><em>Ι</em></span> <span class='ocrx_word' id='word_1_84' title='bbox 1211 1226 1242 1263; x_wconf 83' lang='grc' dir='ltr'><em>η</em></span> <span class='ocrx_word' id='word_1_85' title='bbox 1285 1217 1526 1278; x_wconf 80' lang='lat' dir='ltr'><strong>quantum</strong></span> <span class='ocrx_word' id='word_1_86' title='bbox 1561 1206 1639 1258; x_wconf 84' lang='lat' dir='ltr'><strong>his</strong></span> <span class='ocrx_word' id='word_1_87' title='bbox 1676 1221 1777 1257; x_wconf 82' lang='lat' dir='ltr'><strong>non</strong></span> <span class='ocrx_word' id='word_1_88' title='bbox 1819 1203 2024 1272; x_wconf 72' lang='lat' dir='ltr'><strong>fecistis,</strong></span> <span class='ocrx_word' id='word_1_89' title='bbox 2065 1215 2221 1268; x_wconf 78' lang='lat' dir='ltr'><strong>neque</strong></span> 
     </span>
    </p>
   </div>
   <div class='ocr_carea' id='block_1_12' title="bbox 654 1289 2220 1376">
    <p class='ocr_par' dir='ltr' id='par_1_12' title="bbox 654 1289 2220 1376">
     <span class='ocr_line' id='line_1_12' title="bbox 654 1289 2220 1376; baseline -0.011 -15"><span class='ocrx_word' id='word_1_90' title='bbox 654 1309 779 1362; x_wconf 85' lang='lat' dir='ltr'><strong>mihi</strong></span> <span class='ocrx_word' id='word_1_91' title='bbox 805 1306 1012 1376; x_wconf 77' lang='lat' dir='ltr'><strong>feriatis.</strong></span> <span class='ocrx_word' id='word_1_92' title='bbox 1054 1302 1159 1357; x_wconf 86' lang='lat' dir='ltr'><strong>Sed</strong></span> <span class='ocrx_word' id='word_1_93' title='bbox 1196 1299 1334 1355; x_wconf 89' lang='lat' dir='ltr'><strong>absit</strong></span> <span class='ocrx_word' id='word_1_94' title='bbox 1362 1309 1416 1352; x_wconf 91' lang='lat' dir='ltr'><strong>ut</strong></span> <span class='ocrx_word' id='word_1_95' title='bbox 1447 1311 1541 1350; x_wconf 87' lang='lat' dir='ltr'><strong>vos</strong></span> <span class='ocrx_word' id='word_1_96' title='bbox 1585 1295 1712 1349; x_wconf 90' lang='lat' dir='ltr'><strong>illud</strong></span> <span class='ocrx_word' id='word_1_97' title='bbox 1748 1295 1817 1347; x_wconf 87' lang='lat' dir='ltr'><strong>ita</strong></span> <span class='ocrx_word' id='word_1_98' title='bbox 1855 1293 2094 1357; x_wconf 89' lang='lat' dir='ltr'><strong>discatis,</strong></span> <span class='ocrx_word' id='word_1_99' title='bbox 2126 1289 2220 1344; x_wconf 88' lang='lat' dir='ltr'><strong>sed</strong></span> 
     </span>
    </p>
   </div>
   <div class='ocr_carea' id='block_1_13' title="bbox 657 1383 2220 1455">
    <p class='ocr_par' dir='ltr' id='par_1_13' title="bbox 657 1383 2220 1455">
     <span class='ocr_line' id='line_1_13' title="bbox 657 1383 2220 1455; baseline -0.012 -3"><span class='ocrx_word' id='word_1_100' title='bbox 657 1399 856 1452; x_wconf 90' lang='lat' dir='ltr'><strong>utinam</strong></span> <span class='ocrx_word' id='word_1_101' title='bbox 881 1410 1018 1450; x_wconf 91' lang='lat' dir='ltr'><strong>nunc</strong></span> <span class='ocrx_word' id='word_1_102' title='bbox 1041 1393 1340 1455; x_wconf 84' lang='lat' dir='ltr'><strong>credentes,</strong></span> <span class='ocrx_word' id='word_1_103' title='bbox 1365 1398 1419 1444; x_wconf 91' lang='lat' dir='ltr'><strong>et</strong></span> <span class='ocrx_word' id='word_1_104' title='bbox 1446 1389 1836 1448; x_wconf 80' lang='lat' dir='ltr'><strong>fructiiICantes,</strong></span> <span class='ocrx_word' id='word_1_105' title='bbox 1860 1383 2220 1440; x_wconf 86' lang='lat' dir='ltr'><strong>beatissimam</strong></span> 
     </span>
    </p>
   </div>
   <div class='ocr_carea' id='block_1_14' title="bbox 659 1473 2218 1552">
    <p class='ocr_par' dir='ltr' id='par_1_14' title="bbox 659 1473 2218 1552">
     <span class='ocr_line' id='line_1_14' title="bbox 659 1473 2218 1552; baseline -0.014 -7"><span class='ocrx_word' id='word_1_106' title='bbox 659 1491 800 1545; x_wconf 89' lang='lat' dir='ltr'><strong>illam</strong></span> <span class='ocrx_word' id='word_1_107' title='bbox 829 1487 1052 1542; x_wconf 78' lang='lat' dir='ltr'><strong>audiatis</strong></span> <span class='ocrx_word' id='word_1_108' title='bbox 1078 1498 1284 1548; x_wconf 88' lang='lat' dir='ltr'><strong>vocem,</strong></span> <span class='ocrx_word' id='word_1_109' title='bbox 1315 1496 1430 1552; x_wconf 74' lang='lat' dir='ltr'><strong>qua:</strong></span> <span class='ocrx_word' id='word_1_110' title='bbox 1457 1493 1551 1533; x_wconf 86' lang='lat' dir='ltr'><strong>vos</strong></span> <span class='ocrx_word' id='word_1_111' title='bbox 1578 1479 1627 1531; x_wconf 89' lang='lat' dir='ltr'><strong>in</strong></span> <span class='ocrx_word' id='word_1_112' title='bbox 1656 1491 1874 1542; x_wconf 79' lang='lat' dir='ltr'><strong>regnum</strong></span> <span class='ocrx_word' id='word_1_113' title='bbox 1903 1473 2218 1527; x_wconf 86' lang='lat' dir='ltr'><strong>introducat.</strong></span> 
     </span>
    </p>
   </div>
   <div class='ocr_carea' id='block_1_15' title="bbox 657 1560 2224 1641">
    <p class='ocr_par' dir='ltr' id='par_1_15' title="bbox 657 1560 2224 1641">
     <span class='ocr_line' id='line_1_15' title="bbox 657 1560 2224 1641; baseline -0.012 -8"><span class='ocrx_word' id='word_1_114' title='bbox 657 1580 854 1635; x_wconf 79' lang='lat' dir='ltr'><strong>Verum</strong></span> <span class='ocrx_word' id='word_1_115' title='bbox 892 1577 1033 1633; x_wconf 89' lang='lat' dir='ltr'><strong>dicet</strong></span> <span class='ocrx_word' id='word_1_116' title='bbox 1069 1577 1292 1629; x_wconf 85' lang='lat' dir='ltr'><strong>fortasse</strong></span> <span class='ocrx_word' id='word_1_117' title='bbox 1336 1569 1594 1641; x_wconf 84' lang='lat' dir='ltr'><strong>quispiam</strong></span> <span class='ocrx_word' id='word_1_118' title='bbox 1634 1583 1647 1619; x_wconf 89' lang='lat'><strong>:</strong></span> <span class='ocrx_word' id='word_1_119' title='bbox 1688 1564 1936 1631; x_wconf 86' lang='lat' dir='ltr'><strong>Quotidie</strong></span> <span class='ocrx_word' id='word_1_120' title='bbox 1968 1561 2119 1616; x_wconf 89' lang='lat' dir='ltr'><strong>nobis</strong></span> <span class='ocrx_word' id='word_1_121' title='bbox 2155 1560 2224 1614; x_wconf 82' lang='lat' dir='ltr'><strong>tle</strong></span> 
     </span>
    </p>
   </div>
   <div class='ocr_carea' id='block_1_16' title="bbox 659 1646 2222 1741">
    <p class='ocr_par' dir='ltr' id='par_1_16' title="bbox 659 1646 2222 1741">
     <span class='ocr_line' id='line_1_16' title="bbox 659 1646 2222 1741; baseline -0.015 -13"><span class='ocrx_word' id='word_1_122' title='bbox 659 1673 995 1741; x_wconf 81' lang='lat' dir='ltr'><strong>elecmosyna</strong></span> <span class='ocrx_word' id='word_1_123' title='bbox 1039 1677 1094 1722; x_wconf 92' lang='lat' dir='ltr'><strong>et</strong></span> <span class='ocrx_word' id='word_1_124' title='bbox 1140 1661 1496 1719; x_wconf 81' lang='lat' dir='ltr'><strong>misericordia</strong></span> <span class='ocrx_word' id='word_1_125' title='bbox 1548 1660 1786 1715; x_wconf 89' lang='lat' dir='ltr'><strong>disseris.</strong></span> <span class='ocrx_word' id='word_1_126' title='bbox 1840 1646 2222 1724; x_wconf 59' lang='lat' dir='ltr'><strong>Neque‘ﬁnem</strong></span> 
     </span>
    </p>
   </div>
   <div class='ocr_carea' id='block_1_17' title="bbox 659 1748 2224 1820">
    <p class='ocr_par' dir='ltr' id='par_1_17' title="bbox 659 1748 2224 1820">
     <span class='ocr_line' id='line_1_17' title="bbox 659 1748 2224 1820; baseline -0.013 -3"><span class='ocrx_word' id='word_1_127' title='bbox 659 1761 871 1817; x_wconf 82' lang='lat' dir='ltr'><strong>dicendi</strong></span> <span class='ocrx_word' id='word_1_128' title='bbox 895 1760 1102 1814; x_wconf 86' lang='lat' dir='ltr'><strong>faciam.</strong></span> <span class='ocrx_word' id='word_1_129' title='bbox 1135 1755 1354 1810; x_wconf 78' lang='lat' dir='ltr'><strong>Etiamsi</strong></span> <span class='ocrx_word' id='word_1_130' title='bbox 1382 1754 1522 1808; x_wconf 87' lang='lat' dir='ltr'><strong>enim</strong></span> <span class='ocrx_word' id='word_1_131' title='bbox 1545 1766 1607 1806; x_wconf 91' lang='lat' dir='ltr'><strong>ea</strong></span> <span class='ocrx_word' id='word_1_132' title='bbox 1638 1748 1774 1820; x_wconf 88' lang='lat' dir='ltr'><strong>apud</strong></span> <span class='ocrx_word' id='word_1_133' title='bbox 1803 1763 1895 1802; x_wconf 88' lang='lat' dir='ltr'><strong>vos</strong></span> <span class='ocrx_word' id='word_1_134' title='bbox 1929 1755 2072 1802; x_wconf 90' lang='lat' dir='ltr'><strong>recte</strong></span> <span class='ocrx_word' id='word_1_135' title='bbox 2101 1758 2224 1814; x_wconf 89' lang='lat' dir='ltr'><strong>pro-</strong></span> 
     </span>
    </p>
   </div>
   <div class='ocr_carea' id='block_1_18' title="bbox 661 1836 2226 1917">
    <p class='ocr_par' dir='ltr' id='par_1_18' title="bbox 661 1836 2226 1917">
     <span class='ocr_line' id='line_1_18' title="bbox 661 1836 2226 1917; baseline -0.011 -13"><span class='ocrx_word' id='word_1_136' title='bbox 661 1851 932 1916; x_wconf 85' lang='lat' dir='ltr'><strong>cederent,</strong></span> <span class='ocrx_word' id='word_1_137' title='bbox 967 1863 1136 1917; x_wconf 88' lang='lat' dir='ltr'><strong>neque</strong></span> <span class='ocrx_word' id='word_1_138' title='bbox 1165 1856 1288 1900; x_wconf 91' lang='lat' dir='ltr'><strong>tunc</strong></span> <span class='ocrx_word' id='word_1_139' title='bbox 1309 1839 1670 1897; x_wconf 87' lang='lat' dir='ltr'><strong>desistendum</strong></span> <span class='ocrx_word' id='word_1_140' title='bbox 1700 1847 1856 1901; x_wconf 81' lang='lat' dir='ltr'><strong>esset,</strong></span> <span class='ocrx_word' id='word_1_141' title='bbox 1892 1855 1957 1892; x_wconf 88' lang='lat' dir='ltr'><strong>ne</strong></span> <span class='ocrx_word' id='word_1_142' title='bbox 1983 1836 2103 1889; x_wconf 90' lang='lat' dir='ltr'><strong>hinc</strong></span> <span class='ocrx_word' id='word_1_143' title='bbox 2132 1849 2226 1888; x_wconf 82' lang='lat' dir='ltr'><strong>ne-</strong></span> 
     </span>
    </p>
   </div>
   <div class='ocr_carea' id='block_1_19' title="bbox 661 1929 2232 2009">
    <p class='ocr_par' dir='ltr' id='par_1_19' title="bbox 661 1929 2232 2009">
     <span class='ocr_line' id='line_1_19' title="bbox 661 1929 2232 2009; baseline -0.01 -17"><span class='ocrx_word' id='word_1_144' title='bbox 661 1939 999 2009; x_wconf 80' lang='lat' dir='ltr'><strong>gligentiores</strong></span> <span class='ocrx_word' id='word_1_145' title='bbox 1040 1933 1353 1989; x_wconf 85' lang='lat' dir='ltr'><strong>evaderctis.</strong></span> <span class='ocrx_word' id='word_1_146' title='bbox 1388 1933 1634 1985; x_wconf 83' lang='lat' dir='ltr'><strong>Attamen</strong></span> <span class='ocrx_word' id='word_1_147' title='bbox 1671 1929 1712 1983; x_wconf 91' lang='lat' dir='ltr'><strong>si</strong></span> <span class='ocrx_word' id='word_1_148' title='bbox 1753 1929 1887 1982; x_wconf 89' lang='lat' dir='ltr'><strong>bene</strong></span> <span class='ocrx_word' id='word_1_149' title='bbox 1922 1940 2008 1980; x_wconf 90' lang='lat' dir='ltr'><strong>res</strong></span> <span class='ocrx_word' id='word_1_150' title='bbox 2045 1938 2232 1993; x_wconf 84' lang='lat' dir='ltr'><strong>proce-</strong></span> 
     </span>
    </p>
   </div>
   <div class='ocr_carea' id='block_1_20' title="bbox 661 2012 2227 2096">
    <p class='ocr_par' dir='ltr' id='par_1_20' title="bbox 661 2012 2227 2096">
     <span class='ocr_line' id='line_1_20' title="bbox 661 2012 2227 2096; baseline -0.015 -9"><span class='ocrx_word' id='word_1_151' title='bbox 661 2032 832 2096; x_wconf 78' lang='lat' dir='ltr'><strong>deret,</strong></span> <span class='ocrx_word' id='word_1_152' title='bbox 865 2029 1038 2082; x_wconf 89' lang='lat' dir='ltr'><strong>minus</strong></span> <span class='ocrx_word' id='word_1_153' title='bbox 1063 2027 1315 2080; x_wconf 89' lang='lat' dir='ltr'><strong>instarem</strong></span> <span class='ocrx_word' id='word_1_154' title='bbox 1341 2039 1353 2074; x_wconf 77' lang='grc' dir='ltr'><em>τ</em></span> <span class='ocrx_word' id='word_1_155' title='bbox 1373 2023 1414 2077; x_wconf 90' lang='lat' dir='ltr'><strong>si</strong></span> <span class='ocrx_word' id='word_1_156' title='bbox 1446 2035 1572 2074; x_wconf 89' lang='lat' dir='ltr'><strong>vero</strong></span> <span class='ocrx_word' id='word_1_157' title='bbox 1595 2034 1661 2073; x_wconf 92' lang='lat' dir='ltr'><strong>ne</strong></span> <span class='ocrx_word' id='word_1_158' title='bbox 1681 2017 1746 2071; x_wconf 91' lang='lat' dir='ltr'><strong>ad</strong></span> <span class='ocrx_word' id='word_1_159' title='bbox 1765 2015 1994 2070; x_wconf 90' lang='lat' dir='ltr'><strong>medium</strong></span> <span class='ocrx_word' id='word_1_160' title='bbox 2016 2012 2227 2083; x_wconf 81' lang='lat' dir='ltr'><strong>quidem</strong></span> 
     </span>
    </p>
   </div>
   <div class='ocr_carea' id='block_1_21' title="bbox 681 2103 2228 2190">
    <p class='ocr_par' dir='ltr' id='par_1_21' title="bbox 681 2103 2228 2190">
     <span class='ocr_line' id='line_1_21' title="bbox 681 2103 2228 2190; baseline -0.013 -15"><span class='ocrx_word' id='word_1_161' title='bbox 681 2119 1012 2190; x_wconf 69' lang='lat' dir='ltr'><strong>pervenistis,</strong></span> <span class='ocrx_word' id='word_1_162' title='bbox 1039 2133 1105 2172; x_wconf 90' lang='lat' dir='ltr'><strong>ne</strong></span> <span class='ocrx_word' id='word_1_163' title='bbox 1135 2115 1282 2176; x_wconf 87' lang='lat' dir='ltr'><strong>mihi,</strong></span> <span class='ocrx_word' id='word_1_164' title='bbox 1305 2112 1397 2168; x_wconf 90' lang='lat' dir='ltr'><strong>sed</strong></span> <span class='ocrx_word' id='word_1_165' title='bbox 1427 2111 1573 2165; x_wconf 90' lang='lat' dir='ltr'><strong>vobis</strong></span> <span class='ocrx_word' id='word_1_166' title='bbox 1600 2108 1727 2180; x_wconf 86' lang='lat' dir='ltr'><strong>ipsis</strong></span> <span class='ocrx_word' id='word_1_167' title='bbox 1751 2107 1800 2162; x_wconf 90' lang='lat' dir='ltr'><strong>id</strong></span> <span class='ocrx_word' id='word_1_168' title='bbox 1839 2105 2073 2176; x_wconf 82' lang='lat' dir='ltr'><strong>olijicite.</strong></span> <span class='ocrx_word' id='word_1_169' title='bbox 2096 2103 2228 2157; x_wconf 83' lang='lat' dir='ltr'><strong>Nam</strong></span> 
     </span>
    </p>
   </div>
   <div class='ocr_carea' id='block_1_22' title="bbox 674 2193 2230 2284">
    <p class='ocr_par' dir='ltr' id='par_1_22' title="bbox 674 2193 2230 2284">
     <span class='ocr_line' id='line_1_22' title="bbox 674 2193 2230 2284; baseline -0.015 -15"><span class='ocrx_word' id='word_1_170' title='bbox 674 2211 894 2284; x_wconf 77' lang='lat' dir='ltr'><strong>perinde</strong></span> <span class='ocrx_word' id='word_1_171' title='bbox 933 2210 1079 2274; x_wconf 86' lang='lat' dir='ltr'><strong>facis,</strong></span> <span class='ocrx_word' id='word_1_172' title='bbox 1110 2207 1234 2262; x_wconf 89' lang='lat' dir='ltr'><strong>dum</strong></span> <span class='ocrx_word' id='word_1_173' title='bbox 1266 2194 1626 2275; x_wconf 85' lang='lat' dir='ltr'><strong>conquereris,</strong></span> <span class='ocrx_word' id='word_1_174' title='bbox 1655 2208 1813 2270; x_wconf 90' lang='lat' dir='ltr'><strong>atque</strong></span> <span class='ocrx_word' id='word_1_175' title='bbox 1847 2197 1889 2252; x_wconf 90' lang='lat' dir='ltr'><strong>si</strong></span> <span class='ocrx_word' id='word_1_176' title='bbox 1924 2211 2053 2267; x_wconf 88' lang='lat' dir='ltr'><strong>puer</strong></span> <span class='ocrx_word' id='word_1_177' title='bbox 2076 2193 2230 2264; x_wconf 87' lang='lat' dir='ltr'><strong>alpha</strong></span> 
     </span>
    </p>
   </div>
   <div class='ocr_carea' id='block_1_23' title="bbox 666 2290 2232 2373">
    <p class='ocr_par' dir='ltr' id='par_1_23' title="bbox 666 2290 2232 2373">
     <span class='ocr_line' id='line_1_23' title="bbox 666 2290 2232 2373; baseline -0.012 -14"><span class='ocrx_word' id='word_1_178' title='bbox 666 2319 808 2373; x_wconf 82' lang='lat' dir='ltr'><strong>sa-pe</strong></span> <span class='ocrx_word' id='word_1_179' title='bbox 832 2302 1073 2364; x_wconf 71' lang='lat' dir='ltr'><strong>audiens,</strong></span> <span class='ocrx_word' id='word_1_180' title='bbox 1102 2313 1197 2353; x_wconf 92' lang='lat' dir='ltr'><strong>nec</strong></span> <span class='ocrx_word' id='word_1_181' title='bbox 1223 2297 1486 2359; x_wconf 89' lang='lat' dir='ltr'><strong>ediscens,</strong></span> <span class='ocrx_word' id='word_1_182' title='bbox 1517 2291 1652 2362; x_wconf 88' lang='lat' dir='ltr'><strong>apud</strong></span> <span class='ocrx_word' id='word_1_183' title='bbox 1675 2290 1980 2360; x_wconf 80' lang='lat' dir='ltr'><strong>magistrum</strong></span> <span class='ocrx_word' id='word_1_184' title='bbox 2000 2301 2232 2355; x_wconf 84' lang='lat' dir='ltr'><strong>conque-</strong></span> 
     </span>
    </p>
   </div>
   <div class='ocr_carea' id='block_1_24' title="bbox 667 2378 2230 2460">
    <p class='ocr_par' dir='ltr' id='par_1_24' title="bbox 667 2378 2230 2460">
     <span class='ocr_line' id='line_1_24' title="bbox 667 2378 2230 2460; baseline -0.014 -11"><span class='ocrx_word' id='word_1_185' title='bbox 667 2405 897 2455; x_wconf 83' lang='lat' dir='ltr'><strong>teretur,</strong></span> <span class='ocrx_word' id='word_1_186' title='bbox 941 2393 1081 2460; x_wconf 90' lang='lat' dir='ltr'><strong>quod</strong></span> <span class='ocrx_word' id='word_1_187' title='bbox 1133 2388 1440 2456; x_wconf 89' lang='lat' dir='ltr'><strong>frequenter</strong></span> <span class='ocrx_word' id='word_1_188' title='bbox 1490 2398 1556 2438; x_wconf 90' lang='lat' dir='ltr'><strong>ac</strong></span> <span class='ocrx_word' id='word_1_189' title='bbox 1598 2391 1854 2452; x_wconf 89' lang='lat' dir='ltr'><strong>perpetuo</strong></span> <span class='ocrx_word' id='word_1_190' title='bbox 1894 2378 1946 2433; x_wconf 90' lang='lat' dir='ltr'><strong>id</strong></span> <span class='ocrx_word' id='word_1_191' title='bbox 1997 2378 2230 2430; x_wconf 78' lang='lat' dir='ltr'><strong>dot-cret.</strong></span> 
     </span>
    </p>
   </div>
   <div class='ocr_carea' id='block_1_25' title="bbox 668 2463 2234 2552">
    <p class='ocr_par' dir='ltr' id='par_1_25' title="bbox 668 2463 2234 2552">
     <span class='ocr_line' id='line_1_25' title="bbox 668 2463 2234 2552; baseline -0.011 -16"><span class='ocrx_word' id='word_1_192' title='bbox 668 2485 798 2552; x_wconf 87' lang='lat' dir='ltr'><strong>Quis</strong></span> <span class='ocrx_word' id='word_1_193' title='bbox 838 2482 978 2537; x_wconf 86' lang='lat' dir='ltr'><strong>enim</strong></span> <span class='ocrx_word' id='word_1_194' title='bbox 1023 2495 1089 2534; x_wconf 78' lang='lat' dir='ltr'><strong>ex</strong></span> <span class='ocrx_word' id='word_1_195' title='bbox 1131 2477 1309 2532; x_wconf 81' lang='lat' dir='ltr'><strong>verbis</strong></span> <span class='ocrx_word' id='word_1_196' title='bbox 1352 2475 1483 2529; x_wconf 90' lang='lat' dir='ltr'><strong>meis</strong></span> <span class='ocrx_word' id='word_1_197' title='bbox 1513 2472 1680 2528; x_wconf 86' lang='lat' dir='ltr'><strong>factus</strong></span> <span class='ocrx_word' id='word_1_198' title='bbox 1717 2479 1800 2526; x_wconf 87' lang='lat' dir='ltr'><strong>est</strong></span> <span class='ocrx_word' id='word_1_199' title='bbox 1836 2467 2132 2538; x_wconf 75' lang='lat' dir='ltr'><strong>expeditior</strong></span> <span class='ocrx_word' id='word_1_200' title='bbox 2168 2463 2234 2519; x_wconf 90' lang='lat' dir='ltr'><strong>ad</strong></span> 
     </span>
    </p>
   </div>
   <div class='ocr_carea' id='block_1_26' title="bbox 669 2559 2236 2643">
    <p class='ocr_par' dir='ltr' id='par_1_26' title="bbox 669 2559 2236 2643">
     <span class='ocr_line' id='line_1_26' title="bbox 669 2559 2236 2643; baseline -0.012 -14"><span class='ocrx_word' id='word_1_201' title='bbox 669 2577 1060 2643; x_wconf 84' lang='lat' dir='ltr'><strong>eleemosynam</strong></span> <span class='ocrx_word' id='word_1_202' title='bbox 1083 2568 1349 2624; x_wconf 79' lang='lat' dir='ltr'><strong>dandam?</strong></span> <span class='ocrx_word' id='word_1_203' title='bbox 1376 2567 1493 2637; x_wconf 82' lang='lat' dir='ltr'><strong>quis</strong></span> <span class='ocrx_word' id='word_1_204' title='bbox 1542 2563 1791 2636; x_wconf 90' lang='lat' dir='ltr'><strong>pecunias</strong></span> <span class='ocrx_word' id='word_1_205' title='bbox 1825 2559 2090 2631; x_wconf 75' lang='lat' dir='ltr'><strong>profudit?</strong></span> <span class='ocrx_word' id='word_1_206' title='bbox 2117 2561 2236 2626; x_wconf 86' lang='lat' dir='ltr'><strong>quis</strong></span> 
     </span>
    </p>
   </div>
   <div class='ocr_carea' id='block_1_27' title="bbox 669 2647 2234 2734">
    <p class='ocr_par' dir='ltr' id='par_1_27' title="bbox 669 2647 2234 2734">
     <span class='ocr_line' id='line_1_27' title="bbox 669 2647 2234 2734; baseline -0.013 -14"><span class='ocrx_word' id='word_1_207' title='bbox 669 2667 944 2722; x_wconf 89' lang='lat' dir='ltr'><strong>dimidium</strong></span> <span class='ocrx_word' id='word_1_208' title='bbox 992 2678 1188 2734; x_wconf 90' lang='lat' dir='ltr'><strong>opum,</strong></span> <span class='ocrx_word' id='word_1_209' title='bbox 1247 2661 1363 2731; x_wconf 85' lang='lat' dir='ltr'><strong>quis</strong></span> <span class='ocrx_word' id='word_1_210' title='bbox 1417 2658 1624 2712; x_wconf 80' lang='lat' dir='ltr'><strong>tertiam</strong></span> <span class='ocrx_word' id='word_1_211' title='bbox 1678 2665 1878 2724; x_wconf 87' lang='lat' dir='ltr'><strong>partem</strong></span> <span class='ocrx_word' id='word_1_212' title='bbox 1930 2647 2234 2706; x_wconf 66' lang='lat' dir='ltr'><strong>disll&#39;lbllll?</strong></span> 
     </span>
    </p>
   </div>
   <div class='ocr_carea' id='block_1_28' title="bbox 670 2741 2234 2820">
    <p class='ocr_par' dir='ltr' id='par_1_28' title="bbox 670 2741 2234 2820">
     <span class='ocr_line' id='line_1_28' title="bbox 670 2741 2234 2820; baseline -0.013 -6"><span class='ocrx_word' id='word_1_213' title='bbox 670 2757 860 2813; x_wconf 73' lang='lat' dir='ltr'><strong>Nemo.</strong></span> <span class='ocrx_word' id='word_1_214' title='bbox 887 2752 1166 2820; x_wconf 84' lang='lat' dir='ltr'><strong>Quomodo</strong></span> <span class='ocrx_word' id='word_1_215' title='bbox 1187 2766 1313 2819; x_wconf 83' lang='lat' dir='ltr'><strong>ergo</strong></span> <span class='ocrx_word' id='word_1_216' title='bbox 1340 2747 1621 2802; x_wconf 87' lang='lat' dir='ltr'><strong>absurdmu</strong></span> <span class='ocrx_word' id='word_1_217' title='bbox 1654 2761 1758 2798; x_wconf 92' lang='lat' dir='ltr'><strong>non</strong></span> <span class='ocrx_word' id='word_1_218' title='bbox 1782 2743 1958 2806; x_wconf 91' lang='lat' dir='ltr'><strong>fuerit,</strong></span> <span class='ocrx_word' id='word_1_219' title='bbox 1985 2741 2109 2794; x_wconf 89' lang='lat' dir='ltr'><strong>dum</strong></span> <span class='ocrx_word' id='word_1_220' title='bbox 2143 2753 2234 2793; x_wconf 81' lang='lat' dir='ltr'><strong>vos</strong></span> 
     </span>
    </p>
   </div>
   <div class='ocr_carea' id='block_1_29' title="bbox 605 2830 2234 2917">
    <p class='ocr_par' dir='ltr' id='par_1_29' title="bbox 605 2830 2234 2917">
     <span class='ocr_line' id='line_1_29' title="bbox 605 2830 2234 2917; baseline -0.012 -15"><span class='ocrx_word' id='word_1_221' title='bbox 605 2909 611 2917; x_wconf 32' lang='grc' dir='ltr'><strong><em>λ</em></strong></span> <span class='ocrx_word' id='word_1_222' title='bbox 673 2863 778 2902; x_wconf 91' lang='lat' dir='ltr'><strong>non</strong></span> <span class='ocrx_word' id='word_1_223' title='bbox 799 2845 1020 2908; x_wconf 84' lang='lat' dir='ltr'><strong>discitis,</strong></span> <span class='ocrx_word' id='word_1_224' title='bbox 1047 2843 1235 2910; x_wconf 87' lang='lat' dir='ltr'><strong>jubere</strong></span> <span class='ocrx_word' id='word_1_225' title='bbox 1263 2855 1359 2894; x_wconf 88' lang='lat' dir='ltr'><strong>nos</strong></span> <span class='ocrx_word' id='word_1_226' title='bbox 1381 2855 1408 2890; x_wconf 74' lang='grc' dir='ltr'><strong>ει</strong></span> <span class='ocrx_word' id='word_1_227' title='bbox 1439 2835 1677 2892; x_wconf 88' lang='lat' dir='ltr'><strong>docendo</strong></span> <span class='ocrx_word' id='word_1_228' title='bbox 1707 2831 2006 2888; x_wconf 84' lang='lat' dir='ltr'><strong>absistere?</strong></span> <span class='ocrx_word' id='word_1_229' title='bbox 2037 2830 2234 2885; x_wconf 80' lang='lat' dir='ltr'><strong>Contra</strong></span> 
     </span>
    </p>
   </div>
   <div class='ocr_carea' id='block_1_30' title="bbox 600 2916 2236 2993">
    <p class='ocr_par' dir='ltr' id='par_1_30' title="bbox 600 2916 2236 2993">
     <span class='ocr_line' id='line_1_30' title="bbox 600 2916 2236 2993; baseline -0.013 1"><span class='ocrx_word' id='word_1_230' title='bbox 600 2916 609 2918; x_wconf 12' lang='grc' dir='ltr'><strong>’ν</strong></span> <span class='ocrx_word' id='word_1_231' title='bbox 671 2937 970 2993; x_wconf 83' lang='lat' dir='ltr'><strong>faciendum</strong></span> <span class='ocrx_word' id='word_1_232' title='bbox 1016 2943 1202 2988; x_wconf 88' lang='lat' dir='ltr'><strong>esset:</strong></span> <span class='ocrx_word' id='word_1_233' title='bbox 1237 2931 1279 2984; x_wconf 91' lang='lat' dir='ltr'><strong>si</strong></span> <span class='ocrx_word' id='word_1_234' title='bbox 1335 2943 1431 2983; x_wconf 90' lang='lat' dir='ltr'><strong>nos</strong></span> <span class='ocrx_word' id='word_1_235' title='bbox 1477 2927 1738 2982; x_wconf 84' lang='lat' dir='ltr'><strong>absistere</strong></span> <span class='ocrx_word' id='word_1_236' title='bbox 1792 2923 2087 2985; x_wconf 80' lang='lat' dir='ltr'><strong>vellemus,</strong></span> <span class='ocrx_word' id='word_1_237' title='bbox 2141 2935 2236 2973; x_wconf 91' lang='lat' dir='ltr'><strong>vos</strong></span> 
     </span>
    </p>
   </div>
   <div class='ocr_carea' id='block_1_31' title="bbox 671 3010 2235 3097">
    <p class='ocr_par' dir='ltr' id='par_1_31' title="bbox 671 3010 2235 3097">
     <span class='ocr_line' id='line_1_31' title="bbox 671 3010 2235 3097; baseline -0.014 -14"><span class='ocrx_word' id='word_1_238' title='bbox 671 3035 944 3097; x_wconf 73' lang='lat' dir='ltr'><strong>eportcret</strong></span> <span class='ocrx_word' id='word_1_239' title='bbox 971 3025 1199 3078; x_wconf 88' lang='lat' dir='ltr'><strong>retinere</strong></span> <span class='ocrx_word' id='word_1_240' title='bbox 1219 3034 1281 3074; x_wconf 88' lang='lat' dir='ltr'><strong>ac</strong></span> <span class='ocrx_word' id='word_1_241' title='bbox 1300 3019 1512 3072; x_wconf 87' lang='lat' dir='ltr'><strong>dicere:</strong></span> <span class='ocrx_word' id='word_1_242' title='bbox 1532 3014 1774 3070; x_wconf 78' lang='lat' dir='ltr'><strong>Nondum</strong></span> <span class='ocrx_word' id='word_1_243' title='bbox 1795 3012 1908 3066; x_wconf 72' lang='lat' dir='ltr'><strong>lucc</strong></span> <span class='ocrx_word' id='word_1_244' title='bbox 1933 3010 2235 3072; x_wconf 77' lang='lat' dir='ltr'><strong>didicimus,</strong></span> 
     </span>
    </p>
   </div>
   <div class='ocr_carea' id='block_1_32' title="bbox 673 3100 2239 3174">
    <p class='ocr_par' dir='ltr' id='par_1_32' title="bbox 673 3100 2239 3174">
     <span class='ocr_line' id='line_1_32' title="bbox 673 3100 2239 3174; baseline -0.011 -4"><span class='ocrx_word' id='word_1_245' title='bbox 673 3127 727 3171; x_wconf 90' lang='lat' dir='ltr'><strong>et</strong></span> <span class='ocrx_word' id='word_1_246' title='bbox 751 3132 848 3172; x_wconf 88' lang='lat' dir='ltr'><strong>cur</strong></span> <span class='ocrx_word' id='word_1_247' title='bbox 875 3130 904 3170; x_wconf 91' lang='lat' dir='ltr'><strong>a</strong></span> <span class='ocrx_word' id='word_1_248' title='bbox 931 3111 1197 3168; x_wconf 90' lang='lat' dir='ltr'><strong>monendo</strong></span> <span class='ocrx_word' id='word_1_249' title='bbox 1220 3107 1508 3164; x_wconf 84' lang='lat' dir='ltr'><strong>desistitis?</strong></span> <span class='ocrx_word' id='word_1_250' title='bbox 1533 3105 1590 3161; x_wconf 89' lang='lat' dir='ltr'><strong>Si</strong></span> <span class='ocrx_word' id='word_1_251' title='bbox 1617 3104 1734 3174; x_wconf 91' lang='lat' dir='ltr'><strong>quis</strong></span> <span class='ocrx_word' id='word_1_252' title='bbox 1759 3103 1896 3156; x_wconf 79' lang='lat' dir='ltr'><strong>oeuli</strong></span> <span class='ocrx_word' id='word_1_253' title='bbox 1933 3100 2239 3154; x_wconf 84' lang='lat' dir='ltr'><strong>infirmitate</strong></span> 
     </span>
    </p>
   </div>
   <div class='ocr_carea' id='block_1_33' title="bbox 675 3191 2242 3272">
    <p class='ocr_par' dir='ltr' id='par_1_33' title="bbox 675 3191 2242 3272">
     <span class='ocr_line' id='line_1_33' title="bbox 675 3191 2242 3272; baseline -0.014 -11"><span class='ocrx_word' id='word_1_254' title='bbox 675 3207 959 3271; x_wconf 80' lang='lat' dir='ltr'><strong>laboraret,</strong></span> <span class='ocrx_word' id='word_1_255' title='bbox 987 3211 1040 3257; x_wconf 90' lang='lat' dir='ltr'><strong>et</strong></span> <span class='ocrx_word' id='word_1_256' title='bbox 1077 3216 1175 3272; x_wconf 92' lang='lat' dir='ltr'><strong>ego</strong></span> <span class='ocrx_word' id='word_1_257' title='bbox 1213 3199 1450 3254; x_wconf 91' lang='lat' dir='ltr'><strong>medicus</strong></span> <span class='ocrx_word' id='word_1_258' title='bbox 1487 3211 1682 3260; x_wconf 76' lang='lat' dir='ltr'><strong>essent,</strong></span> <span class='ocrx_word' id='word_1_259' title='bbox 1713 3194 1755 3246; x_wconf 80' lang='lat' dir='ltr'><strong>si</strong></span> <span class='ocrx_word' id='word_1_260' title='bbox 1795 3191 2104 3261; x_wconf 89' lang='lat' dir='ltr'><strong>emplastro,</strong></span> <span class='ocrx_word' id='word_1_261' title='bbox 2146 3205 2242 3241; x_wconf 89' lang='lat' dir='ltr'><strong>un-</strong></span> 
     </span>
    </p>
   </div>
   <div class='ocr_carea' id='block_1_34' title="bbox 674 3279 2241 3363">
    <p class='ocr_par' dir='ltr' id='par_1_34' title="bbox 674 3279 2241 3363">
     <span class='ocr_line' id='line_1_34' title="bbox 674 3279 2241 3363; baseline -0.013 -11"><span class='ocrx_word' id='word_1_262' title='bbox 674 3297 874 3359; x_wconf 91' lang='lat' dir='ltr'><strong>ctiune,</strong></span> <span class='ocrx_word' id='word_1_263' title='bbox 914 3293 1128 3363; x_wconf 85' lang='lat' dir='ltr'><strong>reliquis</strong></span> <span class='ocrx_word' id='word_1_264' title='bbox 1171 3289 1418 3345; x_wconf 88' lang='lat' dir='ltr'><strong>remediis</strong></span> <span class='ocrx_word' id='word_1_265' title='bbox 1454 3285 1725 3344; x_wconf 89' lang='lat' dir='ltr'><strong>adhibitis,</strong></span> <span class='ocrx_word' id='word_1_266' title='bbox 1773 3298 1956 3353; x_wconf 79' lang='lat' dir='ltr'><strong>parum</strong></span> <span class='ocrx_word' id='word_1_267' title='bbox 2011 3279 2241 3349; x_wconf 82' lang='lat' dir='ltr'><strong>profuis-</strong></span> 
     </span>
    </p>
   </div>
   <div class='ocr_carea' id='block_1_35' title="bbox 675 3369 2239 3450">
    <p class='ocr_par' dir='ltr' id='par_1_35' title="bbox 675 3369 2239 3450">
     <span class='ocr_line' id='line_1_35' title="bbox 675 3369 2239 3450; baseline -0.013 -9"><span class='ocrx_word' id='word_1_268' title='bbox 675 3403 808 3450; x_wconf 82' lang='lat' dir='ltr'><strong>sem,</strong></span> <span class='ocrx_word' id='word_1_269' title='bbox 841 3393 897 3439; x_wconf 88' lang='lat' dir='ltr'><strong>et</strong></span> <span class='ocrx_word' id='word_1_270' title='bbox 932 3383 1134 3438; x_wconf 88' lang='lat' dir='ltr'><strong>abirem</strong></span> <span class='ocrx_word' id='word_1_271' title='bbox 1165 3392 1380 3435; x_wconf 88' lang='lat' dir='ltr'><strong>:annon</strong></span> <span class='ocrx_word' id='word_1_272' title='bbox 1409 3377 1475 3432; x_wconf 92' lang='lat' dir='ltr'><strong>ad</strong></span> <span class='ocrx_word' id='word_1_273' title='bbox 1503 3375 1729 3430; x_wconf 78' lang='lat' dir='ltr'><strong>officina:</strong></span> <span class='ocrx_word' id='word_1_274' title='bbox 1761 3373 1900 3427; x_wconf 88' lang='lat' dir='ltr'><strong>fores</strong></span> <span class='ocrx_word' id='word_1_275' title='bbox 1941 3369 2239 3433; x_wconf 78' lang='lat' dir='ltr'><strong>accederet,</strong></span> 
     </span>
    </p>
   </div>
   <div class='ocr_carea' id='block_1_36' title="bbox 677 3466 2242 3543">
    <p class='ocr_par' dir='ltr' id='par_1_36' title="bbox 677 3466 2242 3543">
     <span class='ocr_line' id='line_1_36' title="bbox 677 3466 2242 3543; baseline -0.012 -10"><span class='ocrx_word' id='word_1_276' title='bbox 677 3479 951 3540; x_wconf 85' lang='lat' dir='ltr'><strong>clamaret,</strong></span> <span class='ocrx_word' id='word_1_277' title='bbox 990 3487 1177 3543; x_wconf 90' lang='lat' dir='ltr'><strong>meque</strong></span> <span class='ocrx_word' id='word_1_278' title='bbox 1224 3470 1292 3526; x_wconf 90' lang='lat' dir='ltr'><strong>de</strong></span> <span class='ocrx_word' id='word_1_279' title='bbox 1335 3469 1534 3540; x_wconf 78' lang='lat' dir='ltr'><strong>ingenti</strong></span> <span class='ocrx_word' id='word_1_280' title='bbox 1583 3466 1898 3536; x_wconf 65' lang='lat' dir='ltr'><strong>negligentia</strong></span> <span class='ocrx_word' id='word_1_281' title='bbox 1947 3471 2242 3528; x_wconf 89' lang='lat' dir='ltr'><strong>accusaret,</strong></span> 
     </span>
    </p>
   </div>
   <div class='ocr_carea' id='block_1_37' title="bbox 682 3555 2244 3638">
    <p class='ocr_par' dir='ltr' id='par_1_37' title="bbox 682 3555 2244 3638">
     <span class='ocr_line' id='line_1_37' title="bbox 682 3555 2244 3638; baseline -0.008 -18"><span class='ocrx_word' id='word_1_282' title='bbox 682 3567 821 3638; x_wconf 84' lang='lat' dir='ltr'><strong>quod</strong></span> <span class='ocrx_word' id='word_1_283' title='bbox 850 3574 1222 3637; x_wconf 84' lang='lat' dir='ltr'><strong>perseverante</strong></span> <span class='ocrx_word' id='word_1_284' title='bbox 1251 3563 1437 3616; x_wconf 86' lang='lat' dir='ltr'><strong>morbo</strong></span> <span class='ocrx_word' id='word_1_285' title='bbox 1473 3558 1850 3615; x_wconf 80' lang='lat' dir='ltr'><strong>recessissem?</strong></span> <span class='ocrx_word' id='word_1_286' title='bbox 1874 3567 1928 3610; x_wconf 89' lang='lat' dir='ltr'><strong>et</strong></span> <span class='ocrx_word' id='word_1_287' title='bbox 1954 3555 1997 3610; x_wconf 83' lang='lat' dir='ltr'><strong>si</strong></span> <span class='ocrx_word' id='word_1_288' title='bbox 2027 3569 2244 3609; x_wconf 86' lang='lat' dir='ltr'><strong>accusa-</strong></span> 
     </span>
    </p>
   </div>
   <div class='ocr_carea' id='block_1_38' title="bbox 684 3647 2243 3728">
    <p class='ocr_par' dir='ltr' id='par_1_38' title="bbox 684 3647 2243 3728">
     <span class='ocr_line' id='line_1_38' title="bbox 684 3647 2243 3728; baseline -0.01 -14"><span class='ocrx_word' id='word_1_289' title='bbox 684 3672 768 3714; x_wconf 88' lang='lat' dir='ltr'><strong>tus</strong></span> <span class='ocrx_word' id='word_1_290' title='bbox 809 3656 1185 3728; x_wconf 88' lang='lat' dir='ltr'><strong>responderem</strong></span> <span class='ocrx_word' id='word_1_291' title='bbox 1223 3674 1237 3708; x_wconf 91' lang='lat'>:</span> <span class='ocrx_word' id='word_1_292' title='bbox 1281 3653 1611 3722; x_wconf 83' lang='lat' dir='ltr'><strong>Cataplasma</strong></span> <span class='ocrx_word' id='word_1_293' title='bbox 1652 3647 1895 3719; x_wconf 80' lang='lat' dir='ltr'><strong>apposui,</strong></span> <span class='ocrx_word' id='word_1_294' title='bbox 1939 3647 2085 3714; x_wconf 78' lang='lat' dir='ltr'><strong>unxi,</strong></span> <span class='ocrx_word' id='word_1_295' title='bbox 2120 3662 2243 3699; x_wconf 90' lang='lat' dir='ltr'><strong>num</strong></span> 
     </span>
    </p>
   </div>
   <div class='ocr_carea' id='block_1_39' title="bbox 684 3737 2244 3808">
    <p class='ocr_par' dir='ltr' id='par_1_39' title="bbox 684 3737 2244 3808">
     <span class='ocr_line' id='line_1_39' title="bbox 684 3737 2244 3808; baseline -0.01 -2"><span class='ocrx_word' id='word_1_296' title='bbox 684 3751 812 3806; x_wconf 89' lang='lat' dir='ltr'><strong>illud</strong></span> <span class='ocrx_word' id='word_1_297' title='bbox 857 3748 1050 3804; x_wconf 80' lang='lat' dir='ltr'><strong>ferret?</strong></span> <span class='ocrx_word' id='word_1_298' title='bbox 1080 3746 1312 3808; x_wconf 75' lang='lat' dir='ltr'><strong>Minime,</strong></span> <span class='ocrx_word' id='word_1_299' title='bbox 1343 3743 1436 3801; x_wconf 90' lang='lat' dir='ltr'><strong>sed</strong></span> <span class='ocrx_word' id='word_1_300' title='bbox 1463 3741 1640 3797; x_wconf 81' lang='lat' dir='ltr'><strong>statim</strong></span> <span class='ocrx_word' id='word_1_301' title='bbox 1674 3741 1873 3796; x_wconf 88' lang='lat' dir='ltr'><strong>diceret</strong></span> <span class='ocrx_word' id='word_1_302' title='bbox 1906 3758 1919 3793; x_wconf 86' lang='lat'><strong>:</strong></span> <span class='ocrx_word' id='word_1_303' title='bbox 1957 3738 2088 3807; x_wconf 88' lang='lat' dir='ltr'><strong>Qu:c</strong></span> <span class='ocrx_word' id='word_1_304' title='bbox 2113 3737 2244 3792; x_wconf 90' lang='lat' dir='ltr'><strong>mihi</strong></span> 
     </span>
    </p>
   </div>
   <div class='ocr_carea' id='block_1_40' title="bbox 689 3829 2246 3902">
    <p class='ocr_par' dir='ltr' id='par_1_40' title="bbox 689 3829 2246 3902">
     <span class='ocr_line' id='line_1_40' title="bbox 689 3829 2246 3902; baseline -0.008 -8"><span class='ocrx_word' id='word_1_305' title='bbox 689 3842 811 3894; x_wconf 90' lang='lat' dir='ltr'><strong>hinc</strong></span> <span class='ocrx_word' id='word_1_306' title='bbox 846 3839 1062 3902; x_wconf 86' lang='lat' dir='ltr'><strong>utilitas,</strong></span> <span class='ocrx_word' id='word_1_307' title='bbox 1095 3836 1218 3890; x_wconf 90' lang='lat' dir='ltr'><strong>dum</strong></span> <span class='ocrx_word' id='word_1_308' title='bbox 1259 3833 1400 3890; x_wconf 85' lang='lat' dir='ltr'><strong>male</strong></span> <span class='ocrx_word' id='word_1_309' title='bbox 1425 3832 1660 3888; x_wconf 82' lang='lat' dir='ltr'><strong>aﬂicior?</strong></span> <span class='ocrx_word' id='word_1_310' title='bbox 1701 3830 1930 3900; x_wconf 89' lang='lat' dir='ltr'><strong>Idipsum</strong></span> <span class='ocrx_word' id='word_1_311' title='bbox 1974 3829 2042 3883; x_wconf 87' lang='lat' dir='ltr'><strong>de</strong></span> <span class='ocrx_word' id='word_1_312' title='bbox 2071 3829 2246 3882; x_wconf 88' lang='lat' dir='ltr'><strong>anima</strong></span> 
     </span>
    </p>
   </div>
   <div class='ocr_carea' id='block_1_41' title="bbox 687 3923 2246 4000">
    <p class='ocr_par' dir='ltr' id='par_1_41' title="bbox 687 3923 2246 4000">
     <span class='ocr_line' id='line_1_41' title="bbox 687 3923 2246 4000; baseline -0.007 -16"><span class='ocrx_word' id='word_1_313' title='bbox 687 3932 936 4000; x_wconf 75' lang='lat' dir='ltr'><strong>rogitato.</strong></span> <span class='ocrx_word' id='word_1_314' title='bbox 969 3927 1128 3995; x_wconf 87' lang='lat' dir='ltr'><strong>Quid,</strong></span> <span class='ocrx_word' id='word_1_315' title='bbox 1151 3928 1194 3981; x_wconf 90' lang='lat' dir='ltr'><strong>si</strong></span> <span class='ocrx_word' id='word_1_316' title='bbox 1221 3940 1432 3981; x_wconf 89' lang='lat' dir='ltr'><strong>manum</strong></span> <span class='ocrx_word' id='word_1_317' title='bbox 1458 3923 1741 3989; x_wconf 83' lang='lat' dir='ltr'><strong>infirmam,</strong></span> <span class='ocrx_word' id='word_1_318' title='bbox 1771 3930 2090 3994; x_wconf 88' lang='lat' dir='ltr'><strong>torpentem,</strong></span> <span class='ocrx_word' id='word_1_319' title='bbox 2114 3935 2214 3975; x_wconf 94' lang='lat' dir='ltr'><strong>con</strong></span> <span class='ocrx_word' id='word_1_320' title='bbox 2231 3947 2246 3957; x_wconf 86' lang='lat'><strong>-</strong></span> 
     </span>
    </p>
   </div>
   <div class='ocr_carea' id='block_1_42' title="bbox 670 4008 2242 4086">
    <p class='ocr_par' dir='ltr' id='par_1_42' title="bbox 670 4008 2242 4086">
     <span class='ocr_line' id='line_1_42' title="bbox 670 4008 2242 4086; baseline -0.014 -8"><span class='ocrx_word' id='word_1_321' title='bbox 670 4033 923 4085; x_wconf 77' lang='lat' dir='ltr'><strong>tractam,</strong></span> <span class='ocrx_word' id='word_1_322' title='bbox 965 4033 1106 4086; x_wconf 66' lang='lat' dir='ltr'><strong>sa&#39;pe</strong></span> <span class='ocrx_word' id='word_1_323' title='bbox 1150 4016 1541 4070; x_wconf 84' lang='lat' dir='ltr'><strong>fotnentatione</strong></span> <span class='ocrx_word' id='word_1_324' title='bbox 1575 4028 1773 4067; x_wconf 78' lang='lat' dir='ltr'><strong>curans</strong></span> <span class='ocrx_word' id='word_1_325' title='bbox 1797 4050 1811 4073; x_wconf 93' lang='lat'><strong>,</strong></span> <span class='ocrx_word' id='word_1_326' title='bbox 1846 4008 2093 4063; x_wconf 84' lang='lat' dir='ltr'><strong>emollire</strong></span> <span class='ocrx_word' id='word_1_327' title='bbox 2133 4019 2242 4058; x_wconf 84' lang='lat' dir='ltr'><strong>non</strong></span> 
     </span>
    </p>
   </div>
   <div class='ocr_carea' id='block_1_43' title="bbox 680 4097 2248 4187">
    <p class='ocr_par' dir='ltr' id='par_1_43' title="bbox 680 4097 2248 4187">
     <span class='ocr_line' id='line_1_43' title="bbox 680 4097 2248 4187; baseline -0.015 -18"><span class='ocrx_word' id='word_1_328' title='bbox 680 4114 982 4187; x_wconf 84' lang='lat' dir='ltr'><strong>potuissem</strong></span> <span class='ocrx_word' id='word_1_329' title='bbox 1005 4109 1028 4162; x_wconf 78' lang='lat' dir='ltr'><strong>‘l</strong></span> <span class='ocrx_word' id='word_1_330' title='bbox 1053 4123 1236 4162; x_wconf 90' lang='lat' dir='ltr'><strong>annon</strong></span> <span class='ocrx_word' id='word_1_331' title='bbox 1255 4106 1487 4175; x_wconf 88' lang='lat' dir='ltr'><strong>idipsum</strong></span> <span class='ocrx_word' id='word_1_332' title='bbox 1509 4101 1790 4158; x_wconf 90' lang='lat' dir='ltr'><strong>audirem?</strong></span> <span class='ocrx_word' id='word_1_333' title='bbox 1819 4101 1888 4152; x_wconf 84' lang='lat' dir='ltr'><strong>At</strong></span> <span class='ocrx_word' id='word_1_334' title='bbox 1917 4113 2063 4152; x_wconf 91' lang='lat' dir='ltr'><strong>nunc</strong></span> <span class='ocrx_word' id='word_1_335' title='bbox 2083 4097 2248 4187; x_wconf 58' lang='lat' dir='ltr'><strong>etim—it</strong></span> 
     </span>
    </p>
   </div>
   <div class='ocr_carea' id='block_1_44' title="bbox 682 4182 2254 4261">
    <p class='ocr_par' dir='ltr' id='par_1_44' title="bbox 682 4182 2254 4261">
     <span class='ocr_line' id='line_1_44' title="bbox 682 4182 2254 4261; baseline -0.015 -1"><span class='ocrx_word' id='word_1_336' title='bbox 682 4182 906 4261; x_wconf 75' lang='lat' dir='ltr'><strong>inanum</strong></span> <span class='ocrx_word' id='word_1_337' title='bbox 973 4206 1308 4256; x_wconf 84' lang='lat' dir='ltr'><strong>contractam</strong></span> <span class='ocrx_word' id='word_1_338' title='bbox 1364 4204 1419 4251; x_wconf 93' lang='lat' dir='ltr'><strong>ct</strong></span> <span class='ocrx_word' id='word_1_339' title='bbox 1465 4195 1759 4250; x_wconf 73' lang='lat' dir='ltr'><strong>arefactum</strong></span> <span class='ocrx_word' id='word_1_340' title='bbox 1815 4189 2123 4258; x_wconf 85' lang='lat' dir='ltr'><strong>irrigamus.</strong></span> <span class='ocrx_word' id='word_1_341' title='bbox 2188 4182 2254 4238; x_wconf 85' lang='lat' dir='ltr'><strong>Et</strong></span> 
     </span>
    </p>
   </div>
   <div class='ocr_carea' id='block_1_45' title="bbox 694 4278 2250 4348">
    <p class='ocr_par' dir='ltr' id='par_1_45' title="bbox 694 4278 2250 4348">
     <span class='ocr_line' id='line_1_45' title="bbox 694 4278 2250 4348; baseline -0.006 -6"><span class='ocrx_word' id='word_1_342' title='bbox 694 4291 832 4348; x_wconf 84' lang='lat' dir='ltr'><strong>ideo,</strong></span> <span class='ocrx_word' id='word_1_343' title='bbox 865 4287 1032 4340; x_wconf 88' lang='lat' dir='ltr'><strong>donec</strong></span> <span class='ocrx_word' id='word_1_344' title='bbox 1065 4283 1207 4338; x_wconf 81' lang='lat' dir='ltr'><strong>illam</strong></span> <span class='ocrx_word' id='word_1_345' title='bbox 1228 4291 1507 4336; x_wconf 75' lang='lat' dir='ltr'><strong>extensam</strong></span> <span class='ocrx_word' id='word_1_346' title='bbox 1544 4278 1850 4342; x_wconf 75' lang='lat' dir='ltr'><strong>viderimus,</strong></span> <span class='ocrx_word' id='word_1_347' title='bbox 1881 4279 2105 4335; x_wconf 84' lang='lat' dir='ltr'><strong>circuire</strong></span> <span class='ocrx_word' id='word_1_348' title='bbox 2143 4295 2250 4333; x_wconf 92' lang='lat' dir='ltr'><strong>non</strong></span> 
     </span>
    </p>
   </div>
   <div class='ocr_carea' id='block_1_46' title="bbox 691 4371 2254 4442">
    <p class='ocr_par' dir='ltr' id='par_1_46' title="bbox 691 4371 2254 4442">
     <span class='ocr_line' id='line_1_46' title="bbox 691 4371 2254 4442; baseline -0.004 -10"><span class='ocrx_word' id='word_1_349' title='bbox 691 4380 1027 4434; x_wconf 81' lang='lat' dir='ltr'><strong>desisteinus.</strong></span> <span class='ocrx_word' id='word_1_350' title='bbox 1067 4375 1277 4430; x_wconf 87' lang='lat' dir='ltr'><strong>Utinam</strong></span> <span class='ocrx_word' id='word_1_351' title='bbox 1319 4381 1373 4427; x_wconf 89' lang='lat' dir='ltr'><strong>et</strong></span> <span class='ocrx_word' id='word_1_352' title='bbox 1419 4386 1512 4426; x_wconf 90' lang='lat' dir='ltr'><strong>vos</strong></span> <span class='ocrx_word' id='word_1_353' title='bbox 1552 4371 1621 4427; x_wconf 88' lang='lat' dir='ltr'><strong>de</strong></span> <span class='ocrx_word' id='word_1_354' title='bbox 1656 4373 1800 4426; x_wconf 91' lang='lat' dir='ltr'><strong>nullo</strong></span> <span class='ocrx_word' id='word_1_355' title='bbox 1834 4372 1940 4426; x_wconf 91' lang='lat' dir='ltr'><strong>alio</strong></span> <span class='ocrx_word' id='word_1_356' title='bbox 1981 4372 2254 4442; x_wconf 88' lang='lat' dir='ltr'><strong>colloqua-</strong></span> 
     </span>
    </p>
   </div>
   <div class='ocr_carea' id='block_1_47' title="bbox 696 4461 2254 4534">
    <p class='ocr_par' dir='ltr' id='par_1_47' title="bbox 696 4461 2254 4534">
     <span class='ocr_line' id='line_1_47' title="bbox 696 4461 2254 4534; baseline -0.004 -11"><span class='ocrx_word' id='word_1_357' title='bbox 696 4471 846 4534; x_wconf 89' lang='lat' dir='ltr'><strong>mini,</strong></span> <span class='ocrx_word' id='word_1_358' title='bbox 874 4477 928 4522; x_wconf 89' lang='lat' dir='ltr'><strong>et</strong></span> <span class='ocrx_word' id='word_1_359' title='bbox 948 4467 1112 4530; x_wconf 90' lang='lat' dir='ltr'><strong>domi,</strong></span> <span class='ocrx_word' id='word_1_360' title='bbox 1153 4475 1206 4520; x_wconf 90' lang='lat' dir='ltr'><strong>ct</strong></span> <span class='ocrx_word' id='word_1_361' title='bbox 1236 4463 1464 4526; x_wconf 79' lang='lat' dir='ltr'><strong>in&#39;foro,</strong></span> <span class='ocrx_word' id='word_1_362' title='bbox 1510 4473 1562 4517; x_wconf 92' lang='lat' dir='ltr'><strong>et</strong></span> <span class='ocrx_word' id='word_1_363' title='bbox 1593 4461 1643 4516; x_wconf 93' lang='lat' dir='ltr'><strong>in</strong></span> <span class='ocrx_word' id='word_1_364' title='bbox 1688 4478 1889 4528; x_wconf 86' lang='lat' dir='ltr'><strong>mensa,</strong></span> <span class='ocrx_word' id='word_1_365' title='bbox 1934 4473 2112 4529; x_wconf 90' lang='lat' dir='ltr'><strong>noctu,</strong></span> <span class='ocrx_word' id='word_1_366' title='bbox 2147 4464 2254 4517; x_wconf 93' lang='lat' dir='ltr'><strong>imo</strong></span> 
     </span>
    </p>
   </div>
   <div class='ocr_carea' id='block_1_48' title="bbox 692 4551 2256 4626">
    <p class='ocr_par' dir='ltr' id='par_1_48' title="bbox 692 4551 2256 4626">
     <span class='ocr_line' id='line_1_48' title="bbox 692 4551 2256 4626; baseline -0.003 -14"><span class='ocrx_word' id='word_1_367' title='bbox 692 4569 745 4612; x_wconf 93' lang='lat' dir='ltr'><strong>et</strong></span> <span class='ocrx_word' id='word_1_368' title='bbox 777 4573 866 4626; x_wconf 86' lang='lat' dir='ltr'><strong>per</strong></span> <span class='ocrx_word' id='word_1_369' title='bbox 894 4555 1175 4611; x_wconf 88' lang='lat' dir='ltr'><strong>somnimn.</strong></span> <span class='ocrx_word' id='word_1_370' title='bbox 1208 4552 1336 4608; x_wconf 82' lang='lat' dir='ltr'><strong>Nam</strong></span> <span class='ocrx_word' id='word_1_371' title='bbox 1365 4552 1409 4606; x_wconf 93' lang='lat' dir='ltr'><strong>si</strong></span> <span class='ocrx_word' id='word_1_372' title='bbox 1441 4551 1665 4606; x_wconf 88' lang='lat' dir='ltr'><strong>interdiu</strong></span> <span class='ocrx_word' id='word_1_373' title='bbox 1689 4552 1800 4606; x_wconf 64' lang='lat' dir='ltr'><strong>hate</strong></span> <span class='ocrx_word' id='word_1_374' title='bbox 1819 4552 2026 4607; x_wconf 90' lang='lat' dir='ltr'><strong>solliciti</strong></span> <span class='ocrx_word' id='word_1_375' title='bbox 2045 4568 2256 4623; x_wconf 88' lang='lat' dir='ltr'><strong>semper</strong></span> 
     </span>
    </p>
   </div>
   <div class='ocr_carea' id='block_1_49' title="bbox 697 4643 2253 4714">
    <p class='ocr_par' dir='ltr' id='par_1_49' title="bbox 697 4643 2253 4714">
     <span class='ocr_line' id='line_1_49' title="bbox 697 4643 2253 4714; baseline -0.003 -9"><span class='ocrx_word' id='word_1_376' title='bbox 697 4648 1090 4709; x_wconf 80' lang='lat' dir='ltr'><strong>meditaremur,</strong></span> <span class='ocrx_word' id='word_1_377' title='bbox 1121 4646 1277 4699; x_wconf 89' lang='lat' dir='ltr'><strong>etiam</strong></span> <span class='ocrx_word' id='word_1_378' title='bbox 1308 4659 1401 4714; x_wconf 87' lang='lat' dir='ltr'><strong>per</strong></span> <span class='ocrx_word' id='word_1_379' title='bbox 1435 4644 1698 4697; x_wconf 76' lang='lat' dir='ltr'><strong>somnium</strong></span> <span class='ocrx_word' id='word_1_380' title='bbox 1729 4643 1779 4696; x_wconf 91' lang='lat' dir='ltr'><strong>in</strong></span> <span class='ocrx_word' id='word_1_381' title='bbox 1810 4645 1871 4697; x_wconf 93' lang='lat' dir='ltr'><strong>iis</strong></span> <span class='ocrx_word' id='word_1_382' title='bbox 1898 4659 2253 4700; x_wconf 82' lang='lat' dir='ltr'><strong>versaremur.</strong></span> 
     </span>
    </p>
   </div>
   <div class='ocr_carea' id='block_1_50' title="bbox 763 4738 2254 4809">
    <p class='ocr_par' dir='ltr' id='par_1_50' title="bbox 763 4738 2254 4809">
     <span class='ocr_line' id='line_1_50' title="bbox 763 4738 2254 4809; baseline -0.001 -15"><span class='ocrx_word' id='word_1_383' title='bbox 763 4741 817 4794; x_wconf 79' lang='grc'><strong>4.</strong></span> <span class='ocrx_word' id='word_1_384' title='bbox 873 4740 1040 4805; x_wconf 81' lang='lat' dir='ltr'><strong>Quare</strong></span> <span class='ocrx_word' id='word_1_385' title='bbox 1085 4738 1461 4807; x_wconf 75' lang='lat' dir='ltr'><strong>(.‘Iirysostomus</strong></span> <span class='ocrx_word' id='word_1_386' title='bbox 1495 4739 1773 4808; x_wconf 77' lang='lat' dir='ltr'><strong>frequenter</strong></span> <span class='ocrx_word' id='word_1_387' title='bbox 1808 4738 1871 4790; x_wconf 79' lang='lat' dir='ltr'><strong>de</strong></span> <span class='ocrx_word' id='word_1_388' title='bbox 1910 4738 2254 4809; x_wconf 73' lang='lat' dir='ltr'><strong>elemosyna,</strong></span> 
     </span>
    </p>
   </div>
   <div class='ocr_carea' id='block_1_51' title="bbox 697 4828 2256 4899">
    <p class='ocr_par' dir='ltr' id='par_1_51' title="bbox 697 4828 2256 4899">
     <span class='ocr_line' id='line_1_51' title="bbox 697 4828 2256 4899; baseline -0.002 -14"><span class='ocrx_word' id='word_1_389' title='bbox 697 4849 795 4885; x_wconf 82' lang='lat' dir='ltr'><strong>non</strong></span> <span class='ocrx_word' id='word_1_390' title='bbox 825 4842 989 4884; x_wconf 66' lang='lat' dir='ltr'><strong>auum</strong></span> <span class='ocrx_word' id='word_1_391' title='bbox 1018 4829 1080 4882; x_wconf 85' lang='lat' dir='ltr'><strong>de</strong></span> <span class='ocrx_word' id='word_1_392' title='bbox 1106 4841 1461 4899; x_wconf 83' lang='lat' dir='ltr'><strong>pugnacontra</strong></span> <span class='ocrx_word' id='word_1_393' title='bbox 1476 4828 2128 4886; x_wconf 79' lang='lat' dir='ltr'><strong>adversariosCIiristiame</strong></span> <span class='ocrx_word' id='word_1_394' title='bbox 2142 4831 2256 4884; x_wconf 79' lang='lat' dir='ltr'><strong>reli-</strong></span> 
     </span>
    </p>
   </div>
   <div class='ocr_carea' id='block_1_52' title="bbox 692 4917 2254 4995">
    <p class='ocr_par' dir='ltr' id='par_1_52' title="bbox 692 4917 2254 4995">
     <span class='ocr_line' id='line_1_52' title="bbox 692 4917 2254 4995; baseline -0.008 -10"><span class='ocrx_word' id='word_1_395' title='bbox 692 4924 855 4995; x_wconf 68' lang='lat' dir='ltr'><strong>gionis</strong></span> <span class='ocrx_word' id='word_1_396' title='bbox 867 4921 1106 4975; x_wconf 65' lang='lat' dir='ltr'><strong>disserat.</strong></span> <span class='ocrx_word' id='word_1_397' title='bbox 1120 4917 1159 4969; x_wconf 84' lang='grc' dir='ltr'><em>Α</em></span> <span class='ocrx_word' id='word_1_398' title='bbox 1166 4933 1278 4970; x_wconf 84' lang='lat' dir='ltr'><strong>rma</strong></span> <span class='ocrx_word' id='word_1_399' title='bbox 1289 4917 1720 4978; x_wconf 79' lang='lat' dir='ltr'><strong>Christianorum,</strong></span> <span class='ocrx_word' id='word_1_400' title='bbox 1729 4921 1950 4974; x_wconf 80' lang='lat' dir='ltr'><strong>virtutes.</strong></span> <span class='ocrx_word' id='word_1_401' title='bbox 1974 4920 2254 4987; x_wconf 78' lang='lat' dir='ltr'><strong>Auditorea,</strong></span> 
     </span>
    </p>
   </div>
   <div class='ocr_carea' id='block_1_53' title="bbox 695 5011 2258 5084">
    <p class='ocr_par' dir='ltr' id='par_1_53' title="bbox 695 5011 2258 5084">
     <span class='ocr_line' id='line_1_53' title="bbox 695 5011 2258 5084; baseline -0.001 -17"><span class='ocrx_word' id='word_1_402' title='bbox 695 5015 828 5084; x_wconf 75' lang='lat' dir='ltr'><strong>quod</strong></span> <span class='ocrx_word' id='word_1_403' title='bbox 857 5013 994 5066; x_wconf 69' lang='lat' dir='ltr'><strong>omni</strong></span> <span class='ocrx_word' id='word_1_404' title='bbox 1021 5013 1070 5062; x_wconf 86' lang='lat' dir='ltr'><strong>in</strong></span> <span class='ocrx_word' id='word_1_405' title='bbox 1105 5011 1306 5063; x_wconf 74' lang='lat' dir='ltr'><strong>ecclesia</strong></span> <span class='ocrx_word' id='word_1_406' title='bbox 1337 5026 1435 5060; x_wconf 80' lang='lat' dir='ltr'><strong>non</strong></span> <span class='ocrx_word' id='word_1_407' title='bbox 1473 5025 1525 5061; x_wconf 83' lang='lat' dir='ltr'><strong>se</strong></span> <span class='ocrx_word' id='word_1_408' title='bbox 1567 5020 1842 5062; x_wconf 74' lang='lat' dir='ltr'><strong>reverenter</strong></span> <span class='ocrx_word' id='word_1_409' title='bbox 1883 5022 2133 5078; x_wconf 77' lang='lat' dir='ltr'><strong>gererent,</strong></span> <span class='ocrx_word' id='word_1_410' title='bbox 2177 5014 2258 5066; x_wconf 84' lang='lat' dir='ltr'><strong>iu-</strong></span> 
     </span>
    </p>
   </div>
   <div class='ocr_carea' id='block_1_54' title="bbox 697 5100 2258 5171">
    <p class='ocr_par' dir='ltr' id='par_1_54' title="bbox 697 5100 2258 5171">
     <span class='ocr_line' id='line_1_54' title="bbox 697 5100 2258 5171; baseline 0.001 -14"><span class='ocrx_word' id='word_1_411' title='bbox 697 5114 864 5168; x_wconf 74' lang='lat' dir='ltr'><strong>rrepat</strong></span> <span class='ocrx_word' id='word_1_412' title='bbox 884 5145 895 5162; x_wconf 90' lang='lat'><strong>,</strong></span> <span class='ocrx_word' id='word_1_413' title='bbox 953 5104 1172 5169; x_wconf 72' lang='lat' dir='ltr'><strong>ipsorum</strong></span> <span class='ocrx_word' id='word_1_414' title='bbox 1243 5100 1608 5152; x_wconf 77' lang='lat' dir='ltr'><strong>irreveremiam</strong></span> <span class='ocrx_word' id='word_1_415' title='bbox 1659 5101 1954 5157; x_wconf 76' lang='lat' dir='ltr'><strong>describens.</strong></span> <span class='ocrx_word' id='word_1_416' title='bbox 2004 5131 2076 5143; x_wconf 90' lang='lat'><strong><em>—</em></strong></span> <span class='ocrx_word' id='word_1_417' title='bbox 2123 5104 2258 5171; x_wconf 85' lang='lat' dir='ltr'><strong>Quid</strong></span> 
     </span>
    </p>
   </div>
   <div class='ocr_carea' id='block_1_55' title="bbox 697 5189 2262 5260">
    <p class='ocr_par' dir='ltr' id='par_1_55' title="bbox 697 5189 2262 5260">
     <span class='ocr_line' id='line_1_55' title="bbox 697 5189 2262 5260; baseline 0.001 -12"><span class='ocrx_word' id='word_1_418' title='bbox 697 5191 875 5248; x_wconf 84' lang='lat' dir='ltr'><strong>dicis?</strong></span> <span class='ocrx_word' id='word_1_419' title='bbox 917 5191 991 5245; x_wconf 86' lang='lat' dir='ltr'><strong>De</strong></span> <span class='ocrx_word' id='word_1_420' title='bbox 1036 5191 1376 5260; x_wconf 84' lang='lat' dir='ltr'><strong>cleeniosyua</strong></span> <span class='ocrx_word' id='word_1_421' title='bbox 1420 5203 1632 5259; x_wconf 89' lang='lat' dir='ltr'><strong>semper</strong></span> <span class='ocrx_word' id='word_1_422' title='bbox 1675 5189 1923 5245; x_wconf 89' lang='lat' dir='ltr'><strong>dissero?</strong></span> <span class='ocrx_word' id='word_1_423' title='bbox 1956 5191 2157 5247; x_wconf 87' lang='lat' dir='ltr'><strong>Vellem</strong></span> <span class='ocrx_word' id='word_1_424' title='bbox 2208 5204 2262 5252; x_wconf 90' lang='lat' dir='ltr'><strong>et</strong></span> 
     </span>
    </p>
   </div>
   <div class='ocr_carea' id='block_1_56' title="bbox 695 5279 2258 5353">
    <p class='ocr_par' dir='ltr' id='par_1_56' title="bbox 695 5279 2258 5353">
     <span class='ocr_line' id='line_1_56' title="bbox 695 5279 2258 5353; baseline 0.003 -19"><span class='ocrx_word' id='word_1_425' title='bbox 695 5298 796 5353; x_wconf 75' lang='lat' dir='ltr'><strong>ego</strong></span> <span class='ocrx_word' id='word_1_426' title='bbox 824 5279 1117 5349; x_wconf 88' lang='lat' dir='ltr'><strong>lmjusmodi</strong></span> <span class='ocrx_word' id='word_1_427' title='bbox 1149 5281 1514 5334; x_wconf 85' lang='lat' dir='ltr'><strong>adhortatione</strong></span> <span class='ocrx_word' id='word_1_428' title='bbox 1535 5279 1660 5332; x_wconf 87' lang='lat' dir='ltr'><strong>nihil</strong></span> <span class='ocrx_word' id='word_1_429' title='bbox 1690 5281 1826 5350; x_wconf 85' lang='lat' dir='ltr'><strong>apud</strong></span> <span class='ocrx_word' id='word_1_430' title='bbox 1850 5294 1941 5335; x_wconf 80' lang='lat' dir='ltr'><strong>vos</strong></span> <span class='ocrx_word' id='word_1_431' title='bbox 1965 5299 2098 5352; x_wconf 86' lang='lat' dir='ltr'><strong>opus</strong></span> <span class='ocrx_word' id='word_1_432' title='bbox 2118 5297 2258 5351; x_wconf 89' lang='lat' dir='ltr'><strong>esse,</strong></span> 
     </span>
    </p>
   </div>
   <div class='ocr_carea' id='block_1_57' title="bbox 695 5370 2256 5442">
    <p class='ocr_par' dir='ltr' id='par_1_57' title="bbox 695 5370 2256 5442">
     <span class='ocr_line' id='line_1_57' title="bbox 695 5370 2256 5442; baseline 0.004 -16"><span class='ocrx_word' id='word_1_433' title='bbox 695 5372 788 5426; x_wconf 74' lang='lat' dir='ltr'><strong>sed</strong></span> <span class='ocrx_word' id='word_1_434' title='bbox 811 5373 1070 5424; x_wconf 76' lang='lat' dir='ltr'><strong>disserere</strong></span> <span class='ocrx_word' id='word_1_435' title='bbox 1094 5372 1159 5424; x_wconf 90' lang='lat' dir='ltr'><strong>de</strong></span> <span class='ocrx_word' id='word_1_436' title='bbox 1181 5386 1348 5441; x_wconf 89' lang='lat' dir='ltr'><strong>pugna</strong></span> <span class='ocrx_word' id='word_1_437' title='bbox 1369 5381 1549 5426; x_wconf 85' lang='lat' dir='ltr'><strong>c0ntra</strong></span> <span class='ocrx_word' id='word_1_438' title='bbox 1570 5370 1800 5434; x_wconf 75' lang='lat' dir='ltr'><strong>Judzeos,</strong></span> <span class='ocrx_word' id='word_1_439' title='bbox 1815 5383 1993 5428; x_wconf 84' lang='lat' dir='ltr'><strong>contra</strong></span> <span class='ocrx_word' id='word_1_440' title='bbox 2012 5377 2256 5442; x_wconf 77' lang='lat' dir='ltr'><strong>gentiles,</strong></span> 
     </span>
    </p>
   </div>
   <div class='ocr_carea' id='block_1_58' title="bbox 698 5461 2260 5534">
    <p class='ocr_par' dir='ltr' id='par_1_58' title="bbox 698 5461 2260 5534">
     <span class='ocr_line' id='line_1_58' title="bbox 698 5461 2260 5534; baseline 0.006 -20"><span class='ocrx_word' id='word_1_441' title='bbox 698 5471 883 5516; x_wconf 75' lang='lat' dir='ltr'><strong>eontra</strong></span> <span class='ocrx_word' id='word_1_442' title='bbox 916 5461 1192 5514; x_wconf 69' lang='lat' dir='ltr'><strong>hmretieos</strong></span> <span class='ocrx_word' id='word_1_443' title='bbox 1224 5479 1238 5512; x_wconf 90' lang='lat'><strong>:</strong></span> <span class='ocrx_word' id='word_1_444' title='bbox 1269 5463 1360 5516; x_wconf 91' lang='lat' dir='ltr'><strong>sed</strong></span> <span class='ocrx_word' id='word_1_445' title='bbox 1388 5461 1616 5516; x_wconf 89' lang='lat' dir='ltr'><strong>nondum</strong></span> <span class='ocrx_word' id='word_1_446' title='bbox 1645 5463 1884 5518; x_wconf 84' lang='lat' dir='ltr'><strong>valentes</strong></span> <span class='ocrx_word' id='word_1_447' title='bbox 1909 5467 2026 5534; x_wconf 87' lang='lat' dir='ltr'><strong>quis</strong></span> <span class='ocrx_word' id='word_1_448' title='bbox 2052 5483 2260 5523; x_wconf 90' lang='lat' dir='ltr'><strong>armare</strong></span> 
     </span>
    </p>
   </div>
   <div class='ocr_carea' id='block_1_59' title="bbox 701 5551 2260 5629">
    <p class='ocr_par' dir='ltr' id='par_1_59' title="bbox 701 5551 2260 5629">
     <span class='ocr_line' id='line_1_59' title="bbox 701 5551 2260 5629; baseline 0.008 -26"><span class='ocrx_word' id='word_1_449' title='bbox 701 5552 902 5621; x_wconf 76' lang='lat' dir='ltr'><strong>possit?</strong></span> <span class='ocrx_word' id='word_1_450' title='bbox 950 5551 1214 5618; x_wconf 86' lang='lat' dir='ltr'><strong>quomodo</strong></span> <span class='ocrx_word' id='word_1_451' title='bbox 1256 5552 1304 5604; x_wconf 91' lang='lat' dir='ltr'><strong>in</strong></span> <span class='ocrx_word' id='word_1_452' title='bbox 1347 5553 1511 5608; x_wconf 85' lang='lat' dir='ltr'><strong>aciem</strong></span> <span class='ocrx_word' id='word_1_453' title='bbox 1542 5553 1768 5610; x_wconf 88' lang='lat' dir='ltr'><strong>educere</strong></span> <span class='ocrx_word' id='word_1_454' title='bbox 1809 5557 1978 5610; x_wconf 90' lang='lat' dir='ltr'><strong>adhuc</strong></span> <span class='ocrx_word' id='word_1_455' title='bbox 2007 5559 2171 5629; x_wconf 72' lang='lat' dir='ltr'><strong>pl-ugis</strong></span> <span class='ocrx_word' id='word_1_456' title='bbox 2207 5570 2260 5615; x_wconf 87' lang='lat' dir='ltr'><strong>et</strong></span> 
     </span>
    </p>
   </div>
   <div class='ocr_carea' id='block_1_60' title="bbox 717 5642 2253 5721">
    <p class='ocr_par' dir='ltr' id='par_1_60' title="bbox 717 5642 2253 5721">
     <span class='ocr_line' id='line_1_60' title="bbox 717 5642 2253 5721; baseline 0.007 -26"><span class='ocrx_word' id='word_1_457' title='bbox 717 5642 1019 5697; x_wconf 76' lang='lat' dir='ltr'><strong>vulneribus</strong></span> <span class='ocrx_word' id='word_1_458' title='bbox 1045 5643 1344 5700; x_wconf 68' lang='lat' dir='ltr'><strong>sauciatos?</strong></span> <span class='ocrx_word' id='word_1_459' title='bbox 1373 5649 1425 5700; x_wconf 68' lang='lat' dir='ltr'><strong>Si</strong></span> <span class='ocrx_word' id='word_1_460' title='bbox 1457 5665 1547 5702; x_wconf 68' lang='lat' dir='ltr'><strong>vos</strong></span> <span class='ocrx_word' id='word_1_461' title='bbox 1579 5647 1713 5702; x_wconf 83' lang='lat' dir='ltr'><strong>bene</strong></span> <span class='ocrx_word' id='word_1_462' title='bbox 1743 5650 1973 5705; x_wconf 85' lang='lat' dir='ltr'><strong>valentes</strong></span> <span class='ocrx_word' id='word_1_463' title='bbox 2002 5653 2253 5721; x_wconf 81' lang='lat' dir='ltr'><strong>viderem,</strong></span> 
     </span>
    </p>
   </div>
   <div class='ocr_carea' id='block_1_61' title="bbox 1380 261 3163 335">
    <p class='ocr_par' dir='ltr' id='par_1_61' title="bbox 1380 261 3163 335">
     <span class='ocr_line' id='line_1_61' title="bbox 1380 261 3163 335; baseline -0.01 0"><span class='ocrx_word' id='word_1_464' title='bbox 1380 280 1430 335; x_wconf 90' lang='lat' dir='ltr'><strong>S.</strong></span> <span class='ocrx_word' id='word_1_465' title='bbox 1471 275 1744 333; x_wconf 65' lang='lat' dir='ltr'><strong>JOANNIS</strong></span> <span class='ocrx_word' id='word_1_466' title='bbox 1780 263 2246 327; x_wconf 73' lang='lat' dir='ltr'><strong>CIIIlYSOSTOMI</strong></span> <span class='ocrx_word' id='word_1_467' title='bbox 2286 263 2599 320; x_wconf 71' lang='lat' dir='ltr'><strong>ARCIIIEP.</strong></span> <span class='ocrx_word' id='word_1_468' title='bbox 2639 261 3163 320; x_wconf 68' lang='lat' dir='ltr'><strong>CONSTANTINOP.</strong></span> 
     </span>
    </p>
   </div>
   <div class='ocr_carea' id='block_1_62' title="bbox 3795 265 3898 322">
    <p class='ocr_par' dir='ltr' id='par_1_62' title="bbox 3795 265 3898 322">
     <span class='ocr_line' id='line_1_62' title="bbox 3795 265 3898 322; baseline 0.049 -5"><span class='ocrx_word' id='word_1_469' title='bbox 3795 265 3898 322; x_wconf 70' lang='lat' dir='ltr'><strong>1S0</strong></span> 
     </span>
    </p>
   </div>
   <div class='ocr_carea' id='block_1_63' title="bbox 2311 375 3895 448">
    <p class='ocr_par' dir='ltr' id='par_1_63' title="bbox 2311 375 3895 448">
     <span class='ocr_line' id='line_1_63' title="bbox 2311 375 3895 448; baseline 0.002 -19"><span class='ocrx_word' id='word_1_470' title='bbox 2311 375 2421 447; x_wconf 76' lang='lat' dir='ltr'><strong>jam</strong></span> <span class='ocrx_word' id='word_1_471' title='bbox 2453 394 2503 432; x_wconf 93' lang='lat' dir='ltr'><strong>m</strong></span> <span class='ocrx_word' id='word_1_472' title='bbox 2532 378 2701 433; x_wconf 80' lang='lat' dir='ltr'><strong>aciem</strong></span> <span class='ocrx_word' id='word_1_473' title='bbox 2735 379 2877 433; x_wconf 90' lang='lat' dir='ltr'><strong>illam</strong></span> <span class='ocrx_word' id='word_1_474' title='bbox 2905 378 3207 434; x_wconf 79' lang='lat' dir='ltr'><strong>eduxisscm</strong></span> <span class='ocrx_word' id='word_1_475' title='bbox 3227 418 3242 447; x_wconf 92' lang='lat'><strong>,</strong></span> <span class='ocrx_word' id='word_1_476' title='bbox 3289 386 3444 448; x_wconf 86' lang='lat' dir='ltr'><strong>atque</strong></span> <span class='ocrx_word' id='word_1_477' title='bbox 3488 375 3685 432; x_wconf 88' lang='lat' dir='ltr'><strong>Christi</strong></span> <span class='ocrx_word' id='word_1_478' title='bbox 3729 381 3895 447; x_wconf 80' lang='lat' dir='ltr'><strong>gratia</strong></span> 
     </span>
    </p>
   </div>
   <div class='ocr_carea' id='block_1_64' title="bbox 2319 469 3894 540">
    <p class='ocr_par' dir='ltr' id='par_1_64' title="bbox 2319 469 3894 540">
     <span class='ocr_line' id='line_1_64' title="bbox 2319 469 3894 540; baseline -0.001 -15"><span class='ocrx_word' id='word_1_479' title='bbox 2319 469 2434 525; x_wconf 80' lang='lat' dir='ltr'><strong>fulti</strong></span> <span class='ocrx_word' id='word_1_480' title='bbox 2485 480 2714 540; x_wconf 77' lang='lat' dir='ltr'><strong>stragem</strong></span> <span class='ocrx_word' id='word_1_481' title='bbox 2763 472 3029 526; x_wconf 87' lang='lat' dir='ltr'><strong>vidissetis</strong></span> <span class='ocrx_word' id='word_1_482' title='bbox 3089 472 3486 526; x_wconf 86' lang='lat' dir='ltr'><strong>innumerorum</strong></span> <span class='ocrx_word' id='word_1_483' title='bbox 3534 470 3894 534; x_wconf 84' lang='lat' dir='ltr'><strong>cadaverum,</strong></span> 
     </span>
    </p>
   </div>
   <div class='ocr_carea' id='block_1_65' title="bbox 2319 560 3898 630">
    <p class='ocr_par' dir='ltr' id='par_1_65' title="bbox 2319 560 3898 630">
     <span class='ocr_line' id='line_1_65' title="bbox 2319 560 3898 630; baseline 0.001 -15"><span class='ocrx_word' id='word_1_484' title='bbox 2319 560 2586 629; x_wconf 79' lang='lat' dir='ltr'><strong>multaque</strong></span> <span class='ocrx_word' id='word_1_485' title='bbox 2630 561 2787 614; x_wconf 87' lang='lat' dir='ltr'><strong>allata</strong></span> <span class='ocrx_word' id='word_1_486' title='bbox 2831 576 3015 615; x_wconf 89' lang='lat' dir='ltr'><strong>eorum</strong></span> <span class='ocrx_word' id='word_1_487' title='bbox 3061 561 3255 630; x_wconf 83' lang='lat' dir='ltr'><strong>capita.</strong></span> <span class='ocrx_word' id='word_1_488' title='bbox 3308 561 3364 615; x_wconf 89' lang='lat' dir='ltr'><strong>In</strong></span> <span class='ocrx_word' id='word_1_489' title='bbox 3413 561 3532 614; x_wconf 89' lang='lat' dir='ltr'><strong>aliis</strong></span> <span class='ocrx_word' id='word_1_490' title='bbox 3557 575 3720 630; x_wconf 90' lang='lat' dir='ltr'><strong>porro</strong></span> <span class='ocrx_word' id='word_1_491' title='bbox 3750 561 3898 616; x_wconf 84' lang='lat' dir='ltr'><strong>libris</strong></span> 
     </span>
    </p>
   </div>
   <div class='ocr_carea' id='block_1_66' title="bbox 2321 651 3898 723">
    <p class='ocr_par' dir='ltr' id='par_1_66' title="bbox 2321 651 3898 723">
     <span class='ocr_line' id='line_1_66' title="bbox 2321 651 3898 723; baseline 0.001 -17"><span class='ocrx_word' id='word_1_492' title='bbox 2321 651 2480 706; x_wconf 86' lang='lat' dir='ltr'><strong>multa</strong></span> <span class='ocrx_word' id='word_1_493' title='bbox 2514 651 2612 706; x_wconf 87' lang='lat' dir='ltr'><strong>hac</strong></span> <span class='ocrx_word' id='word_1_494' title='bbox 2654 653 2720 708; x_wconf 92' lang='lat' dir='ltr'><strong>de</strong></span> <span class='ocrx_word' id='word_1_495' title='bbox 2747 669 2804 706; x_wconf 88' lang='lat' dir='ltr'><strong>re</strong></span> <span class='ocrx_word' id='word_1_496' title='bbox 2838 653 3066 708; x_wconf 79' lang='lat' dir='ltr'><strong>diximus</strong></span> <span class='ocrx_word' id='word_1_497' title='bbox 3098 671 3111 707; x_wconf 92' lang='lat'>:</span> <span class='ocrx_word' id='word_1_498' title='bbox 3144 653 3236 707; x_wconf 91' lang='lat' dir='ltr'><strong>sed</strong></span> <span class='ocrx_word' id='word_1_499' title='bbox 3281 668 3454 723; x_wconf 89' lang='lat' dir='ltr'><strong>neque</strong></span> <span class='ocrx_word' id='word_1_500' title='bbox 3481 654 3556 706; x_wconf 91' lang='lat' dir='ltr'><strong>sic</strong></span> <span class='ocrx_word' id='word_1_501' title='bbox 3589 653 3748 719; x_wconf 81' lang='lat' dir='ltr'><strong>plane</strong></span> <span class='ocrx_word' id='word_1_502' title='bbox 3775 668 3898 720; x_wconf 82' lang='lat' dir='ltr'><strong>pos-</strong></span> 
     </span>
    </p>
   </div>
   <div class='ocr_carea' id='block_1_67' title="bbox 2320 741 3898 812">
    <p class='ocr_par' dir='ltr' id='par_1_67' title="bbox 2320 741 3898 812">
     <span class='ocr_line' id='line_1_67' title="bbox 2320 741 3898 812; baseline 0 -18"><span class='ocrx_word' id='word_1_503' title='bbox 2320 756 2522 807; x_wconf 79' lang='lat' dir='ltr'><strong>sumus,</strong></span> <span class='ocrx_word' id='word_1_504' title='bbox 2569 742 2638 796; x_wconf 92' lang='lat' dir='ltr'><strong>ob</strong></span> <span class='ocrx_word' id='word_1_505' title='bbox 2686 743 2972 795; x_wconf 89' lang='lat' dir='ltr'><strong>multorum</strong></span> <span class='ocrx_word' id='word_1_506' title='bbox 3003 741 3399 812; x_wconf 77' lang='lat' dir='ltr'><strong>negligentiam,</strong></span> <span class='ocrx_word' id='word_1_507' title='bbox 3446 745 3581 794; x_wconf 91' lang='lat' dir='ltr'><strong>hanc</strong></span> <span class='ocrx_word' id='word_1_508' title='bbox 3619 741 3898 794; x_wconf 83' lang='lat' dir='ltr'><strong>victoriam</strong></span> 
     </span>
    </p>
   </div>
   <div class='ocr_carea' id='block_1_68' title="bbox 2320 832 3900 902">
    <p class='ocr_par' dir='ltr' id='par_1_68' title="bbox 2320 832 3900 902">
     <span class='ocr_line' id='line_1_68' title="bbox 2320 832 3900 902; baseline 0 -15"><span class='ocrx_word' id='word_1_509' title='bbox 2320 833 2611 887; x_wconf 84' lang='lat' dir='ltr'><strong>celebrare.</strong></span> <span class='ocrx_word' id='word_1_510' title='bbox 2665 833 2950 902; x_wconf 82' lang='lat' dir='ltr'><strong>Postquam</strong></span> <span class='ocrx_word' id='word_1_511' title='bbox 3004 833 3145 887; x_wconf 89' lang='lat' dir='ltr'><strong>enim</strong></span> <span class='ocrx_word' id='word_1_512' title='bbox 3204 832 3324 886; x_wconf 88' lang='lat' dir='ltr'><strong>illos</strong></span> <span class='ocrx_word' id='word_1_513' title='bbox 3371 847 3512 901; x_wconf 72' lang='lat' dir='ltr'><strong>saepe</strong></span> <span class='ocrx_word' id='word_1_514' title='bbox 3561 832 3900 902; x_wconf 84' lang='lat' dir='ltr'><strong>dogmatibus</strong></span> 
     </span>
    </p>
   </div>
   <div class='ocr_carea' id='block_1_69' title="bbox 2323 924 3897 995">
    <p class='ocr_par' dir='ltr' id='par_1_69' title="bbox 2323 924 3897 995">
     <span class='ocr_line' id='line_1_69' title="bbox 2323 924 3897 995; baseline 0.001 -18"><span class='ocrx_word' id='word_1_515' title='bbox 2323 926 2714 995; x_wconf 88' lang='lat' dir='ltr'><strong>profligavimus</strong></span> <span class='ocrx_word' id='word_1_516' title='bbox 2736 967 2752 991; x_wconf 94' lang='lat'><strong>,</strong></span> <span class='ocrx_word' id='word_1_517' title='bbox 2796 926 2956 979; x_wconf 83' lang='lat' dir='ltr'><strong>vitam</strong></span> <span class='ocrx_word' id='word_1_518' title='bbox 2987 926 3275 979; x_wconf 92' lang='lat' dir='ltr'><strong>multorum</strong></span> <span class='ocrx_word' id='word_1_519' title='bbox 3306 924 3459 978; x_wconf 90' lang='lat' dir='ltr'><strong>nobis</strong></span> <span class='ocrx_word' id='word_1_520' title='bbox 3486 925 3500 956; x_wconf 84' lang='lat'>&#39;</span> <span class='ocrx_word' id='word_1_521' title='bbox 3533 925 3897 993; x_wconf 64' lang='lat' dir='ltr'><strong>exlirobrant,</strong></span> 
     </span>
    </p>
   </div>
   <div class='ocr_carea' id='block_1_70' title="bbox 2320 1015 3903 1086">
    <p class='ocr_par' dir='ltr' id='par_1_70' title="bbox 2320 1015 3903 1086">
     <span class='ocr_line' id='line_1_70' title="bbox 2320 1015 3903 1086; baseline -0.001 -18"><span class='ocrx_word' id='word_1_522' title='bbox 2320 1017 2407 1084; x_wconf 90' lang='lat' dir='ltr'><strong>qui</strong></span> <span class='ocrx_word' id='word_1_523' title='bbox 2459 1015 2596 1084; x_wconf 88' lang='lat' dir='ltr'><strong>apud</strong></span> <span class='ocrx_word' id='word_1_524' title='bbox 2643 1031 2742 1071; x_wconf 90' lang='lat' dir='ltr'><strong>nos</strong></span> <span class='ocrx_word' id='word_1_525' title='bbox 2786 1027 3196 1086; x_wconf 74' lang='lat' dir='ltr'><strong>congregantur,</strong></span> <span class='ocrx_word' id='word_1_526' title='bbox 3248 1029 3541 1084; x_wconf 88' lang='lat' dir='ltr'><strong>eorumque</strong></span> <span class='ocrx_word' id='word_1_527' title='bbox 3596 1016 3818 1069; x_wconf 78' lang='lat' dir='ltr'><strong>vulnera</strong></span> <span class='ocrx_word' id='word_1_528' title='bbox 3849 1024 3903 1067; x_wconf 93' lang='lat' dir='ltr'><strong>ct</strong></span> 
     </span>
    </p>
   </div>
   <div class='ocr_carea' id='block_1_71' title="bbox 2321 1104 3900 1176">
    <p class='ocr_par' dir='ltr' id='par_1_71' title="bbox 2321 1104 3900 1176">
     <span class='ocr_line' id='line_1_71' title="bbox 2321 1104 3900 1176; baseline -0.001 -15"><span class='ocrx_word' id='word_1_529' title='bbox 2321 1107 2483 1161; x_wconf 89' lang='lat' dir='ltr'><strong>animi</strong></span> <span class='ocrx_word' id='word_1_530' title='bbox 2512 1108 2745 1161; x_wconf 89' lang='lat' dir='ltr'><strong>morbos.</strong></span> <span class='ocrx_word' id='word_1_531' title='bbox 2774 1107 3050 1174; x_wconf 86' lang='lat' dir='ltr'><strong>Quomodo</strong></span> <span class='ocrx_word' id='word_1_532' title='bbox 3078 1121 3208 1176; x_wconf 82' lang='lat' dir='ltr'><strong>ergo</strong></span> <span class='ocrx_word' id='word_1_533' title='bbox 3235 1121 3328 1160; x_wconf 88' lang='lat' dir='ltr'><strong>vos</strong></span> <span class='ocrx_word' id='word_1_534' title='bbox 3372 1104 3600 1161; x_wconf 83' lang='lat' dir='ltr'><strong>fidenter</strong></span> <span class='ocrx_word' id='word_1_535' title='bbox 3643 1107 3695 1159; x_wconf 94' lang='lat' dir='ltr'><strong>in</strong></span> <span class='ocrx_word' id='word_1_536' title='bbox 3727 1106 3900 1160; x_wconf 85' lang='lat' dir='ltr'><strong>aciem</strong></span> 
     </span>
    </p>
   </div>
   <div class='ocr_carea' id='block_1_72' title="bbox 2323 1198 3900 1262">
    <p class='ocr_par' dir='ltr' id='par_1_72' title="bbox 2323 1198 3900 1262">
     <span class='ocr_line' id='line_1_72' title="bbox 2323 1198 3900 1262; baseline -0.003 -8"><span class='ocrx_word' id='word_1_537' title='bbox 2323 1199 2624 1262; x_wconf 82' lang='lat' dir='ltr'><strong>cdnremus,</strong></span> <span class='ocrx_word' id='word_1_538' title='bbox 2669 1215 2789 1254; x_wconf 91' lang='lat' dir='ltr'><strong>eum</strong></span> <span class='ocrx_word' id='word_1_539' title='bbox 2819 1201 2977 1254; x_wconf 90' lang='lat' dir='ltr'><strong>etiam</strong></span> <span class='ocrx_word' id='word_1_540' title='bbox 3006 1198 3160 1254; x_wconf 84' lang='lat' dir='ltr'><strong>nobis</strong></span> <span class='ocrx_word' id='word_1_541' title='bbox 3207 1199 3412 1253; x_wconf 83' lang='lat' dir='ltr'><strong>molesti</strong></span> <span class='ocrx_word' id='word_1_542' title='bbox 3456 1199 3592 1262; x_wconf 81' lang='lat' dir='ltr'><strong>sitis,</strong></span> <span class='ocrx_word' id='word_1_543' title='bbox 3629 1198 3754 1252; x_wconf 88' lang='lat' dir='ltr'><strong>dum</strong></span> <span class='ocrx_word' id='word_1_544' title='bbox 3806 1214 3900 1251; x_wconf 86' lang='lat' dir='ltr'><strong>vos</strong></span> 
     </span>
    </p>
   </div>
   <div class='ocr_carea' id='block_1_73' title="bbox 2325 1291 3904 1345">
    <p class='ocr_par' dir='ltr' id='par_1_73' title="bbox 2325 1291 3904 1345">
     <span class='ocr_line' id='line_1_73' title="bbox 2325 1291 3904 1345; baseline -0.002 0"><span class='ocrx_word' id='word_1_545' title='bbox 2325 1291 2506 1345; x_wconf 83' lang='lat' dir='ltr'><strong>hostes</strong></span> <span class='ocrx_word' id='word_1_546' title='bbox 2553 1292 2861 1344; x_wconf 85' lang='lat' dir='ltr'><strong>confodiunt</strong></span> <span class='ocrx_word' id='word_1_547' title='bbox 2906 1306 2968 1344; x_wconf 86' lang='lat' dir='ltr'><strong>ac</strong></span> <span class='ocrx_word' id='word_1_548' title='bbox 3012 1291 3300 1345; x_wconf 84' lang='lat' dir='ltr'><strong>derident?</strong></span> <span class='ocrx_word' id='word_1_549' title='bbox 3346 1291 3490 1344; x_wconf 83' lang='lat' dir='ltr'><strong>Illius</strong></span> <span class='ocrx_word' id='word_1_550' title='bbox 3534 1291 3679 1344; x_wconf 89' lang='lat' dir='ltr'><strong>enim</strong></span> <span class='ocrx_word' id='word_1_551' title='bbox 3713 1305 3904 1343; x_wconf 86' lang='lat' dir='ltr'><strong>manus</strong></span> 
     </span>
    </p>
   </div>
   <div class='ocr_carea' id='block_1_74' title="bbox 2324 1382 3905 1453">
    <p class='ocr_par' dir='ltr' id='par_1_74' title="bbox 2324 1382 3905 1453">
     <span class='ocr_line' id='line_1_74' title="bbox 2324 1382 3905 1453; baseline -0.001 -17"><span class='ocrx_word' id='word_1_552' title='bbox 2324 1398 2464 1453; x_wconf 73' lang='lat' dir='ltr'><strong>mgra</strong></span> <span class='ocrx_word' id='word_1_553' title='bbox 2502 1393 2582 1438; x_wconf 91' lang='lat' dir='ltr'><strong>est</strong></span> <span class='ocrx_word' id='word_1_554' title='bbox 2608 1394 2658 1437; x_wconf 71' lang='lat' dir='ltr'><strong>ei</strong></span> <span class='ocrx_word' id='word_1_555' title='bbox 2688 1384 2752 1438; x_wconf 89' lang='lat' dir='ltr'><strong>ad</strong></span> <span class='ocrx_word' id='word_1_556' title='bbox 2782 1383 3106 1450; x_wconf 83' lang='lat' dir='ltr'><strong>largitionem</strong></span> <span class='ocrx_word' id='word_1_557' title='bbox 3132 1385 3154 1415; x_wconf 86' lang='grc'>²</span> <span class='ocrx_word' id='word_1_558' title='bbox 3179 1394 3468 1436; x_wconf 88' lang='lat' dir='ltr'><strong>contraeta.</strong></span> <span class='ocrx_word' id='word_1_559' title='bbox 3509 1382 3789 1449; x_wconf 71' lang='lat' dir='ltr'><strong>Quomodo</strong></span> <span class='ocrx_word' id='word_1_560' title='bbox 3820 1383 3905 1436; x_wconf 69' lang='lat' dir='ltr'><strong>ille</strong></span> 
     </span>
    </p>
   </div>
   <div class='ocr_carea' id='block_1_75' title="bbox 2325 1473 3906 1544">
    <p class='ocr_par' dir='ltr' id='par_1_75' title="bbox 2325 1473 3906 1544">
     <span class='ocr_line' id='line_1_75' title="bbox 2325 1473 3906 1544; baseline -0.001 -17"><span class='ocrx_word' id='word_1_561' title='bbox 2325 1474 2567 1544; x_wconf 81' lang='lat' dir='ltr'><strong>clypeum</strong></span> <span class='ocrx_word' id='word_1_562' title='bbox 2615 1483 2796 1528; x_wconf 90' lang='lat' dir='ltr'><strong>tenere</strong></span> <span class='ocrx_word' id='word_1_563' title='bbox 2825 1483 2877 1527; x_wconf 86' lang='lat' dir='ltr'><strong>et</strong></span> <span class='ocrx_word' id='word_1_564' title='bbox 2905 1473 3195 1527; x_wconf 79' lang='lat' dir='ltr'><strong>obtendere</strong></span> <span class='ocrx_word' id='word_1_565' title='bbox 3242 1475 3474 1542; x_wconf 89' lang='lat' dir='ltr'><strong>poterit,</strong></span> <span class='ocrx_word' id='word_1_566' title='bbox 3503 1489 3570 1528; x_wconf 91' lang='lat' dir='ltr'><strong>ne</strong></span> <span class='ocrx_word' id='word_1_567' title='bbox 3597 1473 3906 1527; x_wconf 74' lang='lat' dir='ltr'><strong>crudelibus</strong></span> 
     </span>
    </p>
   </div>
   <div class='ocr_carea' id='block_1_76' title="bbox 2325 1563 3905 1634">
    <p class='ocr_par' dir='ltr' id='par_1_76' title="bbox 2325 1563 3905 1634">
     <span class='ocr_line' id='line_1_76' title="bbox 2325 1563 3905 1634; baseline -0.001 -16"><span class='ocrx_word' id='word_1_568' title='bbox 2325 1563 2562 1619; x_wconf 82' lang='lat' dir='ltr'><strong>dictet-iis</strong></span> <span class='ocrx_word' id='word_1_569' title='bbox 2593 1563 2847 1618; x_wconf 83' lang='lat' dir='ltr'><strong>feriatur?</strong></span> <span class='ocrx_word' id='word_1_570' title='bbox 2889 1564 2989 1618; x_wconf 79' lang='lat' dir='ltr'><strong>Alii</strong></span> <span class='ocrx_word' id='word_1_571' title='bbox 3032 1564 3254 1633; x_wconf 83' lang='lat' dir='ltr'><strong>pedibus</strong></span> <span class='ocrx_word' id='word_1_572' title='bbox 3296 1564 3599 1619; x_wconf 86' lang='lat' dir='ltr'><strong>clandieant</strong></span> <span class='ocrx_word' id='word_1_573' title='bbox 3645 1575 3905 1634; x_wconf 76' lang='lat' dir='ltr'><strong>quotquot</strong></span> 
     </span>
    </p>
   </div>
   <div class='ocr_carea' id='block_1_77' title="bbox 2328 1655 3906 1726">
    <p class='ocr_par' dir='ltr' id='par_1_77' title="bbox 2328 1655 3906 1726">
     <span class='ocr_line' id='line_1_77' title="bbox 2328 1655 3906 1726; baseline 0 -18"><span class='ocrx_word' id='word_1_574' title='bbox 2328 1655 2620 1708; x_wconf 85' lang='lat' dir='ltr'><strong>ascendunt</strong></span> <span class='ocrx_word' id='word_1_575' title='bbox 2650 1658 2714 1708; x_wconf 89' lang='lat' dir='ltr'><strong>ad</strong></span> <span class='ocrx_word' id='word_1_576' title='bbox 2747 1655 2949 1709; x_wconf 87' lang='lat' dir='ltr'><strong>theatra</strong></span> <span class='ocrx_word' id='word_1_577' title='bbox 2975 1696 2988 1715; x_wconf 87' lang='lat'><strong>,</strong></span> <span class='ocrx_word' id='word_1_578' title='bbox 3019 1664 3075 1708; x_wconf 90' lang='lat' dir='ltr'><strong>et</strong></span> <span class='ocrx_word' id='word_1_579' title='bbox 3125 1656 3190 1708; x_wconf 91' lang='lat' dir='ltr'><strong>ad</strong></span> <span class='ocrx_word' id='word_1_580' title='bbox 3236 1656 3532 1726; x_wconf 73' lang='lat' dir='ltr'><strong>diversoria</strong></span> <span class='ocrx_word' id='word_1_581' title='bbox 3567 1657 3906 1710; x_wconf 84' lang='lat' dir='ltr'><strong>meretricum</strong></span> 
     </span>
    </p>
   </div>
   <div class='ocr_carea' id='block_1_78' title="bbox 2332 1743 3910 1815">
    <p class='ocr_par' dir='ltr' id='par_1_78' title="bbox 2332 1743 3910 1815">
     <span class='ocr_line' id='line_1_78' title="bbox 2332 1743 3910 1815; baseline 0.001 -17"><span class='ocrx_word' id='word_1_582' title='bbox 2332 1746 2629 1799; x_wconf 86' lang='lat' dir='ltr'><strong>mulierum.</strong></span> <span class='ocrx_word' id='word_1_583' title='bbox 2663 1745 2940 1812; x_wconf 90' lang='lat' dir='ltr'><strong>Quomodo</strong></span> <span class='ocrx_word' id='word_1_584' title='bbox 2965 1743 3016 1797; x_wconf 89' lang='lat' dir='ltr'><strong>hi</strong></span> <span class='ocrx_word' id='word_1_585' title='bbox 3049 1745 3100 1798; x_wconf 92' lang='lat' dir='ltr'><strong>in</strong></span> <span class='ocrx_word' id='word_1_586' title='bbox 3128 1759 3298 1815; x_wconf 89' lang='lat' dir='ltr'><strong>pugna</strong></span> <span class='ocrx_word' id='word_1_587' title='bbox 3326 1756 3468 1800; x_wconf 77' lang='lat' dir='ltr'><strong>Stare</strong></span> <span class='ocrx_word' id='word_1_588' title='bbox 3501 1755 3776 1814; x_wconf 90' lang='lat' dir='ltr'><strong>poterunt,</strong></span> <span class='ocrx_word' id='word_1_589' title='bbox 3811 1762 3910 1800; x_wconf 85' lang='lat' dir='ltr'><strong>nec</strong></span> 
     </span>
    </p>
   </div>
   <div class='ocr_carea' id='block_1_79' title="bbox 2331 1832 3913 1890">
    <p class='ocr_par' dir='ltr' id='par_1_79' title="bbox 2331 1832 3913 1890">
     <span class='ocr_line' id='line_1_79' title="bbox 2331 1832 3913 1890; baseline 0.001 -2"><span class='ocrx_word' id='word_1_590' title='bbox 2331 1832 2560 1888; x_wconf 66' lang='lat' dir='ltr'><strong>lasciviae</strong></span> <span class='ocrx_word' id='word_1_591' title='bbox 2603 1835 2915 1889; x_wconf 82' lang='lat' dir='ltr'><strong>criminibus</strong></span> <span class='ocrx_word' id='word_1_592' title='bbox 2941 1834 3199 1888; x_wconf 86' lang='lat' dir='ltr'><strong>confodi?</strong></span> <span class='ocrx_word' id='word_1_593' title='bbox 3226 1835 3376 1889; x_wconf 73' lang='lat' dir='ltr'><strong>Alius</strong></span> <span class='ocrx_word' id='word_1_594' title='bbox 3405 1835 3578 1890; x_wconf 92' lang='lat' dir='ltr'><strong>oculis</strong></span> <span class='ocrx_word' id='word_1_595' title='bbox 3607 1835 3818 1890; x_wconf 87' lang='lat' dir='ltr'><strong>laborat</strong></span> <span class='ocrx_word' id='word_1_596' title='bbox 3859 1847 3913 1890; x_wconf 91' lang='lat' dir='ltr'><strong>et</strong></span> 
     </span>
    </p>
   </div>
   <div class='ocr_carea' id='block_1_80' title="bbox 2333 1925 3911 1995">
    <p class='ocr_par' dir='ltr' id='par_1_80' title="bbox 2333 1925 3911 1995">
     <span class='ocr_line' id='line_1_80' title="bbox 2333 1925 3911 1995; baseline 0.004 -20"><span class='ocrx_word' id='word_1_597' title='bbox 2333 1939 2468 1995; x_wconf 81' lang='lat' dir='ltr'><strong>pene</strong></span> <span class='ocrx_word' id='word_1_598' title='bbox 2493 1940 2667 1980; x_wconf 72' lang='lat' dir='ltr'><strong>ciceus</strong></span> <span class='ocrx_word' id='word_1_599' title='bbox 2705 1935 2828 1991; x_wconf 91' lang='lat' dir='ltr'><strong>est,</strong></span> <span class='ocrx_word' id='word_1_600' title='bbox 2875 1939 2980 1980; x_wconf 92' lang='lat' dir='ltr'><strong>non</strong></span> <span class='ocrx_word' id='word_1_601' title='bbox 3007 1925 3172 1994; x_wconf 88' lang='lat' dir='ltr'><strong>probe</strong></span> <span class='ocrx_word' id='word_1_602' title='bbox 3203 1927 3499 1995; x_wconf 89' lang='lat' dir='ltr'><strong>respiciens</strong></span> <span class='ocrx_word' id='word_1_603' title='bbox 3519 1968 3534 1990; x_wconf 91' lang='lat'><strong>,</strong></span> <span class='ocrx_word' id='word_1_604' title='bbox 3564 1926 3659 1981; x_wconf 84' lang='lat' dir='ltr'><strong>sed</strong></span> <span class='ocrx_word' id='word_1_605' title='bbox 3694 1927 3911 1981; x_wconf 81' lang='lat' dir='ltr'><strong>lascivia</strong></span> 
     </span>
    </p>
   </div>
   <div class='ocr_carea' id='block_1_81' title="bbox 2334 2015 3915 2084">
    <p class='ocr_par' dir='ltr' id='par_1_81' title="bbox 2334 2015 3915 2084">
     <span class='ocr_line' id='line_1_81' title="bbox 2334 2015 3915 2084; baseline 0.002 -17"><span class='ocrx_word' id='word_1_606' title='bbox 2334 2017 2540 2084; x_wconf 83' lang='lat' dir='ltr'><strong>plenus,</strong></span> <span class='ocrx_word' id='word_1_607' title='bbox 2559 2015 2836 2068; x_wconf 85' lang='lat' dir='ltr'><strong>mulierum</strong></span> <span class='ocrx_word' id='word_1_608' title='bbox 2857 2016 3158 2084; x_wconf 88' lang='lat' dir='ltr'><strong>pudicitiam</strong></span> <span class='ocrx_word' id='word_1_609' title='bbox 3176 2015 3412 2080; x_wconf 89' lang='lat' dir='ltr'><strong>adortus,</strong></span> <span class='ocrx_word' id='word_1_610' title='bbox 3436 2025 3491 2070; x_wconf 92' lang='lat' dir='ltr'><strong>et</strong></span> <span class='ocrx_word' id='word_1_611' title='bbox 3516 2016 3798 2071; x_wconf 89' lang='lat' dir='ltr'><strong>connubiis</strong></span> <span class='ocrx_word' id='word_1_612' title='bbox 3829 2017 3882 2070; x_wconf 90' lang='lat' dir='ltr'><strong>in</strong></span> <span class='ocrx_word' id='word_1_613' title='bbox 3897 2048 3915 2060; x_wconf 83' lang='lat'><strong>-</strong></span> 
     </span>
    </p>
   </div>
   <div class='ocr_carea' id='block_1_82' title="bbox 2332 2103 3916 2176">
    <p class='ocr_par' dir='ltr' id='par_1_82' title="bbox 2332 2103 3916 2176">
     <span class='ocr_line' id='line_1_82' title="bbox 2332 2103 3916 2176; baseline 0.001 -17"><span class='ocrx_word' id='word_1_614' title='bbox 2332 2103 2570 2159; x_wconf 88' lang='lat' dir='ltr'><strong>sidiatus.</strong></span> <span class='ocrx_word' id='word_1_615' title='bbox 2602 2105 2880 2173; x_wconf 84' lang='lat' dir='ltr'><strong>Quomodo</strong></span> <span class='ocrx_word' id='word_1_616' title='bbox 2909 2104 2994 2160; x_wconf 90' lang='lat' dir='ltr'><strong>hic</strong></span> <span class='ocrx_word' id='word_1_617' title='bbox 3024 2106 3264 2162; x_wconf 90' lang='lat' dir='ltr'><strong>inimicos</strong></span> <span class='ocrx_word' id='word_1_618' title='bbox 3289 2107 3552 2174; x_wconf 81' lang='lat' dir='ltr'><strong>respicere</strong></span> <span class='ocrx_word' id='word_1_619' title='bbox 3579 2109 3793 2176; x_wconf 80' lang='lat' dir='ltr'><strong>poterit,</strong></span> <span class='ocrx_word' id='word_1_620' title='bbox 3822 2107 3916 2160; x_wconf 82' lang='lat' dir='ltr'><strong>ha-</strong></span> 
     </span>
    </p>
   </div>
   <div class='ocr_carea' id='block_1_83' title="bbox 2333 2194 3915 2267">
    <p class='ocr_par' dir='ltr' id='par_1_83' title="bbox 2333 2194 3915 2267">
     <span class='ocr_line' id='line_1_83' title="bbox 2333 2194 3915 2267; baseline 0.003 -18"><span class='ocrx_word' id='word_1_621' title='bbox 2333 2204 2468 2250; x_wconf 87' lang='lat' dir='ltr'><strong>stam</strong></span> <span class='ocrx_word' id='word_1_622' title='bbox 2501 2194 2706 2249; x_wconf 77' lang='lat' dir='ltr'><strong>vibrare</strong></span> <span class='ocrx_word' id='word_1_623' title='bbox 2730 2236 2746 2260; x_wconf 95' lang='lat'><strong>,</strong></span> <span class='ocrx_word' id='word_1_624' title='bbox 2775 2197 2934 2251; x_wconf 89' lang='lat' dir='ltr'><strong>telmn</strong></span> <span class='ocrx_word' id='word_1_625' title='bbox 2965 2197 3229 2263; x_wconf 88' lang='lat' dir='ltr'><strong>emittere,</strong></span> <span class='ocrx_word' id='word_1_626' title='bbox 3260 2195 3384 2251; x_wconf 91' lang='lat' dir='ltr'><strong>dum</strong></span> <span class='ocrx_word' id='word_1_627' title='bbox 3415 2197 3644 2267; x_wconf 88' lang='lat' dir='ltr'><strong>undique</strong></span> <span class='ocrx_word' id='word_1_628' title='bbox 3672 2197 3915 2254; x_wconf 86' lang='lat' dir='ltr'><strong>dicteriis</strong></span> 
     </span>
    </p>
   </div>
   <div class='ocr_carea' id='block_1_84' title="bbox 2334 2286 3916 2348">
    <p class='ocr_par' dir='ltr' id='par_1_84' title="bbox 2334 2286 3916 2348">
     <span class='ocr_line' id='line_1_84' title="bbox 2334 2286 3916 2348; baseline 0.004 -7"><span class='ocrx_word' id='word_1_629' title='bbox 2334 2286 2673 2342; x_wconf 84' lang='lat' dir='ltr'><strong>confoditur?</strong></span> <span class='ocrx_word' id='word_1_630' title='bbox 2705 2288 2851 2343; x_wconf 78' lang='lat' dir='ltr'><strong>Alios</strong></span> <span class='ocrx_word' id='word_1_631' title='bbox 2878 2288 3058 2344; x_wconf 86' lang='lat' dir='ltr'><strong>videre</strong></span> <span class='ocrx_word' id='word_1_632' title='bbox 3097 2298 3180 2344; x_wconf 75' lang='lat' dir='ltr'><strong>est</strong></span> <span class='ocrx_word' id='word_1_633' title='bbox 3202 2299 3384 2343; x_wconf 87' lang='lat' dir='ltr'><strong>ventre</strong></span> <span class='ocrx_word' id='word_1_634' title='bbox 3407 2289 3652 2344; x_wconf 80' lang='lat' dir='ltr'><strong>dolentes</strong></span> <span class='ocrx_word' id='word_1_635' title='bbox 3677 2307 3782 2344; x_wconf 85' lang='lat' dir='ltr'><strong>non</strong></span> <span class='ocrx_word' id='word_1_636' title='bbox 3814 2291 3916 2348; x_wconf 85' lang='lat' dir='ltr'><strong>nii-</strong></span> 
     </span>
    </p>
   </div>
   <div class='ocr_carea' id='block_1_85' title="bbox 2337 2378 3918 2452">
    <p class='ocr_par' dir='ltr' id='par_1_85' title="bbox 2337 2378 3918 2452">
     <span class='ocr_line' id='line_1_85' title="bbox 2337 2378 3918 2452; baseline 0.002 -19"><span class='ocrx_word' id='word_1_637' title='bbox 2337 2394 2438 2434; x_wconf 88' lang='lat' dir='ltr'><strong>nus</strong></span> <span class='ocrx_word' id='word_1_638' title='bbox 2473 2394 2630 2449; x_wconf 88' lang='lat' dir='ltr'><strong>quam</strong></span> <span class='ocrx_word' id='word_1_639' title='bbox 2673 2378 3026 2452; x_wconf 79' lang='lat' dir='ltr'><strong>bydropieos,</strong></span> <span class='ocrx_word' id='word_1_640' title='bbox 3065 2381 3152 2450; x_wconf 93' lang='lat' dir='ltr'><strong>qui</strong></span> <span class='ocrx_word' id='word_1_641' title='bbox 3193 2395 3224 2435; x_wconf 91' lang='lat' dir='ltr'><strong>a</strong></span> <span class='ocrx_word' id='word_1_642' title='bbox 3251 2380 3372 2450; x_wconf 87' lang='lat' dir='ltr'><strong>gula</strong></span> <span class='ocrx_word' id='word_1_643' title='bbox 3411 2392 3464 2435; x_wconf 93' lang='lat' dir='ltr'><strong>et</strong></span> <span class='ocrx_word' id='word_1_644' title='bbox 3493 2381 3752 2437; x_wconf 85' lang='lat' dir='ltr'><strong>ebrietate</strong></span> <span class='ocrx_word' id='word_1_645' title='bbox 3777 2381 3918 2436; x_wconf 78' lang='lat' dir='ltr'><strong>deti-</strong></span> 
     </span>
    </p>
   </div>
   <div class='ocr_carea' id='block_1_86' title="bbox 2338 2468 3917 2541">
    <p class='ocr_par' dir='ltr' id='par_1_86' title="bbox 2338 2468 3917 2541">
     <span class='ocr_line' id='line_1_86' title="bbox 2338 2468 3917 2541; baseline 0.001 -17"><span class='ocrx_word' id='word_1_646' title='bbox 2338 2479 2548 2524; x_wconf 90' lang='lat' dir='ltr'><strong>nentur.</strong></span> <span class='ocrx_word' id='word_1_647' title='bbox 2579 2468 2859 2538; x_wconf 89' lang='lat' dir='ltr'><strong>Quomodo</strong></span> <span class='ocrx_word' id='word_1_648' title='bbox 2889 2471 3046 2540; x_wconf 82' lang='lat' dir='ltr'><strong>igitur</strong></span> <span class='ocrx_word' id='word_1_649' title='bbox 3088 2470 3186 2524; x_wconf 90' lang='lat' dir='ltr'><strong>hos</strong></span> <span class='ocrx_word' id='word_1_650' title='bbox 3227 2473 3404 2525; x_wconf 81' lang='lat' dir='ltr'><strong>ebrios</strong></span> <span class='ocrx_word' id='word_1_651' title='bbox 3435 2471 3487 2526; x_wconf 89' lang='lat' dir='ltr'><strong>in</strong></span> <span class='ocrx_word' id='word_1_652' title='bbox 3519 2487 3748 2541; x_wconf 82' lang='lat' dir='ltr'><strong>pugnam</strong></span> <span class='ocrx_word' id='word_1_653' title='bbox 3777 2470 3917 2526; x_wconf 85' lang='lat' dir='ltr'><strong>edu-</strong></span> 
     </span>
    </p>
   </div>
   <div class='ocr_carea' id='block_1_87' title="bbox 2337 2558 3916 2631">
    <p class='ocr_par' dir='ltr' id='par_1_87' title="bbox 2337 2558 3916 2631">
     <span class='ocr_line' id='line_1_87' title="bbox 2337 2558 3916 2631; baseline 0.001 -17"><span class='ocrx_word' id='word_1_654' title='bbox 2337 2573 2461 2614; x_wconf 86' lang='lat' dir='ltr'><strong>cere</strong></span> <span class='ocrx_word' id='word_1_655' title='bbox 2491 2558 2715 2628; x_wconf 83' lang='lat' dir='ltr'><strong>poero?</strong></span> <span class='ocrx_word' id='word_1_656' title='bbox 2741 2558 2908 2614; x_wconf 86' lang='lat' dir='ltr'><strong>Alteri</strong></span> <span class='ocrx_word' id='word_1_657' title='bbox 2941 2575 3000 2612; x_wconf 87' lang='lat' dir='ltr'><strong>os</strong></span> <span class='ocrx_word' id='word_1_658' title='bbox 3028 2561 3198 2628; x_wconf 88' lang='lat' dir='ltr'><strong>ipsum</strong></span> <span class='ocrx_word' id='word_1_659' title='bbox 3223 2562 3582 2631; x_wconf 85' lang='lat' dir='ltr'><strong>computruit;</strong></span> <span class='ocrx_word' id='word_1_660' title='bbox 3612 2562 3916 2630; x_wconf 85' lang='lat' dir='ltr'><strong>cujusmodi</strong></span> 
     </span>
    </p>
   </div>
   <div class='ocr_carea' id='block_1_88' title="bbox 2337 2649 3920 2720">
    <p class='ocr_par' dir='ltr' id='par_1_88' title="bbox 2337 2649 3920 2720">
     <span class='ocr_line' id='line_1_88' title="bbox 2337 2649 3920 2720; baseline 0 -16"><span class='ocrx_word' id='word_1_661' title='bbox 2337 2659 2462 2704; x_wconf 87' lang='lat' dir='ltr'><strong>sunt</strong></span> <span class='ocrx_word' id='word_1_662' title='bbox 2503 2649 2761 2715; x_wconf 85' lang='lat' dir='ltr'><strong>iracundi,</strong></span> <span class='ocrx_word' id='word_1_663' title='bbox 2808 2649 3214 2717; x_wconf 81' lang='lat' dir='ltr'><strong>conviciatores,</strong></span> <span class='ocrx_word' id='word_1_664' title='bbox 3268 2650 3583 2720; x_wconf 73' lang='lat' dir='ltr'><strong>blasphemi.</strong></span> <span class='ocrx_word' id='word_1_665' title='bbox 3632 2653 3920 2718; x_wconf 83' lang='lat' dir='ltr'><strong>Quomodo</strong></span> 
     </span>
    </p>
   </div>
   <div class='ocr_carea' id='block_1_89' title="bbox 2339 2742 3922 2814">
    <p class='ocr_par' dir='ltr' id='par_1_89' title="bbox 2339 2742 3922 2814">
     <span class='ocr_line' id='line_1_89' title="bbox 2339 2742 3922 2814; baseline 0.002 -17"><span class='ocrx_word' id='word_1_666' title='bbox 2339 2743 2498 2813; x_wconf 84' lang='lat' dir='ltr'><strong>igitur</strong></span> <span class='ocrx_word' id='word_1_667' title='bbox 2543 2742 2628 2797; x_wconf 91' lang='lat' dir='ltr'><strong>hic</strong></span> <span class='ocrx_word' id='word_1_668' title='bbox 2671 2743 2722 2797; x_wconf 91' lang='lat' dir='ltr'><strong>in</strong></span> <span class='ocrx_word' id='word_1_669' title='bbox 2753 2742 2894 2797; x_wconf 88' lang='lat' dir='ltr'><strong>bello</strong></span> <span class='ocrx_word' id='word_1_670' title='bbox 2943 2758 3193 2812; x_wconf 88' lang='lat' dir='ltr'><strong>umquam</strong></span> <span class='ocrx_word' id='word_1_671' title='bbox 3228 2743 3508 2813; x_wconf 81' lang='lat' dir='ltr'><strong>jubilabit,</strong></span> <span class='ocrx_word' id='word_1_672' title='bbox 3561 2760 3922 2814; x_wconf 83' lang='lat' dir='ltr'><strong>magnumque</strong></span> 
     </span>
    </p>
   </div>
   <div class='ocr_carea' id='block_1_90' title="bbox 2337 2834 3922 2906">
    <p class='ocr_par' dir='ltr' id='par_1_90' title="bbox 2337 2834 3922 2906">
     <span class='ocr_line' id='line_1_90' title="bbox 2337 2834 3922 2906; baseline 0.002 -17"><span class='ocrx_word' id='word_1_673' title='bbox 2337 2834 2606 2905; x_wconf 90' lang='lat' dir='ltr'><strong>quidpiam</strong></span> <span class='ocrx_word' id='word_1_674' title='bbox 2623 2845 3005 2902; x_wconf 89' lang='lat' dir='ltr'><strong>strenuumque</strong></span> <span class='ocrx_word' id='word_1_675' title='bbox 3025 2844 3163 2905; x_wconf 84' lang='lat' dir='ltr'><strong>aget,</strong></span> <span class='ocrx_word' id='word_1_676' title='bbox 3179 2835 3300 2890; x_wconf 91' lang='lat' dir='ltr'><strong>dum</strong></span> <span class='ocrx_word' id='word_1_677' title='bbox 3322 2844 3374 2890; x_wconf 90' lang='lat' dir='ltr'><strong>et</strong></span> <span class='ocrx_word' id='word_1_678' title='bbox 3390 2836 3502 2906; x_wconf 89' lang='lat' dir='ltr'><strong>ipse</strong></span> <span class='ocrx_word' id='word_1_679' title='bbox 3518 2836 3623 2891; x_wconf 89' lang='lat' dir='ltr'><strong>alio</strong></span> <span class='ocrx_word' id='word_1_680' title='bbox 3641 2836 3922 2892; x_wconf 81' lang='lat' dir='ltr'><strong>ebrietatis</strong></span> 
     </span>
    </p>
   </div>
   <div class='ocr_carea' id='block_1_91' title="bbox 2340 2924 3924 2996">
    <p class='ocr_par' dir='ltr' id='par_1_91' title="bbox 2340 2924 3924 2996">
     <span class='ocr_line' id='line_1_91' title="bbox 2340 2924 3924 2996; baseline 0.003 -18"><span class='ocrx_word' id='word_1_681' title='bbox 2340 2939 2537 2994; x_wconf 85' lang='lat' dir='ltr'><strong>genere</strong></span> <span class='ocrx_word' id='word_1_682' title='bbox 2566 2925 2746 2980; x_wconf 83' lang='lat' dir='ltr'><strong>ebrius</strong></span> <span class='ocrx_word' id='word_1_683' title='bbox 2771 2932 2889 2992; x_wconf 86' lang='lat' dir='ltr'><strong>est,</strong></span> <span class='ocrx_word' id='word_1_684' title='bbox 2932 2927 3259 2994; x_wconf 85' lang='lat' dir='ltr'><strong>multamque</strong></span> <span class='ocrx_word' id='word_1_685' title='bbox 3289 2924 3528 2980; x_wconf 87' lang='lat' dir='ltr'><strong>hostibus</strong></span> <span class='ocrx_word' id='word_1_686' title='bbox 3555 2925 3758 2996; x_wconf 67' lang='lat' dir='ltr'><strong>praebet</strong></span> <span class='ocrx_word' id='word_1_687' title='bbox 3778 2929 3924 2982; x_wconf 87' lang='lat' dir='ltr'><strong>risus</strong></span> 
     </span>
    </p>
   </div>
   <div class='ocr_carea' id='block_1_92' title="bbox 2337 3017 3925 3090">
    <p class='ocr_par' dir='ltr' id='par_1_92' title="bbox 2337 3017 3925 3090">
     <span class='ocr_line' id='line_1_92' title="bbox 2337 3017 3925 3090; baseline -0.004 -15"><span class='ocrx_word' id='word_1_688' title='bbox 2337 3018 2648 3076; x_wconf 72' lang='lat' dir='ltr'><strong>materiam?</strong></span> <span class='ocrx_word' id='word_1_689' title='bbox 2675 3018 2798 3075; x_wconf 89' lang='lat' dir='ltr'><strong>Ideo</strong></span> <span class='ocrx_word' id='word_1_690' title='bbox 2835 3019 2980 3074; x_wconf 87' lang='lat' dir='ltr'><strong>hunc</strong></span> <span class='ocrx_word' id='word_1_691' title='bbox 3017 3019 3262 3090; x_wconf 88' lang='lat' dir='ltr'><strong>quotidie</strong></span> <span class='ocrx_word' id='word_1_692' title='bbox 3299 3017 3925 3079; x_wconf 76' lang='lat' dir='ltr'><strong>evercitumcircumeo,</strong></span> 
     </span>
    </p>
   </div>
   <div class='ocr_carea' id='block_1_93' title="bbox 2333 3107 3927 3176">
    <p class='ocr_par' dir='ltr' id='par_1_93' title="bbox 2333 3107 3927 3176">
     <span class='ocr_line' id='line_1_93' title="bbox 2333 3107 3927 3176; baseline -0.002 -15"><span class='ocrx_word' id='word_1_693' title='bbox 2333 3114 2556 3166; x_wconf 80' lang='lat' dir='ltr'><strong>vulnera</strong></span> <span class='ocrx_word' id='word_1_694' title='bbox 2572 3126 2795 3176; x_wconf 89' lang='lat' dir='ltr'><strong>curans,</strong></span> <span class='ocrx_word' id='word_1_695' title='bbox 2825 3110 3006 3166; x_wconf 88' lang='lat' dir='ltr'><strong>ulcera</strong></span> <span class='ocrx_word' id='word_1_696' title='bbox 3035 3124 3232 3166; x_wconf 85' lang='lat' dir='ltr'><strong>sanare</strong></span> <span class='ocrx_word' id='word_1_697' title='bbox 3265 3108 3516 3166; x_wconf 86' lang='lat' dir='ltr'><strong>studens.</strong></span> <span class='ocrx_word' id='word_1_698' title='bbox 3535 3107 3592 3162; x_wconf 88' lang='lat' dir='ltr'><strong>Si</strong></span> <span class='ocrx_word' id='word_1_699' title='bbox 3617 3116 3796 3161; x_wconf 88' lang='lat' dir='ltr'><strong>autem</strong></span> <span class='ocrx_word' id='word_1_700' title='bbox 3814 3107 3927 3159; x_wconf 86' lang='lat' dir='ltr'><strong>ali-</strong></span> 
     </span>
    </p>
   </div>
   <div class='ocr_carea' id='block_1_94' title="bbox 2335 3197 3927 3274">
    <p class='ocr_par' dir='ltr' id='par_1_94' title="bbox 2335 3197 3927 3274">
     <span class='ocr_line' id='line_1_94' title="bbox 2335 3197 3927 3274; baseline -0.003 -17"><span class='ocrx_word' id='word_1_701' title='bbox 2335 3202 2554 3274; x_wconf 86' lang='lat' dir='ltr'><strong>quando</strong></span> <span class='ocrx_word' id='word_1_702' title='bbox 2568 3203 2911 3273; x_wconf 86' lang='lat' dir='ltr'><strong>evigiletis,si</strong></span> <span class='ocrx_word' id='word_1_703' title='bbox 2929 3201 3112 3257; x_wconf 90' lang='lat' dir='ltr'><strong>idonei</strong></span> <span class='ocrx_word' id='word_1_704' title='bbox 3129 3212 3183 3256; x_wconf 91' lang='lat' dir='ltr'><strong>et</strong></span> <span class='ocrx_word' id='word_1_705' title='bbox 3204 3200 3443 3271; x_wconf 89' lang='lat' dir='ltr'><strong>prompti</strong></span> <span class='ocrx_word' id='word_1_706' title='bbox 3463 3199 3676 3255; x_wconf 89' lang='lat' dir='ltr'><strong>fueritis</strong></span> <span class='ocrx_word' id='word_1_707' title='bbox 3693 3199 3759 3252; x_wconf 91' lang='lat' dir='ltr'><strong>ad</strong></span> <span class='ocrx_word' id='word_1_708' title='bbox 3778 3197 3927 3253; x_wconf 84' lang='lat' dir='ltr'><strong>alios</strong></span> 
     </span>
    </p>
   </div>
   <div class='ocr_carea' id='block_1_95' title="bbox 2334 3287 3929 3359">
    <p class='ocr_par' dir='ltr' id='par_1_95' title="bbox 2334 3287 3929 3359">
     <span class='ocr_line' id='line_1_95' title="bbox 2334 3287 3929 3359; baseline -0.003 -13"><span class='ocrx_word' id='word_1_709' title='bbox 2334 3291 2633 3359; x_wconf 83' lang='lat' dir='ltr'><strong>feriendus,</strong></span> <span class='ocrx_word' id='word_1_710' title='bbox 2656 3293 2772 3348; x_wconf 65' lang='lat' dir='ltr'><strong>hac</strong></span> <span class='ocrx_word' id='word_1_711' title='bbox 2797 3307 2894 3349; x_wconf 88' lang='lat' dir='ltr'><strong>vos</strong></span> <span class='ocrx_word' id='word_1_712' title='bbox 2921 3307 3075 3348; x_wconf 87' lang='lat' dir='ltr'><strong>arma</strong></span> <span class='ocrx_word' id='word_1_713' title='bbox 3110 3301 3342 3349; x_wconf 86' lang='lat' dir='ltr'><strong>tractare</strong></span> <span class='ocrx_word' id='word_1_714' title='bbox 3372 3292 3602 3348; x_wconf 89' lang='lat' dir='ltr'><strong>docebo.</strong></span> <span class='ocrx_word' id='word_1_715' title='bbox 3626 3287 3717 3344; x_wconf 82' lang='lat' dir='ltr'><strong>Vel</strong></span> <span class='ocrx_word' id='word_1_716' title='bbox 3737 3289 3929 3358; x_wconf 84' lang='lat' dir='ltr'><strong>potius</strong></span> 
     </span>
    </p>
   </div>
   <div class='ocr_carea' id='block_1_96' title="bbox 2347 3380 3930 3451">
    <p class='ocr_par' dir='ltr' id='par_1_96' title="bbox 2347 3380 3930 3451">
     <span class='ocr_line' id='line_1_96' title="bbox 2347 3380 3930 3451; baseline -0.001 -15"><span class='ocrx_word' id='word_1_717' title='bbox 2347 3382 2460 3451; x_wconf 86' lang='lat' dir='ltr'><strong>ipsa</strong></span> <span class='ocrx_word' id='word_1_718' title='bbox 2488 3395 2652 3451; x_wconf 84' lang='lat' dir='ltr'><strong>opera</strong></span> <span class='ocrx_word' id='word_1_719' title='bbox 2681 3380 2832 3435; x_wconf 81' lang='lat' dir='ltr'><strong>vobis</strong></span> <span class='ocrx_word' id='word_1_720' title='bbox 2859 3394 3004 3434; x_wconf 89' lang='lat' dir='ltr'><strong>arma</strong></span> <span class='ocrx_word' id='word_1_721' title='bbox 3035 3388 3212 3446; x_wconf 91' lang='lat' dir='ltr'><strong>erunt,</strong></span> <span class='ocrx_word' id='word_1_722' title='bbox 3242 3389 3296 3436; x_wconf 88' lang='lat' dir='ltr'><strong>et</strong></span> <span class='ocrx_word' id='word_1_723' title='bbox 3322 3381 3561 3450; x_wconf 87' lang='lat' dir='ltr'><strong>protinus</strong></span> <span class='ocrx_word' id='word_1_724' title='bbox 3589 3395 3778 3436; x_wconf 88' lang='lat' dir='ltr'><strong>omnes</strong></span> <span class='ocrx_word' id='word_1_725' title='bbox 3799 3395 3930 3435; x_wconf 84' lang='lat' dir='ltr'><strong>suc-</strong></span> 
     </span>
    </p>
   </div>
   <div class='ocr_carea' id='block_1_97' title="bbox 2348 3469 3929 3537">
    <p class='ocr_par' dir='ltr' id='par_1_97' title="bbox 2348 3469 3929 3537">
     <span class='ocr_line' id='line_1_97' title="bbox 2348 3469 3929 3537; baseline 0 -10"><span class='ocrx_word' id='word_1_726' title='bbox 2348 3471 2618 3537; x_wconf 87' lang='lat' dir='ltr'><strong>cumbent,</strong></span> <span class='ocrx_word' id='word_1_727' title='bbox 2645 3471 2691 3525; x_wconf 90' lang='lat' dir='ltr'><strong>si</strong></span> <span class='ocrx_word' id='word_1_728' title='bbox 2719 3469 3111 3537; x_wconf 89' lang='lat' dir='ltr'><strong>misericordes,</strong></span> <span class='ocrx_word' id='word_1_729' title='bbox 3139 3472 3182 3526; x_wconf 88' lang='lat' dir='ltr'><strong>si</strong></span> <span class='ocrx_word' id='word_1_730' title='bbox 3221 3470 3468 3536; x_wconf 89' lang='lat' dir='ltr'><strong>modesti,</strong></span> <span class='ocrx_word' id='word_1_731' title='bbox 3494 3472 3539 3526; x_wconf 81' lang='lat' dir='ltr'><strong>si</strong></span> <span class='ocrx_word' id='word_1_732' title='bbox 3568 3472 3852 3536; x_wconf 87' lang='lat' dir='ltr'><strong>mansueti,</strong></span> <span class='ocrx_word' id='word_1_733' title='bbox 3883 3473 3929 3527; x_wconf 91' lang='lat' dir='ltr'><strong>si</strong></span> 
     </span>
    </p>
   </div>
   <div class='ocr_carea' id='block_1_98' title="bbox 2348 3561 3934 3630">
    <p class='ocr_par' dir='ltr' id='par_1_98' title="bbox 2348 3561 3934 3630">
     <span class='ocr_line' id='line_1_98' title="bbox 2348 3561 3934 3630; baseline 0.001 -13"><span class='ocrx_word' id='word_1_734' title='bbox 2348 3561 2659 3630; x_wconf 72' lang='lat' dir='ltr'><strong>iniuriarum</strong></span> <span class='ocrx_word' id='word_1_735' title='bbox 2683 3562 3021 3618; x_wconf 88' lang='lat' dir='ltr'><strong>immemores</strong></span> <span class='ocrx_word' id='word_1_736' title='bbox 3041 3561 3266 3630; x_wconf 86' lang='lat' dir='ltr'><strong>fueritis,</strong></span> <span class='ocrx_word' id='word_1_737' title='bbox 3286 3563 3331 3618; x_wconf 90' lang='lat' dir='ltr'><strong>si</strong></span> <span class='ocrx_word' id='word_1_738' title='bbox 3351 3563 3480 3618; x_wconf 83' lang='lat' dir='ltr'><strong>alias</strong></span> <span class='ocrx_word' id='word_1_739' title='bbox 3495 3578 3684 3619; x_wconf 67' lang='lat' dir='ltr'><strong>omnes</strong></span> <span class='ocrx_word' id='word_1_740' title='bbox 3704 3564 3934 3619; x_wconf 80' lang='lat' dir='ltr'><strong>virtutes</strong></span> 
     </span>
    </p>
   </div>
   <div class='ocr_carea' id='block_1_99' title="bbox 2349 3651 3935 3724">
    <p class='ocr_par' dir='ltr' id='par_1_99' title="bbox 2349 3651 3935 3724">
     <span class='ocr_line' id='line_1_99' title="bbox 2349 3651 3935 3724; baseline 0.002 -17"><span class='ocrx_word' id='word_1_741' title='bbox 2349 3652 2713 3707; x_wconf 76' lang='lat' dir='ltr'><strong>cshibueritis.</strong></span> <span class='ocrx_word' id='word_1_742' title='bbox 2764 3651 2821 3708; x_wconf 90' lang='lat' dir='ltr'><strong>Si</strong></span> <span class='ocrx_word' id='word_1_743' title='bbox 2866 3667 2996 3706; x_wconf 87' lang='lat' dir='ltr'><strong>vero</strong></span> <span class='ocrx_word' id='word_1_744' title='bbox 3023 3653 3260 3724; x_wconf 84' lang='lat' dir='ltr'><strong>quipiam</strong></span> <span class='ocrx_word' id='word_1_745' title='bbox 3298 3653 3746 3724; x_wconf 81' lang='lat' dir='ltr'><strong>repugnaverint,</strong></span> <span class='ocrx_word' id='word_1_746' title='bbox 3797 3662 3935 3710; x_wconf 83' lang='lat' dir='ltr'><strong>tunc</strong></span> 
     </span>
    </p>
   </div>
   <div class='ocr_carea' id='block_1_100' title="bbox 2348 3742 3933 3814">
    <p class='ocr_par' dir='ltr' id='par_1_100' title="bbox 2348 3742 3933 3814">
     <span class='ocr_line' id='line_1_100' title="bbox 2348 3742 3933 3814; baseline 0.002 -17"><span class='ocrx_word' id='word_1_747' title='bbox 2348 3744 2509 3798; x_wconf 89' lang='lat' dir='ltr'><strong>etiam</strong></span> <span class='ocrx_word' id='word_1_748' title='bbox 2532 3754 2705 3798; x_wconf 81' lang='lat' dir='ltr'><strong>nostra</strong></span> <span class='ocrx_word' id='word_1_749' title='bbox 2725 3742 3092 3814; x_wconf 72' lang='lat' dir='ltr'><strong>adiungemus,</strong></span> <span class='ocrx_word' id='word_1_750' title='bbox 3116 3758 3213 3810; x_wconf 82' lang='lat' dir='ltr'><strong>vos</strong></span> <span class='ocrx_word' id='word_1_751' title='bbox 3233 3743 3283 3798; x_wconf 89' lang='lat' dir='ltr'><strong>in</strong></span> <span class='ocrx_word' id='word_1_752' title='bbox 3305 3743 3539 3799; x_wconf 89' lang='lat' dir='ltr'><strong>medium</strong></span> <span class='ocrx_word' id='word_1_753' title='bbox 3562 3745 3933 3814; x_wconf 62' lang='lat' dir='ltr'><strong>proferentes:</strong></span> 
     </span>
    </p>
   </div>
   <div class='ocr_carea' id='block_1_101' title="bbox 2350 3833 3933 3905">
    <p class='ocr_par' dir='ltr' id='par_1_101' title="bbox 2350 3833 3933 3905">
     <span class='ocr_line' id='line_1_101' title="bbox 2350 3833 3933 3905; baseline 0 -15"><span class='ocrx_word' id='word_1_754' title='bbox 2350 3849 2493 3890; x_wconf 90' lang='lat' dir='ltr'><strong>nunc</strong></span> <span class='ocrx_word' id='word_1_755' title='bbox 2534 3833 2676 3889; x_wconf 88' lang='lat' dir='ltr'><strong>enim</strong></span> <span class='ocrx_word' id='word_1_756' title='bbox 2709 3833 2758 3888; x_wconf 91' lang='lat' dir='ltr'><strong>in</strong></span> <span class='ocrx_word' id='word_1_757' title='bbox 2792 3834 2892 3888; x_wconf 90' lang='lat' dir='ltr'><strong>hoc</strong></span> <span class='ocrx_word' id='word_1_758' title='bbox 2935 3848 3094 3889; x_wconf 89' lang='lat' dir='ltr'><strong>cursu</strong></span> <span class='ocrx_word' id='word_1_759' title='bbox 3123 3849 3153 3888; x_wconf 89' lang='lat' dir='ltr'><strong>a</strong></span> <span class='ocrx_word' id='word_1_760' title='bbox 3179 3835 3327 3891; x_wconf 81' lang='lat' dir='ltr'><strong>vobis</strong></span> <span class='ocrx_word' id='word_1_761' title='bbox 3354 3835 3690 3905; x_wconf 86' lang='lat' dir='ltr'><strong>impedimur.</strong></span> <span class='ocrx_word' id='word_1_762' title='bbox 3729 3834 3933 3890; x_wconf 82' lang='lat' dir='ltr'><strong>Consi-</strong></span> 
     </span>
    </p>
   </div>
   <div class='ocr_carea' id='block_1_102' title="bbox 2351 3922 3937 3994">
    <p class='ocr_par' dir='ltr' id='par_1_102' title="bbox 2351 3922 3937 3994">
     <span class='ocr_line' id='line_1_102' title="bbox 2351 3922 3937 3994; baseline 0.001 -16"><span class='ocrx_word' id='word_1_763' title='bbox 2351 3922 2510 3978; x_wconf 83' lang='lat' dir='ltr'><strong>deres</strong></span> <span class='ocrx_word' id='word_1_764' title='bbox 2536 3923 2694 3977; x_wconf 82' lang='lat' dir='ltr'><strong>velim</strong></span> <span class='ocrx_word' id='word_1_765' title='bbox 2713 3963 2729 3989; x_wconf 95' lang='lat'><strong>,</strong></span> <span class='ocrx_word' id='word_1_766' title='bbox 2759 3937 2962 3992; x_wconf 72' lang='lat' dir='ltr'><strong>qumso.</strong></span> <span class='ocrx_word' id='word_1_767' title='bbox 3003 3923 3234 3977; x_wconf 87' lang='lat' dir='ltr'><strong>Dicimus</strong></span> <span class='ocrx_word' id='word_1_768' title='bbox 3261 3939 3450 3994; x_wconf 88' lang='lat' dir='ltr'><strong>magna</strong></span> <span class='ocrx_word' id='word_1_769' title='bbox 3473 3934 3745 3993; x_wconf 86' lang='lat' dir='ltr'><strong>operatum</strong></span> <span class='ocrx_word' id='word_1_770' title='bbox 3767 3923 3937 3980; x_wconf 69' lang='lat' dir='ltr'><strong>Clirio</strong></span> 
     </span>
    </p>
   </div>
   <div class='ocr_carea' id='block_1_103' title="bbox 2354 3993 3934 4083">
    <p class='ocr_par' dir='ltr' id='par_1_103' title="bbox 2354 3993 3934 4083">
     <span class='ocr_line' id='line_1_103' title="bbox 2354 3993 3934 4083; baseline 0.004 -17"><span class='ocrx_word' id='word_1_771' title='bbox 2354 4021 2496 4067; x_wconf 89' lang='lat' dir='ltr'><strong>stum</strong></span> <span class='ocrx_word' id='word_1_772' title='bbox 2522 4027 2661 4078; x_wconf 85' lang='lat' dir='ltr'><strong>esse,</strong></span> <span class='ocrx_word' id='word_1_773' title='bbox 2685 4018 2772 4083; x_wconf 84' lang='lat' dir='ltr'><strong>qui</strong></span> <span class='ocrx_word' id='word_1_774' title='bbox 2799 4011 3017 4082; x_wconf 84' lang='lat' dir='ltr'><strong>angelos</strong></span> <span class='ocrx_word' id='word_1_775' title='bbox 3045 3993 3109 4067; x_wconf 77' lang='lat' dir='ltr'><strong>es</strong></span> <span class='ocrx_word' id='word_1_776' title='bbox 3143 3993 3446 4068; x_wconf 83' lang='lat' dir='ltr'><strong>hominibus</strong></span> <span class='ocrx_word' id='word_1_777' title='bbox 3473 4013 3657 4070; x_wconf 89' lang='lat' dir='ltr'><strong>fecerit</strong></span> <span class='ocrx_word' id='word_1_778' title='bbox 3682 4032 3697 4080; x_wconf 89' lang='lat'><strong>;</strong></span> <span class='ocrx_word' id='word_1_779' title='bbox 3727 4013 3934 4072; x_wconf 80' lang='lat' dir='ltr'><strong>deinde</strong></span> 
     </span>
    </p>
   </div>
   <div class='ocr_carea' id='block_1_104' title="bbox 2357 4104 3938 4178">
    <p class='ocr_par' dir='ltr' id='par_1_104' title="bbox 2357 4104 3938 4178">
     <span class='ocr_line' id='line_1_104' title="bbox 2357 4104 3938 4178; baseline 0.002 -19"><span class='ocrx_word' id='word_1_780' title='bbox 2357 4120 2483 4160; x_wconf 87' lang='lat' dir='ltr'><strong>vero</strong></span> <span class='ocrx_word' id='word_1_781' title='bbox 2510 4120 2629 4159; x_wconf 91' lang='lat' dir='ltr'><strong>cum</strong></span> <span class='ocrx_word' id='word_1_782' title='bbox 2675 4105 2907 4158; x_wconf 90' lang='lat' dir='ltr'><strong>rationes</strong></span> <span class='ocrx_word' id='word_1_783' title='bbox 2935 4112 3293 4172; x_wconf 79' lang='lat' dir='ltr'><strong>expetuntur,</strong></span> <span class='ocrx_word' id='word_1_784' title='bbox 3337 4104 3470 4172; x_wconf 83' lang='lat' dir='ltr'><strong>jussi</strong></span> <span class='ocrx_word' id='word_1_785' title='bbox 3513 4119 3578 4159; x_wconf 80' lang='lat' dir='ltr'><strong>ex</strong></span> <span class='ocrx_word' id='word_1_786' title='bbox 3623 4105 3725 4160; x_wconf 89' lang='lat' dir='ltr'><strong>hoc</strong></span> <span class='ocrx_word' id='word_1_787' title='bbox 3767 4122 3938 4178; x_wconf 84' lang='lat' dir='ltr'><strong>grege</strong></span> 
     </span>
    </p>
   </div>
   <div class='ocr_carea' id='block_1_105' title="bbox 2355 4195 3938 4265">
    <p class='ocr_par' dir='ltr' id='par_1_105' title="bbox 2355 4195 3938 4265">
     <span class='ocr_line' id='line_1_105' title="bbox 2355 4195 3938 4265; baseline 0.003 -16"><span class='ocrx_word' id='word_1_788' title='bbox 2355 4195 2622 4264; x_wconf 87' lang='lat' dir='ltr'><strong>specimen</strong></span> <span class='ocrx_word' id='word_1_789' title='bbox 2670 4195 2882 4264; x_wconf 87' lang='lat' dir='ltr'><strong>aliquod</strong></span> <span class='ocrx_word' id='word_1_790' title='bbox 2930 4195 3198 4265; x_wconf 87' lang='lat' dir='ltr'><strong>proferre,</strong></span> <span class='ocrx_word' id='word_1_791' title='bbox 3249 4195 3688 4251; x_wconf 77' lang='lat' dir='ltr'><strong>obmutesciinus.</strong></span> <span class='ocrx_word' id='word_1_792' title='bbox 3741 4196 3938 4253; x_wconf 82' lang='lat' dir='ltr'><strong>Timeo</strong></span> 
     </span>
    </p>
   </div>
   <div class='ocr_carea' id='block_1_106' title="bbox 2358 4287 3939 4358">
    <p class='ocr_par' dir='ltr' id='par_1_106' title="bbox 2358 4287 3939 4358">
     <span class='ocr_line' id='line_1_106' title="bbox 2358 4287 3939 4358; baseline 0.003 -17"><span class='ocrx_word' id='word_1_793' title='bbox 2358 4289 2500 4341; x_wconf 91' lang='lat' dir='ltr'><strong>cnim</strong></span> <span class='ocrx_word' id='word_1_794' title='bbox 2548 4302 2615 4343; x_wconf 91' lang='lat' dir='ltr'><strong>ne</strong></span> <span class='ocrx_word' id='word_1_795' title='bbox 2666 4302 2760 4355; x_wconf 91' lang='lat' dir='ltr'><strong>pro</strong></span> <span class='ocrx_word' id='word_1_796' title='bbox 2802 4289 3004 4358; x_wconf 87' lang='lat' dir='ltr'><strong>angelis</strong></span> <span class='ocrx_word' id='word_1_797' title='bbox 3045 4301 3235 4358; x_wconf 91' lang='lat' dir='ltr'><strong>porcos</strong></span> <span class='ocrx_word' id='word_1_798' title='bbox 3272 4303 3337 4343; x_wconf 74' lang='lat' dir='ltr'><strong>ex</strong></span> <span class='ocrx_word' id='word_1_799' title='bbox 3384 4287 3508 4341; x_wconf 88' lang='lat' dir='ltr'><strong>hara</strong></span> <span class='ocrx_word' id='word_1_800' title='bbox 3540 4290 3807 4354; x_wconf 89' lang='lat' dir='ltr'><strong>educam,</strong></span> <span class='ocrx_word' id='word_1_801' title='bbox 3842 4302 3939 4346; x_wconf 83' lang='lat' dir='ltr'><strong>aut</strong></span> 
     </span>
    </p>
   </div>
   <div class='ocr_carea' id='block_1_107' title="bbox 2357 4377 3942 4446">
    <p class='ocr_par' dir='ltr' id='par_1_107' title="bbox 2357 4377 3942 4446">
     <span class='ocr_line' id='line_1_107' title="bbox 2357 4377 3942 4446; baseline 0.004 -15"><span class='ocrx_word' id='word_1_802' title='bbox 2357 4392 2524 4446; x_wconf 91' lang='lat' dir='ltr'><strong>equos</strong></span> <span class='ocrx_word' id='word_1_803' title='bbox 2569 4379 2896 4433; x_wconf 88' lang='lat' dir='ltr'><strong>emissarios.</strong></span> <span class='ocrx_word' id='word_1_804' title='bbox 2943 4378 3066 4433; x_wconf 85' lang='lat' dir='ltr'><strong>Scio</strong></span> <span class='ocrx_word' id='word_1_805' title='bbox 3112 4377 3225 4431; x_wconf 86' lang='lat' dir='ltr'><strong>ha-e.</strong></span> <span class='ocrx_word' id='word_1_806' title='bbox 3255 4378 3406 4433; x_wconf 86' lang='lat' dir='ltr'><strong>vobis</strong></span> <span class='ocrx_word' id='word_1_807' title='bbox 3437 4381 3658 4435; x_wconf 86' lang='lat' dir='ltr'><strong>molesta</strong></span> <span class='ocrx_word' id='word_1_808' title='bbox 3689 4395 3816 4436; x_wconf 64' lang='grc' dir='ltr'><strong>ϐεδε</strong></span> <span class='ocrx_word' id='word_1_809' title='bbox 3840 4421 3855 4444; x_wconf 88' lang='grc'><strong>.</strong></span> <span class='ocrx_word' id='word_1_810' title='bbox 3884 4393 3942 4437; x_wconf 88' lang='lat' dir='ltr'><strong>at</strong></span> 
     </span>
    </p>
   </div>
   <div class='ocr_carea' id='block_1_108' title="bbox 2287 4467 3941 4529">
    <p class='ocr_par' dir='ltr' id='par_1_108' title="bbox 2287 4467 3941 4529">
     <span class='ocr_line' id='line_1_108' title="bbox 2287 4467 3941 4529; baseline 0.003 -10"><span class='ocrx_word' id='word_1_811' title='bbox 2287 4519 2290 4522; x_wconf 27' lang='grc' dir='ltr'><strong><em>λ</em></strong></span> <span class='ocrx_word' id='word_1_812' title='bbox 2359 4481 2464 4519; x_wconf 91' lang='lat' dir='ltr'><strong>non</strong></span> <span class='ocrx_word' id='word_1_813' title='bbox 2515 4478 2695 4520; x_wconf 79' lang='lat' dir='ltr'><strong>contra</strong></span> <span class='ocrx_word' id='word_1_814' title='bbox 2749 4482 2844 4521; x_wconf 84' lang='lat' dir='ltr'><strong>vos</strong></span> <span class='ocrx_word' id='word_1_815' title='bbox 2893 4483 3079 4522; x_wconf 88' lang='lat' dir='ltr'><strong>omnes</strong></span> <span class='ocrx_word' id='word_1_816' title='bbox 3117 4469 3230 4522; x_wconf 80' lang='lat' dir='ltr'><strong>lia-c</strong></span> <span class='ocrx_word' id='word_1_817' title='bbox 3256 4467 3521 4529; x_wconf 89' lang='lat' dir='ltr'><strong>dicuntur,</strong></span> <span class='ocrx_word' id='word_1_818' title='bbox 3553 4470 3644 4524; x_wconf 87' lang='lat' dir='ltr'><strong>sed</strong></span> <span class='ocrx_word' id='word_1_819' title='bbox 3673 4470 3941 4528; x_wconf 85' lang='lat' dir='ltr'><strong>adversus</strong></span> 
     </span>
    </p>
   </div>
   <div class='ocr_carea' id='block_1_109' title="bbox 2359 4557 3942 4631">
    <p class='ocr_par' dir='ltr' id='par_1_109' title="bbox 2359 4557 3942 4631">
     <span class='ocr_line' id='line_1_109' title="bbox 2359 4557 3942 4631; baseline 0.004 -21"><span class='ocrx_word' id='word_1_820' title='bbox 2359 4571 2453 4610; x_wconf 85' lang='lat' dir='ltr'><strong>eos</strong></span> <span class='ocrx_word' id='word_1_821' title='bbox 2473 4557 2559 4626; x_wconf 88' lang='lat' dir='ltr'><strong>qtti</strong></span> <span class='ocrx_word' id='word_1_822' title='bbox 2585 4557 2665 4612; x_wconf 87' lang='lat' dir='ltr'><strong>his</strong></span> <span class='ocrx_word' id='word_1_823' title='bbox 2689 4557 2904 4611; x_wconf 79' lang='lat' dir='ltr'><strong>obnoxii</strong></span> <span class='ocrx_word' id='word_1_824' title='bbox 2935 4568 3055 4612; x_wconf 90' lang='lat' dir='ltr'><strong>sunt</strong></span> <span class='ocrx_word' id='word_1_825' title='bbox 3077 4575 3089 4623; x_wconf 88' lang='lat'>;</span> <span class='ocrx_word' id='word_1_826' title='bbox 3122 4559 3228 4611; x_wconf 89' lang='lat' dir='ltr'><strong>into</strong></span> <span class='ocrx_word' id='word_1_827' title='bbox 3257 4574 3323 4613; x_wconf 90' lang='lat' dir='ltr'><strong>ne</strong></span> <span class='ocrx_word' id='word_1_828' title='bbox 3346 4568 3530 4613; x_wconf 91' lang='lat' dir='ltr'><strong>contra</strong></span> <span class='ocrx_word' id='word_1_829' title='bbox 3554 4559 3671 4613; x_wconf 82' lang='lat' dir='ltr'><strong>illus</strong></span> <span class='ocrx_word' id='word_1_830' title='bbox 3692 4563 3942 4631; x_wconf 81' lang='lat' dir='ltr'><strong>quidem,</strong></span> 
     </span>
    </p>
   </div>
   <div class='ocr_carea' id='block_1_110' title="bbox 2361 4647 3943 4719">
    <p class='ocr_par' dir='ltr' id='par_1_110' title="bbox 2361 4647 3943 4719">
     <span class='ocr_line' id='line_1_110' title="bbox 2361 4647 3943 4719; baseline 0.005 -19"><span class='ocrx_word' id='word_1_831' title='bbox 2361 4647 2404 4700; x_wconf 91' lang='lat' dir='ltr'><strong>si</strong></span> <span class='ocrx_word' id='word_1_832' title='bbox 2437 4647 2776 4715; x_wconf 75' lang='lat' dir='ltr'><strong>resipiscam,</strong></span> <span class='ocrx_word' id='word_1_833' title='bbox 2809 4647 2902 4700; x_wconf 81' lang='lat' dir='ltr'><strong>sed</strong></span> <span class='ocrx_word' id='word_1_834' title='bbox 2929 4662 3024 4718; x_wconf 90' lang='lat' dir='ltr'><strong>pro</strong></span> <span class='ocrx_word' id='word_1_835' title='bbox 3048 4648 3168 4702; x_wconf 89' lang='lat' dir='ltr'><strong>illis.</strong></span> <span class='ocrx_word' id='word_1_836' title='bbox 3205 4648 3353 4703; x_wconf 80' lang='lat' dir='ltr'><strong>Nunc</strong></span> <span class='ocrx_word' id='word_1_837' title='bbox 3379 4648 3522 4704; x_wconf 86' lang='lat' dir='ltr'><strong>enim</strong></span> <span class='ocrx_word' id='word_1_838' title='bbox 3547 4651 3726 4705; x_wconf 89' lang='lat' dir='ltr'><strong>omnia</strong></span> <span class='ocrx_word' id='word_1_839' title='bbox 3757 4653 3943 4719; x_wconf 83' lang='lat' dir='ltr'><strong>perie-</strong></span> 
     </span>
    </p>
   </div>
   <div class='ocr_carea' id='block_1_111' title="bbox 2361 4740 3943 4811">
    <p class='ocr_par' dir='ltr' id='par_1_111' title="bbox 2361 4740 3943 4811">
     <span class='ocr_line' id='line_1_111' title="bbox 2361 4740 3943 4811; baseline 0.004 -17"><span class='ocrx_word' id='word_1_840' title='bbox 2361 4748 2485 4794; x_wconf 72' lang='lat' dir='ltr'><strong>runt</strong></span> <span class='ocrx_word' id='word_1_841' title='bbox 2529 4749 2882 4809; x_wconf 71' lang='lat' dir='ltr'><strong>corruptaque</strong></span> <span class='ocrx_word' id='word_1_842' title='bbox 2929 4750 3092 4796; x_wconf 87' lang='lat' dir='ltr'><strong>sunt:</strong></span> <span class='ocrx_word' id='word_1_843' title='bbox 3127 4741 3361 4811; x_wconf 85' lang='lat' dir='ltr'><strong>nihilque</strong></span> <span class='ocrx_word' id='word_1_844' title='bbox 3409 4740 3605 4797; x_wconf 74' lang='lat' dir='ltr'><strong>differt</strong></span> <span class='ocrx_word' id='word_1_845' title='bbox 3633 4743 3863 4799; x_wconf 79' lang='lat' dir='ltr'><strong>ecclesia</strong></span> <span class='ocrx_word' id='word_1_846' title='bbox 3910 4761 3943 4800; x_wconf 74' lang='grc' dir='ltr'><strong>ε</strong></span> 
     </span>
    </p>
   </div>
   <div class='ocr_carea' id='block_1_112' title="bbox 2359 4830 3944 4893">
    <p class='ocr_par' dir='ltr' id='par_1_112' title="bbox 2359 4830 3944 4893">
     <span class='ocr_line' id='line_1_112' title="bbox 2359 4830 3944 4893; baseline 0.003 -8"><span class='ocrx_word' id='word_1_847' title='bbox 2359 4830 2538 4893; x_wconf 85' lang='lat' dir='ltr'><strong>boum,</strong></span> <span class='ocrx_word' id='word_1_848' title='bbox 2568 4830 2831 4885; x_wconf 70' lang='lat' dir='ltr'><strong>asinorum</strong></span> <span class='ocrx_word' id='word_1_849' title='bbox 2855 4830 3248 4886; x_wconf 84' lang='lat' dir='ltr'><strong>camelorumve</strong></span> <span class='ocrx_word' id='word_1_850' title='bbox 3270 4831 3476 4886; x_wconf 85' lang='lat' dir='ltr'><strong>stabulo</strong></span> <span class='ocrx_word' id='word_1_851' title='bbox 3505 4849 3520 4885; x_wconf 93' lang='lat'><strong>:</strong></span> <span class='ocrx_word' id='word_1_852' title='bbox 3543 4848 3606 4888; x_wconf 86' lang='lat' dir='ltr'><strong>ac</strong></span> <span class='ocrx_word' id='word_1_853' title='bbox 3629 4832 3757 4888; x_wconf 83' lang='lat' dir='ltr'><strong>dum</strong></span> <span class='ocrx_word' id='word_1_854' title='bbox 3780 4849 3944 4890; x_wconf 82' lang='lat' dir='ltr'><strong>ovem</strong></span> 
     </span>
    </p>
   </div>
   <div class='ocr_carea' id='block_1_113' title="bbox 2364 4924 3946 5000">
    <p class='ocr_par' dir='ltr' id='par_1_113' title="bbox 2364 4924 3946 5000">
     <span class='ocr_line' id='line_1_113' title="bbox 2364 4924 3946 5000; baseline 0.005 -22"><span class='ocrx_word' id='word_1_855' title='bbox 2364 4924 2597 4992; x_wconf 77' lang='lat' dir='ltr'><strong>requiro,</strong></span> <span class='ocrx_word' id='word_1_856' title='bbox 2633 4941 2700 4980; x_wconf 92' lang='lat' dir='ltr'><strong>ne</strong></span> <span class='ocrx_word' id='word_1_857' title='bbox 2729 4939 2889 4979; x_wconf 89' lang='lat' dir='ltr'><strong>unam</strong></span> <span class='ocrx_word' id='word_1_858' title='bbox 2917 4924 3130 4995; x_wconf 90' lang='lat' dir='ltr'><strong>quidem</strong></span> <span class='ocrx_word' id='word_1_859' title='bbox 3163 4941 3374 4995; x_wconf 89' lang='lat' dir='ltr'><strong>possum</strong></span> <span class='ocrx_word' id='word_1_860' title='bbox 3401 4927 3602 4983; x_wconf 87' lang='lat' dir='ltr'><strong>videre.</strong></span> <span class='ocrx_word' id='word_1_861' title='bbox 3632 4929 3706 4982; x_wconf 88' lang='lat' dir='ltr'><strong>lla</strong></span> <span class='ocrx_word' id='word_1_862' title='bbox 3747 4944 3946 5000; x_wconf 85' lang='lat' dir='ltr'><strong>nempe</strong></span> 
     </span>
    </p>
   </div>
   <div class='ocr_carea' id='block_1_114' title="bbox 2364 5016 3946 5090">
    <p class='ocr_par' dir='ltr' id='par_1_114' title="bbox 2364 5016 3946 5090">
     <span class='ocr_line' id='line_1_114' title="bbox 2364 5016 3946 5090; baseline 0.007 -23"><span class='ocrx_word' id='word_1_863' title='bbox 2364 5029 2550 5069; x_wconf 83' lang='lat' dir='ltr'><strong>omnes</strong></span> <span class='ocrx_word' id='word_1_864' title='bbox 2577 5016 2853 5070; x_wconf 88' lang='lat' dir='ltr'><strong>ealcitrant</strong></span> <span class='ocrx_word' id='word_1_865' title='bbox 2875 5058 2888 5079; x_wconf 93' lang='lat'><strong>,</strong></span> <span class='ocrx_word' id='word_1_866' title='bbox 2915 5026 2971 5070; x_wconf 92' lang='lat' dir='ltr'><strong>ut</strong></span> <span class='ocrx_word' id='word_1_867' title='bbox 2996 5017 3115 5086; x_wconf 90' lang='lat' dir='ltr'><strong>equi</strong></span> <span class='ocrx_word' id='word_1_868' title='bbox 3141 5027 3195 5071; x_wconf 91' lang='lat' dir='ltr'><strong>et</strong></span> <span class='ocrx_word' id='word_1_869' title='bbox 3231 5018 3363 5072; x_wconf 88' lang='lat' dir='ltr'><strong>asini</strong></span> <span class='ocrx_word' id='word_1_870' title='bbox 3390 5029 3628 5089; x_wconf 87' lang='lat' dir='ltr'><strong>agrestes</strong></span> <span class='ocrx_word' id='word_1_871' title='bbox 3651 5060 3666 5084; x_wconf 86' lang='lat'><em>.</em></span> <span class='ocrx_word' id='word_1_872' title='bbox 3699 5021 3790 5090; x_wconf 88' lang='lat' dir='ltr'><strong>qui</strong></span> <span class='ocrx_word' id='word_1_873' title='bbox 3824 5020 3946 5078; x_wconf 56' lang='lat' dir='ltr'><strong>ba‘c</strong></span> 
     </span>
    </p>
   </div>
   <div class='ocr_carea' id='block_1_115' title="bbox 2363 5106 3947 5186">
    <p class='ocr_par' dir='ltr' id='par_1_115' title="bbox 2363 5106 3947 5186">
     <span class='ocr_line' id='line_1_115' title="bbox 2363 5106 3947 5186; baseline 0.007 -29"><span class='ocrx_word' id='word_1_874' title='bbox 2363 5106 2538 5160; x_wconf 83' lang='lat' dir='ltr'><strong>omnia</strong></span> <span class='ocrx_word' id='word_1_875' title='bbox 2586 5115 2820 5161; x_wconf 83' lang='lat' dir='ltr'><strong>stercore</strong></span> <span class='ocrx_word' id='word_1_876' title='bbox 2867 5108 3179 5186; x_wconf 80' lang='lat' dir='ltr'><strong>complent:</strong></span> <span class='ocrx_word' id='word_1_877' title='bbox 3215 5109 3335 5164; x_wconf 87' lang='lat' dir='ltr'><strong>talia</strong></span> <span class='ocrx_word' id='word_1_878' title='bbox 3381 5111 3524 5165; x_wconf 89' lang='lat' dir='ltr'><strong>enim</strong></span> <span class='ocrx_word' id='word_1_879' title='bbox 3561 5120 3685 5165; x_wconf 90' lang='lat' dir='ltr'><strong>sunt</strong></span> <span class='ocrx_word' id='word_1_880' title='bbox 3725 5111 3947 5168; x_wconf 86' lang='lat' dir='ltr'><strong>illorum</strong></span> 
     </span>
    </p>
   </div>
   <div class='ocr_carea' id='block_1_116' title="bbox 2365 5197 3947 5273">
    <p class='ocr_par' dir='ltr' id='par_1_116' title="bbox 2365 5197 3947 5273">
     <span class='ocr_line' id='line_1_116' title="bbox 2365 5197 3947 5273; baseline 0.006 -26"><span class='ocrx_word' id='word_1_881' title='bbox 2365 5197 2644 5265; x_wconf 89' lang='lat' dir='ltr'><strong>colloquia.</strong></span> <span class='ocrx_word' id='word_1_882' title='bbox 2689 5199 2764 5250; x_wconf 78' lang='lat' dir='ltr'><strong>Ae</strong></span> <span class='ocrx_word' id='word_1_883' title='bbox 2793 5198 2836 5250; x_wconf 90' lang='lat' dir='ltr'><strong>si</strong></span> <span class='ocrx_word' id='word_1_884' title='bbox 2868 5213 3051 5267; x_wconf 62' lang='lat' dir='ltr'><strong>posses</strong></span> <span class='ocrx_word' id='word_1_885' title='bbox 3081 5200 3216 5254; x_wconf 88' lang='lat' dir='ltr'><strong>scire</strong></span> <span class='ocrx_word' id='word_1_886' title='bbox 3255 5203 3430 5255; x_wconf 90' lang='lat' dir='ltr'><strong>omnia</strong></span> <span class='ocrx_word' id='word_1_887' title='bbox 3471 5218 3591 5271; x_wconf 74' lang='lat' dir='ltr'><strong>qua:</strong></span> <span class='ocrx_word' id='word_1_888' title='bbox 3622 5203 3674 5258; x_wconf 90' lang='lat' dir='ltr'><strong>in</strong></span> <span class='ocrx_word' id='word_1_889' title='bbox 3715 5205 3947 5273; x_wconf 69' lang='lat' dir='ltr'><strong>singulis</strong></span> 
     </span>
    </p>
   </div>
   <div class='ocr_carea' id='block_1_117' title="bbox 2364 5288 3949 5357">
    <p class='ocr_par' dir='ltr' id='par_1_117' title="bbox 2364 5288 3949 5357">
     <span class='ocr_line' id='line_1_117' title="bbox 2364 5288 3949 5357; baseline 0.009 -18"><span class='ocrx_word' id='word_1_890' title='bbox 2364 5288 2708 5342; x_wconf 87' lang='lat' dir='ltr'><strong>eoneinnibns</strong></span> <span class='ocrx_word' id='word_1_891' title='bbox 2753 5290 2998 5343; x_wconf 79' lang='lat' dir='ltr'><strong>dicuntur</strong></span> <span class='ocrx_word' id='word_1_892' title='bbox 3045 5306 3072 5342; x_wconf 90' lang='lat' dir='ltr'><strong>a</strong></span> <span class='ocrx_word' id='word_1_893' title='bbox 3106 5292 3264 5357; x_wconf 88' lang='lat' dir='ltr'><strong>viris,</strong></span> <span class='ocrx_word' id='word_1_894' title='bbox 3295 5307 3324 5346; x_wconf 88' lang='lat' dir='ltr'><strong>a</strong></span> <span class='ocrx_word' id='word_1_895' title='bbox 3351 5293 3696 5353; x_wconf 89' lang='lat' dir='ltr'><strong>mulieribus.</strong></span> <span class='ocrx_word' id='word_1_896' title='bbox 3730 5297 3949 5353; x_wconf 82' lang='lat' dir='ltr'><strong>videres</strong></span> 
     </span>
    </p>
   </div>
   <div class='ocr_carea' id='block_1_118' title="bbox 2367 5379 3949 5455">
    <p class='ocr_par' dir='ltr' id='par_1_118' title="bbox 2367 5379 3949 5455">
     <span class='ocr_line' id='line_1_118' title="bbox 2367 5379 3949 5455; baseline 0.008 -25"><span class='ocrx_word' id='word_1_897' title='bbox 2367 5379 2543 5444; x_wconf 85' lang='lat' dir='ltr'><strong>utique</strong></span> <span class='ocrx_word' id='word_1_898' title='bbox 2562 5379 2674 5432; x_wconf 66' lang='lat' dir='ltr'><strong>ha-c</strong></span> <span class='ocrx_word' id='word_1_899' title='bbox 2695 5391 2924 5435; x_wconf 70' lang='lat' dir='ltr'><strong>stercore</strong></span> <span class='ocrx_word' id='word_1_900' title='bbox 2943 5382 3031 5435; x_wconf 92' lang='lat' dir='ltr'><strong>illo</strong></span> <span class='ocrx_word' id='word_1_901' title='bbox 3050 5383 3399 5453; x_wconf 79' lang='lat' dir='ltr'><strong>inunupiliora</strong></span> <span class='ocrx_word' id='word_1_902' title='bbox 3419 5385 3572 5455; x_wconf 87' lang='lat' dir='ltr'><strong>longe</strong></span> <span class='ocrx_word' id='word_1_903' title='bbox 3587 5400 3726 5441; x_wconf 80' lang='lat' dir='ltr'><strong>esse.</strong></span> <span class='ocrx_word' id='word_1_904' title='bbox 3744 5389 3949 5454; x_wconf 84' lang='lat' dir='ltr'><strong>Quam-</strong></span> 
     </span>
    </p>
   </div>
   <div class='ocr_carea' id='block_1_119' title="bbox 2365 5467 3947 5547">
    <p class='ocr_par' dir='ltr' id='par_1_119' title="bbox 2365 5467 3947 5547">
     <span class='ocr_line' id='line_1_119' title="bbox 2365 5467 3947 5547; baseline 0.01 -27"><span class='ocrx_word' id='word_1_905' title='bbox 2365 5467 2546 5521; x_wconf 87' lang='lat' dir='ltr'><strong>obrem</strong></span> <span class='ocrx_word' id='word_1_906' title='bbox 2595 5485 2722 5538; x_wconf 77' lang='lat' dir='ltr'><strong>rogo</strong></span> <span class='ocrx_word' id='word_1_907' title='bbox 2777 5473 2912 5524; x_wconf 87' lang='lat' dir='ltr'><strong>hanc</strong></span> <span class='ocrx_word' id='word_1_908' title='bbox 2954 5473 3144 5526; x_wconf 86' lang='lat' dir='ltr'><strong>malam</strong></span> <span class='ocrx_word' id='word_1_909' title='bbox 3195 5475 3634 5532; x_wconf 89' lang='lat' dir='ltr'><strong>consuetudinem</strong></span> <span class='ocrx_word' id='word_1_910' title='bbox 3685 5481 3947 5547; x_wconf 84' lang='lat' dir='ltr'><strong>mutetis.</strong></span> 
     </span>
    </p>
   </div>
   <div class='ocr_carea' id='block_1_120' title="bbox 2428 5601 3082 5666">
    <p class='ocr_par' dir='ltr' id='par_1_120' title="bbox 2428 5601 3082 5666">
     <span class='ocr_line' id='line_1_120' title="bbox 2428 5601 3082 5666; baseline 0.008 -15"><span class='ocrx_word' id='word_1_911' title='bbox 2428 5605 2441 5634; x_wconf 86' lang='grc'>¹</span> <span class='ocrx_word' id='word_1_912' title='bbox 2471 5601 2521 5652; x_wconf 79' lang='lat' dir='ltr'><strong>In</strong></span> <span class='ocrx_word' id='word_1_913' title='bbox 2539 5602 2699 5652; x_wconf 75' lang='lat' dir='ltr'><strong>Morel.</strong></span> <span class='ocrx_word' id='word_1_914' title='bbox 2717 5602 2915 5666; x_wconf 74' lang='lat' dir='ltr'><strong>legitur,</strong></span> <span class='ocrx_word' id='word_1_915' title='bbox 2942 5605 3082 5656; x_wconf 74' lang='lat' dir='ltr'><strong>robis.</strong></span> 
     </span>
    </p>
   </div>
   <div class='ocr_carea' id='block_1_121' title="bbox 2430 5666 3652 5732">
    <p class='ocr_par' dir='ltr' id='par_1_121' title="bbox 2430 5666 3652 5732">
     <span class='ocr_line' id='line_1_121' title="bbox 2430 5666 3652 5732; baseline 0.006 -19"><span class='ocrx_word' id='word_1_916' title='bbox 2430 5669 2448 5697; x_wconf 68' lang='grc' dir='ltr'><strong><em>τ</em></strong></span> <span class='ocrx_word' id='word_1_917' title='bbox 2475 5673 2596 5717; x_wconf 68' lang='lat' dir='ltr'><strong>lue.</strong></span> <span class='ocrx_word' id='word_1_918' title='bbox 2626 5680 2685 5715; x_wconf 72' lang='lat' dir='ltr'><strong>ut:</strong></span> <span class='ocrx_word' id='word_1_919' title='bbox 2711 5666 2945 5728; x_wconf 63' lang='lat' dir='ltr'><strong>largita-it:</strong></span> <span class='ocrx_word' id='word_1_920' title='bbox 2962 5685 3026 5728; x_wconf 70' lang='grc' dir='ltr'><strong>δη,</strong></span> <span class='ocrx_word' id='word_1_921' title='bbox 3056 5687 3096 5717; x_wconf 84' lang='lat' dir='ltr'><strong>n:</strong></span> <span class='ocrx_word' id='word_1_922' title='bbox 3120 5684 3147 5718; x_wconf 93' lang='lat' dir='ltr'><strong>u</strong></span> <span class='ocrx_word' id='word_1_923' title='bbox 3174 5668 3402 5732; x_wconf 82' lang='lat' dir='ltr'><strong>leguntur</strong></span> <span class='ocrx_word' id='word_1_924' title='bbox 3424 5670 3473 5720; x_wconf 88' lang='lat' dir='ltr'><strong>iu</strong></span> <span class='ocrx_word' id='word_1_925' title='bbox 3491 5669 3652 5721; x_wconf 59' lang='grc' dir='ltr'><strong>λιστα.</strong></span> 
     </span>
    </p>
   </div>
  </div>
