4160 6330
210 385 293 437 τδι
1151 370 1217 428 IN
1255 368 1661 427 ΜΑΤΤΠᾸΞΠΜ
1702 366 1772 422 lli

1877 364 1931 419 L.
1978 361 2262 418 LXXXIX.
2307 362 2378 415 ul.
2427 358 2537 415 XC.

207 511 252 553 tll
274 494 488 551 mlesia
518 498 846 564 unguentum
872 487 1056 559 spirct.
1086 484 1239 541 Nunc
1279 493 1457 540 autem
1495 482 1765 541 sensiltilia

210 591 257 643 in
283 587 364 643 illa
391 585 735 657 lltymiatnata
761 579 1005 649 ponimus
1024 618 1041 643 ,
1066 576 1135 632 de
1161 574 1418 645 spirituali
1448 585 1625 628 autem
1670 570 1770 625 im-

207 677 446 735 munditiis
476 692 584 733 non
613 682 813 728 tantam
838 681 1019 724 curam
1044 666 1280 736 gerimus
1298 706 1314 730 ,
1344 672 1397 717 ut
1423 677 1540 718 eam
1572 674 1769 731 purge-

206 786 313 828 mus
356 768 784 835 sul‘eramusque.
824 761 1077 831 Quzenam
1126 772 1256 828 ergo
1300 754 1538 810 utilitas?
1585 752 1770 821 Neque

206 863 334 918 enim
364 862 430 914 ita
458 858 744 913 ecclesiam
773 854 1215 920 detur-paremus,
1244 857 1451 904 stercus
1468 859 1765 914 congeren-

207 963 295 1014 tes.
324 965 477 1024 quam
510 947 795 1011 fmdatnus,
824 944 944 1017 talia
972 950 1154 996 mutuo
1176 939 1471 1011 lnquentes,
1501 936 1569 991 de
1598 937 1765 993 lucra,

204 1046 265 1100 de
292 1040 666 1113 negotiatione.
694 1037 761 1090 de
788 1032 1194 1105 cauponatinne,
1222 1030 1289 1085 de
1310 1030 1375 1084 iis
1399 1043 1518 1100 qua:
1548 1025 1677 1080 nihil
1700 1024 1763 1079 ad

3369 358 3475 412 '78!

1880 492 1979 534 nos
2003 477 2270 547 pertinent
2290 517 2305 541 ,
2332 490 2454 530 cum
2480 482 2756 544 oporteret
2784 474 2868 529 liic
2898 473 3174 542 angelicas
3196 488 3319 528 esse
3345 480 3476 526 elui-

1878 582 1991 631 ros,
2032 574 2089 621 et
2132 564 2410 619 ecclesiam
2456 564 2645 618 ca-lum
2690 562 2887 631 facere,
2934 564 3171 633 nihilque
3210 562 3355 616 aliud
3389 561 3476 618 hic.

1878 672 1999 712 esse
2024 672 2182 726 quant
2213 656 2550 725 precatimtes
2589 654 2831 708 assiduas
2856 693 2871 715 ,
2916 652 3191 707 silentium
3218 661 3270 708 el
3301 662 3475 707 atten-

1879 750 2100 805 tionem.
2124 748 2236 804 Hoc
2260 747 2344 801 vel
2362 761 2509 831 ptine
2534 746 2811 809 iaciamus.
2839 754 2899 800 ut
2921 754 2977 799 ct
2998 745 3160 800 vitam
3180 759 3479 817 purgemus

1880 850 2139 904 nostram,
2182 846 2239 893 ct
2279 834 2549 909 premissa
2594 845 2795 890 acterna
2845 835 2983 889 bona
3034 849 3432 904 consrquamur
3463 876 3477 891 .

1878 932 2051 1003 gratia
2071 940 2123 986 et
2156 930 2487 1000 benignitate
2518 927 2729 982 Domini
2762 926 2931 980 nostri
2958 924 3086 981 Iesu
3120 925 3318 982 Christi
3339 968 3355 993 ,
3388 926 3477 981 cui

1878 1008 2044 1093 gloria
2075 1022 2128 1076 in
2158 1021 2349 1077 siccata
2379 1020 2718 1076 saeculorum.
2747 1019 2939 1072 Amen.

1319 1206 1669 1272 HOMILIA
1711 1202 2076 1265 LXXXIX.
2119 1200 2209 1263 al.
2251 1198 2389 1264 XC.

204 1372 441 1433 CAP.27.
475 1385 532 1426 v.
583 1367 673 1425 62.
732 1363 947 1419 Postera
993 1368 1162 1414 autem
1208 1354 1323 1419 die,
1361 1358 1476 1423 qua:
1523 1356 1596 1402 est
1654 1352 1766 1415 post

268 1467 575 1522 Parasceven
593 1502 614 1529 ,
668 1460 1003 1514 convenerunt
1057 1450 1309 1520 principes
1352 1441 1668 1499 sacerdotum
1720 1446 1770 1492 et

267 1558 520 1613 l’ltarisci
545 1553 613 1607 ad
638 1550 862 1606 Pilatum
879 1587 893 1610 .
922 1545 1013 1601 63.
1038 1543 1255 1598 dicentes
1278 1553 1298 1593 :
1322 1535 1574 1597 Domine,
1601 1545 1770 1585 recor-

265 1651 365 1704 dati
399 1661 577 1702 sumus
611 1641 747 1713 quod
774 1642 1017 1711 impostor
1038 1633 1126 1688 ille
1163 1629 1345 1685 dixerit
1368 1625 1535 1681 adhuc
1560 1622 1768 1713 pineus,

270 1743 386 1797 Post
410 1750 512 1794 tres
535 1710 642 1791 dies
669 1746 949 1802 resurgam.
980 1726 1069 1783 64.
1096 1724 1231 1779 lube
1256 1736 1377 1792 ergo
1400 1714 1588 1773 muniri
1608 1710 1769 1783 sepul-

264 1850 400 1890 crum
445 1846 603 1901 usque
643 1828 697 1881 in
742 1826 876 1881 diem
906 1820 1126 1883 tertiani,
1168 1832 1231 1871 ne
1256 1812 1505 1869 uenientes
1531 1802 1772 1877 discipuli

264 1928 366 1994 ejus
391 1923 626 1992 [urentur
652 1933 785 1981 eam,
812 1924 858 1968 et
885 1912 1054 1967 dicant
1082 1907 1291 1980 populo,
1320 1901 1456 1994 quod
1481 1908 1769 1994 resurrexit-

263 1990 324 2071 rit
344 2034 374 2070 ο
391 1990 603 2069 mortuis
622 2026 644 2065 :
664 2018 710 2064 st
735 2008 828 2062 erit
847 2003 1145 2059 novissimus
1167 2012 1312 2052 error
1338 1992 1483 2065 peior
1509 1990 1699 2060 priore.

266 2110 317 2172 ι.
342 2105 553 2176 Ubique
580 2117 731 2158 error
759 2099 821 2155 in
857 2097 1091 2169 seipsum
1123 2088 1365 2160 impingit
1393 2088 1411 2119 ⁸
1437 2127 1453 2149 ,
1479 2079 1770 2176 θο-νθιᾷἰηο

204 2202 333 2254 vitas
370 2173 584 2253 veritati
626 2192 964 2261 suﬂragatur.
1016 2181 1295 2255 Perpende
1331 2179 1512 2249 igitur.
1540 2173 1774 2229 Credere

202 2295 443 2365 oportuit,
495 2298 763 2344 mortuum
791 2284 937 2338 illttm
963 2293 1105 2338 esse.
1138 2284 1193 2331 et
1229 2272 1517 2343 sepultum,
1682 2278 1771 2365 re-

202 2358 530 2441 surrexisse:
562 2395 681 2451 quae
716 2376 894 2433 omnia
922 2371 1259 2428 inimicorum
1294 2379 1456 2436 opera
1497 2358 1772 2451 credibilia

204 2483 344 2535 riunt.
374 2476 512 2531 Vide
535 2475 692 2546 igitur
722 2470 808 2524 illa
840 2467 999 2523 verba
1019 2505 1034 2529 ,
1064 2478 1185 2532 quin
1210 2461 1309 2515 ista
1341 2469 1556 2546 prorsus
1577 2450 1774 2546 contir-

204 2558 341 2625 maut
368 2588 385 2624 :
415 2540 687 2622 Recordati
710 2574 884 2615 sumus
901 2598 917 2622 ,
945 2553 1081 2627 quod
1095 2554 1338 2622 impostor
1362 2547 1450 2602 ille
1472 2543 1657 2598 dixerit
1681 2540 1774 2593 ad-

187 2662 279 2715 huc
293 2661 460 2714 virens
493 2665 746 2712 mortuus
758 2663 840 2706 est
861 2651 1069 2717 igitur),
1081 2642 1201 2696 Post
1223 2651 1327 2694 tres
1340 2639 1453 2692 dies
1466 2647 1766 2704 resurgam.

188 2754 313 2809 Julia
356 2750 633 2822 obsignari
654 2748 675 2778 '
722 2742 1022 2813 sepulcrum
1052 2738 1206 2804 (ergo
1234 2731 1481 2802 sepultus
1522 2727 1629 2796 est)
1659 2766 1675 2792 ,
1709 2740 1771 2778 ne

204 2846 325 2912 forte
350 2841 549 2897 valiant
577 2836 817 2908 discipuli
841 2836 951 2905 ejus
970 2873 986 2897 ,
1018 2842 1065 2886 et
1086 2833 1317 2902 [urentur
1344 2842 1475 2881 eum.
1506 2823 1563 2878 Si
1596 2824 1776 2892 itaque

202 2937 495 3005 sepulcrum
541 2930 800 2987 nmnitum
832 2928 904 2983 sit
944 2936 1000 2983 et
1041 2924 1406 2991 obsignatum,
1448 2917 1587 2972 nulla
1629 2914 1777 2970 fraus

203 3027 331 3082 erit?
355 3025 511 3081 Nulla
539 3030 703 3079 certe.
738 3021 877 3092 Ergo
917 3027 1063 3075 certa
1108 3026 1191 3071 est
1234 3009 1644 3069 resurrectionis
1682 3007 1779 3062 de-

204 3116 515 3172 monstratio
539 3157 554 3181 ,
587 3124 645 3169 ut
675 3123 821 3184 patet
844 3127 907 3167 es
940 3110 1003 3164 iis
1032 3124 1149 3180 qua:
1176 3122 1269 3162 vos
1295 3102 1605 3160 obtenditis.
1639 3100 1772 3155 Cum

201 3211 333 3268 enim
376 3208 717 3278 obsignatum
748 3203 905 3259 luerit
946 3201 1273 3271 sepulcrum,
1318 3198 1458 3251 nulla
1484 3196 1628 3251 l‘raus
1656 3193 1772 3248 fuit.

202 3303 253 3359 Si
283 3302 421 3357 nulla
447 3302 618 3366 fraus,
640 3310 695 3356 et
716 3308 890 3356 tamen
918 3296 1220 3369 sepulcrum
1251 3309 1474 3349 vacuum
1505 3301 1773 3362 repertum

202 3402 295 3457 est.
323 3390 552 3465 palam"
576 3401 629 3446 et
658 3393 774 3447 sine
800 3388 1160 3444 controversia
1191 3396 1272 3441 cst
1318 3387 1489 3455 ipsmu
1533 3397 1776 3437 resurre-

202 3489 353 3542 xisse.
386 3484 575 3541 Videu’
598 3482 867 3553 quomodo
893 3481 979 3537 vel
1002 3480 1147 3535 inviti
1176 3494 1273 3548 pro
1298 3477 1538 3533 veritatis
1561 3476 1777 3531 demon-

202 3579 449 3633 stratione
471 3574 749 3648 pugnent?
774 3574 855 3630 'l‘u
880 3588 1009 3628 vero
1033 3572 1161 3628 mihi
1190 3570 1460 3641 perpende
1483 3582 1643 3640 quam
1670 3567 1776 3621 sint

201 3669 435 3739 discipuli
467 3667 711 3723 veritatis
734 3674 1013 3730 amantes;
1038 3662 1309 3734 quomodo
1336 3660 1465 3716 nihil
1504 3658 1777 3715 occultent

203 3775 260 3814 cx
303 3761 365 3815 iis
408 3775 533 3831 qua:
578 3758 774 3813 inimici
824 3756 1109 3821 dixerunt,
1149 3754 1489 3825 quantumvis
1515 3750 1773 3822 probrosa

203 3851 279 3905 illa
306 3852 433 3905 sint.
465 3850 606 3906 Ecce
635 3851 778 3904 enim
806 3850 1150 3918 impostorem
1184 3853 1408 3910 vocant,
1442 3862 1616 3917 neque
1646 3842 1773 3898 illud

203 3942 291 4010 ipsi
325 3952 501 3997 tacent
536 3961 549 3995 ε
584 3942 636 3996 id
663 3939 800 4010 quod
831 3941 991 3996 etiam
1024 3939 1232 3993 illorum
1270 3938 1639 3994 crudelitatem
1682 3935 1777 3992 de-

198 4043 451 4090 monstrat
488 4083 509 4109 ,
567 4032 708 4102 quod
737 4048 802 4105 ne
828 4041 947 4102 post
971 4042 1195 4085 mortem
1218 4032 1429 4102 quidem
1474 4031 1604 4085 iram
1643 4028 1773 4083 mis-

199 4141 303 4180 tam
348 4120 783 4181 lecerint‘Jllud
828 4136 1003 4179 autem
1052 4136 1499 4194 qurrereoperze
1546 4120 1773 4189 pretium

199 4221 347 4274 luerit
374 4238 387 4273 :
417 4218 509 4273 ubi
559 4232 751 4283 nempe
795 4215 1018 4277 dixerit.
1066 4213 1183 4268 Post
1220 4225 1317 4267 tres
1348 4213 1454 4266 dics
1490 4227 1772 4281 resurgunt.

197 4308 369 4379 Neque
410 4310 562 4364 enim
606 4308 732 4362 illud
759 4307 902 4363 clare
931 4307 1128 4362 dictum
1171 4306 1473 4369 invenitur;
1498 4302 1594 4358 sed
1625 4301 1774 4356 luna:

199 4410 389 4455 tantum
410 4400 664 4468 exemplo
682 4400 723 4451 ⁵.
755 4398 933 4467 llaqtte
963 4398 1203 4452 sciebant
1232 4394 1441 4450 scelesti
1472 4393 1639 4449 Judaei
1663 4434 1678 4456 ,
1712 4408 1773 4446 ea

195 4507 305 4559 quin
333 4491 423 4547 ille
449 4491 681 4554 dixerat,
705 4500 761 4545 et
784 4505 875 4543 sua
899 4497 1088 4555 sponte
1116 4488 1346 4557 maligne
1366 4485 1612 4555 agebant.
1637 4483 1773 4553 Quid

195 4597 313 4653 ergo
362 4582 603 4639 Pilatus?
645 4580 733 4637 65.
788 4579 996 4635 Habetis
1041 4580 1356 4646 custodiant,
1407 4578 1595 4631 munite
1645 4579 1774 4632 sicut

195 4676 340 4729 scitis.
370 4676 460 4730 66.
491 4674 563 4729 Et
593 4674 907 4728 muniverunt
933 4670 1238 4741 sepulcrum,
1266 4671 1521 4740 signantes
1552 4669 1774 4737 lapidem

194 4782 297 4820 cum
319 4766 577 4822 custodia.
602 4765 715 4819 Non
748 4763 1005 4834 permittit
1034 4772 1091 4816 ut
1122 4761 1315 4816 milites
1335 4760 1433 4815 soli
1465 4759 1768 4830 obsignent:

196 4872 307 4910 nam
332 4857 484 4928 quasi
515 4856 586 4911 de
619 4855 779 4910 rebus
823 4854 989 4924 ipsius
1018 4853 1242 4909 edoctus
1261 4892 1279 4919 ,
1326 4868 1432 4907 non
1478 4852 1621 4905 ultra
1649 4866 1770 4906 cum

193 4947 289 5002 illis
316 4949 426 5004 vult
466 4961 667 5018 agere;
713 4945 806 5001 scd
836 4955 893 4999 ut
936 4959 1055 5000 sese
1101 4944 1169 4999 ab
1204 4944 1307 5000 illis
1347 4945 1628 5014 expediant,
1670 4943 1774 4999 hoc

190 5040 341 5094 etiam
380 5039 651 5110 permittit
691 5047 746 5093 ct
788 5037 901 5095 ait:
933 5036 1039 5093 Vos
1080 5046 1136 5092 ut
1167 5038 1322 5092 vultis
1364 5038 1673 5108 obsignate,
1705 5053 1772 5093 ne

237 5192 250 5221 ι
284 5190 490 5249 Quidam
513 5187 724 5245 habent.
744 5188 958 5249 seipsnm
988 5191 1364 5246 transverberat.

236 5254 256 5317 ξ
287 5254 606 5317 ᾼιιιίιρκιιινᾼ.
645 5265 749 5313 pro,
776 5251 1023 5317 obsignari
1057 5254 1259 5317 muniri.

206 5374 215 5381 _
239 5314 260 5347 ³
289 5314 339 5363 ln
365 5316 519 5365 Mori"
546 5379 551 5385 '
580 5315 784 5378 legitur,
814 5314 857 5365 si
881 5314 1023 5367 nulla
1052 5315 1209 5381 fraus,
1249 5323 1433 5384 palam,
1470 5329 1551 5373 etc
1578 5360 1590 5381 ,
1622 5327 1775 5376 omis-

180 5388 243 5424 8‘3
271 5380 600 5426 ltileniositts.

237 5392 243 5424 l
302 5394 315 5424 i
379 5416 384 5421 .
419 5392 530 5422 30'!
572 5392 600 5423 '.

237 5442 256 5471 δ
272 5392 763 5509 ’ἓξῗρῗιιξιέῗιῖνευςθ
788 5441 1020 5509 videlicet
1043 5441 1238 5509 intrare
1263 5446 1550 5507 reddantur,
1572 5446 1772 5499 Iterum-

180 5510 263 5561 qtie
293 5506 626 5552 sinceritatem
645 5506 1045 5565 suavitatemque
1076 5506 1394 5557 dcntonstrat.
1538 5506 1543 5507 ⁷

237 5566 256 5596 ⁸
286 5566 543 5613 lilossator
598 5576 775 5613 recens
819 5566 1007 5614 CodiciS
1043 5565 1137 5613 69i
1172 5567 1244 5617 sic
1277 5572 1544 5619 legendum
1590 5574 1724 5619 iunui

216 5583 256 5633 _'
286 5583 543 5613 tutossawr
598 5583 775 5613 reet-ns
819 5583 1007 5614 ι.ιιι]1ι;ιιΖ
1043 5583 1137 5613 οων
1172 5583 1244 5617 Stc
1277 5583 1544 5632 legendum
1590 5583 1769 5631 lttnttll,

183 5629 399 5673 nimirum
437 5641 450 5675 :
495 5625 599 5696 U
626 5640 797 5696 nempe
836 5625 1022 5696 digerit
1046 5629 1288 5696 judicia,
1317 5649 1332 5678 ι
1385 5634 1501 5696 Post
1545 5644 1639 5685 tres
1667 5638 1772 5687 dies

183 5698 442 5759 resurgam.
498 5704 515 5736 ι
563 5689 759 5759 εφῃὶιιδ
781 5689 1007 5759 _quidem
1037 5692 1125 5759 hoc
1162 5691 1419 5759 discipulis
1450 5696 1633 5747 dictum
1671 5708 1771 5758 est;

182 5750 363 5818 ,ιιι-ιιυὶει
393 5759 561 5818 autem
593 5752 725 5802 clare
758 5750 943 5801 dit-tum
974 5766 1068 5805 non
1089 5750 1347 5818 invenitur,
1383 5761 1466 5809 sed
1500 5763 1645 5813 J0me
1666 5750 1772 5810 ιιιηὶ

185 5816 274 5860 litat
300 5814 543 5879 exemplo.

1879 1342 2014 1396 alios
2052 1342 2300 1398 incusare
2330 1340 2567 1412 possitis.
2594 1340 2730 1399 Nam
2760 1341 2805 1398 si
2830 1342 2933 1397 soli
2964 1343 3163 1398 milites
3190 1339 3476 1411 obsignas-

1875 1442 2022 1497 sent,
2046 1433 2230 1489 dicere
2261 1434 2592 1503 potuissent,
2622 1432 2835 1489 etiamsi
2858 1433 2908 1488 id
2939 1433 3129 1489 falsum
3160 1442 3217 1488 et
3242 1433 3477 1487 int-rodi-

1876 1524 1983 1580 bile
2020 1525 2238 1589 luisset;
2281 1536 2514 1581 attamen
2553 1533 2610 1579 ttt
2636 1524 2773 1580 alias
2802 1524 3148 1596 impudenter
3201 1524 3478 1589 fecerant,
3540 1556 3547 1562 ι

1876 1617 2057 1675 dicere
2083 1620 2397 1689 potuissent,
2423 1618 2620 1674 milites
2638 1632 2835 1687 corpus
2858 1615 3211 1672 auferendum
3237 1615 3476 1676 dedisse.

1876 1710 2257 1781 discipulisque
2304 1726 2489 1767 ausam
2544 1692 2863 1781 przebuisse',
2911 1717 2969 1763 ut
3018 1708 3473 1765 resurrectionem

1877 1806 1993 1872 ejus
2021 1802 2390 1875 contingerent
2418 1821 2432 1857 :
2458 1816 2599 1857 nunc
2618 1811 2800 1857 autem
2817 1815 2942 1857 cum
2970 1799 3071 1872 ipsi
3094 1800 3475 1860 mutui-issent,

1878 1890 1980 1947 hoc
2010 1893 2193 1948 dicere
2224 1907 2329 1948 non
2359 1900 2627 1963 poterant.

1949 1985 2388 2041 Resurrectionent
2422 1984 2613 2040 Christi
2636 1994 2826 2039 certam
2858 2000 2969 2039 esse
2992 1984 3257 2056 probatur.
3285 2013 3357 2025 —
3379 1982 3476 2037 Vi-

1878 2075 2000 2131 den‘
2024 2074 2296 2145 quomodo
2322 2075 2565 2131 nolentes
2595 2075 2874 2130 veritatem
2911 2090 3159 2131 asserere
3196 2076 3435 2129 nitantur
3454 2073 3481 2127 ἲ

1877 2165 2009 2221 Nam
2039 2166 2136 2236 ipsi
2165 2175 2528 2229 accesserunt,
2551 2166 2647 2234 ipsi
2672 2168 2962 2236 petierunt,
2998 2166 3095 2236 ipsi
3124 2152 3479 2235 obsignatum

1877 2271 1999 2312 Cum
2024 2256 2305 2322 custodia;
2338 2258 2407 2310 ita
2453 2269 2508 2311 ιιι
2548 2271 2669 2311 sese
2696 2268 2882 2311 mutuo
2925 2266 3179 2310 acettsenl
3209 2266 3264 2312 et
3291 2258 3478 2311 Conlu-

1880 2358 2013 2405 tent.
2046 2349 2209 2419 Atqui
2236 2349 2451 2420 quando
2489 2349 2648 2406 furati
2676 2359 2857 2405 essent
2886 2350 2939 2403 in
2970 2348 3195 2405 sabbato
3215 2389 3234 2415 ,
3258 2358 3313 2405 et
3343 2364 3480 2420 quo-

1878 2439 2079 2495 modo?
2105 2439 2287 2520 Neque
2319 2442 2464 2497 enim
2496 2440 2710 2511 prodire
2738 2449 3009 2512 poterant.
3044 2439 3200 2505 Quod
3229 2441 3273 2493 si
3303 2440 3478 2509 legem

1878 2532 2248 2602 prietergrcssi
2277 2542 2458 2589 essent
2482 2574 2496 2595 ,
2528 2531 2800 2601 quomodo
2825 2532 2939 2587 ausi
2983 2532 3209 2603 fuissent
3236 2532 3303 2586 ita
3338 2532 3476 2586 limi-

1879 2625 1932 2678 di
1959 2622 2256 2678 accedere?
2284 2624 2558 2694 quomodo
2586 2622 2910 2694 persuadere
2937 2624 3106 2677 turba:
3134 2624 3433 2693 patuissent
3454 2621 3483 2674 ?

1878 2714 2004 2786 quid
2030 2714 2307 2779 dixissent,
2340 2715 2465 2785 quid
2498 2715 2785 2771 fecissent?
2813 2729 2922 2789 quo
2947 2715 3129 2770 animo
3151 2730 3248 2781 pro
3269 2725 3481 2770 mortuo

1878 2817 2024 2862 stare
2069 2807 2399 2877 potuissent?
2432 2822 2593 2877 quant
2619 2816 2999 2876 exspectantes
3031 2806 3483 2865 retributionem?

1879 2913 2039 2969 quam
2069 2897 2413 2954 mercedem?
2456 2898 2587 2953 Cum
2621 2898 2891 2953 viventem
2924 2897 3074 2952 illum
3118 2899 3480 2967 comprehcn-

1879 3003 1998 3045 sum
2029 2990 2047 3022 ⁸
2082 2989 2356 3055 viderent,
2399 2988 2678 3059 fugerunt;
2719 2998 2775 3044 et
2803 3000 2925 3058 post
2956 2998 3184 3043 mortem
3224 2988 3482 3043 audaCIer

1883 3096 1979 3150 pro
2012 3080 2106 3134 illo
2134 3078 2404 3149 loquuturi
2433 3086 2621 3145 erant,
2648 3078 2693 3133 si
2737 3093 2845 3133 non
2890 3078 3313 3134 rcsurrexisset?
3340 3080 3481 3145 Quo-

1880 3169 2040 3223 modo
2071 3169 2187 3223 lucc
2215 3166 2438 3239 cogitari
2481 3167 2727 3239 possint?
2767 3165 2920 3234 Quod
2962 3167 3107 3231 enim
3152 3182 3253 3223 nec
3283 3168 3482 3223 voluis-

1880 3269 2002 3316 sent
2025 3274 2126 3316 na:
2153 3261 2452 3330 potuissent
2478 3261 2931 3315 resurrectionem
2952 3300 2968 3324 ,
2999 3275 3116 3330 quae
3140 3275 3244 3314 non
3272 3259 3478 3328 luisset,

1880 3351 2084 3421 ﬁngere
2103 3392 2117 3416 ,
2155 3350 2284 3406 hinc
2313 3350 2487 3420 palam
2514 3358 2616 3403 est.
2646 3348 2807 3404 Multa
2838 3350 2983 3404 enim
3017 3349 3122 3406 illis
3147 3350 3215 3405 de
3241 3365 3481 3406 resurre-

1878 3444 2057 3497 ctione
2077 3442 2327 3511 loquutus
2348 3440 2656 3511 frequenter
2683 3439 2896 3507 luerat,
2928 3451 2985 3495 ut
3015 3440 3115 3511 ipsi
3150 3442 3441 3497 narrabant
3462 3485 3478 3504 .

1880 3532 2007 3589 Post
2053 3544 2152 3588 tres
2193 3534 2300 3588 dies
2341 3549 2623 3604 resurgam.
2664 3532 2720 3589 Si
2751 3548 2880 3604 ergo
2907 3549 3013 3588 non
3046 3536 3434 3591 resurresissct
3460 3577 3482 3603 ,

1878 3629 2220 3686 manifestum
2245 3638 2330 3685 est
2353 3644 2447 3685 cos
2464 3669 2483 3695 ,
2514 3638 2701 3700 utpote
2725 3629 2982 3699 deceptos
3006 3670 3023 3696 ,
3050 3640 3107 3686 et
3134 3645 3164 3684 a
3190 3640 3296 3686 tota
3320 3642 3483 3702 gente

1881 3734 2097 3795 propter
2128 3724 2302 3794 ipsum
2331 3722 2691 3794 impugnatos,
2714 3721 2921 3778 edibus
2938 3732 2993 3779 et
3017 3722 3242 3779 urbibus
3266 3724 3445 3794 pulsos
3462 3766 3483 3791 ,

1879 3815 1947 3868 ab
1974 3816 2115 3871 illius
2141 3816 2286 3869 cultu
2317 3814 2654 3869 discessuros
2676 3813 2880 3880 fuisse;
2914 3828 3087 3885 neque
3107 3815 3251 3870 cnim
3275 3817 3477 3870 voluis-

1880 3916 1998 3961 sent
2039 3906 2110 3961 de
2158 3906 2250 3962 illo
2302 3905 2462 3960 talem
2495 3904 2805 3975 opinionem
2837 3919 3121 3976 spargere,
3164 3916 3349 3977 utpote
3388 3909 3485 3977 qui

1880 3998 2086 4066 decepti
2122 3996 2190 4050 ab
2231 3996 2326 4053 illo
2366 3995 2623 4062 fuissent,
2651 4006 2707 4052 et
2752 3997 2806 4051 in
2856 4009 3098 4052 extrema
3139 4012 3236 4067 pro
3264 3998 3356 4053 illo
3381 3999 3479 4053 de-

1880 4089 2025 4159 ducti
2070 4088 2328 4157 pericula.
2361 4088 2515 4154 Quod
2546 4102 2675 4143 vero
2705 4103 2811 4142 non
2854 4090 3185 4158 potuissent,
3226 4089 3326 4144 nisi
3354 4105 3485 4146 vera

1882 4181 2203 4235 resurrectio
2232 4177 2455 4244 fuisset,
2487 4179 2635 4234 illam
2674 4179 2969 4247 simulare,
3013 4180 3063 4235 id
3111 4192 3261 4237 certe
3291 4182 3477 4236 admu-

1880 4272 2008 4326 dum
2042 4272 2315 4341 probabile
2340 4282 2441 4328 est.
2474 4271 2533 4327 ln
2562 4286 2666 4343 qua
2714 4286 2775 4327 re
2801 4272 2947 4328 enim
2977 4271 3225 4328 ﬁduciam
3256 4274 3480 4328 habuis-

1879 4365 2040 4419 sent?
2066 4363 2117 4418 in
2146 4364 2413 4418 sermonis
2434 4364 2734 4434 gravitate?
2776 4364 2847 4417 At
2869 4364 3110 4419 omnium
3142 4364 3480 4434 imperitissi-

1881 4456 1951 4510 mi
1979 4463 2151 4511 erant.
2184 4454 2240 4509 In
2270 4456 2616 4522 pecuniarum
2644 4455 2839 4524 c0piai
2864 4452 3052 4526 Neque
3074 4442 3278 4527 virgam
3303 4473 3485 4527 neque

1879 4547 2236 4600 calceatnonta
2281 4544 2569 4601 habebant.
2614 4546 2669 4599 lu
2715 4545 3001 4615 splendore
3040 4548 3294 4617 generis?
3333 4548 3485 4605 Viles

1878 4647 2051 4697 erant.
2078 4652 2144 4691 ex
2176 4636 2369 4690 vilibus
2398 4636 2521 4691 orti.
2556 4635 2609 4690 lu
2639 4638 2826 4707 patria:
2853 4638 3184 4705 splendore?
3223 4640 3300 4693 Ex
3328 4640 3477 4710 igno-

1878 4728 2075 4782 bilibus
2117 4728 2221 4783 orti
2270 4729 2402 4782 locis
2446 4739 2617 4783 erant.
2654 4728 2709 4782 lu
2756 4729 3137 4786 multitudine?
3167 4729 3284 4786 Non
3324 4744 3477 4788 erant

1878 4822 2059 4891 plures
2109 4837 2267 4892 quam
2316 4822 2598 4887 undecim,
2648 4823 2699 4876 in
2752 4822 2912 4877 variis
2960 4822 3191 4892 dispersi
3222 4825 3375 4880 locis.
3419 4828 3481 4881 In

1879 4914 2323 4985 promissionibus
2354 4914 2642 4985 magistri?
2673 4913 2785 4971 Nisi
2818 4919 3208 4971 resnrresisset
3229 4958 3244 4982 ,
3276 4918 3481 4973 nullam

1880 5008 1930 5061 in
1964 5007 2091 5075 ipsis
2114 5006 2271 5061 [idem
2301 5006 2534 5061 habituri
2564 5016 2741 5061 erant.
2769 5006 3053 5073 Quomodo
3078 5016 3259 5062 autem
3293 5008 3477 5063 fureti-

1880 5110 1986 5154 tcm
2019 5099 2272 5169 populum
2318 5081 2741 5154 sustinuitsent?
2785 5098 2841 5155 Si
2880 5113 3110 5169 namque
3155 5099 3477 5171 eorypbztrtts

1878 5192 2116 5262 ipsorum
2158 5192 2393 5249 ostiaria:
2422 5192 2663 5247 mulieris
2691 5191 2911 5247 verbum
2944 5208 3051 5246 non
3076 5192 3212 5258 tulit,
3238 5204 3290 5247 et
3320 5195 3363 5247 si
3392 5212 3480 5249 re-

1879 5284 2004 5352 liqui
2036 5284 2185 5338 illum
2218 5285 2453 5338 vinctum
2482 5283 2727 5339 videntes
2757 5284 2985 5353 dispersi
3007 5295 3131 5338 sunt
3160 5303 3173 5338 :
3205 5287 3481 5355 quomodo

1878 5374 1927 5426 iu
1961 5375 2197 5428 animum
2229 5374 2595 5438 induxissent.
2626 5376 2691 5428 ad
2725 5384 2962 5430 extrema
2993 5376 3137 5430 orbis
3164 5393 3477 5445 :lt'CUl'l‘ltl‘c,

1835 5482 1847 5493 ·
1877 5473 1934 5517 ιιι
1963 5464 2142 5518 lictum
2176 5465 2590 5521 resurrectionis
2628 5468 2849 5520 verbum
2884 5468 3187 5536 plantat-cut
3207 5469 3228 5520 ?
3252 5469 3304 5523 Si
3329 5470 3475 5523 enim

1878 5556 1968 5609 ille
1990 5555 2247 5611 adversus
2279 5558 2521 5613 mulieris
2545 5559 2718 5613 minas
2747 5575 2853 5613 non
2880 5560 3058 5624 stetit,
3095 5576 3271 5629 neque
3300 5562 3372 5614 iili
3405 5562 3471 5616 ad

1877 5648 2207 5702 vinculorum
2234 5659 2581 5718 conSpectum
2603 5651 2623 5681 ⁸
2646 5691 2665 5714 ,
2694 5650 2965 5720 quomodo
2999 5661 3247 5721 poterant
3274 5650 3479 5704 mhi-r-

1940 5763 1952 5792 ε
1998 5760 2046 5808 la
2083 5759 2246 5807 Morel.
2285 5773 2379 5807 non
2408 5759 2608 5822 legitur.
2643 5742 3058 5822 comprehensum.

1946 5825 1964 5853 ²
2006 5824 2057 5871 lu
2095 5824 2202 5872 aliis
2235 5822 2434 5883 legitur,
2460 5836 2612 5885 ncytte
2638 5821 2711 5872 illi
2734 5828 2795 5872 uti
2828 5823 2995 5885 populi
3019 5837 3179 5883 conp.
3222 5830 3342 5872 ιτειι.
