4160 6330
668 341 769 397 783

663 468 755 506 sus
785 463 937 522 reges
963 459 1018 507 et
1057 447 1321 520 principes
1348 455 1402 499 et
1449 443 1670 514 populos
1693 449 1875 507 stare,
1918 439 2005 495 ttbi
2037 437 2232 509 gladii,

667 543 997 610 sartagines,
1037 539 1311 599 fornaces,
1342 546 1394 589 et
1423 535 1568 587 mille
1591 532 1829 603 quotidie
1871 540 2104 593 mortes,
2140 529 2240 583 nisi

664 634 780 699 ejus
808 632 895 699 qui
923 637 1294 686 resorrexerat
1319 629 1510 682 virtute
1525 633 1580 679 et
1597 625 1762 696 gratia
1786 624 1953 693 adiuti
1975 620 2240 678 fuissent?

665 721 810 776 'l'alia
845 729 1104 788 tantaque.
1130 719 1278 788 signa
1311 717 1448 772 facta
1472 713 1678 770 fuerant
1704 756 1720 780 ,
1748 725 1804 770 et
1827 714 2028 768 nullum
2053 727 2237 769 eorum

662 810 826 864 Judaei
855 818 978 863 sunt
1002 809 1214 864 reveriti
1246 851 1263 874 ,
1294 807 1387 863 sed
1413 807 1561 862 illum
1595 807 1977 861 crociliserunt
2011 824 2026 860 :
2057 815 2111 860 et
2140 805 2240 858 illis

665 900 1110 955 resurrectionem
1127 899 1438 968 simpliciter
1451 896 1786 951 narrantibus
1798 894 1962 950 credit
1972 897 2050 949 uri
2063 895 2241 950 erant?

662 989 775 1044 Non
804 991 872 1044 ita
903 1004 964 1045 se
992 1004 1077 1044 res
1104 989 1294 1052 habet,
1325 1003 1431 1042 non
1458 989 1558 1054 ita,
1589 985 1684 1043 sed
1711 987 1860 1056 ejus,
1885 985 1975 1057 qui
2003 1001 2241 1041 resurre-

663 1082 764 1145 xit,
795 1083 964 1135 virtus
988 1079 1101 1134 haec
1129 1089 1343 1148 cperata
1367 1089 1468 1133 est.

729 1171 784 1225 2.
814 1169 1087 1238 Perpende
1109 1178 1284 1223 autem
1311 1168 1440 1224 mibi
1474 1167 1688 1223 illorum
1713 1165 1976 1220 vafritiem
2006 1162 2238 1234 perridi-

660 1264 854 1316 culam.
899 1259 1170 1316 Recordati
1203 1276 1397 1324 sumus,
1433 1259 1696 1330 inquiunt,
1723 1257 1860 1329 quod
1895 1257 2130 1312 seductor
2154 1256 2241 1309 ille

657 1354 830 1407 adhuc
854 1353 1018 1407 visens
1041 1351 1188 1416 dixit,
1223 1349 1352 1404 Post
1379 1361 1478 1405 tres
1506 1351 1614 1404 dies
1643 1364 1924 1420 resurgam.
1953 1348 2018 1403 At
2059 1351 2104 1402 sl
2133 1347 2239 1401 itu-

665 1452 846 1512 postor
873 1451 1024 1509 erat,
1068 1450 1124 1498 et
1169 1427 1442 1496 mendacia
1489 1440 1750 1511 iactabat,
1798 1439 1923 1509 quid
1963 1440 2160 1494 timetis
2185 1447 2240 1494 et

659 1534 1097 1600 circumcurritis,
1144 1541 1395 1603 tantoque
1435 1530 1618 1587 studio
1659 1532 1908 1587 utimini!
1944 1525 2235 1597 Timemus,

663 1625 929 1696 inquiunt,
973 1639 1040 1680 ne
1066 1622 1310 1694 discipuli
1339 1621 1579 1679 furentur
1606 1637 1747 1687 eum,
1779 1630 1835 1677 et
1858 1621 2071 1694 plebem
2092 1620 2240 1699 deci-

661 1717 829 1787 piant.
862 1716 1018 1786 Atqui
1047 1714 1468 1769 demonstratum
1494 1721 1597 1781 est,
1625 1713 1726 1769 hoc
1753 1728 1859 1768 non
1884 1712 2075 1768 rationi
2102 1726 2235 1768 con-

662 1804 979 1862 sentaneum
1023 1819 1180 1870 esse;
1219 1813 1453 1859 attamen
1498 1804 1764 1874 nequitia,
1812 1803 2141 1859 contentiosa
2184 1811 2241 1857 et

659 1895 958 1966 impudens,
989 1894 1370 1950 irrationabilia
1397 1909 1605 1964 quoque
1639 1883 1961 1966 aggreditur.
2006 1893 2087 1948 Ad
2129 1901 2240 1949 tres

663 2003 830 2058 usque
857 1987 970 2042 dies
986 1986 1174 2056 jubeut
1192 1987 1382 2041 muniri
1403 1987 1726 2057 sepulcrum,
1743 1985 1891 2057 quasi
1913 1999 2009 2056 pro
2023 1984 2242 2055 dogma-

663 2079 805 2135 tibus
835 2089 1146 2149 pugnantes,
1173 2089 1231 2133 ut
1255 2078 1538 2148 probarent
1577 2080 1716 2134 inme
1733 2077 1960 2134 antehac
1983 2078 2235 2149 decepto-

665 2184 779 2224 rem
811 2169 993 2232 fuisse,
1021 2179 1076 2225 et
1104 2183 1271 2238 usque
1320 2168 1386 2223 ad
1434 2168 1732 2238 sepulcrum
1775 2169 2028 2224 malitiam
2054 2179 2242 2223 exten-

661 2259 817 2313 dunt.
849 2259 970 2314 ideo
995 2260 1103 2314 cito
1130 2259 1380 2324 surrexit,
1417 2274 1486 2314 ne
1519 2259 1776 2322 dicereut,
1824 2260 1996 2330 ipsum
2044 2258 2238 2314 menti-

664 2360 859 2406 tumet
890 2365 1081 2420 corpus
1120 2351 1386 2405 sublatum
1438 2349 1621 2412 fuisse.
1671 2349 1800 2404 Illud
1842 2349 1987 2406 enim
2027 2349 2237 2404 crimini

664 2456 771 2495 non
797 2451 912 2496 erat
936 2441 1246 2509 obnoxium,
1270 2443 1409 2510 quod
1435 2443 1542 2496 cito
1563 2442 1916 2522 sorresisset;
1944 2440 2087 2511 quod
2114 2455 2240 2522 vero

663 2533 888 2598 tardius,
916 2533 1217 2601 suspicione
1260 2533 1470 2603 plenum
1509 2541 1642 2587 erat.
1692 2518 1824 2588 Nam
1870 2534 1916 2588 si
1964 2542 2090 2588 tunc
2133 2518 2239 2588 non

665 2623 1064 2689 resurrexissct,
1111 2622 1239 2677 dum
1281 2623 1354 2678 illi
1395 2623 1643 2678 sederent
1679 2637 1744 2678 ac
1770 2622 2120 2691 custodirent,
2143 2623 2240 2678 sed

665 2711 795 2780 ipsis
851 2724 969 2781 post
1017 2724 1124 2768 tres
1174 2713 1290 2769 dies
1342 2713 1634 2783 digressis,
1679 2713 2046 2769 centradicere
2072 2755 2086 2777 ,
2139 2715 2238 2769 etsi

662 2805 844 2872 stulte,
876 2814 1136 2874 poterant.
1167 2803 1289 2858 ideo
1331 2805 1488 2874 igitur
1526 2804 1778 2874 praevenit
1803 2813 1859 2858 et
1885 2804 2115 2860 surrexit
2138 2845 2154 2866 ,
2183 2813 2240 2858 ut

663 2912 731 2951 ne
752 2894 1109 2967 impudentem
1139 2894 1213 2951 illi
1248 2908 1430 2948 ansam
1458 2893 1734 2949 baberent.
1766 2890 2056 2964 Oportebat
2093 2892 2236 2954 enim

664 2989 1111 3044 resurrectionem
1150 2987 1260 3044 ï¬‚eri
1281 3029 1296 3055 ,
1329 2985 1456 3056 ipsis
1485 2984 1793 3042 sedentibus
1815 2992 1872 3042 et
1897 2984 2241 3042 custodienti-

665 3078 781 3132 bus.
818 3078 978 3148 igitur
1023 3079 1158 3133 intra
1189 3087 1296 3132 tres
1331 3078 1447 3132 dies
1468 3078 1698 3148 oportuit
1731 3078 1874 3131 illum
1915 3091 2192 3146 resurgere
2221 3091 2236 3130 :

669 3186 798 3229 nam,
822 3172 869 3225 si
911 3180 1030 3239 post
1057 3171 1174 3225 illas
1205 3169 1322 3225 dies
1351 3169 1403 3224 id
1431 3170 1695 3224 evenisset
1721 3170 1823 3224 illis
1847 3168 2119 3238 digressis,
2145 3182 2239 3222 su-

667 3271 847 3334 specta
875 3278 964 3318 res
1003 3261 1207 3317 fuisset.
1238 3260 1360 3317 Ideo
1397 3275 1610 3332 quoque
1653 3261 1920 3331 obsignari
1953 3261 2238 3326 concessit,

669 3361 728 3406 ut
758 3351 858 3423 ipsi
890 3353 1153 3418 volebant,
1187 3361 1242 3408 et
1270 3351 1465 3407 milites
1489 3352 1814 3408 assidebam.
1838 3350 1950 3408 Nec
1983 3351 2244 3409 curabant

666 3441 808 3511 quod
841 3442 941 3498 hoc
983 3443 1035 3497 in
1066 3443 1285 3498 sabbato
1328 3442 1512 3508 lleret,
1560 3452 1614 3499 et
1662 3442 2010 3508 laboraretur,
2049 3445 2148 3502 sed
2175 3444 2244 3501 ad

669 3545 820 3585 suam
842 3532 1011 3584 solam
1038 3532 1351 3600 spectabant
1378 3532 1686 3603 nequitiam,
1729 3533 1894 3603 utqui
1922 3533 2022 3589 hac
2041 3534 2121 3588 via
2147 3549 2242 3589 su-

669 3621 903 3690 peraturi
933 3630 1146 3685 essent;
1173 3621 1312 3690 quod
1338 3631 1593 3678 extremae
1616 3630 1733 3677 erat
1759 3622 1980 3697 insania
2006 3633 2062 3679 et
2089 3626 2246 3679 timo-

670 3710 746 3764 ris
792 3710 935 3778 ipsos
980 3709 1322 3766 vehementer
1371 3713 1745 3768 concutientis.
1792 3712 1924 3769 Nam
1950 3715 2038 3784 qui
2093 3715 2240 3770 illum

669 3805 932 3856 virentem
953 3801 1433 3870 apprehenderat,
1464 3815 1728 3860 mortuum
1761 3805 1947 3862 timent
1977 3824 1991 3861 :
2021 3808 2166 3878 atqui
2195 3808 2241 3864 si

669 3908 835 3963 purus
861 3904 977 3948 erat
1001 3893 1183 3960 homo,
1215 3895 1395 3951 ï¬denti
1420 3895 1600 3953 animo
1625 3912 1746 3953 esse
1767 3898 2021 3968 oportuit.
2052 3899 2158 3956 Sed
2185 3909 2242 3955 ut

668 3983 994 4054 ediscerent,
1030 3985 1202 4056 ipsum
1239 3988 1502 4045 virentem
1539 3998 1731 4058 sponte
1755 4005 1969 4060 passum
2002 3991 2164 4048 fuisse
2189 3991 2243 4046 id

669 4077 810 4145 quod
840 4090 1026 4145 passus
1054 4087 1156 4142 est,
1179 4091 1305 4133 ecce
1329 4088 1382 4133 et
1410 4079 1641 4147 sigillum
1667 4089 1721 4133 et
1746 4079 1879 4148 lapis
1902 4090 1954 4135 et
1978 4080 2240 4145 custodia;

673 4182 846 4236 neque
887 4177 1062 4222 tamen
1108 4175 1374 4228 mortuum
1416 4169 1647 4223 retinere
1694 4179 1974 4238 potuerunt
2013 4171 2150 4226 :sed
2191 4170 2244 4226 id

675 4272 839 4311 unum
865 4243 1110 4324 cfllcitur,
1159 4258 1300 4327 quod
1344 4258 1611 4328 sepultura
1651 4258 1970 4330 poblicetur,
2019 4271 2075 4315 et
2122 4261 2246 4317 hinc

673 4348 993 4402 resurrectio
1036 4348 1298 4402 credatur.
1335 4347 1466 4402 Nam
1492 4358 1547 4404 et
1590 4349 1783 4403 milites
1827 4349 2150 4417 assidebant,
2189 4362 2246 4408 et

669 4434 838 4490 Judtui
877 4436 1220 4492 assistebant.
1250 4435 1400 4509 (Cap.
1430 4436 1544 4508 9.8.)
1576 4437 1627 4491 l.
1669 4435 1886 4505 Vespere
1912 4449 2087 4494 autent
2122 4445 2243 4496 sab-

672 4526 915 4588 batorum,
945 4542 1058 4595 qua
1081 4528 1282 4581 lucescit
1322 4529 1374 4580 in
1413 4544 1517 4580 una
1552 4528 1886 4592 sabbatorum,
1914 4529 2045 4583 venit
2072 4529 2244 4585 Matio

673 4615 978 4686 Hagdnleue
1017 4629 1062 4670 et
1101 4619 1257 4672 altera
1305 4617 1471 4672 Maria
1515 4619 1680 4673 videre
1720 4622 2021 4689 sepulcrum.
2074 4623 2128 4676 2.
2179 4623 2243 4678 Et

667 4724 782 4762 ecce
808 4719 952 4762 terra
976 4721 1137 4762 motus
1165 4713 1328 4780 factus
1370 4721 1442 4764 est
1471 4727 1699 4782 magnus.
1726 4712 1947 4783 Angelus
1979 4714 2110 4767 enim
2145 4715 2243 4769 Do-

670 4799 795 4852 mini
838 4798 1091 4853 descendit
1138 4799 1200 4853 de
1235 4801 1377 4866 ctrlo,
1404 4811 1452 4854 et
1488 4805 1726 4856 accedens
1776 4803 1980 4856 revolvit
2022 4806 2242 4873 lapidem

668 4891 734 4944 ab
755 4890 881 4944 ostio
904 4891 1230 4956 monumenti,
1260 4901 1306 4945 et
1334 4891 1535 4945 sedebat
1559 4909 1708 4961 super
1733 4909 1861 4945 eum.
1893 4894 1948 4949 3.
1985 4892 2110 4948 Erat
2146 4913 2242 4950 att-

667 4989 768 5035 tent
795 4990 1024 5046 aspectus
1049 4982 1160 5052 ejus
1181 4983 1310 5035 sicut
1337 4982 1539 5054 fulgur,
1568 4983 1910 5036 uestimentum
1939 4997 2101 5036 autem
2133 4986 2243 5056 ejus

666 5071 943 5126 candidum
968 5072 1093 5126 sicut
1123 5072 1231 5127 nix.
1260 5072 1385 5128 Post
1424 5075 1866 5129 resurrectionem
1912 5077 2049 5129 venit
2075 5091 2238 5147 auge-

663 5162 771 5232 lus.
797 5163 905 5220 Cur
930 5181 1056 5234 ergo
1079 5168 1243 5234 venit,
1264 5178 1314 5221 et
1339 5166 1564 5236 lapidem
1591 5162 1850 5223 abSlulit?
1882 5167 2102 5238 Prop'er
2123 5185 2242 5224 tnu-

667 5256 827 5310 liercs
856 5275 869 5310 :
897 5257 999 5316 illze
1025 5273 1165 5313 t-nun
1212 5261 1379 5328 ipsum
1412 5269 1538 5313 tunc
1580 5260 1825 5313 viderunt
1870 5259 1922 5312 in
1969 5261 2237 5329 sepulcro.

665 5345 733 5402 Ut
761 5363 888 5418 ergo
933 5351 1230 5417 crederent,
1275 5367 1395 5406 emn
1439 5352 1818 5425 resurrexisse,
1863 5352 2042 5409 vident
2065 5354 2243 5424 sepul-

661 5437 823 5494 crum
844 5454 1067 5510 corpore
1110 5456 1353 5497 vacuum.
1399 5442 1524 5497 Ideo
1567 5443 1780 5498 abstulit
1821 5445 2068 5514 lapidem,
2121 5446 2240 5502 ideo

664 5539 821 5592 terra:
852 5544 1026 5587 motus
1053 5533 1216 5589 fueltts
1245 5545 1346 5600 est,
1372 5546 1430 5591 ut
1450 5539 1805 5593 excitarentur
1834 5552 1884 5595 et
1906 5543 2240 5613 expergisce-

665 5634 801 5676 unt.
851 5623 1115 5678 \â€˜euerant
1151 5625 1314 5690 enim,
1360 5639 1415 5680 ut
1456 5643 1650 5698 corpus
1687 5629 1806 5685 oleo
1845 5643 2100 5702 ungerent
2132 5651 2145 5687 :
2178 5649 2242 5687 ac

661 5725 818 5772 ttat-ut
845 5713 941 5769 ista
987 5716 1202 5785 liebaal,
1251 5718 1643 5791 verisimileque
1672 5732 1783 5777 erat
1817 5725 2070 5792 quasdam
2097 5725 2239 5780 durâ€”

1363 333 1416 388 S.
1459 329 1735 387 .IO.\1\'NIS
1761 324 2235 385 CIIRYSOSTOMI
2275 322 2588 379 AllClllEP.
2627 319 3158 379 CONSTANTINOP.

3818 325 3922 383 Ï€Î¹

2351 435 2584 491 mirisse.
2616 433 2720 490 Sed
2749 449 2863 495 cur.
2896 435 3121 505 inquies,
3143 434 3364 506 angelus
3386 435 3514 492 dicit
3535 437 3637 502 eis,
3667 437 3720 493 5.
3752 436 3925 492 Nolite

2346 526 2520 581 timere
2541 526 2667 580 eos?
2693 525 2850 581 Prius
2875 535 3018 580 metu
3045 526 3162 581 illas
3191 526 3401 593 liberat,
3428 537 3481 584 et
3504 538 3628 584 tunc
3657 529 3725 584 de
3749 544 3926 584 resor-

2345 619 2584 674 rectione
2625 617 2876 688 loquitur.
2911 617 3042 673 lllud
3070 627 3267 684 autem,
3323 617 3444 686 Vos,
3472 620 3695 675 multum
3729 636 3840 690 pre
3868 635 3927 679 se

2325 707 2446 765 \fert
2485 709 2727 775 honoris,
2771 710 3111 780 ostenditque
3150 726 3284 775 eos,
3334 713 3423 782 qui
3471 721 3673 768 tantum
3721 713 3926 770 facinus

2341 809 2706 868 susceperant,
2735 808 2972 855 extrema
3003 816 3249 870 passuros
3273 817 3412 864 esse,
3437 805 3534 858 nisi
3558 804 3924 872 pamiteutiam

2342 902 2580 960 agerent.
2610 891 2725 947 Non
2751 890 2895 946 enim
2923 899 3156 947 vestrum
3195 902 3312 960 est,
3343 894 3532 962 inquit,
3564 896 3792 963 timete;
3828 896 3925 952 sed

2343 983 2555 1038 illorum
2581 982 2673 1051 qui
2714 985 2884 1054 ipsum
2925 983 3329 1040 crociliseront.
3365 984 3497 1041 Cum
3527 987 3687 1056 igitur
3730 988 3848 1044 illas
3871 998 3925 1044 et

2340 1091 2406 1129 ex
2435 1075 2612 1130 verbis
2639 1085 2691 1130 et
2724 1090 2792 1131 ex
2823 1077 2937 1130 visu
2964 1091 2995 1130 a
3022 1087 3166 1136 metu
3193 1075 3470 1132 liberasset
3495 1077 3746 1145 (hilarem
3776 1079 3923 1135 enim

2340 1166 2571 1233 speciem
2619 1165 2916 1228 olerebat,
2969 1176 3024 1219 Î¹Î¹Î¹
3076 1167 3164 1237 qui
3218 1173 3324 1221 tam
3371 1165 3538 1222 fausta
3586 1162 3924 1237 nuntiaret)â€™,

2341 1255 2613 1324 subiunxit
2639 1256 2846 1322 dicens,
2892 1256 3012 1311 Scio
3057 1256 3194 1329 quod
3218 1255 3396 1310 Jesunt
3435 1259 3519 1329 qui
3548 1260 3824 1327 cruciï¬xus
3853 1270 3926 1314 est

2340 1345 2585 1413 queritis,
2635 1359 2810 1416 neque
2834 1345 3102 1401 erubescit
3146 1347 3455 1402 cruciï¬xum
3510 1363 3703 1404 vocare
3751 1368 3767 1407 :
3820 1351 3926 1408 hoc

2341 1435 2482 1490 enim
2503 1443 2661 1504 caput
2682 1444 2764 1489 est
2789 1443 2842 1489 et
2867 1450 3072 1488 summa
3102 1434 3384 1491 bonorum.
3406 1437 3460 1490 6.
3489 1437 3740 1493 Surrexit.
3775 1439 3927 1495 Unde

2346 1522 2450 1579 ltoc
2476 1524 2693 1592 planum
2718 1525 2836 1578 est?
2863 1522 3010 1580 Sicut
3033 1525 3182 1579 dixit.
3215 1523 3398 1595 Itaque
3433 1527 3642 1582 etiamsi
3669 1528 3796 1582 mihi
3822 1530 3928 1584 dif-

2341 1612 2536 1679 lidatis,
2569 1613 2709 1666 illius
2737 1613 3018 1668 verborum
3065 1615 3451 1680 recordemiui,
3496 1626 3548 1672 et
3592 1619 3722 1672 mihi
3764 1618 3925 1673 lidrtn

2342 1720 2447 1759 non
2474 1705 2752 1774 negabitis.
2804 1705 3005 1762 Deinde
3027 1716 3110 1761 est
3148 1707 3249 1760 alia
3292 1706 3694 1764 demonstratio.
3755 1709 3927 1765 Venite

2341 1803 2388 1849 et
2415 1795 2572 1848 ridete
2600 1793 2767 1849 locum
2793 1795 2879 1849 ubi
2913 1796 3106 1866 positus
3127 1807 3254 1853 erat.
3289 1796 3410 1852 Ideo
3437 1798 3666 1869 lapidem
3703 1816 3926 1857 amove-

2342 1893 2443 1950 rat,
2477 1894 2533 1941 ot
2560 1886 2682 1942 hinc
2706 1887 2865 1942 etiam
2889 1900 3259 1957 argumentum
3280 1901 3573 1946 sumerent.
3601 1894 3653 1946 7.
3690 1893 3753 1946 Et
3774 1895 3928 1948 dicite

2341 1979 2605 2049 discipulis
2630 1996 2650 2033 :
2676 1978 2853 2045 Ipsum
2875 1981 3104 2035 videbitis
3128 1981 3181 2036 in
3208 1980 3438 2036 Galilâ€œ.
3467 1983 3520 2036 Î¹Î¹Î¹
3541 1984 3706 2038 eflicit
3731 1994 3789 2039 ut
3806 1987 3926 2040 a'iis

2340 2070 2499 2124 etiam
2523 2071 2890 2132 annuntietur,
2917 2069 3064 2140 quod
3088 2072 3254 2140 magis
3283 2072 3425 2140 ipsas
3458 2073 3523 2127 ad
3561 2073 3716 2129 [idem
3765 2076 3926 2131 indu-

2340 2159 2514 2215 cebat.
2548 2162 2624 2216 Ac
2651 2159 2870 2230 pulchre
2894 2160 3050 2227 dixit,
3071 2159 3140 2215 In
3167 2158 3412 2228 (inlitora,
3439 2179 3470 2217 a
3498 2166 3722 2234 negotiis
3752 2175 3805 2220 et
3831 2181 3928 2235 po-

2341 2249 2524 2304 ricolis
2561 2250 2810 2311 liberans.
2845 2257 2904 2304 ut
2929 2265 2994 2304 ne
3032 2261 3204 2306 metus
3249 2252 3407 2306 tidem
3451 2254 3702 2310 turbaret.
3755 2256 3810 2311 8.
3859 2255 3928 2310 Et

2341 2342 2567 2395 etiamst
2595 2342 2658 2396 de
2695 2352 3014 2397 tttonuntento
3035 2359 3146 2396 cum
3176 2344 3354 2398 timore
3387 2353 3433 2397 et
3475 2346 3661 2415 gaudio
3711 2345 3929 2414 Quare?

2342 2427 2666 2499 Stupeodam
2714 2448 2826 2487 rem
2875 2432 3117 2487 viderant
3169 2442 3226 2488 et
3275 2433 3589 2499 inauditam,
3617 2439 3927 2504 sepulcrum

2345 2536 2568 2576 vacuum
2599 2522 2652 2577 in
2686 2538 2793 2592 quo
2821 2524 2966 2593 prius
2993 2537 3188 2593 corpus
3213 2525 3441 2593 [unitum
3470 2523 3634 2581 fuisse
3660 2527 3924 2583 viderant.

2343 2611 2518 2679 Quare
2548 2613 2663 2666 illas
2687 2613 2751 2667 ad
2792 2614 3152 2682 spectaculum
3178 2614 3418 2680 adduxit,
3447 2627 3504 2670 ut
3540 2619 3816 2689 utriusque
3841 2630 3926 2674 Î¹Î¹Î¹-

2342 2713 2452 2770 stes
2477 2713 2675 2767 essent,
2691 2703 2993 2772 etâ€˜scpulcri
3015 2714 3068 2758 et
3096 2705 3523 2761 resurrectionis.
3549 2708 3755 2764 Etenim
3778 2713 3928 2770 costi-

2344 2793 2525 2847 tabant
2568 2794 2834 2848 nominent
2864 2784 3101 2864 potuisse
3130 2796 3278 2850 illtttn
3317 2799 3547 2862 auferre,
3577 2809 3655 2854 tot
3677 2803 3927 2857 assiden-

2344 2883 2485 2938 tiltns
2524 2884 2800 2949 militibus,
2843 2885 2943 2939 nisi
2990 2888 3103 2957 ipse
3145 2888 3377 2956 seipsum
3423 2893 3753 2946 sust-.itasset.
3801 2895 3928 2948 Ideo

2333 2977 2573 3052 gaudent
2609 2986 2665 3031 et
2697 2974 2997 3042 mirantur,
3028 2984 3083 3031 et
3121 2983 3285 3030 tanta:
3318 2977 3742 3045 perseverantia
3769 2993 3924 3035 mer-

2333 3068 2524 3126 cedem
2573 3067 2886 3138 accipiunt,
2935 3064 3086 3137 quod
3136 3066 3322 3138 prima
3368 3066 3613 3122 viderent
3655 3075 3711 3124 et
3759 3085 3925 3124 nunâ€”

2333 3158 2559 3224 tiarent,
2589 3170 2702 3213 non
2732 3155 2909 3213 solum
2943 3171 3066 3228 quae
3096 3155 3408 3223 audierant,
3444 3156 3542 3212 sed
3573 3165 3628 3214 et
3664 3173 3790 3228 qua
3833 3160 3924 3215 Ï„Î¹.

2334 3246 2549 3304 derant.

2411 3415 2466 3471 3.
2498 3414 2636 3470 Cum
2677 3415 2838 3485 igitur
2863 3415 3155 3471 exivissent
3200 3428 3324 3471 cum
3372 3415 3567 3472 liotore
3593 3425 3650 3472 et
3687 3419 3924 3489 gaudio,

2343 3506 2398 3564 9.
2429 3505 2500 3561 Et
2525 3522 2642 3562 ecce
2661 3505 2812 3562 Iesus
2835 3508 3056 3561 occurrit
3084 3506 3191 3562 illis
3210 3506 3382 3562 dicens
3407 3523 3428 3563 :
3459 3509 3629 3563 Aule.
3658 3508 3780 3566 llic
3805 3528 3927 3569 uero

2344 3612 2607 3658 (eumut
2630 3603 2780 3672 pedes
2823 3605 2935 3672 eius
2952 3645 2967 3670 ,
2995 3614 3051 3660 et
3076 3619 3199 3659 cum
3243 3605 3443 3676 ingenti
3473 3606 3653 3661 latitia
3678 3605 3746 3661 ad
3774 3608 3926 3663 illum

2341 3703 2684 3750 accurrentes
2703 3733 2719 3757 ,
2748 3708 2843 3764 per
2869 3703 3068 3749 tactum
3098 3697 3505 3752 resurrectionis
3531 3707 3736 3753 certum
3761 3715 3928 3770 argu-

2343 3792 2582 3840 mentum
2603 3796 2945 3855 acccperuut,
2977 3784 3043 3838 Et
3068 3785 3406 3841 adorassrnnt
3431 3804 3564 3842 eum.
3591 3788 3734 3859 Quid
3765 3789 3931 3862 igitur

2343 3875 2470 3930 ille?
2494 3875 2582 3931 lo.
2608 3873 2785 3930 Nolite
2811 3877 3005 3930 ttinere.
3059 3877 3258 3933 iiut-sus
3281 3887 3336 3933 et
3359 3877 3475 3948 ipse
3506 3881 3752 3937 timorem
3771 3899 3929 3938 amo-

2345 3973 2468 4032 vet,
2499 3964 2622 4022 fidei
2653 3966 2790 4020 viam
2821 3980 3038 4035 parans.
3088 3967 3194 4022 Sed
3218 3972 3315 4032 ite,
3347 3980 3394 4023 et
3424 3971 3652 4026 nuntiate
3680 3973 3932 4045 fratribus

2345 4057 2488 4123 meis,
2518 4066 2572 4110 ut
2591 4067 2705 4110 eant
2725 4057 2778 4111 in
2816 4056 3080 4112 (foliatam
3098 4068 3182 4113 :et
3205 4059 3274 4112 ibi
3302 4076 3380 4115 me
3406 4060 3658 4115 ridebunt.
3691 4063 3932 4135 Perpen-

2345 4144 2414 4200 de
2442 4147 2708 4216 quomodo
2737 4148 2851 4218 ipse
2877 4147 3061 4203 barum
3090 4164 3253 4219 opera
3295 4149 3567 4220 discipulis
3609 4156 3928 4221 annuntiet,

2347 4245 2403 4291 ut
2431 4253 2572 4309 smpe
2597 4238 2703 4292 disi
2722 4279 2738 4304 ,
2764 4254 2949 4293 sexum
2977 4239 3350 4296 inhonoratum
3389 4241 3455 4295 ad
3490 4243 3749 4300 honorem
3780 4255 3837 4301 et
3861 4246 3930 4301 ad

2349 4329 2542 4384 bimam
2589 4345 2738 4400 spem
2785 4345 3043 4385 revocans
3065 4374 3081 4397 ,
3109 4340 3166 4386 et
3200 4333 3342 4402 quod
3391 4331 3660 4388 iniit-mum
3688 4344 3809 4391 erat
3845 4351 3932 4392 sa-

2348 4436 2500 4474 nans.
2531 4421 2733 4489 Aliquis
2761 4422 2985 4477 fortasse
3010 4433 3248 4477 vestrum
3275 4434 3498 4493 cuperet
3541 4426 3830 4496 insignium
3861 4429 3934 4482 il-

2351 4511 2519 4565 latum
2570 4511 2736 4566 instar
2783 4513 3062 4568 mulierum
3114 4515 3276 4584 pedes
3311 4514 3440 4570 Jcsn
3491 4519 3730 4574 tenere!
3775 4519 3934 4575 Nunc

2347 4603 2506 4654 etiam
2540 4603 2794 4672 potestis,
2828 4605 2869 4658 si
2901 4611 2988 4675 qui
3019 4606 3181 4660 vultis
3204 4647 3216 4667 ,
3249 4622 3424 4677 neque
3465 4609 3627 4676 pedes
3653 4620 3709 4665 et
3737 4627 3938 4667 manus

2347 4706 2585 4755 lztttlttm,
2636 4692 2730 4746 sed
2757 4693 2916 4747 etiant
2947 4706 3102 4764 caput
3150 4696 3279 4750 illttd
3323 4711 3534 4752 sacrum
3577 4701 3934 4771 contingere,

2347 4782 2471 4834 dum
2501 4796 2628 4851 pura
2653 4783 2977 4836 conscientia
3008 4800 3279 4841 sacrorum
3301 4790 3679 4858 mysteriorum
3704 4769 3935 4847 consor-

2350 4883 2428 4926 tes
2454 4874 2603 4926 estis.
2634 4873 2814 4942 Neque
2863 4874 2948 4929 hic
2997 4883 3236 4943 tantum,
3282 4879 3374 4932 sed
3419 4880 3471 4934 itt
3523 4881 3610 4934 illa
3649 4881 3810 4935 etiam
3840 4883 3934 4939 die

2348 4965 2518 5032 ipsum
2541 4963 2786 5020 videbitis
2808 5005 2822 5030 ,
2854 4980 2975 5021 cum
3004 4967 3256 5023 ineffabili
3296 4969 3380 5023 illa
3412 4972 3580 5040 gloria
3608 4982 3804 5027 etcum
3834 4989 3935 5026 an-

2346 5057 2586 5128 gelorum
2618 5057 2954 5114 multitudine
2983 5061 3304 5123 venientem,
3331 5063 3376 5116 si
3409 5067 3788 5119 tttiscricurdes
3807 5081 3936 5122 esse

2347 5151 2621 5206 volueritis
2652 5167 2667 5203 :
2696 5161 2750 5207 et
2769 5152 2995 5207 audietis
3026 5168 3134 5207 non
3166 5152 3279 5208 inec
3307 5155 3465 5209 verba
3499 5166 3724 5224 tantum,
3758 5158 3932 5222 Ast-te,

2347 5245 2440 5298 sed
2472 5245 2629 5299 etiam
2656 5245 2740 5298 illa
2771 5261 2784 5298 :
2825 5244 2999 5300 Venite
3036 5247 3281 5302 benedicti
3317 5247 3488 5302 Putris
3517 5253 3635 5317 mei,
3680 5253 3937 5321 possidete

2347 5352 2554 5402 regnum
2576 5348 2809 5405 paratum
2826 5338 2963 5392 vobis
2983 5356 3015 5392 a
3040 5341 3394 5404 constitutione
3410 5340 3586 5395 mundi
3603 5342 3817 5414 (Matth.
3834 5344 3933 5399 95.

2339 5441 2455 5511 54).
2489 5439 2676 5511 Estote
2709 5440 2874 5513 igitur
2921 5441 3325 5504 misericordes,
3379 5453 3436 5496 ut
3491 5443 3605 5496 ltazc
3639 5444 3803 5499 verba
3829 5461 3937 5500 ao-

2339 5531 2522 5594 diatis,
2547 5548 2643 5587 vos
2674 5548 2895 5603 quoque
2924 5550 3060 5588 auro
3089 5543 3298 5587 ornata:
3332 5532 3610 5598 mulieres,
3659 5551 3786 5606 qua:
3824 5537 3928 5593 ba-

2340 5641 2462 5678 rum
2496 5625 2787 5678 mulierntn
2822 5640 3042 5679 cursum
3088 5624 3318 5691 vidistis,
3367 5641 3490 5682 sero
3526 5630 3747 5684 tandem
3781 5631 3936 5688 hunc

2346 5699 2593 5772 morbum
2624 5716 2977 5788 deponentes,
3010 5717 3126 5772 auri
3157 5734 3348 5791 nempe
3396 5721 3777 5792 cupiditatem.
3823 5720 3935 5780 Ita-
