4160 6330
232 434 330 488 7ὶὸ

223 565 336 616 que.
391 545 436 600 si
490 543 680 596 beatas
721 543 880 594 hasce
929 536 1182 591 mulieres
1239 531 1442 585 imitari
1492 527 1678 588 vultis,
1731 539 1823 576 or-

229 650 423 692 iatum
477 638 640 691 istum
696 633 952 696 vendite,
1019 639 1075 682 ut
1127 628 1471 695 t-Ieemosyua
1524 619 1822 676 oruemiui.

227 731 364 792 Qua:
399 727 643 785 utilitas,
689 737 911 793 quaeso,
977 736 1041 772 ex
1095 719 1176 768 his
1225 714 1493 783 lapidibus
1547 709 1822 780 pretirisis,

222 826 273 868 et
307 828 376 867 ex
402 811 638 865 Vestibus
667 824 798 863 auro
829 807 1086 861 intextis?
1117 806 1205 860 llis
1232 804 1456 876 gaudet,
1491 802 1701 872 inquies
1721 843 1734 864 ,
1763 811 1816 854 et

227 907 445 956 la-tatur
466 904 663 956 anima.
689 901 800 967 Ego
829 909 878 954 te
903 900 969 954 (Ic
1001 901 1147 952 lucro
1175 907 1229 951 et
1252 897 1476 950 utilitate
1506 896 1814 964 interrogo;

227 1006 283 1046 ιιι
343 993 470 1046 mihi
519 993 772 1047 damnum
817 1005 1019 1044 narras.
1074 989 1167 1043 Ilis
1195 988 1338 1041 enim
1383 1001 1601 1054 operam
1646 985 1835 1051 dare,.

225 1083 486 1150 gaudere,
517 1083 740 1147 lia-rere,
770 1081 899 1135 nihil
931 1080 1097 1149 pejus.
1123 1079 1272 1132 'l'auc
1296 1079 1540 1132 acerbior
1568 1075 1682 1130 bare
1705 1092 1816 1129 scr-

227 1171 372 1222 vitus
399 1179 480 1222 est
500 1207 515 1232 ,
547 1181 667 1220 cum
693 1167 810 1236 quis
840 1165 1078 1219 serviens
1124 1164 1353 1216 laetatur.
1385 1161 1480 1216 Cui
1529 1161 1671 1215 enim
1703 1159 1817 1226 spi-

229 1259 507 1314 ritualium
556 1274 775 1328 operum
823 1271 1072 1325 umquam
1122 1264 1176 1309 ut
1215 1255 1467 1308 convenit
1511 1250 1818 1306 incumbet?

227 1351 446 1419 quando
479 1351 602 1404 item
634 1349 860 1403 utdecet
890 1362 975 1401 res
1004 1345 1265 1399 humanas
1291 1344 1554 1400 deridebit
1579 1359 1698 1410 qua:
1725 1358 1820 1396 au-

227 1458 293 1496 ro
324 1442 512 1498 vinciri
561 1449 706 1510 putat
752 1453 872 1493 esse
913 1439 1108 1508 gaudio
1156 1435 1416 1505 dignum?
1467 1435 1596 1489 Nam
1626 1419 1713 1505 qlti
1766 1436 1818 1488 in

227 1549 452 1588 carcere
483 1534 672 1588 lubens
700 1532 897 1585 habitat
923 1572 939 1597 ,
988 1545 1276 1596 numquam
1307 1530 1433 1585 hinc
1472 1529 1602 1598 eripi
1633 1529 1774 1582 volet
1803 1544 1816 1579 :

225 1623 683 1692 quemadmodum
711 1634 764 1678 et
794 1623 935 1692 ipsa,
975 1621 1065 1676 sed
1089 1621 1238 1689 quasi
1270 1620 1480 1687 captiva
1513 1635 1691 1689 prava?
1723 1620 1820 1672 btt-

220 1717 380 1783 jusee
425 1717 764 1785 cupiditatis,
799 1729 970 1783 neque
996 1729 1180 1769 Vocem
1223 1714 1548 1783 spiritualem
1577 1729 1696 1767 cum
1737 1712 1820 1765 di-

225 1813 372 1863 centi
400 1811 591 1877 gaudio
614 1809 800 1864 audire
829 1809 1110 1863 sustinebit
1132 1852 1146 1870 .
1174 1807 1367 1862 nedum
1393 1822 1527 1875 opus
1547 1805 1824 1875 aggredia-

228 1913 336 1954 tur.
399 1901 550 1967 Quod
581 1917 710 1970 ergo
759 1901 964 1956 lucrum
1015 1916 1077 1954 ex
1115 1901 1215 1954 hoc
1259 1910 1480 1962 ornatu,
1527 1908 1581 1953 et
1625 1913 1690 1951 ex
1725 1897 1823 1951 hac

231 1993 500 2046 mollitie?
553 1992 828 2056 Delector,
863 1992 1050 2060 inquit.
1101 1992 1332 2044 Rursum
1367 1991 1492 2043 mihi
1526 2003 1822 2042 uocumen-

229 2093 346 2136 t::m
379 2097 561 2135 narras
589 2092 642 2136 et
691 2082 999 2150 perniciem.
1042 2081 1148 2136 Sed
1192 2083 1357 2134 multo
1390 2079 1535 2134 fruor
1577 2079 1781 2132 honore
1805 2118 1822 2144 ,

229 2175 402 2240 inquit
427 2214 439 2237 ,
475 2175 612 2242 apud
655 2181 1004 2241 spectatores.
1041 2172 1106 2226 Et
1141 2173 1265 2243 quid
1310 2173 1410 2227 hoc
1447 2175 1562 2226 est?
1593 2172 1824 2225 Alterius

226 2267 432 2319 scilicet
463 2267 824 2335 corruptionis
863 2276 1273 2336 angumentum,
1314 2281 1436 2320 cum
1486 2267 1538 2320 in
1590 2265 1782 2319 fastum
1807 2305 1822 2330 ,

226 2373 356 2406 (ιιιιι
389 2358 437 2407 ιιι
480 2358 843 2426 arrogantiam
884 2358 1166 2410 attollcris.
1213 2360 1324 2425 Age
1365 2359 1542 2428 igitur,
1575 2360 1823 2426 quoniam

230 2458 286 2497 In
324 2447 531 2499 lucrum
566 2462 669 2499 non
697 2447 905 2510 dixisti,
934 2448 1049 2500 sine
1070 2489 1084 2512 ,
1115 2463 1298 2515 qumso
1323 2488 1336 2509 ,
1368 2457 1685 2502 nocumenta
1728 2464 1826 2502 cx-

229 2555 430 2607 ponam
461 2540 571 2593 tibi.
623 2540 751 2606 Quae
782 2555 910 2609 ergo
960 2539 1083 2594 inde
1125 2541 1485 2594 nocumeuta?
1513 2541 1828 2596 Sollicitudo

230 2633 411 2699 major
438 2649 592 2699 quam
623 2633 886 2700 voluptas.
929 2630 1051 2688 Ideo
1089 2633 1326 2703 plerique
1352 2635 1703 2707 spectantium
1736 2649 1827 2686 ru-

228 2726 448 2778 di-irum
495 2726 662 2793 magis
692 2724 1054 2783 delectantur.
1085 2740 1242 2792 quam
1267 2739 1383 2793 quae
1415 2725 1511 2778 ista
1545 2732 1715 2793 gestat
1738 2739 1826 2778 or-

232 2826 510 2869 namenta.
534 2815 612 2868 Tu
637 2816 776 2868 enim
800 2831 919 2870 cum
951 2816 1307 2871 sollicitudine
1334 2817 1570 2878 ornaris;
1598 2816 1685 2870 ille
1712 2817 1830 2870 sine

229 2926 364 2962 cura
420 2910 583 2976 pascit
630 2910 833 2962 o:u'os.
882 2909 1035 2961 Aliud
1082 2911 1207 2963 item
1264 2909 1656 2962 ineouunodmn
1711 2918 1826 2974 est,

231 3002 381 3068 quod
435 3001 519 3053 illa
563 3002 742 3052 animo
771 3001 1050 3067 deiiciatur
1075 3044 1087 3065 ,
1118 3009 1171 3054 et
1219 3001 1470 3055 invidiam
1517 3001 1747 3069 undique
1777 3009 1830 3053 et

232 3095 434 3164 ubique
477 3104 701 3148 moveat.
742 3093 938 3147 Vicina:
966 3095 1108 3147 enim
1153 3094 1429 3148 concitata:
1475 3105 1658 3146 contra
1689 3093 1832 3146 virus

231 3205 367 3241 suos
397 3198 689 3249 armantur,
719 3200 765 3239 et
804 3187 936 3238 bella
969 3187 1144 3256 gravia
1168 3188 1420 3240 exeitant.
1453 3187 1528 3239 Ad
1563 3187 1676 3238 brec
1705 3201 1831 3237 vero

233 3281 408 3332 otium
443 3295 634 3342 omne,
682 3276 983 3333 Sollicitudo
1014 3279 1189 3330 omnis
1240 3278 1291 3330 in
1335 3279 1415 3330 his
1454 3277 1786 3331 consumitur
1812 3317 1825 3338 ,

232 3370 608 3437 spiritualibus
653 3369 906 3438 operibus
952 3383 1057 3423 non
1103 3369 1388 3424 admodum
1429 3385 1588 3438 opera
1639 3369 1828 3430 datur;

234 3462 571 3529 insuperque
603 3462 740 3514 fastu
765 3503 779 3526 ,
809 3460 1132 3529 arrogantia,
1165 3475 1297 3514 vana
1325 3461 1490 3531 gloria
1523 3459 1827 3530 hujusmodi

234 3551 436 3605 mulier
463 3551 728 3619 impletur,
761 3567 822 3606 ac
850 3562 1006 3606 terra:
1036 3560 1142 3606 tota
1171 3552 1427 3618 adiat-ret,
1459 3555 1596 3624 quod
1631 3569 1832 3621 pennas

233 3643 486 3702 amittat.
513 3653 565 3696 et
593 3657 688 3711 pro
717 3642 892 3711 aquila
938 3641 1029 3696 ﬁat
1057 3644 1206 3696 cauis
1229 3653 1281 3698 et
1312 3658 1524 3712 porcus.
1568 3643 1832 3698 Omittens

201 3737 391 3794 ,Euim
435 3734 484 3786 in
515 3734 704 3787 czelum
731 3735 971 3802 aspicere
1019 3743 1074 3788 et
1115 3736 1298 3789 volare
1320 3777 1334 3800 ,
1382 3735 1828 3802 queinadmmlum

238 3826 394 3896 porci
424 3826 643 3879 humum
695 3827 949 3894 respicis,
996 3827 1206 3881 metalla
1242 3827 1452 3881 curiose
1499 3828 1752 3881 scrutaris
1781 3836 1833 3880 et

234 3930 421 3978 antra,
454 3917 797 3986 animumque
828 3916 1041 3971 mollem
1073 3925 1127 3971 ct
1155 3917 1468 3972 illiberalem
1499 3917 1699 3971 reddis.
1724 3915 1828 3971 Sed

235 4011 294 4063 in
330 4007 449 4063 foro
477 4017 526 4062 te
556 4015 850 4072 ostentans,
883 4007 1119 4061 omnium
1149 4008 1331 4062 oculos
1363 4010 1412 4061 in
1443 4017 1491 4063 te
1520 4009 1832 4062 convertis?

238 4101 535 4167 l'iopterea
560 4114 747 4152 aurum
776 4107 985 4169 gestare
1011 4114 1115 4152 nun
1146 4099 1379 4167 oportuit
1404 4141 1419 4168 ,
1449 4114 1514 4153 ne
1543 4114 1828 4154 commune

236 4194 510 4244 theatrum
540 4191 732 4255 lieres,
764 4189 1099 4258 pluriumque
1125 4199 1488 4242 accusatorum
1520 4204 1611 4243 ora
1653 4191 1830 4258 aperi-

234 4298 351 4336 res.
387 4280 573 4334 Nullus
605 4282 746 4333 enim
780 4279 1176 4347 reSpicientium
1208 4289 1258 4334 te
1287 4281 1540 4345 miratur,
1578 4280 1672 4334 sed
1704 4281 1832 4334 irri-

233 4375 372 4427 dent
423 4381 478 4425 ut
528 4380 746 4425 ornatus
795 4371 1036 4436 avidam,
1087 4381 1428 4442 arrogantem
1461 4383 1514 4426 et
1560 4373 1829 4426 carnalem

233 4465 544 4520 mulierem.
579 4463 732 4530 Quod
777 4463 821 4517 si
872 4464 922 4517 in
967 4463 1248 4518 ecclesiam
1301 4464 1655 4533 ingrediaris,
1708 4466 1830 4520 inde

234 4556 517 4626 egrederis
548 4556 675 4609 nihil
708 4555 916 4626 adepta,
953 4558 1050 4610 nisi
1075 4567 1322 4610 sexcenta
1355 4558 1575 4612 dicteria
1599 4600 1612 4620 ,
1642 4561 1829 4613 convi-

233 4651 359 4712 cia,
417 4647 740 4714 maledicta,
788 4664 891 4702 non
940 4664 967 4701 a
1035 4649 1398 4716 Spectantibus
1447 4658 1684 4713 tantum,
1737 4651 1829 4705 sed

233 4743 402 4795 etiam
434 4757 461 4791 a
495 4740 748 4808 pi-Ophela
793 4740 920 4793 Nam
941 4743 1116 4793 statim
1161 4741 1245 4794 ille
1269 4742 1634 4794 vocalissimus
1672 4743 1831 4796 Isaias

237 4844 292 4886 lc
322 4833 658 4900 Conspiciens
687 4833 937 4886 clamabit
969 4851 981 4885 :
1019 4831 1141 4886 Ηωε
1184 4834 1304 4885 dicit
1347 4832 1593 4887 Dominus
1633 4834 1701 4886 ad
1733 4834 1829 4887 ilo-

233 4927 533 4988 minatrices
563 4926 696 4993 ﬁlias
728 4925 856 4979 Sion
885 4942 904 4978 :
933 4925 1033 4979 Pro
1060 4942 1116 4978 eo
1146 4926 1281 4996 quod
1310 4927 1690 4980 ambulaverunt
1718 4946 1828 4982 ere-

232 5028 318 5068 (ιο
345 5016 498 5078 collo,
529 5026 573 5069 et
617 5017 816 5069 nutibus
852 5016 1147 5082 oculorum,
1181 5028 1229 5072 et
1269 5035 1440 5088 gressu
1477 5019 1658 5088 pedum
1710 5033 1832 5072 tra-

227 5109 414 5159 Jxeutes
466 5107 682 5173 tunicas,
731 5117 777 5160 et
824 5108 1032 5174 pedibus
1079 5109 1229 5162 simul
1264 5110 1489 5164 ludentes
1537 5128 1553 5164 :
1594 5115 1829 5166 reuelabit

234 5197 494 5250 Ιδοιηὶηιω
543 5206 778 5250 ornatum
834 5198 1093 5266 ipsarum,
1146 5209 1192 5252 et
1241 5201 1331 5252 erit
1366 5218 1456 5268 pro
1484 5208 1626 5255 suavi
1676 5205 1830 5257 odore

234 5287 439 5355 pulvis,
475 5297 520 5339 et
549 5302 640 5355 pro
673 5302 798 5339 zona
827 5289 1052 5355 funiculo
1099 5290 1312 5359 cingeris
1341 5294 1353 5357 (
1387 5289 1510 5343 lsai.
1541 5294 1591 5346 5.
1624 5295 1706 5346 16.
1746 5297 1823 5346 l7.

229 5378 352 5442 ει).
394 5376 516 5431 ll:rc
544 5377 634 5430 tibi
665 5393 760 5445 pro
792 5389 980 5431 ornatu
1019 5389 1192 5433 erunt.
1240 5380 1419 5450 Neque
1446 5382 1586 5436 enim
1616 5384 1680 5435 ad
1709 5385 1823 5436 illas

234 5479 444 5520 tantum
499 5466 612 5521 ham
644 5467 784 5521 dieta
833 5479 990 5531 sunt,
1025 5469 1117 5522 sed
1162 5469 1224 5521 ad
1272 5472 1533 5538 quaslibet
1581 5475 1828 5525 mulieres

232 5562 355 5613 illas
389 5560 674 5613 imitantes.
706 5559 769 5612 Et
799 5571 911 5628 post
943 5563 1110 5629 ipsum
1138 5562 1327 5614 Paulus
1353 5574 1628 5616 accusator
1655 5579 1749 5618 s:at
1788 5568 1823 5626 ¹,

229 5651 556 5706 ἸἸιὶιιιυιΙιυο
588 5647 852 5719 scribens,
878 5663 933 5706 ut
966 5654 1278 5708 mulieribus
1306 5659 1594 5725 ιιιειιςινὶιιι,
1636 5656 1752 5710 Non
1777 5661 1826 5711 in

301 5808 319 5840 ¹
359 5808 406 5858 ln
432 5808 724 5859 Cominelin.
755 5817 805 5858 et
827 5809 990 5860 Morel.
1019 5810 1200 5873 legitur
1233 5827 1241 5859 :
1267 5820 1318 5862 tt
1345 5822 1444 5874 r03!
1470 5812 1625 5874 ipsam
1652 5817 1827 5866 Paulus

235 5867 411 5920 clamat
442 5879 489 5924 et
506 5879 762 5921 ai't'ttsator
786 5880 895 5922 stat.

1188 419 1250 472 IN
1293 410 1699 470 .\l.\TTIl.~EL'M
1745 408 1973 463 llt).\lil..
2021 407 2309 462 LXXXIX.
2353 407 2420 460 al.
2468 406 2574 462 XC.

3421 407 3526 459 786

1926 527 2071 578 tartis
2095 526 2332 586 crinibus,
2364 535 2449 576 aut
2478 539 2624 587 aura,
2656 532 2744 575 aut
2768 524 3056 593 margaritis
3077 565 3089 586 ,
3123 535 3210 576 aut
3238 525 3526 577 vestimento

1923 626 2220 687 sumptuoso
2249 632 2357 668 sese
2379 623 2622 668 exornent
2651 613 2668 684 (
2693 615 2745 668 1.
2775 611 2909 667 Tim.
2933 612 2984 666 2.
3011 613 3092 682 9).
3127 615 3306 683 Itaque
3335 631 3525 667 aurum

1923 718 2135 777 gestare
2175 707 2370 775 ubique
2419 707 2775 776 perniciosum
2819 718 2935 770 est;
2966 708 3202 762 maxime
3246 722 3378 762 vero
3402 722 3526 762 cum

1927 799 1976 850 in
1999 799 2279 850 ecclesiam
2311 797 2634 864 ingrederis,
2659 796 2872 864 quando
2896 810 2990 865 per
3017 812 3280 866 pauperes
3308 797 3523 852 transis.

1925 888 1966 942 N
1991 905 2057 942 .m
2086 889 2129 941 si
2164 888 2391 954 teipsuni
2423 887 2776 942 vehementer
2801 888 3074 940 criminari
3102 887 3348 941 studeres
3369 930 3383 949 ,
3417 904 3526 941 non

1925 981 2030 1034 alio
2082 980 2312 1034 utereris
2366 981 2687 1033 vestimento
2714 1020 2730 1046 ,
2775 995 2936 1050 quam
2985 979 3086 1033 hac
3116 978 3449 1033 crudelitatis
3476 989 3529 1033 et

1928 1074 2331 1127 iubtunanitalis
2371 1073 2538 1126 larva.

1997 1168 2048 1218 4.
2098 1166 2288 1217 Contra
2317 1166 2572 1216 inaurium
2599 1164 2799 1218 luxum.
2825 1193 2896 1203 —
2915 1162 3100 1232 Cogita
3131 1174 3260 1230 quot
3286 1163 3528 1216 esurien-

1926 1258 2126 1310 rientes
2155 1266 2366 1312 ventres
2394 1271 2514 1310 cum
2545 1254 2633 1308 tali
2663 1255 2845 1308 habitu
2877 1266 3196 1324 pra-terens,
3227 1264 3358 1324 quot
3390 1254 3528 1305 unda

1926 1364 2151 1416 corpora
2210 1363 2330 1401 cum
2382 1348 2622 1402 satanico
2680 1347 2986 1415 ΙΙιι]ιι›ιιι‹›‹Ιί
3046 1359 3258 1400 ornatu.
3319 1347 3532 1413 Quanto

1927 1442 2118 1495 melius
2167 1450 2311 1494 esset
2363 1441 2660 1495 esurientes
2691 1443 2898 1494 animas
2931 1441 3111 1498 a'ere.
3159 1455 3316 1506 quam
3369 1441 3529 1490 iniam

1931 1531 2228 1586 auriculam
2258 1531 2532 1598 perforare
2552 1573 2566 1596 ,
2600 1543 2650 1586 et
2683 1532 2752 1585 ibi
2785 1531 2926 1584 Ihillt!
2957 1547 3252 1599 pauperum
3278 1532 3528 1584 alimenta

1929 1621 2123 1676 frustra
2172 1621 2520 1690 suspendere.
2573 1621 2710 1674 Num
2765 1621 2856 1674 tibi
2906 1621 3168 1675 ditescere
3200 1622 3531 1690 gloriosum?

1930 1728 2054 1766 num
2107 1713 2196 1767 tibi
2249 1729 2436 1766 aurum
2487 1724 2699 1782 gestare
2731 1713 3035 1767 laudabile?
3067 1713 3289 1768 Etiamsi
3335 1716 3430 1766 ista
3465 1729 3530 1766 ex

1924 1807 2082 1875 iustis
2111 1807 2203 1860 tibi
2237 1816 2381 1875 parta
2411 1816 2590 1860 essent
2620 1805 2891 1860 laboribus
2911 1847 2924 1871 ,
2950 1805 3028 1859 sic
3052 1807 3218 1859 Etiam
3250 1819 3338 1859 res
3366 1810 3533 1858 maxi-

1930 1914 2018 1952 me
2049 1898 2314 1969 culpanda
2359 1911 2505 1954 esset
2539 1916 2552 1951 :
2585 1915 2705 1953 cum
2751 1909 2929 1952 autem
2961 1900 3156 1969 injuste
3188 1909 3337 1969 parta
3368 1911 3492 1952 sunt
3515 1941 3530 1963 ,

1929 1992 2102 2063 cogita
2129 2008 2287 2061 quam
2322 1993 2508 2062 ingens
2541 1993 2610 2046 sit
2654 1992 2940 2062 ﬂagitium.
2974 1994 3038 2046 At
3073 1991 3282 2046 laudem
3307 2007 3455 2045 ainas
3480 2003 3535 2045 et

1881 2153 1884 2156 Α
1930 2085 2196 2156 gloriam?
2225 2086 2363 2155 Ergo
2391 2085 2675 2140 ridiculum
2719 2084 2862 2138 hunc
2887 2085 3139 2138 amictum
3169 2099 3306 2138 exue
3331 2127 3346 2149 ,
3378 2094 3534 2136 tunc-

1930 2191 2035 2246 que
2061 2184 2114 2230 te
2137 2190 2329 2228 omnes
2358 2174 2696 2228 mirabuntur
2720 2216 2735 2241 ,
2767 2185 2894 2228 tunc
2933 2174 3102 2242 gloria
3130 2184 3184 2228 et
3212 2188 3341 2243 pura
3375 2173 3532 2226 volu-

1932 2276 2076 2334 ptate
2109 2266 2298 2320 frueris
2325 2283 2338 2318 :
2369 2273 2426 2318 ut
2469 2281 2611 2320 nunc
2637 2265 2877 2320 dicteriis
2901 2266 3143 2334 exposita
3173 2279 3234 2318 es
3256 2307 3270 2328 ,
3305 2265 3532 2317 multas-

1931 2371 2037 2422 que
2097 2355 2190 2411 tibi
2223 2356 2471 2409 moeroris
2503 2357 2818 2409 occasioiies
2847 2355 2970 2409 hinc
2999 2356 3276 2409 concilias.
3329 2357 3459 2410 Nam
3489 2357 3533 2409 si

1934 2446 2124 2500 borum
2151 2447 2422 2517 quidpiam
2455 2447 2736 2509 exciderit,
2770 2447 2942 2514 cogita
2972 2456 3168 2515 quanta
3201 2447 3323 2500 hinc
3348 2447 3532 2499 orian-

1939 2548 2023 2592 tur
2055 2538 2213 2601 mala,
2248 2546 2376 2608 quot
2400 2538 2610 2591 ancilla:
2642 2538 3011 2602 verbereiuur,
3047 2549 3172 2608 quot
3201 2538 3297 2591 viri
3327 2546 3536 2608 pertur-

1935 2631 2162 2696 bentur,
2194 2640 2326 2699 quot
2368 2630 2704 2684 abducantur
2727 2671 2741 2694 ,
2774 2641 2901 2698 quot
2934 2631 2983 2685 in
3015 2645 3235 2685 carcere
3269 2631 3533 2684 habitent.

1937 2723 2071 2778 llinc
2097 2723 2292 2794 judicia
2315 2763 2329 2786 ,
2361 2722 2599 2777 actiones
2627 2733 2680 2777 et
2711 2722 2858 2778 mille
2889 2723 3124 2794 undique.
3169 2723 3451 2778 maledicta
3485 2734 3538 2777 et

1935 2816 2176 2869 convicia
2223 2815 2377 2868 uxori
2429 2829 2457 2868 a
2501 2813 2619 2869 viro
2664 2829 2784 2877 suo,
2825 2815 2941 2869 viro
2987 2817 3055 2872 ab
3088 2816 3307 2880 amicis;
3342 2818 3538 2870 auium

1935 2920 2147 2974 quoque
2175 2919 2202 2957 a
2232 2906 2429 2972 seipsa.
2475 2904 2582 2959 Sed
2633 2904 2749 2960 ha‘c
2781 2919 2886 2959 non
2922 2907 3186 2975 peribunt.
3221 2909 3288 2960 At
3315 2923 3534 2961 servare

1938 3012 2043 3051 ιιοιι
2076 2997 2143 3050 ita
2178 2996 2332 3052 facile
2359 3007 2455 3052 est.
2488 2997 2711 3052 Etiamsi
2741 3007 2918 3053 autem
2949 3009 3211 3070 perpetuo
3232 3011 3535 3064 serventur,

1939 3088 2158 3142 multam
2194 3090 2434 3158 pra‘bent
2460 3090 2900 3156 sollicitudinem,
2933 3107 3141 3154 curam,
3194 3094 3492 3148 molestiam
3523 3138 3536 3156 ,

1939 3179 2070 3235 lucri
2106 3181 2256 3234 nihil.
2287 3180 2419 3248 Quis
2448 3181 2571 3234 inde
2602 3191 2890 3250 proventus
2919 3183 3142 3237 domui?
3170 3201 3289 3254 qum
3331 3185 3539 3238 utilitas

1937 3285 2001 3323 cx
2031 3279 2219 3323 ornatu
2245 3270 2493 3324 mulieri?
2515 3270 2667 3324 Nulla
2691 3283 2839 3326 certe
2862 3314 2877 3336 ,
2907 3272 2999 3326 sed
3025 3273 3258 3327 dedecus
3289 3291 3538 3345 magnum
3600 3293 3606 3299 '

1938 3375 1986 3414 et
2012 3362 2312 3416 criminatio
2341 3361 2592 3430 undique.
2619 3360 2902 3428 Quomodo
2925 3365 3125 3432 poteris
3153 3364 3348 3417 Christi
3379 3366 3541 3434 pedes

1941 3453 2169 3508 osculari
2217 3463 2270 3507 et
2319 3463 2502 3507 tenere
2534 3468 2654 3507 cum
2707 3454 2801 3508 tali
2849 3456 3082 3508 ornatu?
3112 3456 3264 3511 Hunc
3289 3470 3540 3513 ornatum

1939 3543 2029 3597 ille.
2055 3553 2354 3596 aversatur.
2404 3543 2635 3610 Ideoque
2688 3544 2738 3597 in
2795 3545 2926 3599 labri
2959 3547 3120 3602 domo
3165 3552 3310 3604 nasci
3339 3552 3540 3617 voluit;

1940 3635 2047 3691 imo
2078 3653 2204 3691 vero
2250 3653 2353 3693 non
2402 3639 2453 3692 in
2481 3639 2642 3694 domo
2673 3641 2758 3694 illa
2786 3681 2801 3704 ,
2835 3643 2926 3697 sed
2958 3643 3008 3696 in
3039 3645 3282 3715 tugurio,
3313 3647 3367 3701 in
3403 3664 3543 3717 prm-

1938 3731 2106 3796 sepio.
2137 3729 2235 3795 Qui
2283 3746 2412 3800 ergo
2438 3733 2638 3800 poteris
2687 3733 2835 3787 illum
2873 3735 3054 3792 videre
3081 3776 3097 3802 ,
3127 3753 3250 3792 cum
3304 3755 3409 3793 non
3443 3741 3540 3810 ipsi

1937 3830 2140 3886 gratam
2192 3817 2415 3874 formam
2449 3830 2504 3876 et
2533 3831 2815 3890 ornatum,
2865 3825 2957 3879 sed
3012 3827 3260 3882 odiosum
3296 3829 3542 3886 habeas?

1939 3908 2070 3964 Nam
2103 3913 2190 3980 qui
2227 3915 2372 3968 illum
2417 3915 2652 3980 adeunt,
2706 3933 2810 3970 non
2856 3920 3054 3972 talibus
3107 3921 3309 3977 debent
3357 3929 3537 3979 ornari

1937 4002 2306 4064 vestimentis.
2348 4005 2441 4059 sed
2493 4008 2686 4060 virtute
2739 4007 3001 4064 decorari.
3055 4012 3237 4082 COgita
3292 4017 3418 4084 quid
3471 4022 3539 4070 sit

1938 4107 2124 4146 aurum
2156 4093 2302 4149 illud.
2338 4095 2476 4149 Nihil
2510 4097 2609 4150 nisi
2646 4107 2783 4152 terra
2829 4110 2881 4152 et
2921 4102 3076 4155 ciuis.
3116 4102 3276 4172 lnjice
3307 4122 3536 4177 aquam,

1937 4193 1990 4236 et
2018 4183 2077 4236 lit
2106 4183 2294 4238 lutum.
2323 4186 2616 4242 Considera
2651 4199 2704 4243 et
2735 4192 3031 4257 erubesce,
3063 4195 3205 4262 quod
3241 4197 3408 4250 lutum
3441 4199 3539 4253 (ln-

1939 4279 2141 4332 minum
2171 4285 2316 4332 tuum
2345 4283 2668 4345 constituas,
2697 4294 2746 4336 et
2784 4284 2858 4355 (ai
2895 4283 3167 4357 [omnibus
3197 4292 3411 4345 omissis
3441 4291 3538 4359 ipsi

1939 4367 2190 4440 assides.]
2217 4371 2409 4439 ubique
2441 4373 2612 4440 ipsum
2639 4387 2819 4444 gestas
2849 4389 2900 4430 et
2928 4381 3260 4434 circumfers.
3286 4383 3348 4436 Et
3372 4400 3544 4452 quan-

1939 4459 2010 4513 do
2041 4461 2090 4513 in
2115 4461 2396 4516 ecclesiam
2427 4463 2596 4516 intras
2618 4508 2631 4527 ,
2668 4476 2776 4518 tum
2825 4471 3060 4526 maxime
3105 4473 3275 4541 ipsum
3301 4479 3538 4532 amoveri

1938 4553 2236 4619 oportebat.
2265 4550 2448 4622 Neque
2477 4557 2618 4632 enim
2661 4557 2783 4611 ideo
2814 4569 3016 4615 structa
3057 4561 3154 4615 fuit
3179 4566 3426 4626 eet-lesia,
3486 4581 3538 4622 ut

1939 4642 2006 4696 ibi
2043 4641 2137 4696 bas
2163 4644 2372 4698 divitias
2405 4657 2706 4703 ostentares
2731 4690 2744 4713 ,
2779 4651 2869 4703 sed
2901 4662 2955 4706 ut
2984 4655 3288 4722 spirituales
3328 4659 3543 4712 divitias

1938 4737 2242 4791 exhiberes.
2272 4737 2349 4791 Tu
2375 4755 2502 4794 vero
2529 4757 2630 4796 ceu
2665 4743 2714 4794 in
2748 4759 2994 4813 pompam
3024 4748 3350 4817 ingressura,
3383 4753 3458 4804 sic
3490 4767 3540 4806 te

1940 4827 2173 4897 undique
2211 4844 2374 4883 ornas
2395 4872 2408 4896 ,
2438 4834 2788 4902 scenicasque
2829 4836 3085 4891 mulieres
3115 4840 3340 4893 imitaris
3362 4884 3376 4902 ,
3408 4859 3528 4894 enin

1938 4930 2086 4974 tanto
2113 4932 2369 4991 apparatu
2393 4924 2645 4979 ridiculas
2676 4927 2769 4978 has
2797 4939 3010 4997 gestans
3035 4930 3243 4986 sordes.
3278 4933 3536 5002 Propter-

1935 5027 1996 5067 ea
2027 5013 2078 5067 in
2109 5015 2398 5069 multorum
2448 5017 2744 5087 ingrederis
2787 5021 3075 5088 perniciem
3106 5040 3119 5076 :
3150 5032 3206 5077 et
3240 5026 3413 5078 soluta
3447 5043 3536 5081 ee-

1936 5107 2116 5162 elesize
2144 5109 2367 5164 collec:a
2387 5152 2401 5172 ,
2433 5111 2486 5164 in
2531 5110 2812 5178 domibus,
2844 5114 2909 5167 ad
2938 5130 3178 5171 mensam
3204 5117 3317 5172 hrec
3344 5121 3535 5174 multas

1937 5209 2218 5254 narrantes
2249 5201 2455 5256 audias.
2508 5203 2600 5257 His
2639 5220 2834 5274 nempe
2883 5207 3061 5260 missis
3089 5209 3266 5263 verbis
3292 5251 3306 5272 ,
3339 5210 3450 5264 Iloc
3488 5218 3540 5265 et

1938 5292 2039 5346 hoc
2067 5291 2202 5346 dixit
2233 5296 2490 5364 propheta
2518 5338 2531 5359 ,
2560 5296 2661 5350 hoc
2689 5299 2962 5366 apostolus
2981 5341 2995 5364 ,
3023 5299 3090 5353 de
3112 5303 3343 5355 vestium
3373 5303 3500 5357 luxu
3527 5347 3540 5366 ,

1938 5383 2004 5437 de
2031 5384 2399 5454 magnitudine
2426 5401 2757 5456 gemmarum
2785 5433 2796 5455 ,
2833 5389 2900 5444 de
2929 5392 3140 5462 aliaque
3174 5391 3333 5448 simili
3376 5405 3446 5447 tui
3468 5400 3532 5464 pi-

1939 5474 2123 5529 tudine
2172 5477 2332 5531 verba
2385 5478 2604 5532 faciunt.
2656 5480 2780 5536 lla'c
2832 5499 2962 5548 vos,
3021 5501 3229 5542 necnon
3279 5489 3540 5557 (‘Oltjttgi‘s

1938 5576 2184 5631 vestros,
2241 5567 2306 5620 ad
2337 5570 2732 5640 eleemosyuam
2784 5576 3107 5644 erogandam
3156 5578 3370 5633 inutiles
3418 5585 3538 5633 red.

1937 5657 2085 5712 dunt.
2119 5658 2302 5729 Neque
2330 5660 2486 5715 facile
2515 5665 2776 5733 quispiam
2807 5683 2874 5722 ex
2917 5671 3016 5723 hoc
3044 5684 3179 5725 auro
3221 5674 3344 5741 quid
3398 5675 3537 5728 αἰπει-

1999 5813 2070 5874 (ti)
2105 5817 2437 5925 Qum\ttttcilviis
2465 5819 2772 5883 clauduntur,
2801 5838 2894 5872 non
2922 5824 3152 5888 leguntur
3174 5830 3221 5878 in
3248 5829 3531 5881 Comuwlm.

1940 5890 2101 5925 ncuttz'
2139 5891 2185 5925 ι.ι
2246 5893 2345 5925 .ore
2371 5913 2383 5925 .

1975 5891 2101 5936 υῳιτι
2139 5891 2185 5926 ta
2227 5891 2383 5927 ‘tore‘t.
