4160 6330
710 545 831 606 gat,
875 541 932 586 ut
980 532 1300 588 esurientem
1344 530 1469 608 alat.
1520 528 1656 584 Cum
1702 531 1843 584 enim
1890 530 2000 598 ipsa
2027 528 2257 583 malisin

708 624 943 694 angustia
994 637 1145 687 esse,
1197 638 1351 690 quam
1406 622 1516 678 luco
1568 620 1729 675 fracta
1779 619 1957 674 videre
2003 618 2272 688 quomodo

707 718 868 768 alihm
897 729 962 770 ex
991 714 1071 766 his
1097 713 1247 768 alas?
1273 711 1402 767 Nam
1432 710 1610 765 multm
1633 726 1758 782 erga
1786 712 1881 765 ista
1913 710 2127 780 perinde
2149 717 2274 764 sunt

706 804 908 857 amicta:
927 844 942 866 ,
969 813 1126 870 atque
1149 817 1274 871 erga
1317 817 1404 856 res
1447 804 1734 864 animatas,
1788 815 1884 853 nec
1913 801 2088 854 minus
2115 815 2270 868 quam

705 907 831 959 erga
879 891 1126 946 infantes.
1171 893 1380 960 Apage,
1411 890 1614 944 dicetis.
1649 889 1759 944 Hoc
1789 890 1942 958 igitur
1971 891 2268 954 ostendite,

707 995 800 1047 per
825 994 986 1049 opera
1011 981 1349 1049 comprobato
1379 996 1393 1032 :
1425 993 1562 1033 nunc
1587 993 1712 1032 vero
1743 979 2066 1034 contrarium
2097 981 2269 1032 video.

710 1068 888 1138 Ecqua
917 1071 1058 1123 enim
1090 1085 1153 1124 ex
1196 1071 1260 1122 iis
1284 1085 1400 1137 qua:
1430 1068 1532 1123 hoc
1572 1068 1758 1122 morbo
1786 1069 2067 1123 admodum
2120 1069 2270 1122 labo-

707 1170 828 1214 rant
847 1200 864 1226 ,
899 1160 978 1215 his
1001 1159 1238 1214 conﬂatis
1267 1162 1379 1213 auri
1407 1163 1728 1215 ornamentis
1755 1201 1769 1224 ,
1793 1175 2012 1229 puerum
2040 1177 2067 1212 a
2100 1171 2270 1216 morte

709 1251 944 1320 eripuit?
987 1250 1184 1319 Ecquid
1230 1251 1350 1305 dico
1396 1251 1802 1320 pucrum?quis
1847 1252 2071 1303 animam
2117 1266 2266 1303 suam

708 1351 1012 1411 pereuntem
1059 1344 1180 1396 hinc
1223 1342 1487 1397 redemit?
1528 1342 1721 1395 Contra
1751 1356 1878 1395 vero
1926 1342 2073 1394 multi
2123 1343 2266 1396 illam

703 1431 936 1499 quotidie
963 1431 1060 1484 hac
1085 1431 1152 1485 de
1180 1445 1338 1484 causa
1369 1431 1620 1484 vendunt.
1649 1431 1716 1484 Et
1739 1431 1781 1484 si
1810 1431 2105 1499 corporalis
2130 1430 2268 1483 adsit

702 1521 979 1588 agritudo,
1001 1520 1127 1573 nihil
1152 1534 1256 1573 non
1281 1528 1473 1588 agunt;
1499 1521 1541 1572 si
1565 1535 1689 1574 vero
1712 1519 1942 1573 animam
1963 1528 2264 1588 corruptam

706 1611 965 1676 viderint,
998 1610 1125 1664 nihil
1168 1612 1339 1666 simile
1376 1611 1603 1676 faciunt,
1628 1611 1794 1666 sedet
1820 1611 2048 1664 ﬁliorum
2097 1625 2267 1679 nepo-

706 1709 917 1768 tumque
937 1702 1188 1765 animam,
1207 1711 1260 1754 et
1284 1715 1430 1754 suam
1458 1703 1758 1771 negligunt;
1780 1713 1834 1754 ut
1859 1701 1969 1754 hzrc
1995 1708 2262 1766 maneant,

705 1793 1048 1863 rubigiueque
1078 1802 1315 1862 pereant.
1347 1793 1413 1846 Et
1441 1803 1500 1850 ut
1521 1793 1736 1862 quidem
1767 1792 1909 1846 tltlllc
1943 1792 2263 1845 talentorum

702 1897 860 1936 aurea
880 1884 1252 1951 circumponis,
1277 1881 1400 1936 dum
1421 1881 1614 1937 Christi
1646 1882 1940 1937 membrum
1965 1896 2031 1935 ne
2052 1881 2263 1949 quidem

701 1973 997 2024 tte-cessaris
1052 1972 1238 2025 fruitur
1279 1985 1420 2025 esca.
1454 1970 1556 2025 Sed
1603 1971 1691 2025 ille
1718 1971 1928 2039 quidem
1966 1971 2265 2024 communis

698 2063 930 2114 omnium
955 2062 1204 2114 Dominus
1225 2103 1239 2126 ,
1266 2071 1320 2114 et
1345 2061 1595 2115 culorum
1617 2071 1671 2114 et
1694 2061 1982 2113 cazleslium
2009 2060 2262 2126 spiritua-

700 2150 801 2206 lem
835 2165 1069 2205 mensam
1095 2152 1342 2204 omnibus
1367 2167 1430 2205 ex
1461 2166 1614 2220 :eqno
1643 2152 1892 2219 apponit;
1927 2160 1981 2204 tu
2012 2166 2138 2204 vero
2162 2166 2261 2205 nec

1424 419 1480 475 S.
1519 417 1790 475 JOANNIS
1827 416 2293 474 CllRYSOSTOlll
2333 417 2642 474 ARClllEP.
2681 419 3204 482 CONSTANTINOP.

3845 428 3946 487 788

2367 532 2701 599 pereuntium
2725 549 2901 588 rerum
2924 548 3226 591 consortem
3255 537 3410 604 facis,
3434 549 3492 594 ut
3522 539 3669 597 hisce
3695 545 3942 614 gravilm

2377 623 2577 675 catenis
2595 623 2878 678 constricta
2906 640 3141 680 mani-as.
3167 627 3298 682 llinc
3325 630 3465 684 mala
3491 632 3765 688 innumera
3823 637 3941 691 hinc

2377 711 2650 782 zelotypim
2669 753 2685 778 ,
2721 714 2842 768 hinc
2871 718 3103 771 virorum
3130 720 3387 775 adulteria
3407 763 3424 787 ,
3451 725 3660 790 quando
3687 727 3805 781 illos
3839 743 3940 783 non

2375 800 2440 854 ad
2471 803 2942 872 philosophandum
2985 809 3237 874 incitatis,
3259 812 3352 865 sed
3380 813 3499 868 illos
3527 815 3727 869 docetis
3759 817 3826 870 iis
3852 818 3942 872 de-

2378 891 2558 946 lectari
2583 894 2775 963 quibus
2801 899 3111 953 meretrices
3154 911 3498 955 esurnantur.
3553 903 3676 958 Ideo
3721 906 3797 960 illi
3839 909 3942 962 cito

2373 985 2673 1051 capiuntur.
2704 985 2757 1039 Si
2788 989 2928 1040 enim
2975 989 3122 1043 illum
3165 991 3235 1044 ita
3274 993 3594 1050 instituisses
3625 1007 3678 1049 ut
3709 998 3823 1052 hac
3846 999 3943 1052 dc-

2372 1072 2637 1139 spiceret,
2683 1084 2737 1128 et
2780 1075 2847 1131 de
2877 1079 3122 1134 castitate
3169 1083 3460 1150 gauderet,
3491 1085 3557 1140 de
3605 1089 3833 1155 pietate,
3875 1090 3944 1147 de

2376 1161 2670 1220 lmmilitate
2695 1208 2708 1229 ,
2738 1184 2841 1222 non
2874 1168 3027 1225 facile
3055 1187 3083 1225 a
3113 1173 3473 1230 fornicationis
3493 1182 3721 1247 appetitu
3751 1191 3939 1250 captas

2371 1253 2573 1310 fuisset.
2607 1258 2718 1312 lloc
2742 1261 2881 1314 enim
2909 1271 2962 1316 et
2991 1264 3176 1332 majori
3229 1267 3387 1320 modo
3413 1272 3592 1323 ornari
3623 1281 3797 1340 potest
3826 1289 3942 1328 me-

2371 1346 2570 1409 retrix;
2618 1347 2721 1402 illis
2749 1365 2875 1405 vero
2904 1367 3006 1407 non
3038 1354 3180 1409 item.
3229 1355 3403 1424 Ipsum
3450 1360 3625 1430 itaque
3668 1379 3731 1416 eo
3773 1364 3941 1419 la-tari

2373 1447 2564 1491 ornatu
2594 1441 2936 1506 assuefacito,
2964 1461 3122 1514 quem
3166 1462 3269 1501 non
3313 1460 3487 1519 potest
3526 1453 3665 1520 apud
3697 1458 3943 1510 meretri-

2370 1542 2485 1580 cem
2517 1530 2712 1585 videre.
2739 1532 3016 1598 Quomodo
3041 1547 3216 1591 autem
3241 1540 3384 1592 illum
3409 1542 3460 1595 in
3491 1542 3626 1599 hanc
3648 1558 3941 1602 consueta-

2369 1617 2547 1673 dinem
2579 1620 2842 1677 inducesl
2869 1624 2923 1678 Si
2951 1625 3090 1680 hunc
3119 1628 3403 1683 abstuleris
3423 1673 3439 1696 ,
3484 1631 3629 1686 illum
3672 1636 3932 1695 induaris.

2369 1707 2458 1764 Sic
2484 1720 2537 1765 et
2568 1713 2650 1766 vir
2681 1713 2732 1767 in
2755 1719 3059 1780 securitate,
3094 1728 3148 1772 lu
3180 1721 3230 1773 in
3261 1721 3460 1777 honore
3496 1742 3510 1777 :
3537 1739 3600 1778 ac
3629 1726 3763 1780 Dens
3788 1729 3938 1783 vobis

2373 1801 2628 1870 propitius
2656 1805 2757 1857 erit
2783 1847 2798 1870 ,
2825 1815 2874 1860 et
2905 1806 3148 1864 homines
3169 1825 3355 1866 omnes
3379 1829 3473 1866 vos
3501 1815 3939 1884 admirabuntur,

2370 1903 2432 1942 ac
2478 1889 2652 1945 futura
2697 1893 2830 1947 bona
2860 1901 3294 1967 consequemioi,
3336 1906 3501 1974 gratia
3533 1916 3587 1959 et
3617 1907 3941 1979 benignitate

2373 1978 2575 2033 Domini
2624 1984 2788 2035 nostri
2835 1984 2958 2038 Jesn
2987 1985 3219 2052 Christi,
3250 1992 3334 2045 cui
3367 1978 3937 2068 gloriaetimperium,

2368 2068 2420 2122 in
2446 2071 2639 2124 srccula
2668 2073 3006 2130 seculorum.
3041 2079 3234 2136 Amen.

1911 2353 2252 2415 HOMILIA
2295 2353 2430 2415 XC.
2474 2356 2558 2416 al.
2604 2357 2764 2429 XCI.

707 2492 837 2549 CAP.
885 2496 972 2552 28.
1022 2513 1075 2551 v.
1131 2499 1217 2553 Η.
1275 2498 1373 2563 Qui
1419 2515 1530 2552 cum
1585 2499 1858 2563 abiisscnt,
1908 2513 2020 2551 ecce
2062 2497 2266 2566 quidam

775 2591 840 2644 de
875 2588 1161 2642 custodibus
1211 2590 1454 2643 uenientes
1499 2590 1550 2641 in
1596 2590 1861 2652 civitatem,
1914 2590 2265 2641 nuntiaverunt

769 2678 1075 2746 principibus
1098 2678 1412 2731 sacerdotum
1437 2679 1604 2730 omnia
1627 2693 1738 2741 ante
1757 2679 1894 2746 facta
1919 2682 2139 2746 fuerant.
2174 2676 2261 2730 12.

771 2765 840 2819 Et
867 2769 1149 2838 congregati
1176 2786 1288 2822 cum
1317 2769 1613 2832 senioribus,
1657 2768 1866 2821 consilio
1903 2768 2060 2829 inito,
2110 2783 2262 2834 pecu-

771 2858 908 2910 niam
937 2859 1143 2910 multam
1164 2858 1402 2911 dcdcrunt
1431 2859 1688 2922 militibus,
1741 2858 1828 2913 i3.
1877 2858 2094 2911 dicentes
2129 2873 2147 2910 :
2169 2857 2264 2909 Di-

773 2947 869 2999 citc
890 2947 1024 3017 quod
1053 2947 1282 3016 discipuli
1307 2951 1414 3014 ejus
1437 2958 1577 3000 nocte
1605 2958 1860 3011 tenerum,
1889 2958 1933 3001 et
1963 2949 2118 3019 furati
2144 2956 2261 3002 sunt

767 3051 902 3099 cum,
947 3035 1088 3089 nobis
1136 3037 1514 3088 dormientibus.
1563 3037 1648 3089 N.
1681 3035 1744 3089 Et
1768 3039 1811 3090 si
1842 3038 1934 3090 hoc
1959 3038 2197 3090 audiatur
2229 3053 2261 3091 a

771 3126 999 3186 praeside.
1027 3142 1117 3180 nos
1153 3126 1473 3181 suadebimus
1499 3128 1566 3192 ei,
1617 3136 1662 3179 ct
1698 3143 1781 3182 vos
1807 3136 1936 3182 tutos
1961 3130 2220 3199 faciemus.

767 3258 816 3311 1.
865 3258 1082 3324 Propter
1111 3256 1208 3311 hos
1239 3260 1433 3312 milites
1461 3267 1615 3313 terrae
1644 3271 1819 3314 monis
1848 3260 1936 3315 ille
1957 3260 2124 3317 factus
2153 3271 2255 3327 est,

696 3347 766 3399 ita
791 3358 845 3400 ut
887 3347 1342 3415 obstupescercnt,
1391 3358 1446 3402 et
1483 3350 1550 3401 ab
1589 3349 1714 3418 ipsis
1746 3351 2101 3406 testimonium
2133 3369 2259 3422 pro.

699 3435 964 3500 ferretur;
997 3439 1136 3505 quod
1164 3439 1320 3491 etiam
1353 3439 1546 3493 evenit.
1580 3439 1667 3494 Sic
1705 3443 1845 3494 enim
1873 3444 2073 3511 prolata
2103 3461 2131 3499 a
2163 3461 2257 3499 cu-

695 3525 933 3579 stodibus-
965 3526 1098 3580 fatua
1145 3540 1384 3596 suspecta
1415 3544 1518 3583 non
1555 3529 1670 3583 fuit.
1718 3529 1877 3601 Signa
1923 3536 2116 3604 quippe
2158 3537 2257 3591 alia

696 3616 1016 3683 generaliter
1045 3632 1136 3686 per
1164 3618 1369 3684 orbem,
1418 3619 1515 3673 alia
1547 3621 1785 3688 privatim
1815 3622 1882 3676 ibi
1913 3626 2258 3692 pra-sentibus

696 3708 829 3760 facta
857 3718 980 3762 sunt
1011 3724 1022 3759 :
1054 3708 1168 3760 orbi
1195 3709 1406 3770 quidem
1438 3710 1530 3763 toti
1557 3712 1825 3776 tenebrae;
1876 3715 2117 3782 privatim
2165 3732 2258 3770 auv

695 3807 802 3850 tem
834 3798 1002 3865 angeli
1035 3798 1186 3863 visio,
1213 3810 1264 3851 et
1290 3807 1448 3854 terra:
1488 3811 1681 3856 motus.
1713 3803 1843 3869 Quia
1901 3805 2057 3873 igitur
2099 3822 2257 3862 vene-

694 3896 817 3938 runt
848 3897 900 3939 et
927 3887 1012 3939 illa
1059 3889 1364 3942 nuntiarunt
1407 3889 1427 3958 (
1449 3891 1641 3945 veritas
1673 3893 1816 3945 enim
1847 3893 1912 3948 ab
1940 3895 2256 3952 adversariis

697 3976 982 4045 prardicata
1028 3977 1392 4047 resplendet),
1437 3995 1616 4034 rursus
1656 3985 1930 4050 pecuniam
1974 3987 2250 4053 dedi-runt,

693 4077 750 4118 ut
795 4065 1025 4121 dicerent
1051 4067 1337 4136 discipulos
1364 4070 1478 4136 ejus
1507 4073 1732 4134 venisse,
1764 4074 2037 4145 ipsumque
2061 4077 2258 4133 furatos

693 4172 832 4210 esse.
879 4157 1153 4234 Quomodo
1197 4157 1350 4212 furati
1392 4172 1533 4222 sunt,
1578 4176 1611 4215 ο
1654 4166 1886 4217 omnium
1919 4167 2257 4223 stultissimi?

693 4245 826 4300 Nam
856 4247 992 4314 quod
1023 4248 1212 4302 verilas
1239 4249 1305 4302 ita
1335 4249 1524 4318 fulgeat
1542 4251 1938 4324 splendeatque,
1959 4271 2023 4311 ne
2045 4261 2253 4327 quidem

693 4337 891 4406 [lingere
940 4348 1156 4406 [mssnnt
1186 4340 1223 4391 ¹.
1276 4341 1478 4394 Etenim
1528 4343 1652 4397 illud
1694 4362 1911 4412 prorsus
1950 4352 2254 4408 incredibile

691 4439 828 4493 erat,
856 4437 910 4482 et
946 4429 1284 4494 improbabile
1309 4432 1523 4486 omnino
1553 4435 1905 4490 mendacium.
1939 4440 2215 4506 Quomodo
2234 4485 2250 4511 ,

690 4533 890 4587 quaeso,
925 4517 1074 4570 furati
1098 4530 1216 4572 sunt
1246 4520 1506 4589 discipuli,
1536 4521 1776 4580 homines
1806 4543 2060 4596 pauperes
2083 4546 2139 4586 et
2168 4551 2256 4587 ru-

691 4606 808 4670 des,
849 4607 933 4674 qni
966 4621 1030 4660 ue
1060 4607 1108 4659 in
1136 4617 1474 4676 conspectum
1513 4613 1722 4679 quidem
1751 4618 1931 4671 venire
1951 4620 2254 4676 audebant?

692 4703 881 4752 Annon
910 4698 1138 4767 sigillum
1170 4709 1282 4752 erat
1306 4703 1601 4769 appositum
1625 4704 1648 4756 τ
1674 4720 1848 4761 annon
1889 4718 1967 4766 tot
2005 4714 2254 4768 custodes

689 4789 1010 4853 assidebam,
1056 4798 1108 4842 et
1135 4791 1347 4853 milites,
1388 4801 1439 4844 et
1487 4792 1698 4848 Judzei?
1735 4812 1910 4853 annon
1938 4802 2016 4854 illi
2042 4805 2142 4859 hoc
2165 4821 2253 4858 su-

688 4880 1047 4947 Spicabantur,
1085 4887 1137 4932 et
1162 4879 1369 4933 solliciti
1400 4883 1681 4950 vigilabant
1705 4891 2095 4961 curabantquel
2147 4894 2254 4952 Cur

687 4980 864 5023 autem
894 4970 1047 5023 furati
1079 4971 1240 5024 sunt?
1286 4988 1352 5025 an
1383 4981 1437 5026 ut
1467 4982 1865 5035 resurrectionis
1895 4983 2082 5052 dogma
2118 5003 2250 5042 con-

689 5063 980 5130 tingerent?
1012 5062 1072 5116 Et
1099 5065 1362 5132 quomodo
1390 5066 1490 5120 illis
1519 5069 1568 5120 in
1602 5081 1830 5126 mentem
1862 5075 2095 5131 venisset
2130 5081 2248 5135 talia

687 5153 1008 5221 coniungere,
1041 5153 1358 5217 hominibus,
1400 5159 1592 5225 quibus
1624 5161 1747 5215 illud
1780 5165 1950 5219 solum
1979 5167 2028 5220 in
2057 5173 2247 5237 aptatis

691 5249 821 5303 erat,
851 5252 906 5294 ιιι
925 5247 1114 5297 occulti
1132 5247 1362 5301 viverent
1383 5248 1405 5299 ἲ
1427 5252 1691 5316 quomodo
1712 5255 1936 5323 lapidem
1967 5259 2108 5314 illum
2133 5280 2232 5317 mu-

691 5332 858 5384 nitum
891 5334 1204 5388 amovissent
1229 5338 1292 5389 ’ἲ
1335 5341 1603 5407 quomodo
1638 5355 1738 5396 tam
1772 5348 1948 5401 llllllllS
1975 5356 2246 5420 pra'senti—

690 5420 788 5474 bus
834 5421 1145 5478 latuissent?
1193 5428 1348 5497 Atqui
1392 5431 1596 5486 etiamsi
1639 5447 1859 5492 mortem
1900 5454 2146 5514 eontemp
2177 5447 2245 5501 is-

750 5575 787 5656 :
802 5574 1250 5656 iiIi-Eta‘gotnhmelin.
1284 5588 1334 5632 et
1349 5585 1517 5656 ‘ttorel.
1548 5585 1807 5648 legendum
1834 5601 1992 5656 esset,
2020 5598 2067 5647 in
2108 5613 2241 5650 erro-

687 5646 787 5702 rem
811 5637 1036 5688 inducere
1058 5653 1149 5690 non
1172 5652 1374 5702 possunt.

686 5698 937 5808 ἕως,
961 5698 1191 5761 quomodo
1233 5703 1599 5767 lapidcni........
1645 5715 1946 5777 althl-‘i.\8(’1l!,
1983 5719 2158 5770 desiuit
2192 5725 2238 5782 in

725 5802 730 5806 ι
817 5777 878 5808 Ill.

725 5777 878 5810 SUf'lllo

2371 2504 2509 2562 sent,
2558 2514 2844 2570 numquam
2885 2505 2935 2558 id
2968 2515 3167 2564 temere
3192 2520 3245 2566 et
3270 2511 3462 2568 frustra
3490 2521 3738 2572 tentatnri
3767 2531 3940 2590 erant,

2367 2599 2488 2640 cum
2519 2597 2593 2642 tot
2621 2602 2799 2646 essent
2826 2599 3092 2652 custodes.
3143 2600 3292 2669 Quod
3324 2617 3498 2659 autem
3530 2609 3696 2664 timidi
3738 2624 3938 2679 essent,

2367 2689 2483 2743 quze
2511 2679 2656 2746 prius
2681 2680 2814 2735 facta
2839 2694 2962 2739 sunt
2984 2687 3342 2748 declarabant.
3359 2695 3488 2750 Cum
3518 2703 3661 2754 enim
3680 2703 3826 2756 illum
3853 2719 3942 2758 cn-

2367 2775 2512 2835 ptum
2543 2770 2820 2839 vidissent,
2861 2777 3178 2848 aufugerunt
3204 2799 3410 2841 omnes.
3456 2791 3510 2844 Si
3539 2807 3667 2862 ergo
3696 2805 3820 2851 tuine
3850 2799 3940 2854 illo

2367 2858 2542 2914 adhuc
2579 2862 2788 2921 vivente
2828 2882 2894 2922 ne
2931 2880 3073 2927 stare
3112 2875 3324 2942 quidem
3349 2881 3461 2933 ausi
3493 2893 3639 2949 sunt,
3669 2887 3939 2954 quomodo

2364 2963 2484 3020 post
2523 2966 2747 3012 mortem
2787 2960 2899 3029 ejus
2943 2972 3140 3020 tantam
3186 2970 3408 3026 militum
3451 2984 3676 3032 turmam
3722 2996 3827 3035 non
3876 2984 3940 3037 ti-

2363 3044 2665 3101 muisscnt?
2701 3049 2835 3104 Num
2869 3053 3025 3120 jauua
3057 3065 3258 3113 tantum
3287 3066 3570 3120 evertenda
3601 3072 3762 3125 erat?
3811 3091 3937 3128 num

2366 3133 2446 3186 vel
2470 3150 2606 3189 unus
2631 3137 2793 3193 latere
2816 3145 3053 3210 poterat?
3074 3145 3232 3215 Lapis
3253 3161 3367 3206 erat
3394 3170 3612 3225 magnus
3639 3164 3937 3230 appositus,

2362 3225 2444 3277 cui
2471 3229 2766 3283 amovenda
2796 3233 2978 3287 multis
3005 3247 3119 3291 erat
3158 3254 3292 3309 opus
3333 3247 3592 3320 manibus.
3638 3225 3767 3306 Jure
3803 3225 3940 3325 ergo

2362 3316 2609 3372 dicebant
2640 3339 2653 3374 :
2688 3320 2752 3374 Et
2773 3325 2864 3377 erit
2884 3328 3180 3386 novissimus
3199 3350 3340 3388 error
3360 3316 3509 3407 pejor
3531 3342 3698 3406 priore
3718 3316 3935 3415 (.lfntt‘b.

2363 3404 2451 3458 27.
2485 3408 2605 3478 6t);
2656 3423 2837 3505 contra
2875 3430 2935 3470 se
2981 3419 3123 3488 ipsos
3165 3422 3264 3479 hoc
3308 3404 3737 3500 pronuntiantes,
3789 3439 3938 3505 quod

2366 3505 2482 3562 post
2511 3507 2712 3554 tantum
2758 3501 3009 3567 furorem,
3055 3524 3174 3563 cum
3214 3517 3526 3584 resipiscere
3567 3501 3936 3594 oportuisset,

2365 3587 2538 3651 priora
2571 3605 2821 3659 superare
2850 3609 3171 3655 conarentur
3197 3618 3268 3657 ex
3296 3607 3528 3662 ridiculis
3564 3611 3669 3665 illis
3709 3615 3938 3684 ligurem

2363 3677 2461 3741 tis;
2494 3688 2548 3732 et
2591 3683 2678 3749 qui
2708 3684 2928 3740 vivent?s
2956 3693 3268 3760 sanguinem
3295 3709 3553 3764 emerant,
3601 3677 3850 3762 cruriiixi
3884 3721 3941 3764 et

2360 3779 2538 3833 postea
2567 3778 2887 3844 resurgentis
2919 3783 3135 3847 pecunia
3165 3793 3606 3847 resurrectionem
3629 3797 3937 3857 subducere

2363 3861 2651 3916 tentabant.
2689 3865 2767 3921 Tu
2795 3884 2921 3924 vero
2945 3873 3305 3933 animadverte
3333 3883 3600 3949 quomodo
3627 3890 3792 3957 gestis
3814 3893 3940 3947 suis

2360 3952 2554 4020 ubique
2577 3958 2867 4023 capiantur.
2891 3962 2945 4018 Si
2971 3966 3109 4020 enim
3139 3967 3360 4024 Pilatum
3394 3990 3497 4029 non
3519 3952 3791 4047 adiissent,
3829 3999 3939 4041 nec

2363 4045 2654 4143 custodiam
2687 4051 2984 4122 petiisscnt,
3029 4055 3236 4114 facilius
3267 4065 3560 4132 potuissent
3606 4070 3719 4126 hac
3750 4045 3938 4143 impn-

2361 4129 2548 4187 denter
2586 4151 2890 4198 asseverare
2923 4161 2936 4197 :
2966 4163 3105 4204 nunc
3149 4167 3275 4207 vero
3316 4170 3420 4210 non
3467 4158 3612 4214 item.
3663 4163 3790 4219 Nam
3827 4129 3937 4224 'sic

2361 4223 2535 4276 omnia
2569 4225 2824 4296 fecerunt,
2873 4249 2934 4289 ac
2963 4239 3006 4291 si
3034 4241 3325 4298 voluissent
3365 4247 3464 4302 sibi
3508 4265 3601 4304 ora
3642 4268 3935 4314 cons-uere.

2361 4310 2414 4364 Si
2444 4317 2582 4367 enim
2612 4315 2852 4389 discipuli
2878 4326 3090 4394 vigilare
3111 4346 3228 4386 cum
3257 4335 3467 4390 Christo
3492 4355 3596 4394 non
3623 4310 3934 4414 potuerant,

2307 4455 2321 4472 ,
2357 4407 2514 4498 etiam
2558 4409 2650 4498 illo
2697 4414 2745 4467 id
2795 4420 3168 4488 exprobrante,
3208 4431 3476 4495 quomodo
3513 4407 3761 4494 hoe-ausi
3792 4407 3938 4498 tuis;

2357 4496 2512 4549 sent?
2538 4497 2645 4552 Cur
2662 4513 2837 4558 autem
2863 4507 2988 4562 illud
3013 4527 3116 4566 non
3149 4515 3292 4583 prius
3312 4516 3465 4574 furati
3488 4535 3631 4589 sunt,
3655 4528 3746 4582 sed
3777 4496 3935 4599 post-

2356 4598 2511 4652 quam
2562 4603 2653 4642 vos
2693 4598 3075 4652 accesseratis?
3123 4601 3178 4657 Si
3219 4605 3358 4660 enim
3405 4610 3534 4664 illud
3576 4614 3752 4673 facere
3779 4598 3934 4679 vole-

2356 4673 2512 4740 bant,
2559 4695 2677 4733 cum
2719 4686 2951 4740 nondum
3000 4695 3355 4751 custodiretur
3394 4703 3729 4775 sepulcrum,
3777 4711 3824 4764 id
3875 4716 3931 4771 in

2355 4769 2520 4870 prima
2552 4781 2705 4826 nocte
2745 4773 3013 4844 fecissent,
3050 4797 3169 4838 cum
3209 4785 3260 4840 id
3307 4797 3418 4843 tuto
3443 4769 3498 4847 et
3525 4796 3641 4852 sine
3676 4769 3924 4870 periculo

2356 4856 2466 4912 ﬁeri
2500 4872 2697 4929 posset.
2747 4865 2878 4920 Nam
2923 4871 3144 4928 sabbato
3187 4881 3502 4940 accedentes
3547 4856 3930 4952 custodiam;

2357 4948 2520 5004 Pilato
2553 4954 2811 5020 petierunt
2843 4968 2897 5014 et
2942 4965 3208 5022 custodire
3251 4985 3525 5040 cmperunt
3556 4996 3570 5031 :
3605 4982 3771 5050 prima
3795 4948 3934 5044 vero

2353 5052 2508 5097 nocte
2535 5061 2689 5101 nemo
2719 5051 2936 5107 istorum
2963 5060 3210 5126 sepulcro
3236 5064 3438 5123 aderat.

2420 5133 2621 5239 2..St'd
2667 5141 2792 5208 quid
2835 5145 2932 5198 sibi
2980 5148 3160 5204 volunt
3210 5155 3421 5211 sudaria
3464 5176 3581 5229 qua:
3609 5179 3674 5219 ex
3704 5171 3932 5239 myrrha

2349 5227 2704 5296 eonglutiuata
2737 5237 2928 5290 erant?
2957 5238 3082 5294 Ha-c
3110 5243 3251 5298 enim
3272 5227 3501 5315 jaceulia
3544 5253 3730 5313 Petrus
3760 5227 3930 5321 'vidit:

2349 5314 2479 5370 Nam
2507 5319 2552 5372 si
2581 5319 2742 5377 furari
2774 5326 3084 5395 voluissent,
3132 5348 3237 5387 non
3278 5314 3478 5394 nudum
3520 5357 3717 5413 corpus
3765 5314 3930 5410 nisi}

2348 5423 2526 5465 essent
2552 5430 2564 5476 ;
2611 5430 2714 5471 non
2756 5420 2914 5474 modo
2943 5437 3008 5475 ne
3036 5423 3085 5477 id
3113 5439 3231 5481 esse
3257 5434 3577 5489 contumelia
3610 5439 3884 5501 videretur
3905 5487 3928 5515 ,

2347 5504 2439 5557 sed
2476 5511 2632 5559 etiam
2679 5524 2766 5572 ne,
2807 5513 2932 5566 dum
2961 5529 3236 5583 exuerent,
3270 5537 3454 5580 moras
3483 5530 3773 5600 traherent,
3816 5504 3924 5592 da;

2348 5604 2568 5664 rcntque
2597 5595 2768 5652 locum
2807 5601 2911 5656 illis
2940 5609 3256 5678 exsurgendi
3279 5653 3293 5674 ,
3320 5629 3484 5685 seque
3514 5595 3927 5689 deprehenden-

2343 5684 2434 5746 di;
2467 5701 2585 5740 cum
2617 5692 2843 5748 maxime
2883 5697 3094 5766 myrrha
3133 5710 3292 5767 esset,
3341 5684 3561 5775 glutinis
3584 5684 3755 5769 instar
3793 5734 3923 5774 cor-

2344 5779 2456 5845 pori
2503 5787 2554 5832 et
2603 5783 2929 5841 vestimentis
2962 5787 3199 5858 hrcrens;
3245 5809 3566 5862 quapropter
3613 5821 3716 5860 non
3755 5806 3920 5868 facile
