4160 6330
201 421 307 477 ἶΞῦ

199 544 321 589 erat
342 532 663 586 vestimenta
693 546 723 584 a
757 542 984 597 corpore
1024 526 1276 591 avellere,
1318 524 1413 581 sed
1440 523 1607 578 multo
1632 520 1698 576 ad
1727 522 1779 575 id

200 636 443 692 tempore
488 635 626 692 opus
667 630 818 677 erat:
867 620 936 673 ita
969 627 1026 671 ut
1061 616 1144 671 vel
1176 615 1299 669 hinc
1329 615 1526 668 furtum
1550 609 1682 671 illud
1712 611 1783 665 sit

196 713 533 771 incredibile.
584 716 665 767 An
718 726 845 765 vero
892 708 1168 764 Judaicum
1206 706 1440 760 furorem
1485 718 1590 758 non
1617 715 1781 756 nove-

195 814 342 871 rant,
384 806 475 874 qui
507 804 560 859 in
592 818 650 857 se
672 799 1063 857 convertendus
1104 797 1260 854 erat?
1302 796 1437 864 Quid
1464 809 1627 866 porro
1656 794 1778 848 hinc

194 898 334 953 lucri
362 896 490 962 illis,
519 896 564 950 si
594 910 699 949 non
731 891 1149 949 resurrexisset?
1204 889 1328 944 Hzec
1374 897 1553 943 autem
1597 885 1773 940 omnia

189 1004 323 1044 cum
368 1003 429 1043 se
471 987 689 1042 tinxisse
713 986 813 1041 sibi
838 985 1038 1039 conscii
1063 992 1277 1048 essent,
1327 981 1606 1051 pecuniam
1646 978 1775 1032 dant

190 1089 248 1132 et
272 1078 454 1132 dicunt
482 1094 495 1129 :
532 1076 656 1130 limo
697 1091 793 1130 vos
816 1074 998 1137 dicite,
1029 1083 1085 1128 et
1114 1086 1212 1127 nos
1243 1071 1451 1142 praesidi
1482 1069 1773 1141 persuade-

190 1168 390 1222 bimus.
418 1165 571 1221 Hunc
598 1166 739 1221 enim
768 1178 1039 1219 rumorem
1069 1162 1246 1233 spargi
1270 1161 1543 1224 volebant,
1576 1159 1773 1213 frustra

188 1266 386 1310 contra
414 1257 690 1311 veritatem
716 1255 1077 1319 decertantes,
1107 1268 1171 1307 ac
1196 1268 1292 1323 per
1316 1267 1379 1308 ea
1404 1252 1597 1322 quibus
1626 1250 1770 1305 illam

184 1347 485 1402 obscurare
528 1346 856 1416 satagebant,
907 1344 1321 1414 splendidiorem
1347 1342 1429 1397 vel
1457 1342 1606 1396 inviti
1642 1334 1771 1396 red-

182 1435 403 1491 dentes.
452 1436 585 1492 Nam
635 1436 736 1491 hoc
774 1437 1223 1491 resurrectionem
1270 1433 1583 1499 continuat,
1625 1433 1768 1504 quod

186 1526 373 1583 dicant
417 1527 705 1597 discipulos
748 1526 895 1582 illum
945 1526 1145 1581 furatos
1206 1541 1328 1581 esse
1379 1542 1393 1579 :
1449 1525 1771 1580 conllteutnr

181 1618 335 1673 enim
379 1631 573 1689 corpus
619 1626 744 1672 tunc
782 1616 854 1671 ibi
897 1632 1001 1671 non
1029 1615 1212 1671 fuisse.
1238 1615 1371 1669 Cum
1396 1624 1573 1670 autem
1603 1611 1768 1669 conli-

183 1717 404 1763 teantur
430 1722 625 1777 corpus
666 1708 739 1763 ibi
786 1723 893 1764 non
936 1706 1117 1769 fuisSe.
1162 1706 1465 1775 furtumque
1493 1703 1683 1759 falsum
1712 1711 1769 1759 et

181 1798 501 1854 incredibile
539 1797 810 1853 declarent
852 1798 1077 1853 militum
1125 1796 1426 1866 praesentia,
1472 1794 1760 1865 signacula,

176 1888 674 1958 discipulorumque
700 1888 973 1953 timiditas,
998 1886 1234 1942 indubito
1265 1886 1388 1942 hinc
1416 1886 1765 1942 resurrectio-

180 1979 265 2033 uis
312 1978 702 2034 demonstratio
745 1983 969 2032 eruitur.
1020 1981 1267 2033 Attamen
1307 1975 1646 2045 impudentes
1684 1974 1762 2030 illi

177 2069 270 2133 qui
301 2068 436 2122 nihil
464 2082 570 2122 non
598 2067 880 2132 audebant,
913 2068 1037 2122 licet
1064 2078 1143 2121 tot
1170 2078 1419 2137 tantaque
1446 2079 1625 2121 essent
1644 2080 1763 2136 quae

176 2160 301 2213 illos
316 2160 688 2215 obmutescere
701 2167 979 2233 cogerent,
994 2157 1174 2225 Dicite,
1194 2158 1360 2221 aiunt,
1380 2168 1428 2211 et
1449 2173 1540 2212 nos
1555 2155 1761 2226 persua-

174 2251 431 2316 delzimus,
460 2268 520 2305 ac
559 2268 645 2305 vos
673 2267 875 2306 securos
904 2251 1191 2304 reddemus.
1221 2250 1406 2305 \‘iden‘
1432 2265 1614 2305 omne.c
1640 2264 1759 2303 cor-

171 2341 408 2411 ruptos?
443 2341 669 2397 Pilatum
684 2341 873 2437 ripae
905 2340 1047 2396 enim
1079 2340 1485 2410 obtemperavit.
1532 2338 1760 2437 Milites?

173 2433 433 2501 pupulum
458 2429 744 2487 Judaicuni
756 2433 780 2486 ἲ
817 2431 922 2488 Sed
953 2447 1020 2487 ne
1046 2432 1256 2485 mireris
1281 2431 1326 2485 si
1353 2430 1592 2500 pecuniae
1616 2429 1757 2484 mili-

172 2530 257 2575 tes
302 2522 631 2592 subegerint.
679 2520 811 2576 Nam
860 2522 905 2576 si
956 2531 1153 2576 tantam
1194 2521 1248 2575 in
1290 2520 1606 2590 discipulum
1648 2520 1756 2574 vim

170 2611 494 2677 habuerunt,
537 2614 706 2668 multo
746 2614 913 2683 magis
952 2613 1092 2683 apud
1142 2612 1276 2667 illos.
1334 2610 1398 2664 Et
1440 2611 1757 2682 divulgatum

167 2716 269 2773 est,
300 2706 489 2776 inquit,
521 2706 724 2761 verbum
752 2706 1019 2772 hocusque
1043 2705 1095 2758 in
1124 2714 1418 2776 prasetttem
1438 2705 1571 2757 diem
1593 2706 1632 2756 ί.
1661 2706 1753 2760 Vi-

170 2796 299 2851 dcn’
353 2811 563 2851 rursum
608 2795 992 2865 discipulorum
1043 2796 1432 2851 veracitatem?
1482 2794 1753 2865 quomodo

168 2903 278 2942 non
306 2888 625 2943 erubescant
651 2886 854 2951 dicere,
895 2886 1029 2942 hanc
1054 2899 1239 2942 contra
1275 2887 1395 2942 illos
1424 2885 1621 2940 famam
1649 2886 1752 2941 ob-

167 2980 443 3035 tinuisse?
482 2979 594 3036 ιϐ..
622 2978 871 3034 Undecim
917 2989 1083 3033 autem
1130 2979 1367 3048 discipuli
1415 2980 1649 3033 abierunt
1696 2978 1750 3031 in

166 3069 444 3125 Galilaeam
465 3087 485 3136 ;
532 3070 619 3125 l7.
668 3080 715 3123 et
747 3070 843 3139 alii
879 3070 1085 3139 quidem
1124 3068 1479 3134 adoraveruttt,
1511 3068 1602 3122 alii
1636 3084 1750 3121 cum

164 3164 338 3231 ipsum
365 3162 623 3228 vidissent,
653 3160 1023 3215 dubitaverunt.
1067 3160 1164 3216 llic
1206 3160 1337 3215 mihi
1368 3170 1637 3229 postremo
1668 3158 1755 3216 vi-.

161 3253 328 3308 detur
353 3254 500 3307 visus
523 3267 646 3307 esse
688 3252 739 3306 in
767 3250 1005 3315 Galilaea,
1049 3250 1262 3320 quando
1308 3252 1424 3304 illos
1471 3250 1649 3304 emisit
1693 3259 1749 3303 ut

160 3347 521 3415 baptizareut.
549 3344 704 3413 Quod
728 3344 771 3398 si
800 3344 1014 3415 quidam
1045 3343 1423 3408 dubitaverint,
1464 3342 1586 3397 hinc
1618 3358 1749 3413 quo-

158 3450 269 3507 que
296 3436 509 3490 illorum
541 3434 885 3490 veracitatem
916 3434 1127 3497 mirare,
1172 3432 1438 3502 quomodo
1466 3446 1657 3501 nempe
1678 3434 1745 3487 ad

161 3529 409 3581 ultimam
438 3540 606 3596 usque
634 3526 775 3592 diem
806 3523 1145 3579 inﬁrmitates
1166 3538 1291 3578 suas
1320 3538 1425 3577 non
1452 3526 1739 3579 occultent.

158 3621 417 3672 Attamen
464 3632 530 3670 ex
573 3616 712 3670 illius
748 3624 1041 3683 conspectu
1082 3614 1387 3670 conﬁrmati
1432 3626 1574 3668 sunt.
1604 3615 1744 3683 Quid

155 3723 290 3777 ergo
318 3707 440 3760 illos
468 3706 805 3775 cuttSpicieus
840 3705 1013 3759 dixit?
1044 3703 1129 3757 18.
1164 3703 1300 3766 Data
1326 3715 1396 3757 est
1426 3705 1553 3758 mihi
1582 3707 1745 3760 omnis

154 3808 388 3869 potestas
430 3798 482 3850 in
510 3797 636 3851 aulo
661 3807 711 3850 et
739 3797 792 3849 in
822 3806 975 3850 terra.
1005 3796 1204 3850 liursus
1230 3796 1463 3851 humano
1488 3811 1639 3852 more
1666 3796 1744 3849 ln-

155 3893 346 3961 qnitur
371 3890 475 3943 illis
500 3908 515 3954 ;
549 3890 787 3943 nondum
817 3889 962 3944 enim
990 3899 1306 3959 acceperant
1334 3891 1588 3960 Spiritum
1615 3906 1740 3946 san-

152 3995 328 4046 ctum,
356 3982 445 4051 qui
478 3981 595 4035 illos
636 3981 975 4035 sublimiores
1000 3978 1253 4036 efﬁceret.
1299 3981 1386 4038 i9.
1416 3981 1608 4039 Euntes
1644 3984 1743 4037 do-

150 4084 264 4125 cete
289 4088 462 4125 attines
500 4082 689 4141 gentes.
722 4072 1032 4141 baptizanm
1077 4089 1160 4126 eos
1183 4073 1235 4125 in
1264 4074 1463 4127 nomine
1499 4072 1670 4128 Patris
1694 4084 1741 4127 el

155 4163 287 4216 Filii
318 4175 365 4215 et
406 4161 634 4230 Spiritus
674 4162 835 4214 sancti
862 4177 879 4215 :
903 4161 993 4216 ΞΟ.
1040 4162 1273 4216 docentes
1298 4177 1380 4216 eos
1408 4179 1607 4217 servare
1628 4179 1739 4216 ont-

151 4259 241 4308 nia
286 4243 630 4323 quwctttttqtte‘
654 4254 890 4306 titundaui
931 4252 1087 4307 vobis.
1128 4254 1201 4307 De
1228 4253 1583 4323 dogmatibus,
1611 4256 1737 4311 item

148 4350 220 4401 de
255 4346 545 4416 praeceptis
582 4344 862 4409 mandans,
909 4344 1215 4399 Judaeorum
1243 4359 1311 4400 ne
1342 4348 1585 4400 meminit
1616 4348 1736 4415 qui-

145 4441 299 4505 dem,
334 4454 506 4507 neque
534 4438 585 4491 itt
614 4437 845 4491 medium
880 4437 1080 4507 profert
1107 4452 1167 4491 ea
1200 4453 1316 4507 qua:
1339 4440 1472 4493 facta
1504 4441 1731 4508 fuerant,

148 4544 331 4598 mutue
360 4529 516 4581 Petro
547 4528 903 4596 negationem,
933 4529 1015 4582 vel
1041 4528 1265 4581 aliorum
1314 4528 1403 4582 ulli
1440 4528 1615 4598 fugam
1645 4546 1739 4585 ex-

150 4620 409 4691 probrat;
438 4618 590 4687 jubet
614 4628 793 4673 autem
821 4634 916 4686 per
944 4619 1127 4673 urbem
1159 4618 1355 4675 effundi
1388 4622 1735 4689 compendio-

148 4726 265 4766 sam
294 4711 441 4765 illam
477 4709 727 4779 baptismi
764 4709 1083 4763 doctrinam.
1128 4709 1329 4765 Deinde
1374 4714 1497 4782 quia
1547 4728 1735 4783 magna

145 4805 259 4859 illis
280 4811 629 4873 praeceperat,
661 4802 895 4871 ipsorum
929 4803 1137 4856 animos
1158 4803 1427 4867 attollens,
1464 4804 1570 4857 ait:
1607 4803 1738 4859 Ecce

144 4910 241 4963 ego
269 4893 521 4946 vobiscum
542 4908 655 4945 sunt
682 4892 914 4944 omnibus
934 4890 1108 4945 diebus
1135 4907 1290 4957 usque
1316 4892 1383 4943 ad
1408 4908 1731 4945 consumma-

143 4989 339 5039 tionem
380 4983 573 5035 saeculi.
617 4981 804 5035 Videu’
842 4996 1052 5035 rursum
1100 4983 1514 5036 auctoritatem?
1558 4983 1733 5037 viden'

140 5073 424 5147 quioniodo
453 5072 536 5127 illa
567 5086 688 5126 sese
714 5071 1104 5140 attetnpcrandi
1142 5086 1303 5125 causa
1339 5072 1572 5125 dixerit?
1612 5072 1727 5127 Non

138 5165 267 5223 cum
297 5166 401 5219 illis
426 5165 600 5218 solum
623 5180 683 5218 se
711 5164 820 5219 fore
838 5164 994 5227 dixit,
1025 5163 1120 5218 sed
1147 5164 1305 5216 etiam
1333 5177 1452 5217 cum
1482 5164 1732 5218 omnibus

138 5260 232 5326 qui
267 5265 390 5326 post
413 5255 536 5308 illos
559 5254 820 5309 credituri
845 5264 1020 5307 erant.
1074 5253 1255 5323 Neque
1302 5254 1446 5307 enim
1499 5256 1728 5323 apostoli

142 5362 315 5415 usque
366 5345 433 5400 ad
484 5344 999 5400 consummationem
1030 5344 1207 5398 saeculi
1239 5346 1479 5399 mansuri
1522 5355 1678 5400 erant
1710 5363 1724 5399 :

137 5438 240 5492 sed
280 5434 527 5490 ﬁdelibus
574 5436 820 5489 omnibus
879 5436 1030 5503 quasi
1069 5436 1157 5489 uni
1209 5437 1417 5505 corpori
1468 5438 1722 5506 loquitur.

138 5530 220 5585 Ne
268 5527 422 5591 mihi,
456 5528 644 5595 inquit,
692 5526 1056 5581 difﬁcultatem
1085 5542 1262 5581 rerum
1306 5528 1549 5583 dixeritis
1590 5544 1727 5599 :ego

137 5623 288 5676 enim
332 5620 607 5675 vobiscum
638 5636 778 5681 sum,
824 5622 911 5690 qui
941 5620 1121 5673 omnia
1163 5619 1336 5674 facilia
1380 5622 1567 5677 reddo.
1614 5622 1725 5677 Hoc

202 5756 223 5788 ι
258 5752 547 5816 (punienti.
585 5760 636 5801 et
672 5750 834 5801 arts-el.
857 5752 1066 5811 habent,
1094 5759 1148 5802 El
1187 5753 1481 5816 divulgatum
1517 5762 1586 5804 est
1624 5766 1729 5805 ver-

137 5820 252 5865 ἕκητι
273 5814 367 5867 ωε
381 5815 515 5877 apud
532 5818 745 5865 Iudices.

441 5900 716 5959 omo...
764 5904 888 5988 ut...
934 5903 1142 5964 mn.

1218 413 1286 470 ΙΝ
1325 407 1732 467 ΜΑΤΤΗᾹΞΠΜ
1770 407 1999 463 ιιωιιιι.
2028 406 2137 465 XC.
2169 413 2241 466 al.
2283 411 2420 468 XCI.

3375 417 3483 474 750

1894 521 2053 575 etiam
2104 523 2380 593 prophetis
2426 525 2477 578 in
2528 526 2694 581 veteri
2720 526 2838 596 lege
2864 528 3121 587 diccbat:
3151 537 3208 585 ct
3230 524 3483 589 Ieremia

1887 612 2167 679 pueritiam
2211 613 2545 681 obtendenti,
2589 626 2644 672 et
2690 618 2858 689 Moysi
2893 628 2951 675 ct
2979 620 3484 678 Ezechielisubter-

1885 701 2232 770 fugientibus,
2266 703 2374 777 Ego
2395 707 2646 761 vobiscum
2670 724 2803 773 sum,
2834 709 3026 779 inquit.
3055 709 3167 766 Hoc
3193 712 3298 767 illis
3339 726 3483 769 nunc

1885 791 2030 847 dicit.
2077 793 2174 849 Hic
2203 810 2332 851 vero
2356 798 2485 853 mihi
2512 799 2728 855 illorum
2757 801 3113 860 dilferentiam
3144 806 3474 862 consideres.

1885 880 1965 937 illi
1994 885 2135 938 enim
2164 886 2230 941 ad
2258 901 2417 941 unam
2444 889 2593 944 missi
2621 901 2862 962 gentem,
2913 909 3059 967 stupe
3107 909 3424 955 recusarunt
3458 917 3473 953 :

1884 972 1937 1024 lti
1985 972 2116 1027 nihil
2142 973 2448 1045 bujusmodi
2479 978 2686 1051 loquuti
2712 992 2860 1051 sunt,
2910 984 2963 1039 in
2993 986 3181 1041 orbem
3211 1000 3472 1044 terrarum

1872 1068 2048 1123 'missi.
2091 1070 2199 1126 illis
2228 1087 2356 1128 vero
2394 1078 2913 1135 consummationem
2954 1092 3363 1149 commemorat,
3416 1093 3474 1139 ut

1881 1162 2050 1232 magis
2068 1163 2193 1220 illos
2218 1167 2575 1237 pertraheret,
2617 1178 2673 1225 et
2716 1185 2785 1225 ne
2814 1174 3098 1241 praesentia
3128 1174 3302 1229 solum
3333 1176 3473 1246 inju-

1879 1249 2051 1305 cunda
2077 1254 2468 1324 conspicerent,
2504 1258 2598 1313 sed
2621 1256 2801 1315 futura
2828 1262 2916 1316 illa
2938 1261 3144 1317 infinita
3172 1264 3330 1319 bona.
3359 1265 3470 1320 Ad-

1880 1356 2035 1396 versa
2079 1345 2243 1413 enim,
2294 1347 2486 1418 inquit,
2533 1366 2654 1420 quas
2698 1354 2908 1422 passuri
2948 1355 3100 1421 estis,
3133 1356 3185 1410 in
3216 1360 3466 1426 prtesenti

1876 1430 1984 1485 vita
2029 1433 2330 1503 solvuntur,
2371 1438 2805 1511 quandoquidem
2832 1453 2885 1498 et
2913 1444 3088 1516 ipsum
3126 1448 3381 1504 steculum
3409 1449 3464 1504 in

1880 1526 2397 1582 consummationem
2445 1531 2670 1586 veniet:
2706 1532 2847 1588 bona
2874 1549 3027 1599 vero,
3074 1537 3269 1607 quibus
3316 1540 3462 1596 frue-

1874 1611 2027 1677 mini,
2058 1625 2256 1670 aeterna
2287 1628 2528 1685 manent,
2562 1631 2620 1675 ut
2644 1637 2790 1693 smpe
2818 1623 2927 1680 dixi
2958 1628 3225 1697 superius.
3256 1628 3346 1685 Sic
3367 1644 3459 1687 eo-

1872 1716 1992 1757 rum
2038 1705 2246 1763 auimos
2289 1711 2531 1767 excitans
2553 1727 2665 1782 ,ροι-
2692 1713 2834 1769 illius
2860 1714 2967 1771 diei
2992 1718 3462 1775 commemoratio-

1871 1806 1995 1883 nem
2032 1795 2180 1850 misit
2215 1812 2329 1853 eos.
2377 1800 2500 1857 Dies
2521 1804 2664 1858 enim
2691 1803 2779 1859 illa
2802 1815 2950 1862 recte
2976 1807 3278 1883 viventibus
3303 1817 3458 1879 opta-

1871 1882 2013 1949 bilis,
2063 1894 2122 1939 ut
2162 1890 2532 1956 peccatoribus
2574 1894 2849 1960 terribilis,
2899 1882 3089 1967 utpote
3116 1898 3457 1956 damnandis.

1870 1969 1975 2026 Sed
2022 1988 2089 2028 ne
2123 1976 2423 2045 timeamus,
2472 1995 2571 2037 nec
2602 1980 2923 2039 horreamus
2952 1995 3178 2053 tantum,
3205 1987 3301 2044 sed
3329 1988 3456 2045 dum

1869 2071 2081 2133 tempus
2106 2076 2210 2132 est,
2239 2067 2607 2140 immutentur,
2640 2082 2696 2129 et
2722 2090 2789 2130 ex
2811 2076 3047 2147 nequitia
3074 2093 3412 2151 emergamus
3439 2099 3455 2136 :

1869 2170 2153 2225 possumus
2181 2161 2349 2229 enim,
2377 2162 2424 2217 si
2447 2164 2793 2222 voluerimus.
2845 2167 2982 2225 Nam
3006 2170 3051 2225 si
3081 2180 3209 2229 ante
3232 2175 3457 2244 gratiam

1866 2247 2017 2301 multi
2044 2247 2144 2303 hoc
2174 2248 2435 2317 fecerunt,
2476 2254 2646 2311 multo
2671 2258 2840 2327 magis
2869 2267 2989 2329 post
3012 2262 3238 2332 gratiam
3270 2265 3380 2321 liet.

1937 2336 1989 2391 5.
2034 2335 2184 2392 Nihil
2209 2340 2410 2410 ἀίθῐοὶιε
2433 2342 2487 2397 in
2518 2348 2783 2415 prter-aptis
2812 2346 3022 2405 Christi.
3045 2380 3118 2394 -—
3145 2353 3283 2422 Quid
3310 2356 3455 2413 enim

1865 2438 2025 2493 grave
2051 2438 2375 2513 prmccptum
2405 2432 2559 2488 nobis
2584 2435 2710 2489 eat?
2751 2451 2818 2491 an
2866 2450 3077 2497 montes
3118 2446 3344 2501 secare?
3386 2462 3457 2505 an

1864 2516 2043 2608 volare
2070 2533 2167 2588 per
2193 2536 2371 2577 aerem
2393 2523 2417 2577 ν
2438 2534 2531 2580 aut
2556 2525 2890 2597 Tyrrhenum
2920 2532 3141 2605 pelagus
3172 2538 3457 2608 trajicere?

1863 2605 2203 2679 Nequaquam
2234 2631 2246 2665 :
2273 2613 2369 2668 sed
2396 2615 2557 2671 vitam
2588 2618 2661 2673 ita
2700 2618 2907 2678 facilem
2933 2625 3088 2680 nobis
3118 2605 3366 2699 injunxit,
3397 2643 3456 2688 ιιι

1864 2701 2236 2770 insu'umentis
2268 2709 2399 2764 nihil
2428 2726 2564 2779 opus
2593 2715 2683 2779 sit,
2729 2716 2825 2771 sed
2862 2718 3045 2775 animo
3082 2730 3139 2777 et
3182 2723 3455 2781 voluntate

1862 2797 2269 2889 tantumaQuze
2316 2801 2669 2861 instrumenta
2709 2806 3011 2866 habuerunt
3054 2816 3307 2885 apostoli,
3361 2820 3454 2889 qui

1862 2892 1943 2940 tot
1967 2888 2219 2956 prazclara
2244 2898 2566 2961 gesserunt?
2610 2898 2803 2954 Annon
2833 2915 2936 2955 una
2962 2902 3133 2960 induti
3161 2907 3365 2975 tunica,
3384 2888 3455 2965 et

1860 2977 2018 3034 nudis
2064 2980 2289 3050 pedibus
2342 2997 2527 3052 erant,
2580 2998 2635 3044 ct
2682 2991 2860 3047 omnia
2905 2999 3268 3064 superarunt?
3311 3000 3452 3067 Quid

1859 3068 2000 3122 enim
2030 3069 2248 3127 difficile
2276 3073 2326 3129 in
2358 3079 2638 3148 prceceptis
2680 3079 2876 3137 Christi
2924 3086 3054 3141 est?
3089 3086 3304 3146 Nullum
3348 3090 3451 3147 ba-

1858 3156 1986 3213 beas
2012 3160 2319 3227 inimicum;
2351 3168 2618 3224 neminem
2647 3171 2773 3227 odio
2800 3173 3027 3242 habeas;
3057 3181 3255 3238 nemini
3283 3184 3448 3241 male-

1857 3247 2025 3303 dicas.
2067 3249 2197 3317 Quae
2223 3251 2308 3307 bis
2334 3266 2457 3310 sunt
2486 3261 2777 3325 contraria,
2810 3263 3111 3323 difﬁciliora
3150 3281 3294 3329 sunt.
3339 3275 3445 3331 Sed

1855 3339 2007 3406 dixit,
2040 3343 2267 3414 inquies,
2301 3347 2561 3406 Pecunias
2584 3352 2774 3422 abjice.
2803 3355 2872 3411 Et
2892 3357 2993 3414 hoc
3014 3377 3303 3421 onerosum
3330 3368 3448 3422 est?

1856 3436 1969 3491 lmo
2000 3453 2127 3493 vero
2158 3455 2261 3494 non
2291 3445 2567 3513 praecepit,
2600 3448 2693 3502 sed
2718 3448 2818 3505 hoc
2838 3453 3122 3510 consilium
3150 3456 3312 3514 dedit.
3338 3460 3446 3518 Sed

1855 3530 1978 3585 volo
2005 3530 2107 3586 hoc
2132 3547 2252 3588 esse
2282 3546 2629 3606 punct-ptum,
2658 3555 2799 3597 anne
2820 3557 2979 3614 grave
3008 3556 3111 3615 est,
3145 3565 3310 3607 onera
3336 3569 3442 3609 non

1852 3620 2014 3689 ferre,
2044 3639 2143 3678 nec
2172 3625 2565 3684 sollicitudines
2600 3630 3041 3703 intempestivas?
3085 3638 3190 3697 Sed
3222 3658 3255 3699 ο
3284 3647 3447 3704 misc-

1853 3727 1966 3768 ram
2005 3716 2345 3782 pecuniarum
2392 3720 2737 3777 aviditatem!
2790 3724 2979 3782 Omnia
3016 3734 3258 3799 pecuniae
3303 3736 3443 3795 facta

1850 3814 1995 3872 sunt,
2025 3806 2145 3861 ideo
2170 3810 2347 3864 omnia
2379 3826 2473 3866 sus
2499 3812 2671 3883 deque
2699 3818 2869 3885 posita
2900 3832 3044 3877 sunt.
3076 3824 3131 3882 Si
3160 3828 3281 3898 quis
3313 3830 3445 3888 bea-

1853 3903 1964 3948 tnm
1994 3899 2297 3967 quempiam
2324 3904 2574 3969 mstimet,
2623 3906 2845 3963 istarum
2897 3914 3225 3973 mentionem
3264 3920 3391 3979 facit
3424 3942 3438 3978 :

1850 3987 1894 4039 si
1943 3987 2193 4042 miserum
2242 3999 2428 4059 putet,
2493 3992 2619 4049 hinc
2663 4000 3084 4060 commiseratio.
3135 4007 3444 4083 Omnesque

1850 4090 2127 4134 sermones
2152 4079 2235 4133 bis
2262 4082 2313 4135 in
2344 4082 2507 4137 rebus
2527 4096 2809 4143 versantur
2856 4109 2869 4143 :
2918 4092 3198 4161 Quomodo
3233 4100 3318 4157 ltic
3355 4079 3444 4159 di-

1850 4168 2047 4263 tesciti
2098 4170 2368 4263 quomodo
2410 4173 2501 4227 ille
2538 4178 2755 4248 pauper
2782 4181 2898 4235 est?
2926 4182 2983 4237 Si
3020 4188 3141 4256 quis
3169 4190 3438 4263 militiam,

1848 4260 1893 4312 si
1921 4262 2266 4329 connubium,
2295 4264 2339 4317 si
2372 4276 2564 4331 artem,
2596 4268 2642 4322 si
2676 4271 2884 4340 quidvis
2912 4275 3056 4332 aliud
3086 4286 3299 4351 tractet,
3332 4260 3439 4342 non

1847 4351 1993 4419 prius
2022 4352 2099 4407 rei
2131 4367 2343 4409 manum
2371 4355 2638 4422 admovet,
2662 4375 2820 4430 quam
2850 4364 3041 4421 viderit
3069 4384 3157 4424 res
3184 4386 3442 4444 prospere

1846 4453 1903 4497 et
1928 4454 2172 4514 prompte
2196 4446 2297 4501 sibi
2318 4462 2563 4505 cessurus
2588 4465 2725 4506 esse.
2758 4452 2959 4525 Hisque
2983 4464 3288 4532 conspectis
3310 4480 3440 4523 con-

1846 4537 2046 4606 gregati
2077 4553 2183 4592 non
2208 4540 2655 4609 oonsultabimus,
2698 4548 2969 4615 quomodo
3004 4550 3146 4609 hunc
3188 4558 3435 4619 morbum

1846 4626 2149 4697 pollemus?
2187 4645 2292 4684 non
2322 4645 2434 4686 nos
2484 4633 2699 4700 pudebit
2745 4651 2931 4693 eorum
2982 4656 3103 4713 qua:
3137 4660 3167 4699 a
3195 4650 3435 4715 patribus
3507 4658 3510 4660 ⁷

1845 4720 2102 4789 prteclare
2130 4722 2269 4779 facta
2300 4724 2461 4778 sunt?
2490 4740 2591 4781 nec
2618 4740 2701 4781 ter
2729 4729 2876 4784 mille
2899 4730 3038 4801 illos,
3070 4743 3126 4790 et
3150 4739 3437 4811 quinquies

1845 4814 2009 4878 mille,
2037 4815 2125 4883 qui
2152 4818 2453 4871 communia
2484 4818 2753 4876 habebant
2781 4824 2982 4891 omnia,
3031 4831 3438 4897 spectabimus?

1842 4902 1972 4969 Qua:
2001 4907 2281 4973 praesentis
2306 4908 2431 4963 vitae
2459 4910 2685 4977 utilitas,
2709 4913 2753 4966 si
2778 4914 2892 4983 ipsa
2918 4915 2985 4969 ad
3015 4916 3246 4975 futuram
3272 4940 3437 4993 nego-

1844 4994 2113 5050 tiationem
2146 5011 2250 5051 non
2283 5001 2538 5054 utamur?
2572 5001 2861 5075 Quousque
2888 5006 3131 5064 servituti
3165 5027 3271 5067 non
3301 5015 3421 5070 sub-

1838 5086 2033 5177 jicietis
2066 5103 2423 5145 mammouam
2446 5133 2461 5158 ,
2507 5094 2596 5162 qui
2634 5093 2688 5148 in
2717 5096 3031 5154 servitutem
3059 5116 3155 5157 vos
3183 5105 3434 5177 redegit?

1842 5176 1949 5230 imo
1978 5178 2153 5246 potius
2175 5194 2451 5249 quousque
2473 5184 2612 5237 servi
2638 5183 2787 5239 eritis
2805 5188 3147 5255 pecuniarum
3170 5192 3195 5244 ἲ
3222 5176 3430 5264 quous-

1841 5283 1943 5336 que
1994 5285 2101 5322 non
2132 5271 2378 5325 amabitis
2408 5271 2732 5343 libertatem,
2777 5292 2876 5332 nec
2917 5281 3155 5335 avaritia:
3184 5287 3432 5355 negotia-

1841 5359 2013 5413 tiones
2040 5360 2395 5430 dirumpetis?
2425 5363 2529 5418 Sed
2574 5366 2617 5419 si
2650 5366 2927 5423 hominum
2958 5371 3101 5427 servi
3128 5373 3266 5443 sitis,
3294 5377 3428 5435 nihil

1838 5466 1944 5504 non
1973 5452 2149 5520 agitis,
2195 5452 2238 5506 si
2274 5454 2392 5521 quis
2418 5457 2571 5510 vobis
2599 5456 2896 5514 libertatem
2924 5463 3198 5529 promittat
3229 5484 3243 5520 :
3271 5481 3431 5525 cum-

1838 5554 1943 5607 que
1985 5540 2101 5593 sitis
2148 5543 2387 5597 avaritiae
2426 5547 2643 5613 captivi,
2676 5564 2776 5603 nec
2807 5552 3055 5619 cogitatis
3078 5568 3179 5622 qua
3211 5557 3421 5613 ratione

1838 5630 2051 5697 possitis
2080 5632 2146 5685 ab
2182 5632 2279 5687 hac
2308 5633 2439 5689 dura
2484 5639 2787 5705 captivitate
2829 5641 3066 5697 liberari.
3116 5646 3276 5717 Atqui
3331 5649 3419 5703 illa

1836 5736 1941 5774 non
1987 5724 2161 5790 gravis
2201 5735 2317 5791 est;
2368 5728 2483 5782 inec
2508 5745 2638 5783 vero
2678 5734 2916 5802 tyrannis
2943 5744 3025 5789 est
3054 5737 3419 5793 acerbissima.

1838 5810 2076 5882 Cogitate
2097 5827 2353 5885 quantum
2380 5836 2479 5884 pro
2505 5822 2658 5878 nobis
2675 5826 2905 5886 pretium
2933 5826 3407 5893 deposueritChri-

2956 5934 3029 6003 et
