4160 6330
703 367 796 420 έ91
1404 364 1456 416 S.
1498 357 1767 415 JOANNIS
1805 351 2268 410 CIlllYSUS'I'OMI
2311 351 2618 406 .\|l(‘.ll|i’.P.
2662 353 3184 410 CONSTANTINOP.

709 486 840 534 stus.
869 476 1182 546 Sanguinem
1212 487 1365 527 suum
1390 470 1590 534 efl‘udit,
1623 469 1854 537 seipsutn
1883 464 2118 519 tradidit.
2153 462 2258 512 Vos

709 576 881 620 autem
910 573 1024 633 post
1056 563 1168 616 haec
1195 562 1370 615 omnia
1402 558 1668 614 decidistis
1711 577 1724 606 -.
1770 555 2012 626 quodque
2055 551 2262 622 gravius

709 664 810 717 est,
836 653 886 707 in
930 652 1181 706 servitute
1223 648 1580 710 delectamini,
1625 647 1675 699 in
1721 644 2005 714 ignominia
2044 640 2262 695 delicia-

710 745 856 808 tnini,
877 752 929 797 et
953 742 1089 811 quod
1125 740 1422 811 fugiendum
1450 748 1584 800 erat,
1614 738 1762 790 vobis
1787 732 2017 803 optabile
2042 731 2137 786 fuit
2160 731 2260 800 (α).

759 834 991 888 Pecunia
1001 833 1318 903 cupiditatem
1330 839 1374 884 et
1387 830 1590 882 nimiam
1601 827 1972 881 mtimntionem
1990 823 2262 890 redarguit.

715 924 945 976 Pecunia:
963 921 1216 976 servandte
1236 917 1566 972 incommoda.
1592 916 1911 984 Paupertatis
1938 909 2265 965 boum—Sed

709 1014 827 1081 quia
855 1027 958 1065 non
993 1008 1372 1080 deplorandum
1403 1007 1560 1061 modo
1577 1016 1665 1059 est
1695 1015 1747 1060 et
1777 1002 2141 1065 incusandum,
2173 999 2266 1054 sed

710 1107 865 1158 etiam
898 1102 1303 1164 emendandum,
1332 1099 1602 1153 videamus
1642 1097 1901 1150 undenam
1941 1093 2027 1147 hic
2053 1093 2266 1145 morbus

712 1194 862 1248 nobis
884 1192 1122 1247 amabilis
1138 1192 1278 1245 visus
1296 1191 1383 1243 sil.
1408 1187 1702 1250 Undenam,
1723 1185 1858 1240 unde
1875 1182 2113 1236 amabilis
2136 1180 2267 1233 fuit?

709 1283 839 1349 Quia
861 1282 1105 1352 ingloria,
1124 1280 1346 1349 inquies,
1364 1288 1417 1333 et
1434 1279 1484 1332 in
1502 1265 1781 1331 securitate
1793 1273 2078 1327 constituit.
2099 1271 2152 1324 lu
2167 1285 2267 1340 qua

710 1388 907 1442 qmrso,
931 1371 1246 1428 securitate?
1267 1369 1415 1438 Quod
1437 1365 1759 1422 conﬁdamus
1777 1366 1886 1420 fore
1907 1373 1962 1417 ut
1986 1377 2266 1432 numquam

709 1463 1021 1528 esuriamus,
1065 1475 1348 1530 numquam
1389 1459 1673 1527 algeamns,
1725 1471 1827 1510 non
1866 1454 2136 1517 hrdamur,
2164 1469 2268 1507 non

711 1563 1126 1608 eontemnamnr.
1147 1550 1324 1620 Itaque
1339 1551 1381 1604 si
1397 1549 1529 1602 hanc
1547 1548 1636 1601 tibi
1650 1547 1981 1601 securitatem
2000 1544 2268 1614 pollicear,

719 1642 1008 1697 abstinebis
1031 1657 1060 1695 a
1089 1641 1386 1695 divitiarum
1412 1635 1730 1707 cupiditate?
1771 1635 1814 1690 si
1836 1636 1974 1689 enim
2005 1635 2120 1689 ideo
2149 1643 2270 1689 sunt

714 1733 908 1784 tlivilizc
936 1729 1274 1798 expetendae,
1304 1729 1348 1782 si
1389 1729 1588 1796 absque
1621 1726 1726 1780 illis
1759 1726 2095 1779 securitatem
2137 1739 2268 1777 uan-

711 1821 834 1875 cisei
866 1820 1146 1890 possimus,
1177 1817 1301 1888 quid
1335 1817 1427 1871 tibi
1451 1816 1557 1886 jam
1586 1815 1688 1869 illis
1710 1828 1843 1882 opus
1878 1814 2020 1867 erit?
2043 1812 2110 1867 Et
2135 1829 2269 1882 quo-

713 1909 868 1962 modo
899 1916 1086 1976 potest,
1119 1908 1339 1976 inquies,
1375 1907 1420 1960 is
1443 1907 1530 1975 qui
1559 1905 1708 1959 dives
1745 1920 1847 1958 non
1869 1914 1966 1968 ρει,
2002 1903 2114 1958 ιιτιις
2142 1918 2272 1957 con-

713 1987 864 2056 sequi
886 1985 1036 2039 ?lmo
1050 2001 1179 2040 vero
1203 1989 1478 2056 quomodo
1512 1993 1633 2058 (ego
1650 1989 1793 2042 enim
1831 1991 2167 2046 contrarium
2199 1990 2285 2046 di-

713 2074 854 2144 eam)
905 2075 950 2130 is
985 2076 1077 2145 qui
1133 2077 1284 2132 dives
1335 2078 1463 2133 est?
1511 2077 1646 2131 Nam
1696 2089 1756 2132 ut
1802 2080 1988 2134 multis
2033 2081 2286 2138 aduletur

713 2185 931 2226 necesse
955 2179 1053 2236 est,
1085 2179 1144 2226 et
1172 2169 1491 2240 principibus
1517 2179 1570 2225 et
1597 2170 1841 2236 subditis,
1891 2177 1948 2225 ut
1987 2172 2276 2226 innumeris

715 2275 844 2329 opus
868 2260 1057 2314 habeat
1076 2270 1128 2313 et
1157 2260 1483 2315 illiberaliter
1510 2261 1727 2327 serviat,
1760 2269 1971 2326 tremat,
2000 2273 2276 2331 suspectos

715 2349 927 2413 habeat,
971 2350 1270 2404 invidorum
1316 2351 1522 2415 oculos,
1565 2349 2012 2421 syc0phautarum
2040 2366 2130 2408 era
2162 2369 2274 2410 me-

715 2450 842 2503 tuat,
890 2440 1216 2510 aliorumque
1249 2455 1526 2494 avarorum
1562 2440 1896 2510 cupiditates.
1939 2445 2007 2496 At
2045 2457 2273 2511 pauper-

713 2541 795 2585 tas
823 2545 925 2583 non
951 2530 1089 2594 talis,
1116 2529 1207 2585 sed
1233 2531 1387 2600 plane
1409 2530 1490 2584 his
1511 2533 1797 2585 contraria.
1827 2531 1997 2587 Locus
2027 2542 2107 2586 est
2137 2542 2280 2588 tutus

714 2631 769 2676 et
781 2635 1018 2686 securus,
1046 2629 1227 2690 portus
1249 2621 1581 2690 tranquillus,
1602 2621 1844 2690 pahestra
1869 2632 1921 2676 et
1945 2624 2278 2706 gymnasium

721 2713 1099 2783 philosophia),
1137 2714 1387 2784 angelica:
1431 2713 1553 2768 vitae
1604 2714 1849 2768 imitatio.
1895 2714 2021 2769 llzec
2065 2716 2278 2784 audite,

716 2812 972 2874 quotquot
1017 2818 1274 2873 pauperes
1319 2804 1485 2868 estis;
1537 2805 1644 2858 imo
1685 2818 1811 2858 vero
1847 2815 2104 2874 quotquot
2142 2806 2281 2860 dite-

718 2910 869 2949 scere
892 2894 1070 2949 vultis.
1099 2894 1212 2949 Non
1236 2909 1518 2966 pauperem
1544 2910 1683 2960 esse,
1709 2896 1802 2951 sed
1830 2897 1970 2951 nolle
1998 2912 2282 2968 pauperem

719 3000 857 3051 esse,
884 2987 1077 3040 malum
1100 2993 1201 3040 est.
1234 2984 1310 3041 Ne
1333 3001 1492 3056 grave
1511 2985 1778 3055 quidpiam
1812 3001 1964 3057 putes
2006 3003 2124 3044 esse
2159 3005 2284 3058 pau-

720 3084 1000 3143 pertatem,
1047 3090 1218 3144 neque
1247 3077 1424 3145 gravis
1451 3077 1552 3131 erit
1593 3077 1687 3132 illa
1733 3079 1844 3133 tibi.
1888 3079 2003 3134 Non
2049 3083 2187 3136 enim
2231 3085 2283 3136 in

722 3174 903 3219 natura
954 3166 1051 3230 rei,
1102 3166 1194 3220 sed
1236 3167 1288 3219 in
1333 3167 1569 3222 mollium
1599 3169 1831 3222 virorum
1868 3169 2068 3238 judicio
2112 3182 2285 3226 metus

721 3254 821 3308 iste
848 3255 1018 3307 locum
1051 3253 1224 3308 habet.
1246 3253 1380 3320 Quin
1404 3257 1559 3310 etiam
1589 3272 1674 3312 me
1701 3257 1938 3327 puderet,
1963 3261 2006 3313 si
2037 3259 2138 3316 hoc
2167 3271 2282 3315 tan-

723 3353 829 3397 tum
861 3343 926 3397 de
972 3353 1275 3415 paupertate
1303 3344 1478 3400 dicere
1513 3361 1747 3415 possem,
1793 3350 1933 3417 quod
1976 3365 2037 3404 ea
2090 3352 2284 3408 malum

722 3450 823 3489 non
851 3436 956 3496 sit;
1003 3450 1124 3489 nam
1165 3437 1208 3490 si
1251 3437 1658 3508 ριιὶιοεοριιθτίε,
1705 3440 1850 3495 mille
1894 3441 1985 3494 tibi
2029 3442 2285 3498 honorum

721 3525 839 3580 fons
876 3526 995 3580 erit.
1032 3526 1097 3581 Et
1124 3526 1169 3579 si
1196 3527 1313 3595 quis
1343 3528 1434 3581 tibi
1464 3528 1585 3582 hinc
1615 3529 1895 3598 imperium
1917 3572 1930 3594 ,
1959 3532 2141 3587 civiles
2170 3549 2286 3587 ma-

724 3616 990 3684 gistratus,
1031 3615 1260 3682 divitias,
1302 3617 1641 3688 deliciasque,
1677 3619 1798 3675 inde
1845 3637 1968 3677 vero
2006 3634 2285 3692 pauperta-

726 3715 831 3760 trm
859 3716 1190 3774 proponeret,
1219 3708 1601 3779 optionemque
1627 3710 1799 3774 daret,
1838 3711 1975 3768 hanc
1996 3715 2178 3770 subito
2205 3731 2289 3769 ra-

725 3808 897 3862 peres,
919 3795 964 3849 si
990 3794 1105 3864 ejus
1133 3804 1307 3850 notam
1338 3795 1560 3853 haberes
1585 3800 1976 3856 excellentiam.

790 3884 844 3938 ι.
891 3880 1618 3954 Paupertatirlaudes.—Seio
1638 3889 1849 3958 quidem
1881 3893 2076 3948 multos
2089 3894 2286 3962 ridere,

723 3972 848 4028 dum
879 3972 990 4028 hzee
1005 3973 1282 4039 dicuntur;
1309 3976 1400 4031 sed
1429 3992 1524 4032 nos
1545 3978 1762 4035 minime
1789 3981 2080 4038 turbamur.
2100 3984 2290 4052 Qumso

725 4072 944 4129 tantum,
973 4065 1230 4132 patienter
1259 4066 1501 4133 audiatis,
1533 4077 1588 4123 et
1613 4069 1718 4123 cito
1738 4070 2011 4126 nobiscum
2028 4074 2287 4130 calculum

727 4154 926 4209 feretis.
969 4154 1092 4209 Mihi
1141 4165 1420 4226 paupertas
1471 4159 1656 4215 similis
1693 4174 1812 4215 esse
1859 4163 2065 4218 videtur
2105 4167 2292 4234 puellas

726 4254 943 4310 ornatae,
966 4244 1197 4315 pulchra:
1220 4255 1273 4300 et
1292 4247 1568 4303 formosrc:
1599 4251 1820 4306 avaritia
1836 4268 1962 4309 vero
1979 4266 2292 4314 monstroste

728 4335 955 4402 mulieri,
983 4334 1195 4406 Scyllae,
1229 4335 1431 4407 hydra),
1465 4338 1831 4410 similibusque
1861 4346 2113 4399 monstris
2135 4386 2148 4406 .
2174 4362 2290 4415 qua:

727 4430 924 4483 tinxere
969 4426 1279 4498 mythologi.
1325 4428 1401 4482 Ne
1435 4430 1562 4485 mihi
1604 4434 1928 4501 paupertatis
1956 4447 2291 4491 accusatores

726 4520 777 4572 in
823 4516 1053 4573 medium
1096 4517 1306 4585 afferas,
1352 4521 1442 4575 sed
1473 4535 1565 4574 eos
1593 4523 1682 4592 qui
1726 4538 1820 4592 per
1866 4526 2034 4593 ipsam
2063 4527 2292 4582 illustres

727 4610 954 4667 fuerunt.
996 4611 1128 4666 Cum
1173 4611 1271 4667 hac
1310 4614 1562 4670 educatus
1595 4615 1762 4682 Elias,
1802 4629 1955 4685 raptu
2001 4609 2101 4674 illo.
2139 4621 2291 4675 beato

727 4704 967 4773 dignatus
992 4713 1108 4768 est;
1139 4719 1258 4759 cum
1300 4703 1398 4759 hac
1424 4707 1598 4761 clarus
1636 4707 1729 4761 fuit
1758 4708 2015 4776 Elisatus;
2048 4726 2167 4767 cum
2194 4713 2294 4768 hac

730 4796 962 4853 Joannes
990 4809 1042 4854 et
1066 4803 1284 4870 apostoli
1316 4819 1500 4859 omnes
1533 4821 1546 4859 :
1577 4820 1695 4860 cum
1716 4807 1801 4861 illa
1823 4823 1949 4862 vero
1971 4809 2172 4875 Achab,
2203 4809 2291 4865 Je-

727 4886 899 4952 zabel,
926 4887 1088 4954 Giezi,
1117 4890 1301 4958 Judas,
1328 4892 1488 4959 Nero,
1512 4893 1739 4964 Caiphas
1765 4897 1996 4953 damnati
2023 4911 2161 4954 sunt.
2187 4901 2291 4958 Sed

727 4979 768 5030 si
800 4977 992 5047 placet,
1025 4993 1091 5034 ne
1121 4980 1238 5035 illus
1265 4989 1464 5036 tantum
1493 4986 1580 5054 qui
1611 4987 1662 5038 iu
1689 4998 1998 5055 paupertate
2019 4989 2247 5047 floruere
2271 5034 2286 5058 ,

726 5068 819 5123 sed
840 5069 980 5123 illam
1011 5071 1173 5139 ipsam
1195 5073 1381 5140 puella:
1403 5075 1844 5141 pulchritudinem
1872 5081 2288 5138 consideremus.

728 5159 782 5212 Si
807 5159 1015 5227 quidem
1065 5161 1250 5215 oculus
1283 5162 1398 5232 ejus
1428 5180 1588 5232 purus
1622 5175 1704 5220 est
1747 5179 1802 5222 et
1839 5168 2120 5235 dilucidus,
2162 5174 2291 5229 nihil

729 5249 990 5303 turbidum
1023 5250 1243 5316 habens,
1265 5261 1320 5308 ut
1346 5252 1506 5309 habet
1532 5257 1717 5310 oculus
1739 5261 1998 5326 avaritim,
2033 5262 2120 5329 qui
2154 5280 2292 5319 nunc

732 5341 830 5404 ira,
864 5355 1000 5396 nunc
1042 5334 1305 5410 volupiate
1347 5345 1536 5414 plenus
1562 5357 1682 5412 est,
1724 5365 1863 5404 nunc
1889 5352 2290 5421 intemperantia

729 5429 990 5483 turbatus.
1021 5431 1088 5484 At
1115 5447 1217 5487 non
1246 5435 1463 5501 perinde
1483 5451 1540 5491 se
1563 5435 1921 5493 ltabctoeulus
1949 5445 2288 5511 paupertatis,

725 5520 817 5576 sed
848 5532 1154 5576 mansuetus
1187 5533 1286 5590 est,
1317 5540 1555 5593 serenus,
1585 5530 1817 5583 suaviter
1842 5545 2026 5586 omnes
2058 5534 2288 5599 intuens,

787 5659 858 5720 (η)
891 5658 946 5708 1η
986 5661 1309 5720 sequentibus
1346 5662 1492 5711 multa
1524 5665 1750 5712 omittunt
1777 5675 1826 5714 et.
1851 5667 2044 5715 turbant
2069 5668 2286 5716 Cnntme-

727 5722 808 5768 litt.
837 5719 887 5769 et
910 5719 1198 5782 )torequuzn
1225 5734 1286 5770 ex
1312 5729 1412 5770 Mss.
1436 5733 1483 5771 et
1519 5739 1577 5772 ex
1606 5728 1742 5773 savii.
1772 5731 2105 5776 restituuntur.

3836 364 3938 422 τ’θέ

2369 465 2519 524 iouis,
2560 464 2843 531 jueutnlus,
2892 471 3154 526 neminem
3204 471 3324 522 odio
3375 473 3612 538 habens,
3669 479 3938 530 neminem

2369 566 2634 606 aversans.
2670 553 2764 608 Ubi
2794 558 2933 608 enim
2967 560 3208 624 pecunia,
3254 561 3323 614 ibi
3365 562 3654 618 inimicitia:
3686 576 3741 619 et
3770 568 3939 622 bello-

2371 658 2483 695 rum
2513 645 2747 697 materia.
2775 645 2848 699 Os
2883 647 2955 701 illi
2986 651 3320 704 contumeliis
3363 663 3444 706 est
3481 655 3734 708 refertum
3761 698 3776 721 ,
3807 655 3942 709 fastu

2369 733 2616 799 quodam,
2647 737 2942 804 arrogantia
2974 738 3157 806 multa,
3182 740 3495 807 maledictis,
3515 743 3669 808 dolo;
3699 745 3861 812 hujus
3885 761 3944 798 os

2370 833 2555 879 contra
2585 833 2639 879 et
2669 825 2841 894 lingua
2868 841 2994 882 sana
3017 837 3131 894 est,
3159 831 3445 898 gratiarum
3477 834 3686 889 actione
3721 837 3943 903 perenni

2373 912 2544 980 plena,
2604 913 2994 983 bent-dictione,
3049 919 3222 974 verbis
3259 921 3567 988 mansuetis,
3627 922 3941 984 benevolis.

2372 1004 2624 1074 obsequio
2672 1007 2860 1074 plenis,
2904 1017 2956 1062 et
2999 1009 3240 1065 laudibus
3287 1013 3667 1082 cucomiisque.
3715 1013 3774 1068 Si
3819 1031 3948 1070 vero

2371 1105 2545 1164 aptam
2587 1097 2945 1153 membrorum
2996 1104 3432 1170 compositionem
3471 1104 3736 1173 dispicere
3776 1107 3947 1170 velis,

2374 1202 2588 1255 procera
2632 1199 2712 1243 est
2753 1189 2838 1243 illa
2871 1191 3129 1261 longeque
3153 1194 3434 1248 sublimior
3457 1197 3747 1265 opulentia.
3793 1197 3949 1266 Quod

2373 1279 2416 1332 si
2449 1279 2595 1331 multi
2620 1279 2759 1332 illam
2787 1278 3007 1350 fugiant,
3043 1297 3108 1336 ne
3130 1284 3340 1339 mireris
3372 1302 3385 1339 :
3413 1300 3531 1339 nam
3576 1286 3707 1340 alias
3736 1303 3950 1358 quoque

2375 1368 2598 1422 virtutes
2619 1370 2762 1422 stulti
2789 1369 3011 1438 fugiunt.
3046 1372 3149 1427 Sed
3174 1388 3205 1426 a
3237 1375 3400 1429 divite
3426 1416 3439 1438 ,
3489 1377 3716 1445 inquies,
3746 1392 3952 1447 pauper

2375 1460 2691 1513 contumelia
2721 1459 2972 1516 afﬁcitur.
3021 1463 3222 1518 Rursus
3270 1466 3397 1519 mihi
3430 1468 3756 1535 paupertatis
3781 1483 3952 1523 enco-

2377 1553 2536 1602 mium
2561 1566 2761 1605 narras.
2791 1552 2919 1619 Quis
2939 1554 3102 1616 enim,
3137 1570 3334 1623 qua-so,
3372 1556 3595 1621 beatus,
3635 1559 3724 1626 qui
3763 1570 3952 1613 contu-

2376 1642 2531 1695 melia
2562 1641 2742 1702 afficit,
2771 1657 2835 1695 an
2859 1644 2947 1713 qui
2971 1644 3236 1699 afﬁcitur?
3261 1645 3419 1701 Certe
3446 1647 3488 1701 is
3508 1648 3595 1718 qui
3614 1648 3955 1703 contumeliis

2375 1734 2619 1798 afficitur,
2651 1744 2704 1789 et
2751 1735 2852 1789 fert
2893 1734 3118 1791 fortiter.
3166 1737 3399 1792 Avaritia
3441 1739 3599 1808 igitur
3626 1741 3955 1794 cautumelia

2376 1822 2587 1878 afficere
2602 1824 2779 1893 jubet;
2815 1835 3094 1894 paupertas
3125 1842 3253 1882 vero
3279 1828 3342 1881 ad
3372 1827 3646 1884 ferendam
3675 1840 3957 1884 contume-

2378 1911 2498 1965 liam
2521 1913 2777 1966 hortatur.
2813 1917 2896 1978 At,
2925 1915 3150 1984 inquies,
3171 1931 3370 1986 pauper
3391 1920 3577 1971 esurit.
3603 1919 3802 1972 Paulus
3823 1935 3958 1988 quo-

2378 2016 2480 2071 que
2507 2003 2792 2058 esuriebat.
2824 2002 2928 2058 Sed
2958 2021 3063 2058 non
3107 2007 3264 2060 habet
3292 2007 3377 2059 ubi
3401 2007 3660 2077 quiescat.
3694 2009 3755 2062 Et
3790 2008 3960 2062 Filius

2379 2090 2608 2147 hominis
2632 2109 2735 2147 non
2786 2094 3014 2150 habebat
3059 2097 3148 2151 ubi
3195 2109 3354 2166 caput
3410 2100 3713 2155 reclinaret.
3774 2101 3961 2156 \‘iden‘

2379 2197 2655 2252 quousque
2711 2188 3020 2254 perveniant
3064 2192 3386 2258 paupertatis
3429 2193 3706 2258 encomia,
3760 2194 3850 2247 ubi
3911 2205 3962 2247 te

2379 2275 2723 2338 eunstituant,
2752 2275 2817 2330 ad
2845 2279 3075 2347 qualium
3106 2288 3155 2333 te
3181 2279 3846 2347 virorumsimilitudinem
3866 2284 3963 2338 de-

2381 2360 2594 2429 ducant,
2630 2374 2681 2417 et
2703 2345 2968 2433 quomodo
2995 2377 3044 2422 te
3071 2367 3276 2422 Domini
3310 2345 3624 2424 imi'torem
3655 2372 3884 2426 faciant?
3905 2373 3963 2427 Si

2382 2468 2567 2506 aurum
2602 2455 2873 2522 possidere
2896 2455 3091 2510 bonum
3123 2469 3286 2524 esset,
3317 2457 3368 2512 id
3411 2459 3685 2529 discipulis
3724 2462 3966 2518 dedisset

2383 2545 2641 2610 Christus,
2668 2549 2754 2616 qui
2801 2550 3079 2603 ineffabilia
3115 2552 3200 2604 illa
3226 2552 3360 2606 bona
3397 2553 3541 2606 dedit
3581 2554 3731 2622 ipsis.
3763 2555 3830 2608 At
3856 2571 3964 2609 non

2384 2635 2542 2689 modo
2569 2652 2672 2690 non
2706 2638 2868 2702 dedit,
2902 2640 2993 2694 sed
3024 2640 3183 2695 etiam
3206 2641 3398 2696 habere
3416 2644 3702 2711 prohibuit.
3734 2645 3968 2715 Ideoque

2387 2724 2574 2779 Petrus
2603 2742 2707 2781 non
2755 2729 2914 2782 modo
2943 2745 3047 2783 non
3095 2732 3362 2786 erubescit
3403 2733 3469 2786 de
3507 2745 3846 2804 paupertate.
3871 2737 3968 2791 sed

2385 2817 2544 2869 etiam
2571 2817 2638 2871 de
2667 2818 2752 2871 illa
2774 2819 3030 2888 gloriatur
3060 2819 3142 2873 his
3169 2822 3343 2876 verbis
3377 2837 3388 2875 :
3417 2825 3691 2894 Argentum
3710 2837 3757 2878 et
3783 2842 3970 2879 aurum

2389 2924 2486 2961 non
2513 2918 2582 2962 est
2609 2909 2732 2961 mihi
2752 2927 2768 2973 ;
2809 2911 2942 2978 quod
2970 2923 3135 2965 autem
3165 2913 3341 2980 habeo,
3385 2917 3478 2968 hoc
3521 2916 3609 2969 tibi
3633 2917 3701 2971 do
3730 2916 3882 2989 (Act.
3913 2919 3968 2973 5.

2389 2997 2464 3066 6).
2502 2998 2632 3065 Quis
2680 3009 2912 3055 vestrum
2965 3004 3126 3056 nollet
3148 3005 3197 3057 iu
3247 3006 3380 3060 hanc
3425 3021 3708 3077 erumpere
3742 3009 3970 3064 vocem!

2388 3087 2585 3144 Omnes
2613 3090 2810 3161 utique,
2834 3092 2973 3147 dicet
3002 3092 3136 3149 forte
3155 3095 3436 3165 quispiam.
3465 3097 3606 3167 Ergo
3644 3099 3850 3168 projicc
3886 3116 3974 3153 ar-

2389 3191 2624 3248 gentum,
2674 3184 2872 3251 projicc
2921 3200 3128 3239 aurum.
3180 3187 3242 3242 Et
3290 3189 3335 3241 si
3385 3189 3681 3258 proiecero,
3738 3192 3974 3260 inquies,

2391 3286 2754 3338 conscquarne
2782 3274 2920 3330 Petri
2955 3278 3286 3345 potentiam?
3311 3278 3412 3333 Sed
3444 3279 3566 3348 quid
3587 3323 3600 3346 ,
3634 3295 3843 3350 qua-so,
3869 3282 3974 3338 Pe-

2393 3371 2533 3417 trum
2554 3364 2761 3418 beatum
2785 3364 2997 3420 effecit?
3028 3383 3091 3421 an
3119 3369 3255 3438 quod
3294 3368 3539 3423 claudum
3567 3373 3844 3425 erexerit?
3877 3372 3977 3425 Μῖ-

2396 3453 2535 3507 nime
2572 3474 2582 3507 :
2609 3455 2703 3510 sed
2745 3457 2883 3526 quod
2910 3473 3093 3512 aurum
3121 3475 3224 3513 non
3250 3460 3513 3527 habuerit,
3541 3461 3644 3517 hoc
3665 3463 3737 3517 illi
3777 3464 3979 3518 corium

2393 3546 2709 3600 conciliavit.
2747 3547 2822 3602 Ex
2871 3549 2935 3604 iis
2974 3551 3148 3615 enim,
3197 3550 3289 3620 qui
3332 3552 3477 3622 signa
3530 3553 3787 3618 fecerunt,
3823 3555 3980 3608 mulli

2394 3635 2692 3690 inciderunt
2721 3638 2770 3692 in
2797 3639 3097 3708 gehennam
3129 3658 3140 3693 :
3172 3643 3259 3710 qui
3287 3657 3413 3697 vero
3441 3643 3554 3699 haec
3583 3643 3851 3709 fecerunt,
3892 3662 3981 3701 re-

2394 3741 2554 3795 gnum
2579 3737 2699 3781 sunt
2743 3732 3077 3799 consequuti.
3124 3731 3191 3786 Et
3216 3733 3316 3787 hoc
3353 3732 3421 3787 ab
3456 3733 3570 3803 ipso
3600 3733 3757 3790 Petro
3782 3736 3979 3793 disce:

2394 3817 2500 3872 duo
2526 3820 2665 3873 enim
2697 3821 2827 3875 dixit
2857 3839 2870 3874 :
2897 3822 3166 3894 Argentum
3191 3834 3237 3877 et
3265 3841 3446 3878 aurum
3471 3844 3571 3880 non
3607 3837 3678 3882 est
3706 3828 3838 3881 mihi
3855 3847 3874 3893 ;
3906 3840 3981 3895 et,

2396 3909 2459 3965 In
2482 3913 2680 3967 nomine
2701 3914 2825 3967 Jesu
2847 3912 3034 3969 Christi
3059 3932 3210 3986 surge
3233 3926 3279 3971 et
3299 3917 3522 3972 ambula.
3560 3918 3744 3974 Utrum
3775 3921 3983 3976 horum

2399 4001 2520 4056 fecit
2548 4003 2692 4056 illum
2743 4003 2952 4059 beatum
3009 4016 3062 4060 et
3115 4009 3484 4076 co'nSpicuum,
3534 4010 3672 4079 quod
3718 4010 3983 4067 claudum

2396 4094 2642 4157 erexerit,
2668 4109 2734 4146 an
2757 4093 2896 4163 quod
2940 4095 3188 4164 pecunias
3235 4097 3557 4167 projecerit?
3597 4098 3718 4154 Huic
3759 4099 3836 4154 ab
3869 4103 3987 4170 ipso

2395 4184 2711 4253 agouotheta
2754 4185 2917 4239 disce.
2949 4183 3083 4253 Quid
3114 4201 3241 4256 ergo
3264 4190 3340 4241 ait
3383 4186 3471 4242 ille
3518 4188 3665 4242 diviti
3705 4194 3984 4257 mur-renti

2396 4275 2552 4326 vitam
2600 4276 2898 4329 a-ternatn?
2950 4275 3064 4330 Non
3111 4276 3281 4342 dixit,
3339 4276 3569 4332 Claudos
3614 4279 3794 4348 erige;
3862 4284 3982 4348 sed,

2406 4365 2570 4419 l’cnde
2597 4369 2888 4438 qtae/tabes,
2913 4377 2959 4422 et
2981 4367 3048 4421 da
3072 4369 3390 4438 pauperibus,
3420 4378 3466 4423 et
3495 4372 3618 4428 veni.
3636 4388 3847 4437 sequere
3873 4390 3986 4428 me:

2398 4468 2441 4510 et
2469 4459 2667 4511 habebis
2688 4459 2973 4513 thesaurum
2994 4460 3046 4512 in
3072 4460 3248 4528 οωιὶδ(
3275 4457 3398 4512 Luc.
3430 4459 3516 4515 18.
3540 4460 3628 4514 22.
3674 4459 3852 4517 Μαι-ε.
3891 4464 3983 4519 10.

2395 4552 2507 4621 21).
2539 4551 2605 4605 Ει
2635 4551 2821 4606 Petrus
2844 4565 3051 4605 rursum
3081 4567 3184 4607 non
3208 4550 3359 4617 dixit,
3393 4551 3532 4608 Ecce
3553 4553 3603 4607 in
3631 4554 3858 4610 nomine
3891 4568 3985 4611 tuo

2397 4641 2652 4695 daemonia
2681 4641 2941 4708 ejicimus,
2971 4641 3174 4695 etiamsi
3197 4641 3446 4711 ejiceret;
3480 4643 3596 4707 sed,
3618 4642 3750 4699 Ecce
3775 4649 3986 4717 reliqui-

2397 4747 2508 4783 mus
2538 4731 2724 4795 omnia,
2755 4740 2798 4783 et
2838 4733 3032 4796 sequuti
3066 4748 3238 4786 sumus
3263 4743 3346 4796 te;
3387 4733 3508 4799 quid
3545 4751 3660 4804 ergo
3706 4737 3801 4790 en't
3837 4741 3988 4795 notis

2397 4819 2605 4890 (Matth.
2637 4821 2724 4875 19.
2749 4819 2879 4890 27)?
2899 4819 3142 4876 Christus
3170 4837 3296 4876 vero
3320 4821 3443 4878 huic
3474 4825 3800 4894 respondens
3828 4870 3845 4896 ,
3876 4845 3986 4886 nou

2396 4912 2550 4979 dixit,
2578 4912 2632 4967 Si
2663 4914 2780 4981 quis
2806 4913 3048 4967 claudum
3087 4915 3350 4977 erexerit;
3399 4916 3513 4980 sed,
3551 4917 3879 4988 Quicumque
3904 4939 3986 4977 re-

2397 5004 2596 5071 liquerit
2627 5003 2800 5056 domos
2825 5014 2872 5055 et
2899 5019 3045 5073 agros
3076 5013 3278 5072 propter
3299 5014 3441 5057 meet
3463 5003 3832 5078 Et'anqefium,
3859 5028 3980 5063 cen—

2398 5094 2591 5163 tuplum
2617 5095 2820 5162 arripiet
2848 5095 2897 5146 in
2925 5094 3017 5146 hoc
3046 5095 3252 5157 alecula,
3279 5105 3324 5148 et
3358 5096 3506 5147 eitum
3533 5104 3777 5150 (uernam
3807 5103 3984 5167 paui-

2396 5185 2702 5251 dcbitUbid.
2729 5201 2775 5237 υ.
2803 5184 2914 5255 99).
2945 5184 3007 5238 Et
3029 5201 3125 5238 nos
3158 5201 3368 5254 quoque
3399 5187 3539 5241 hunc
3577 5187 3884 5254 imitemur,
3929 5206 3986 5248 ut

2397 5292 2500 5328 non
2532 5273 2947 5340 confundantur;
2980 5275 3070 5329 sed
3113 5290 3230 5328 eum
3269 5276 3459 5330 fiducia
3497 5275 3772 5332 adstemus
3804 5283 3984 5338 tribu-

2398 5367 2500 5420 nali
2527 5366 2743 5427 Cltristi,
2771 5367 3022 5435 illumque
3051 5367 3377 5419 attrahamus
3409 5374 3463 5418 nt
3487 5367 3555 5420 sit
3583 5367 3896 5433 nobiscum,
3930 5387 3985 5430 ut

2393 5465 2587 5511 etcum
2609 5454 2891 5524 discipulis
2917 5455 3016 5509 fttit
3040 5455 3174 5522 ;erit
3199 5455 3340 5508 enim
3372 5454 3654 5510 nobiscum
3679 5455 3832 5512 sicut
3854 5473 3984 5513 eum

2394 5548 2504 5601 illis
2536 5545 2713 5610 fuit,si
2737 5548 2856 5600 illos
2879 5547 3078 5600 imitari
3095 5546 3348 5609 velimus,
3370 5546 3699 5616 illorumque
3716 5548 3899 5603 vitam
3926 5559 3979 5603 et

2394 5637 2704 5691 institutum
2751 5635 3015 5689 aemulari.
3057 5634 3260 5689 llorutn
3304 5652 3466 5690 causa
3508 5636 3646 5691 Deus
3679 5650 3981 5693 commtet

2399 5728 2673 5797 praedicat,
2712 5745 2815 5780 ttott
2858 5729 3078 5797 exigens
3115 5739 3170 5779 ιιι
3209 5730 3727 5785 mortutunsuscitcs
3745 5739 3800 5784 et
3823 5729 3984 5786 clau-
