4028 6152
1418 635 1832 726 SANCTl
1915 631 2339 723 PATRIS
2409 628 2849 723 NOSTRI

632 944 1693 1131 JOANNIS
1849 934 3651 1124 CHRYSOSTOMI

1519 1348 1991 1396 ARCHIEPISCOPI
2034 1345 2768 1395 CONSTANTINOPOLITANI

1054 1583 1694 1651 COMMENTARIUS
1753 1582 1837 1643 IN
1898 1582 1960 1645 S.
2024 1580 2520 1645 MATTHJEUM
2581 1579 3231 1646 EVANGELISTAM.

2012 1867 2272 1885 —

1615 2036 1956 2099 HOMILIA
2006 2034 2196 2096 XLV.
2242 2033 2325 2095 al.
2375 2032 2590 2094 XLVI.

504 2276 636 2331 Cn.
671 2275 756 2331 15.
788 2289 843 2328 ν.
885 2271 972 2328 1ο.
1015 2268 1082 2323 Et
1125 2267 1413 2322 accedentes
1451 2262 1690 2333 discipuli
1728 2260 1963 2316 dixerunt
2001 2271 2084 2312 et:

584 2369 756 2436 Quare
775 2367 825 2419 in
849 2363 1106 2435 parabolis
1130 2359 1351 2430 loqueris
1375 2358 1445 2412 eis
1459 2359 1485 2412 ?
1541 2356 1630 2411 11.
1672 2352 1793 2425 Ipse
1813 2361 1981 2407 autem
1998 2364 2086 2406 re-

573 2458 826 2528 spondens
841 2455 968 2509 dixit
990 2455 1098 2508 eis:
1121 2452 1255 2517 Quia
1280 2448 1414 2504 vobis
1440 2448 1616 2501 datum
1635 2455 1707 2500 est
1734 2460 1881 2499 nosse
1901 2452 2087 2514 myste-

572 2553 654 2605 ria
702 2549 844 2619 regni
879 2547 1142 2612 caelorum,
1173 2543 1276 2597 illis
1304 2551 1471 2595 autem
1497 2556 1597 2593 non
1619 2538 1793 2592 datum
1813 2546 1908 2592 est.

574 2642 628 2697 1.
673 2639 1053 2710 Discipulorum
1108 2633 1378 2705 prudentia
1409 2640 1453 2686 et
1489 2631 1694 2684 caritas.
1723 2627 1958 2682 Liberum
1996 2642 2084 2680 ar-

503 2734 707 2789 bitrium
735 2749 824 2804 per
842 2730 1058 2801 gratiam
1082 2744 1184 2782 non
1205 2726 1419 2781 tollitur.
1465 2754 1537 2766 —
1576 2721 1703 2778 Jure
1754 2721 2086 2776 admiremur

502 2825 811 2896 discipulos,
834 2822 973 2894 quod
997 2820 1235 2877 discendi
1264 2817 1460 2889 cupidi,
1493 2817 1664 2872 sciant
1683 2814 1894 2885 quando
1919 2815 2084 2867 inter-

502 2917 796 2990 rogandum
831 2916 920 2971 sit.
960 2914 1077 2969 Non
1104 2914 1245 2968 enim
1269 2909 1518 2966 omnibus
1547 2905 1901 2978 prmsentibus
1926 2904 1976 2958 id
2008 2903 2084 2956 la-

500 3013 678 3068 eiunt:
720 3007 865 3080 quod
894 3006 1173 3062 Mattbaaus
1199 3004 1268 3058 ita
1297 3000 1644 3074 signiﬁcavit:
1681 2999 1743 3053 Et
1768 2996 2076 3052 accedentes.

501 3085 615 3157 lloc
663 3113 825 3170 porro
853 3112 957 3152 non
993 3111 1056 3151 ex
1098 3093 1401 3164 conjectura
1418 3091 1571 3146 dico:
1623 3089 1828 3144 Marcus
1857 3087 1998 3142 enim
2030 3086 2080 3141 id

500 3193 698 3247 clarius
726 3188 995 3252 indicavit,
1021 3202 1144 3242 cum
1172 3185 1248 3243 ait
1290 3185 1435 3256 ipsos
1460 3182 1684 3237 seorsim
1711 3180 1778 3235 ad
1798 3180 1945 3234 illum
1985 3193 2073 3232 ac-

499 3282 728 3338 cessisse
754 3279 948 3349 (Blarc.
976 3277 1029 3332 ι.
1059 3276 1175 3340 1ο).
1222 3274 1311 3330 Sic
1337 3284 1390 3329 ct
1416 3282 1639 3328 matrem
1667 3281 1721 3326 ct
1747 3269 1937 3324 fratres
1962 3269 2081 3337 ejus

499 3372 681 3427 facere
706 3368 964 3433 decebat,
996 3381 1103 3420 non
1134 3379 1323 3420 vocare
1362 3363 1524 3429 foras,
1553 3369 1610 3416 et
1636 3374 1757 3415 sese
1787 3368 2076 3414 ostentare.

501 3462 779 3533 Perpende
799 3470 975 3516 autem
1006 3458 1280 3514 caritatem
1311 3457 1572 3526 ipsorum,
1600 3462 1850 3524 quantam
1877 3453 2082 3508 scilicet

497 3558 724 3613 aliorum
750 3569 931 3610 curam
961 3559 1167 3622 gerant,
1195 3565 1257 3605 ac
1280 3549 1427 3619 prius
1443 3563 1561 3617 qua:
1578 3546 1643 3601 ad
1670 3546 1791 3601 illos
1809 3546 2077 3617 pertinent

497 3653 764 3715 qumrant,
794 3641 989 3698 deinde
1014 3655 1130 3696 sua.
1163 3638 1286 3706 Cur,
1314 3638 1593 3707 inquiunt,
1637 3637 1689 3690 in
1711 3634 1964 3707 parabolis
1993 3633 2073 3688 lo—

496 3737 664 3808 queris
692 3735 760 3790 ad
781 3734 903 3789 eos?
924 3734 1040 3789 Non
1065 3732 1333 3798 dixerunt,
1374 3730 1484 3785 Cur
1514 3730 1565 3783 in
1599 3728 1861 3799 parabolis
1890 3727 2073 3796 loquea

496 3828 572 3884 ris
596 3829 792 3884 nobis?
831 3827 959 3881 Nam
987 3834 1042 3882 et
1068 3825 1193 3880 alibi
1215 3839 1358 3895 stepe
1377 3823 1624 3878 videntur
1655 3820 1794 3877 bono
1825 3836 1946 3875 esse
1973 3835 2062 3875 er-

495 3936 560 3991 ga
580 3932 765 3974 omnes
789 3917 977 3973 all'ectu
1003 3934 1018 3984 ;
1047 3925 1107 3974 ut
1133 3931 1252 3973 cum
1274 3915 1479 3979 dicunt,
1510 3914 1717 3969 Dimitte
1749 3912 1918 3967 turbas
1943 3927 1964 3975 ;
1991 3920 2068 3976 et,

492 4010 606 4066 Scis
624 4007 758 4080 quod
778 4008 1124 4062 scandalizati
1144 4008 1244 4060 sint
1270 4005 1415 4076 (Luc.
1436 4007 1487 4057 9.
1516 4003 1600 4056 12.
1620 4001 1807 4055 Matth.
1838 4001 2056 4069 15.12).

494 4099 636 4168 Quid
690 4114 819 4168 ergo
864 4098 1149 4154 Christus?
1200 4095 1339 4161 Quia
1385 4094 1522 4149 vobis
1558 4094 1742 4146 datum
1793 4102 1867 4146 est
1913 4108 2061 4145 nosse

499 4190 806 4260 mysterium
838 4190 980 4259 regni
1015 4189 1257 4242 celerum
1281 4203 1300 4242 :
1322 4187 1427 4240 illis
1451 4195 1627 4238 autem
1648 4185 1831 4237 datum
1855 4198 1959 4236 non
1985 4192 2075 4237 est.

491 4278 628 4335 Illud
659 4289 835 4333 autem
857 4276 1010 4342 dixit,
1037 4290 1144 4329 non
1170 4274 1543 4329 necessitatem
1563 4271 1820 4325 inducens
1842 4309 1858 4334 ,
1898 4283 2071 4339 neque

488 4378 693 4426 sortem
722 4366 1005 4437 quamdam
1034 4375 1237 4420 temere
1262 4373 1317 4419 ct
1335 4363 1650 4432 simpliciter
1671 4362 1886 4417 missam
1910 4376 1925 4424 ;
1973 4358 2067 4413 sed

487 4458 781 4516 ostendens
801 4456 946 4526 ipsos
974 4457 1073 4511 sibi
1100 4470 1314 4510 causam
1335 4467 1458 4508 esse
1478 4449 1787 4521 malorum',
1810 4458 1869 4505 ut
1890 4448 2069 4503 decla-

488 4558 593 4613 ret,
625 4548 825 4603 donum
851 4546 981 4602 illud
1007 4561 1164 4611 esse,
1206 4553 1261 4599 et
1304 4545 1529 4615 gratiam
1586 4557 1815 4612 superne
1865 4541 2063 4596 datam.

486 4637 672 4709 Neque
689 4645 867 4692 tamen
887 4636 1009 4706 quia
1037 4634 1238 4689 donum
1252 4643 1354 4699 est,
1386 4632 1507 4687 ideo
1531 4632 1759 4687 liberum
1785 4629 2062 4685 arbitrium

485 4738 571 4785 est
595 4726 895 4784 sublatum:
926 4725 977 4781 id
995 4723 1136 4795 quod
1156 4739 1221 4779 ex
1237 4724 1581 4793 sequentibus
1604 4721 1940 4776 manifestum
1961 4730 2062 4776 est.

488 4819 626 4875 Vide
654 4819 814 4889 igitur
840 4816 1148 4889 quomodo,
1179 4825 1237 4870 ut
1279 4829 1451 4885 neque
1495 4814 1569 4869 illi
1613 4814 1918 4881 desperent,
1970 4826 2065 4867 ne-

485 4925 593 4980 que
620 4909 676 4965 bi
702 4909 1030 4980 negligenter
1053 4917 1234 4978 agant,
1253 4906 1531 4961 audientes
1562 4905 1688 4960 illud
1712 4904 1896 4960 datum
1917 4918 2059 4970 esse,

483 5013 651 5070 penes
675 5014 774 5053 nos
802 5012 923 5054 esse
946 4997 1155 5053 initium
1184 4996 1345 5053 dicat.
1376 4997 1462 5053 l2.
1497 4996 1808 5067 Quicumque
1822 4997 1952 5051 enim
1970 4996 2063 5049 ha-

481 5088 583 5155 bet,
612 5086 817 5142 dabitur
837 5086 884 5141 ei
908 5127 924 5152 ,
972 5096 1021 5141 et
1066 5085 1377 5142 abundabit:
1418 5087 1715 5157 quicumque
1757 5097 1922 5140 autem
1961 5102 2062 5140 non

483 5181 653 5248 habet,
677 5188 722 5234 et
763 5178 900 5246 quod
940 5178 1139 5233 videtur
1172 5177 1352 5233 habere
1382 5182 1637 5249 auferetur
1665 5178 1728 5231 ab
1766 5195 1842 5232 eo.
1900 5177 2060 5232 Multo

481 5270 811 5327 obscuritate
865 5270 1077 5341 plenum
1109 5279 1193 5325 est
1222 5268 1272 5325 id
1294 5270 1434 5340 quod
1463 5269 1657 5324 dicitur
1676 5311 1693 5335 ,
1717 5268 2064 5323 ineffabilem-

483 5378 588 5431 que
606 5361 864 5432 justitiam
896 5361 1150 5418 ostendit.
1180 5360 1297 5418 Hoc
1322 5369 1501 5417 autem
1529 5360 1791 5432 signiﬁcat
1818 5375 1834 5411 :
1886 5359 1946 5413 Ei
1970 5358 2058 5428 qui
2102 5362 2122 5367 "

544 5538 558 5568 ι
596 5534 904 5603 Αιιῌιδὶοθιιι,
928 5535 1016 5588 sed
1038 5536 1287 5603 ostertdens
1308 5535 1436 5601 ipsos
1457 5536 1549 5590 sibi
1569 5535 1685 5603 ipsis
1707 5549 1800 5590 non
1818 5534 2061 5589 attenden-

475 5604 548 5649 tes
565 5596 774 5649 omnium
798 5608 898 5650 esse
921 5612 1117 5651 omni
1138 5596 1391 5650 malorum.

2201 2253 2468 2313 desiderio
2488 2268 2535 2313 et
2560 2259 2735 2313 studio
2757 2259 2943 2329 plenus
2968 2269 3070 2325 est,
3094 2261 3360 2319 dabuntur
3381 2281 3410 2320 a
3440 2267 3547 2322 Deo
3564 2270 3778 2325 omnia:

2196 2348 2246 2403 ei
2288 2363 2420 2404 vero
2446 2349 2535 2420 qui
2562 2348 2647 2405 his
2675 2365 2871 2408 vacuus
2900 2362 3020 2419 est,
3073 2369 3173 2409 nec
3222 2370 3284 2410 ea
3332 2372 3449 2426 quae
3490 2375 3656 2429 penes
3710 2377 3778 2417 se

2195 2446 2321 2493 sunt
2347 2437 2507 2505 facit,
2556 2455 2729 2511 neque
2754 2456 2817 2496 ea
2847 2457 2966 2512 qua:
2995 2459 3022 2495 a
3058 2444 3168 2498 Deo
3192 2454 3315 2500 sunt
3362 2446 3628 2505 dabuntur
3673 2451 3774 2506 illi.

2195 2529 2346 2595 Nam,
2396 2530 2463 2585 Et
2498 2532 2634 2600 quod
2660 2534 2850 2588 videtur
2878 2535 3078 2602 habere,
3100 2536 3290 2607 inquit,
3315 2543 3574 2609 auferetur
3592 2543 3656 2595 ab
3676 2558 3734 2596 eo
3754 2560 3779 2598 :

2195 2638 2301 2676 non
2331 2623 2440 2677 Deo
2465 2623 2763 2691 auferente,
2785 2627 2878 2681 sed
2900 2642 2994 2681 sua
3022 2642 3126 2683 non
3146 2632 3436 2699 praebente.
3464 2632 3576 2687 Hoc
3594 2644 3648 2688 et
3671 2650 3775 2691 nos

2193 2713 2447 2770 facimus:
2483 2732 2604 2771 cum
2628 2717 2865 2773 videmus
2887 2720 3168 2789 quemdam
3190 2723 3422 2792 segniter
3444 2724 3777 2794 audientem,

2193 2817 2247 2862 et
2264 2809 2478 2864 monitis
2501 2809 2683 2865 multis
2709 2827 2812 2865 non
2834 2812 3213 2879 attendentem,
3244 2817 3463 2871 silemus
3493 2817 3774 2890 deinceps.

2191 2900 2322 2956 Nam
2348 2901 2390 2956 si
2420 2917 2641 2959 monere
2691 2919 3007 2975 pergamus,
3048 2921 3270 2978 augetur
3293 2911 3564 2979 segnities.
3612 2913 3777 2982 Cupi-

2190 2993 2316 3049 dum
2338 3003 2514 3050 autem
2541 2996 2781 3051 discendi
2802 2998 3138 3064 attrahimus,
3166 3001 3439 3072 multaque
3468 3006 3629 3060 verba
3653 3005 3776 3061 fun-

2192 3087 2389 3143 dimus.
2419 3089 2649 3144 Pulchre
2669 3105 2796 3146 vero
2818 3092 2968 3156 dixit,
2996 3092 3061 3147 Et
3086 3095 3221 3165 quod
3238 3096 3432 3150 videtur
3448 3098 3646 3152 habere.
3665 3099 3776 3154 Ne-

2189 3197 2294 3250 que
2316 3183 2453 3235 enim
2480 3181 2581 3237 hoc
2602 3183 2772 3252 ipsum
2795 3184 2974 3240 habet.
3010 3187 3212 3242 Deinde
3240 3188 3353 3244 hazc
3372 3190 3599 3245 clariora
3646 3192 3771 3247 elli-

2189 3272 2262 3325 cit
2287 3313 2300 3334 ,
2333 3272 2621 3326 ostendens
2657 3274 2780 3341 quid
2799 3276 2866 3329 sit
2884 3275 3033 3342 illud,
3055 3276 3277 3332 Habenti
3297 3279 3517 3346 dabitur,
3549 3280 3631 3335 his
3652 3299 3774 3336 ver-

2189 3362 2305 3417 bis:
2349 3362 2422 3415 Ab
2449 3380 2506 3416 eo
2531 3375 2698 3418 autem
2718 3367 2806 3435 qui
2827 3383 2925 3421 non
2942 3367 3105 3429 habet,
3132 3378 3177 3423 et
3205 3371 3342 3439 quod
3370 3372 3566 3426 videtur
3586 3372 3774 3429 habere

2187 3459 2444 3525 auferetur
2463 3455 2524 3509 ab
2553 3473 2629 3510 eo.
2664 3458 2748 3511 15.
2776 3456 2900 3511 Ideo
2919 3500 2933 3522 ,
2963 3459 3130 3529 inquit
3155 3502 3169 3525 ,
3196 3461 3250 3515 in
3285 3461 3543 3532 parabolis
3591 3464 3774 3534 loquor

2186 3544 2346 3613 ipsis,
2393 3545 2511 3614 quia
2531 3546 2749 3600 videntes
2772 3564 2873 3602 non
2894 3549 3077 3602 vident.
3112 3549 3271 3620 Atqui
3322 3551 3596 3621 aperiendi
3623 3594 3637 3617 ,
3687 3554 3772 3608 iu-

2184 3639 2353 3709 quies,
2387 3639 2620 3709 ipsorum
2650 3639 2788 3694 oculi
2814 3650 2984 3705 erant,
3016 3642 3061 3696 si
3085 3658 3187 3696 non
3207 3643 3440 3698 videant.
3473 3644 3670 3701 Verum
3720 3649 3768 3703 si

2184 3743 2248 3783 cx
2266 3737 2451 3783 natura
2472 3729 2831 3793 cmcitaserat,
2878 3733 3086 3801 aperire
3130 3734 3445 3802 Oportebat;
3472 3735 3594 3804 quia
3637 3751 3768 3791 vero

2181 3821 2474 3876 voluntaria
2502 3821 2733 3889 caecitas,
2754 3821 2874 3877 ideo
2895 3838 2999 3877 non
3030 3823 3340 3892 simpliciter
3360 3824 3517 3879 dixit.
3542 3823 3659 3879 Non
3688 3826 3767 3879 vi-

2181 3910 2328 3977 dent;
2352 3912 2468 3976 scd,
2496 3909 2732 3966 Videntes
2752 3929 2853 3966 non
2872 3912 3062 3976 vident;
3085 3914 3154 3967 ita
3173 3920 3305 3968 utex
3325 3928 3509 3967 eorum
3526 3915 3762 3984 nequitia

2179 4002 2391 4058 carcitas
2413 4003 2502 4058 sit.
2536 4002 2789 4059 Viderant
2805 4007 2945 4058 enim
2962 4004 3234 4059 daemonas
3254 4018 3522 4073 egressos,
3545 4014 3601 4060 et
3619 4005 3764 4061 dice-

2180 4095 2338 4151 bant:
2361 4095 2383 4148 l
2392 4114 2423 4148 η
2439 4095 2707 4151 Beelzebub
2734 4098 2958 4167 principe
2982 4096 3344 4150 daemoniorum
3359 4096 3760 4165 ejicitdwmonia

2181 4188 2394 4258 (Matth.
2422 4188 2474 4245 9.
2495 4187 2608 4257 5i).
2628 4188 2919 4243 Audierant
2939 4187 3085 4241 illum
3101 4187 3244 4257 ipsos
3259 4188 3369 4243 Deo
3380 4188 3755 4256 adducentem,

2179 4287 2234 4333 ct
2248 4293 2366 4333 cum
2386 4278 2498 4332 Deo
2512 4292 2756 4348 magnum
2769 4291 3087 4331 consensum
3105 4276 3464 4339 exhibentem,
3482 4289 3537 4332 et
3551 4278 3760 4337 dicunt:

2181 4367 2281 4422 Hic
2300 4384 2400 4421 non
2421 4377 2491 4421 est
2516 4385 2579 4422 ea:
2602 4368 2725 4422 Deo.
2748 4368 2881 4445 Quia
2905 4368 3065 4437 igitur
3081 4368 3345 4422 contraria
3364 4375 3420 4423 et
3436 4368 3561 4423 visis
3587 4377 3643 4423 et
3662 4384 3761 4423 au-

2178 4459 2302 4514 ditis
2328 4457 3084 4528 exhibebant,ldeo,inquit,ct
3101 4458 3270 4513 visum
3293 4467 3345 4514 ct
3361 4459 3600 4514 auditum
3627 4460 3762 4530 ipsis

2177 4550 2378 4604 aufero.
2407 4547 2547 4602 Nihil
2568 4549 2710 4603 enim
2739 4548 2865 4603 hinc
2903 4548 3007 4602 illis
3034 4547 3151 4617 plus
3165 4547 3391 4614 accedit,
3435 4549 3537 4603 nisi
3585 4550 3760 4618 major

2176 4638 2468 4694 damnatio.
2490 4637 2605 4693 Non
2634 4637 2793 4693 modo
2819 4638 2963 4692 enim
2991 4652 3095 4691 non
3119 4637 3410 4693 credebant
3436 4679 3451 4704 ,
3480 4637 3575 4693 sed
3593 4639 3755 4693 etiam

2175 4731 2539 4801 increpabant,
2563 4729 2916 4795 accusabant,
2950 4728 3171 4783 insidias
3227 4729 3524 4784 struebant.
3558 4728 3755 4784 Verum

2171 4837 2280 4878 non
2311 4821 2415 4877 hoc
2445 4820 2602 4886 dicit;
2644 4835 2750 4874 non
2788 4820 2900 4874 vult
2948 4819 3092 4874 enim
3142 4833 3402 4873 onerosus
3448 4819 3759 4874 accusando

2173 4928 2318 4971 esse.
2346 4912 2499 4967 Initio
2520 4913 2714 4981 quippe
2751 4926 2855 4965 non
2879 4910 2957 4965 sic
2984 4924 3104 4966 cum
3137 4909 3243 4965 illis
3281 4909 3613 4974 disserebat,
3654 4910 3751 4964 sed

2171 5021 2293 5061 cum
2324 5019 2512 5074 magna
2540 5001 2952 5072 perspicuitate:
2999 5000 3120 5070 quia
3166 5015 3293 5053 vero
3322 5014 3441 5055 sese
3470 5008 3754 5069 perverte-

2172 5096 2319 5160 bant,
2345 5096 2398 5149 in
2427 5092 2692 5165 parabolis
2722 5091 2936 5145 demum
2994 5090 3249 5159 loquitur.
3299 5088 3501 5143 Deinde
3535 5103 3603 5142 ne
3631 5089 3760 5156 quis

2172 5195 2386 5258 putaret
2413 5185 2528 5240 lucc
2572 5199 2665 5254 per
2689 5182 3009 5238 calumniam
3048 5181 3182 5243 dici,
3228 5195 3325 5236 nec
3350 5179 3589 5234 dicereut
3635 5178 3709 5233 illi
3740 5198 3757 5234 :

2171 5279 2421 5335 Inimicus
2446 5286 2628 5332 noster
2653 5283 2737 5331 est
2764 5276 2808 5329 is
2838 5276 2928 5343 qui
2959 5273 3290 5337 criminatur,
3319 5271 3629 5342 prophetam
3658 5271 3760 5325 ad-

2172 5372 2317 5429 ducit
2337 5372 2523 5428 eadcm
2549 5371 2658 5439 ipsn
2689 5368 3070 5438 proferentem.
3119 5366 3206 5419 li.
3238 5363 3492 5434 Implelur
3516 5363 3653 5417 enim
3698 5365 3758 5416 in

2171 5470 2315 5540 ipsis,
2351 5466 2540 5537 inquit,
2570 5462 2837 5534 prophetia
2861 5460 3016 5514 Isaite
3035 5459 3206 5512 dicens
3232 5474 3247 5510 :
3275 5457 3463 5510 Audita
3487 5454 3709 5507 audietis
3736 5495 3755 5516 .

2171 5573 2215 5618 ct
2256 5577 2357 5616 non
2404 5555 2728 5624 intellgetis;
2754 5563 2800 5607 ct
2826 5552 2936 5607 visu
2978 5549 3293 5622 percipiatis,
3326 5557 3495 5600 etnon
3522 5541 3762 5597 videbitis
