4028 6152
362 330 461 386 ιτδ

360 449 376 514 ί
409 443 532 496 Isai.
559 439 612 494 6.
632 439 666 494 9
691 438 730 509 ).
761 435 944 492 Viden‘
968 449 1125 506 quam
1153 441 1397 487 accurate
1426 430 1683 501 propheta
1725 437 1944 485 accuset

366 533 528 591 illos?
557 531 738 601 Neque
764 529 905 584 enim
924 527 1037 596 ipse
1063 525 1214 587 dixit,
1243 522 1358 578 Non
1385 522 1577 576 videtis
1601 540 1615 587 ;
1665 521 1760 576 sed
1781 563 1794 584 ,
1860 519 1949 573 Vi-

361 625 559 688 debitis,
589 633 634 676 et
663 638 764 674 non
791 618 1038 674 videbitis'
1067 632 1082 678 ;
1135 630 1307 684 neque
1332 613 1464 668 dixit
1483 655 1498 679 ,
1533 613 1648 668 Non
1670 612 1898 667 audietis
1929 627 1944 676 ;

363 717 455 772 sed
482 758 497 782 ,
540 713 783 776 Audietis,
817 721 863 765 et
903 727 1002 763 non
1035 707 1345 777 intelligetis.
1378 705 1556 774 Quare
1593 705 1692 774 ipsi
1746 705 1949 773 seipsos

367 809 536 880 primo
561 803 926 866 excluserunt,
945 813 1100 853 aures
1125 799 1461 860 obturantes,
1489 797 1677 851 oculos
1698 795 1949 850 clauden-

365 883 465 961 tes,
491 912 584 951 cor
612 894 960 948 obdurantes.
994 890 1109 945 Non
1143 889 1302 943 modo
1323 889 1464 943 enim
1490 905 1592 942 non
1630 887 1946 949 audiebant,

362 990 454 1044 sed
483 997 538 1043 et
572 986 660 1041 15.
688 983 916 1038 Graviter
939 980 1248 1043 audiebant;
1304 978 1462 1048 idque
1491 977 1814 1039 faciebant’,
1868 977 1950 1030 in-

363 1081 514 1153 quit,
551 1077 832 1143 Nequando
859 1083 1235 1137 convertantur,
1281 1079 1328 1124 et
1374 1087 1546 1126 sanem
1597 1086 1720 1134 eos;
1777 1069 1952 1124 inten-

367 1190 479 1228 sam
509 1173 720 1226 illorum
753 1167 1044 1237 nequitiam
1076 1164 1354 1230 indicans,
1383 1161 1793 1218 etaversionem
1839 1170 1951 1215 stu-

369 1267 457 1322 dio
490 1273 749 1334 paratam.

435 1356 490 1408 2.
534 1354 736 1407 Domini
785 1349 1125 1404 misericordia
1170 1349 1223 1402 in
1268 1346 1504 1401 Juda'os.
1552 1344 1823 1399 Peccatum
1854 1360 1955 1399 non

367 1463 429 1500 ea:
449 1454 630 1499 natura
649 1452 741 1503 est,
763 1449 849 1494 aut
879 1457 943 1494 ea;
968 1439 1274 1515 necessitate.
1298 1468 1368 1478 --
1394 1438 1507 1492 Hoc
1523 1445 1700 1491 autem
1721 1435 1868 1497 dicit,
1901 1443 1957 1489 ut

368 1538 488 1592 illos
515 1533 748 1588 attrahat
775 1532 1083 1600 incitctque,
1110 1539 1164 1584 et
1189 1528 1456 1594 ostendat,
1480 1527 1525 1582 si
1550 1534 1953 1590 convertantur,

368 1644 428 1685 se
471 1629 616 1696 ipsos
645 1633 956 1679 sanaturum
989 1635 1110 1676 esse
1140 1637 1154 1674 :
1186 1634 1249 1674 ac
1275 1620 1320 1674 si
1351 1619 1471 1689 quis
1513 1615 1735 1680 diceret,
1779 1613 1958 1669 Noluit

369 1734 456 1774 me
495 1717 699 1782 videre,
732 1724 785 1770 et
813 1712 1040 1784 gratiam
1088 1710 1300 1765 habeo;
1332 1724 1454 1764 nam
1504 1709 1547 1763 si
1579 1723 1666 1762 me
1709 1707 1957 1778 dignatus

373 1811 580 1873 fuisset,
601 1807 780 1860 statim
808 1803 1101 1859 ﬂectendus
1121 1817 1288 1856 eram.
1309 1800 1421 1855 Hoc
1445 1814 1606 1870 porro
1627 1797 1754 1854 dicit
1777 1807 1959 1853 osten-

371 1899 508 1956 dens
537 1895 805 1968 quomodo
831 1893 1206 1950 reconciliatus
1244 1889 1452 1946 fuisset.
1484 1887 1572 1944 Sic
1600 1897 1657 1944 et
1694 1888 1796 1943 hoc
1838 1887 1958 1942 loco

371 1995 488 2048 ait:
526 1988 816 2059 Nequando
855 1994 1229 2051 convertantur,
1260 1991 1308 2037 et
1329 1998 1501 2036 sanem
1522 1997 1605 2036 eos
1623 1995 1643 2046 ;
1671 1977 1961 2034 ostendens

376 2098 544 2155 posse
563 2083 682 2137 illos
705 2079 967 2145 converti,
986 2088 1041 2133 et
1065 2092 1160 2149 per
1186 2074 1552 2146 pmnitentiam
1575 2071 1798 2126 salutem
1825 2084 1963 2125 con~

375 2173 530 2244 sequi
563 2191 578 2227 :
627 2186 792 2241 seque
819 2186 925 2226 non
953 2169 1019 2224 ad
1047 2167 1268 2239 gloriam
1300 2179 1472 2230 suam,
1502 2161 1596 2217 sed
1639 2161 1706 2216 ad
1749 2161 1959 2216 illorum

1333 316 1396 372 lN
1435 315 1843 372 MATTIIA'JUM
1883 315 2112 372 HOMIL.
2157 316 2315 372 XLV.
2357 318 2430 374 al.
2473 319 2654 376 XLVI.

376 2265 606 2320 salutem
650 2261 828 2317 omnia
858 2261 1052 2317 facere.
1103 2258 1160 2314 Si
1202 2257 1344 2314 enim
1375 2254 1634 2310 noluisset
1659 2267 1753 2307 eos
1777 2250 1962 2306 audire

375 2365 432 2412 et
460 2355 692 2419 servari,
726 2355 886 2410 silere
912 2352 1213 2421 Oportebat,
1248 2365 1355 2404 non
1401 2347 1454 2402 in
1486 2344 1754 2417 parabolis
1783 2343 1960 2414 loqui:

375 2462 524 2503 nunc
547 2453 724 2500 autem
751 2445 852 2499 hoc
872 2443 987 2513 ipso
1011 2441 1192 2496 incitat
1209 2439 1348 2505 illos,
1367 2437 1509 2508 quod
1530 2436 1758 2491 obscure
1783 2435 1964 2502 loqua-

379 2548 492 2592 tur.
518 2536 650 2591 Nam
695 2535 835 2589 Deus
879 2551 980 2587 non
1028 2533 1131 2586 vult
1174 2539 1381 2584 mortem
1427 2527 1742 2598 peccatoris;
1779 2524 1866 2578 sed
1913 2531 1966 2577 ut

374 2638 705 2684 convertatur
727 2637 774 2680 et
797 2627 928 2680 vivat
965 2623 1174 2695 (Ezech.
1206 2623 1292 2676 18.
1321 2621 1434 2689 25).
1466 2618 1617 2685 Quod
1644 2627 1818 2671 autem
1847 2630 1972 2684 pec-

375 2731 560 2777 catum
595 2732 699 2773 non
728 2733 790 2772 ex
824 2725 1011 2770 natura
1039 2715 1108 2768 sit
1133 2722 1224 2767 aut
1247 2729 1314 2768 ex
1344 2711 1657 2766 necessitate
1686 2717 1740 2762 et
1769 2706 1972 2761 violen-

378 2816 475 2874 tia.
511 2811 631 2865 audi
658 2809 784 2878 quid
815 2807 1070 2876 apostolis
1101 2805 1241 2859 dicat
1270 2823 1282 2857 :
1318 2803 1404 2858 16.
1451 2800 1610 2854 Vestri
1635 2807 1800 2852 autem
1838 2797 1968 2850 beati

375 2903 545 2969 oculi,
571 2903 690 2970 quia
715 2899 903 2965 vident,
926 2908 970 2951 et
993 2913 1160 2958 aures,
1189 2895 1307 2963 quia
1347 2893 1599 2954 audiunt;
1629 2905 1733 2944 non
1761 2888 1828 2942 de
1854 2887 1972 2942 visu

375 2995 464 3047 vel
522 2990 704 3044 auditu
745 2989 985 3057 corporis
1036 2987 1277 3054 loquens,
1311 2983 1404 3038 sed
1441 2981 1509 3035 de
1545 2981 1661 3034 visu
1698 2988 1750 3032 et
1791 2977 1974 3031 auditu

376 3083 609 3139 tuentis.
652 3082 823 3136 Judaei
851 3079 993 3135 enim
1021 3080 1183 3133 etiam
1230 3076 1283 3130 bi
1311 3082 1482 3138 erant,
1518 3082 1676 3142 atque
1703 3071 1755 3125 in
1787 3068 1974 3124 iisdem

375 3177 602 3232 educati
633 3193 645 3228 :
676 3176 804 3244 ipsis
830 3185 1007 3228 tamen
1037 3171 1167 3226 nihil
1201 3169 1382 3223 nocuit
1405 3165 1703 3235 prophetia,
1727 3164 1845 3232 quia
1877 3160 1975 3215 bo-

377 3283 585 3324 norum
630 3266 864 3320 radicem
899 3263 1164 3318 habebant
1193 3271 1336 3315 recte
1377 3257 1609 3321 insitam,
1651 3254 1977 3326 proiiositum

375 3374 588 3427 nempe
632 3365 689 3410 et
714 3356 1063 3408 voluntatem.
1101 3350 1284 3406 Videu’
1314 3348 1462 3412 illud,
1503 3345 1654 3400 Vobis
1683 3345 1857 3398 datum
1885 3351 1978 3408 est,

377 3466 494 3503 non
532 3446 914 3501 necessitatem
966 3442 1184 3496 inditam
1233 3437 1573 3510 signiﬁcare?
1615 3435 1798 3504 Neque
1837 3432 1979 3488 enim

370 3540 534 3595 beati
571 3536 845 3608 prmdicati
891 3535 1134 3597 fuissent,
1165 3531 1265 3585 nisi
1303 3531 1499 3585 bonum
1527 3527 1651 3582 illud
1676 3541 1810 3595 Opus
1838 3526 1984 3594 ipso-

371 3647 505 3687 rum
537 3627 850 3684 fuisset.Ne
869 3626 1067 3681 dixeris
1097 3626 1262 3689 enim,
1283 3624 1428 3676 illum
1452 3621 1678 3674 obscure
1706 3619 1984 3686 loquutum

369 3721 564 3778 fuisse
593 3737 607 3772 :
645 3727 892 3788 poterant
915 3717 1058 3771 enim
1098 3714 1174 3768 illi
1204 3724 1258 3768 et
1283 3711 1537 3767 accedere
1562 3718 1617 3764 et
1637 3710 1984 3776 interrogare,

368 3810 853 3885 quemadmodum
877 3818 934 3864 et
965 3807 1242 3876 discipuli;
1296 3805 1387 3859 sed
1440 3814 1654 3872 torpore
1699 3817 1763 3856 ac
1814 3798 1989 3870 negli-

366 3906 578 3979 gentia
621 3904 858 3971 correpti
905 3903 1206 3956 noluerunt.
1243 3897 1311 3951 Et
1337 3897 1462 3966 quid
1494 3895 1636 3960 dico,
1665 3891 1991 3948 noluerunt?

369 3998 611 4054 Etenim
641 4006 828 4049 contra
859 3995 1182 4047 nitebantur.
1216 3990 1330 4044 Non
1366 3989 1537 4043 solum
1564 3987 1706 4041 enim
1734 4002 1839 4040 non
1870 4000 1992 4041 cre-

365 4089 601 4144 debant
625 4100 729 4140 nec
748 4084 1052 4146 audiebant,
1072 4081 1164 4136 sed
1183 4081 1340 4134 etiam
1362 4078 1758 4147 impugnabant,
1778 4086 1830 4131 et
1853 4091 1994 4146 a‘gre

362 4179 698 4235 admodum
739 4175 882 4229 dicta
913 4174 1218 4237 audiebant,
1255 4171 1395 4240 quod
1441 4170 1753 4239 prophetam
1797 4167 1997 4221 inducit

361 4281 772 4330 accusantem,
795 4280 914 4320 cum
937 4263 1088 4328 dicit,
1120 4262 1349 4316 Graviter
1373 4261 1663 4313 audierunt.
1691 4259 1760 4312 At
1787 4275 1891 4312 non
1919 4257 1996 4312 illi

361 4363 523 4418 tales
573 4360 845 4412 fuerunt:
891 4363 1214 4424 quapropter
1237 4353 1420 4406 beatos
1459 4350 1669 4404 dicebat
1712 4364 1826 4403 eos.
1878 4347 2000 4401 Alio

355 4466 622 4525 quoque
651 4448 816 4503 modo
839 4446 1122 4502 continuat
1162 4445 1306 4513 ipsos
1333 4443 1415 4496 his
1443 4441 1620 4495 verbis
1653 4457 1667 4492 :
1722 4441 1807 4493 l7.
1841 4439 2000 4492 Amen

355 4548 589 4616 quippe
618 4541 744 4595 dico
769 4539 930 4600 vobis,
948 4537 1094 4592 multi
1121 4537 1379 4606 prop/aeta:
1400 4542 1449 4587 et
1477 4533 1606 4604 justi
1634 4533 1894 4585 voluerunt
1923 4532 2001 4584 vi-

358 4641 502 4691 dere
514 4644 660 4708 qua
674 4649 764 4686 vos
779 4631 1028 4696 videtis,et
1044 4645 1142 4683 non
1159 4629 1460 4690 viderunt,et
1477 4625 1654 4677 audire
1669 4640 1780 4691 quis
1796 4622 2000 4687 auditis,

352 4738 408 4784 et
443 4744 569 4782 non
602 4723 925 4784 audierunt;
957 4733 1150 4788 nempe
1177 4718 1462 4771 adventum
1502 4730 1702 4778 meum,
1726 4712 2000 4776 miracula,

352 4833 612 4882 vocem,
637 4812 962 4868 doctrinam.
1001 4809 1097 4864 Hie
1130 4823 1288 4876 porro
1325 4821 1418 4859 eos
1444 4821 1549 4859 non
1577 4804 1736 4858 modo
1784 4802 2007 4872 perditis

352 4917 492 4969 istis
527 4921 595 4966 et
631 4920 872 4974 nequam
904 4901 1230 4966 hominibus,
1259 4899 1351 4953 sed
1396 4899 1554 4952 etiam
1588 4895 1861 4965 prmclaris
1902 4893 2005 4946 illis

350 4999 724 5072 anteponit,
756 5010 878 5051 cum
906 4993 1034 5049 dicit
1056 5007 1151 5048 eos
1174 4990 1438 5046 beatiores
1469 4989 1572 5042 illis
1598 5003 1718 5042 esse
1737 4987 1759 5038 ?
1781 4985 1885 5040 Cur
1913 5000 2010 5038 au-

351 5111 479 5154 tem
502 5097 532 5150 ‘t
568 5092 736 5161 Quia
788 5104 894 5142 non
942 5085 1102 5140 modo
1131 5099 1250 5154 qua:
1290 5081 1458 5138 Judaei
1499 5096 1604 5133 non
1637 5079 1882 5132 viderunt
1911 5077 2009 5145 ipsi

347 5189 690 5246 videbant,
730 5179 826 5234 sed
855 5179 1017 5232 etiam
1045 5191 1109 5231 ea
1137 5190 1257 5244 qua:
1285 5173 1443 5243 prisci
1477 5172 1550 5225 illi
1588 5169 1772 5224 videre
1808 5182 2011 5222 concu-

348 5288 612 5358 pierant
633 5277 689 5329 ³.
724 5273 804 5326 llli
832 5285 1060 5340 namque
1087 5268 1189 5323 fide
1220 5275 1425 5321 tantum
1450 5263 1728 5325 viderunt;
1757 5261 1810 5313 hi
1838 5270 2013 5313 autem

348 5353 508 5450 ipsis
559 5369 795 5430 oculis,
826 5376 877 5420 et
906 5366 1061 5433 longe
1087 5361 1301 5417 clarius.
1326 5358 1525 5413 Videu’
1573 5353 1840 5426 quomodo
1865 5361 2014 5406 vete-

345 5441 485 5532 rem
525 5470 746 5535 legem
779 5458 968 5510 iterum
1006 5469 1128 5508 cum
1153 5466 1288 5506 nova
1319 5449 1555 5520 c0pulet,
1583 5444 1871 5499 ostendens
1901 5441 2017 5494 illos

423 5609 442 5639 ι
485 5605 671 5652 Forte
700 5586 997 5652 legendum,
1022 5593 1180 5652 neque
1201 5581 1346 5652 _enir_n
1376 5577 1648 5652 ipse
1673 5588 1765 5624 non
1789 5572 1891 5625 risu
1913 5587 2032 5638 pet-

342 5638 625 5734 είρίεὶξζξ
635 5638 1254 5734 gitzggmcimeus,
1279 5649 1324 5692 ct
1347 5638 1440 5690 non
1459 5638 1690 5690 videbitis.
1718 5652 1740 5683 ι

418 5708 626 5782 Titii;
659 5713 832 5776 idque
854 5708 1138 5782 ριρξεξςιαιελΔ

420 5793 445 5826 s
486 5765 631 5842 ῖῖίξό
824 5765 1024 5831 addunt,
1043 5774 1087 5819 rt
1111 5779 1203 5818 non
1227 5765 1459 5817 viderant.

3532 328 3632 384 «ΓΗ

2057 445 2162 507 non
2213 431 2373 520 modo
2423 433 2592 488 futura
2639 433 2856 500 vidisse,
2885 434 2977 489 sed
3009 437 3168 490 etiam
3199 435 3350 492 valde
3377 441 3634 510 concupiv

2052 524 2231 579 visse?
2261 523 2441 594 Neque
2471 526 2517 580 si
2554 526 2712 582 alieni
2739 525 2848 593 dei,
2878 535 2932 581 ct
2974 527 3098 582 huic
3125 528 3379 583 contrarii
3403 529 3638 585 cultores

2055 616 2300 684 fuissent,
2331 617 2383 673 id
2408 617 2821 674 desiderasseut.
2847 618 2934 674 l8.
2963 617 3063 674 Vos
3088 635 3224 686 vero,
3251 619 3440 690 inquit,
3458 621 3638 688 quibus

2053 710 2107 762 id
2134 711 2308 763 datum
2335 719 2425 774 est,
2454 711 2627 765 audite
2651 711 2947 782 parabolam
2990 713 3319 778 seminantis;
3363 722 3418 770 et
3459 724 3641 770 narrat

2053 817 2115 856 ea
2146 819 2264 873 qua:
2311 818 2471 873 supra
2519 804 2774 869 diximus,
2803 805 2872 860 de
2901 805 3125 876 segnitie
3171 814 3225 861 et
3249 806 3544 878 diligentia.
3572 807 3640 864 de

2055 909 2198 951 metu
2225 906 2278 951 et
2309 896 2640 961 fortitudine,
2663 896 2732 952 de
2757 897 2956 952 divitiis
2984 906 3038 951 et
3067 907 3379 968 paupertate
3405 917 3419 954 :
3453 908 3640 954 osten-

2054 986 2188 1041 dens
2201 996 2253 1042 et
2267 986 2516 1042 damnum
2541 985 2664 1042 inde
2681 994 2734 1041 et
2753 986 3034 1041 utilitatem
3054 986 3179 1042 hinc
3203 999 3424 1057 partam.
3443 988 3642 1044 Deinde

2055 1077 2234 1132 varios
2273 1076 2475 1132 inducit
2516 1076 2729 1131 virtutis
2767 1075 2974 1130 modos.
3005 1075 3138 1131 Nam
3182 1077 3487 1134 misericors
3513 1094 3635 1132 cum

2057 1167 2146 1232 sit,
2175 1183 2281 1222 non
2323 1183 2483 1222 unam
2528 1167 2739 1237 aperuit
2766 1167 2938 1234 viam,
2969 1181 3143 1237 neque
3185 1167 3340 1236 dixit,
3373 1167 3484 1222 Nisi
3524 1170 3645 1237 quis

2056 1259 2405 1314 centesimum
2457 1259 2685 1313 fructum
2732 1257 2950 1324 fecerit,
3001 1257 3047 1312 is
3096 1257 3328 1324 decidit;
3382 1257 3498 1325 sed,
3545 1258 3645 1326 Qui

2057 1352 2477 1419 sexagesimum,
2526 1349 2634 1404 imo
2681 1349 2770 1418 qui
2821 1349 3151 1418 trigesimum
3201 1347 3426 1414 fecerit,
3467 1349 3647 1404 salvus

2060 1441 2176 1495 erit.
2214 1439 2347 1495 Illud
2369 1451 2550 1495 autem
2580 1441 2658 1495 sic
2682 1440 2963 1512 disposuit,
2995 1450 3050 1494 ut
3071 1440 3276 1495 facilior
3303 1439 3390 1494 via
3416 1441 3481 1495 ad
3508 1442 3648 1495 salu-

2063 1541 2170 1588 tem
2192 1542 2353 1588 esset.
2375 1532 2440 1586 Et
2467 1541 2520 1586 tu
2545 1548 2672 1602 ergo
2700 1547 2804 1586 non
2836 1540 2988 1602 potes
3018 1533 3373 1603 virginitatem
3397 1533 3648 1588 servare?

2060 1626 2216 1682 Caste
2253 1626 2577 1681 connubinm
2619 1626 2785 1680 ineas.
2817 1624 2932 1680 Non
2967 1633 3115 1694 potes
3143 1640 3265 1680 esse
3291 1625 3406 1680 sine
3434 1639 3652 1696 posses-

2062 1719 2256 1774 sione?
2311 1719 2390 1774 De
2437 1719 2592 1774 bonis
2642 1718 2746 1773 tuis
2791 1719 3004 1787 largire.
3033 1717 3149 1772 Non
3200 1727 3350 1787 potes
3390 1715 3490 1770 hoc
3516 1729 3652 1771 onus

2064 1810 2243 1866 ferre?
2286 1809 2419 1864 Cum
2445 1808 2656 1864 Christo
2684 1810 2821 1864 bona
2857 1809 3053 1864 divide.
3095 1809 3211 1864 Non
3263 1809 3341 1863 vis
3385 1808 3485 1878 ipsi
3522 1807 3652 1862 dare

2065 1904 2283 1957 omnia?
2316 1903 2408 1957 Vel
2441 1901 2738 1967 dimidiam,
2771 1900 2854 1955 vel
2884 1902 3092 1956 tertiam
3124 1909 3329 1968 partem
3360 1899 3504 1954 dato.
3525 1899 3652 1954 Fra-

2065 2003 2148 2050 ter
2178 2003 2298 2049 tuus
2352 2001 2436 2049 est
2473 2001 2526 2046 et
2563 1994 2792 2048 coheres
2826 2000 2949 2046 tuus
2989 2007 3002 2043 :
3046 1990 3131 2044 fac
3168 1989 3316 2043 illum
3355 1987 3443 2043 hic
3493 1990 3653 2045 etiam

2067 2084 2410 2140 coheredem.
2443 2082 2806 2151 Quaecumque
2830 2081 2906 2137 illi
2931 2079 3166 2148 dederis,
3206 2079 3302 2134 tibi
3343 2079 3444 2150 ipsi
3481 2078 3655 2134 dabis.

2067 2175 2183 2230 Non
2223 2173 2375 2228 audis
2404 2171 2530 2242 quid
2574 2171 2706 2227 dicit
2744 2172 3048 2242 propheta?
3091 2171 3414 2241 Propinquos
3451 2168 3660 2225 seminis
3720 2184 3724 2188 '

2072 2267 2146 2320 tui
2173 2283 2234 2320 ne
2256 2264 2505 2334 despicias
2537 2262 2688 2336 (lsai.
2718 2263 2808 2321 58.
2836 2264 2919 2333 7).
2949 2263 3009 2319 Si
3038 2277 3168 2319 vero
3193 2272 3447 2334 cognatos
3475 2261 3660 2331 despi-

2071 2371 2197 2412 ccre
2229 2371 2332 2410 non
2377 2363 2614 2426 oportet,
2642 2354 2814 2409 multo
2855 2355 3031 2409 minus
3075 2354 3377 2419 Dominum,
3405 2351 3495 2422 qui
3535 2365 3659 2407 cum

2073 2448 2308 2504 dominio
2327 2446 2488 2502 etiam
2509 2445 2843 2516 cognationis
2867 2445 2955 2514 jus
2977 2452 3154 2501 tecum
3179 2444 3358 2510 habet,
3383 2443 3658 2510 multoque

2076 2541 2228 2612 plura
2251 2540 2373 2594 alia.
2393 2538 2526 2594 Nam
2558 2538 2872 2608 participem
2903 2546 2956 2594 te
2977 2536 3103 2593 fecit
3126 2536 3388 2592 bonorum
3415 2549 3670 2598 suorum,

2076 2648 2197 2689 cum
2228 2631 2358 2685 nihil
2385 2646 2416 2685 a
2447 2637 2498 2685 te
2527 2629 2844 2700 accepisset,
2877 2638 2932 2684 et
2975 2627 3079 2682 hoc
3107 2626 3356 2682 ineﬂ‘abili
3402 2625 3663 2681 beneﬁcio

2080 2733 2134 2779 te
2160 2724 2307 2795 prior
2345 2729 2706 2792 provocasset.
2735 2719 3015 2788 Quomodo
3058 2719 3220 2790 igitur
3262 2733 3366 2773 non
3398 2727 3542 2774 esset
3563 2731 3662 2771 ex-

2082 2824 2267 2870 trema:
2293 2814 2576 2868 dementia:
2606 2819 2728 2882 post
2769 2819 2971 2865 tantum
3002 2809 3200 2864 donum
3245 2808 3528 2876 benignum
3555 2821 3673 2862 non.

2079 2904 2241 2971 efﬁci,
2265 2919 2364 2959 nec
2403 2903 2574 2958 vicem
2597 2901 2758 2955 ullam
2787 2915 2884 2970 pro
2919 2907 3063 2954 tanta
3092 2898 3259 2970 gratia
3286 2896 3532 2958 reddere,
3561 2895 3666 2948 mi-

2081 2997 2226 3052 nima
2251 3011 2349 3065 pro
2377 2994 2620 3066 magnis?
2667 2993 2799 3048 Nam
2843 2993 2956 3061 ipse
2983 3001 3035 3046 te
3059 2991 3175 3046 creti
3201 2989 3469 3044 heredem
3498 2987 3661 3050 fecit;

2086 3099 2142 3143 tu
2168 3104 2294 3143 vero
2315 3088 2415 3156 ipsi
2439 3102 2506 3141 ne
2532 3095 2866 3142 terrenorum
2889 3083 3100 3155 quidem
3123 3081 3392 3152 quidpiam
3421 3076 3684 3148 largiris?

2085 3179 2203 3250 ipse
2234 3178 2429 3254 nullius
2473 3185 2525 3232 te
2555 3176 2679 3231 boni
2717 3183 3012 3240 auctorem,
3045 3172 3140 3228 sed
3169 3181 3223 3227 et
3267 3171 3538 3226 inimicum
3566 3169 3668 3223 sibi

2085 3270 2484 3335 reconciliavit;
2516 3277 2569 3323 tu
2599 3283 2729 3324 vero
2758 3281 2858 3322 nec
2882 3265 3054 3320 amico
3080 3280 3180 3320 nec
3209 3260 3533 3319 benefactori
3567 3260 3668 3331 ipsi

2087 3362 2356 3432 quidpiam
2406 3361 2680 3426 retribuis,
2711 3373 3032 3430 quamquam
3077 3367 3131 3411 et
3173 3367 3296 3410 ante
3340 3370 3582 3425 regnum,
3616 3361 3672 3407 et

2089 3464 2214 3508 ante
2239 3462 2432 3507 ca‘tcra
2470 3451 2670 3512 omnia,
2700 3465 2766 3504 ex
2792 3463 2858 3503 eo
2897 3449 3014 3519 ipso
3042 3447 3184 3517 quod
3212 3446 3328 3511 das,
3357 3446 3579 3515 gratiam
3619 3443 3670 3498 ei

2089 3546 2288 3599 referre
2317 3541 2555 3597 debeas?
2582 3540 2793 3595 Etenim
2825 3537 2996 3593 liberti
3018 3537 3117 3607 (a),
3146 3537 3235 3605 qui
3266 3537 3423 3590 heros
3447 3550 3573 3589 suos
3604 3532 3674 3586 ad

2092 3634 2394 3689 convivium
2425 3632 2668 3697 invitant,
2701 3645 2806 3683 non
2844 3629 3083 3698 praebere
3111 3628 3358 3697 gratiam,
3393 3623 3484 3679 sed
3532 3623 3675 3677 acci-

2094 3741 2220 3796 pere
2248 3730 2512 3790 censent,
2555 3722 2642 3776 hic
2669 3737 2796 3776 vero
2819 3729 3026 3775 contra.
3058 3719 3170 3774 Non
3198 3721 3338 3773 enim
3368 3732 3558 3770 servus
3580 3715 3676 3769 do-

2097 3817 2321 3880 mitium,
2356 3813 2448 3868 scd
2490 3813 2738 3868 dominus
2759 3825 2972 3866 servum
3014 3809 3159 3878 prior
3188 3807 3404 3860 vocavit
3431 3805 3494 3857 ad
3525 3820 3678 3857 mcu-

2097 3920 2246 3970 sam;
2279 3915 2333 3958 tu
2361 3919 2487 3956 vero
2529 3919 2596 3957 ue
2642 3912 2824 3970 postea
2849 3899 3068 3969 quidem
3096 3897 3244 3951 illum
3272 3908 3430 3948 vocas
3455 3894 3479 3947 ?
3526 3892 3681 3947 Prius

2099 4006 2153 4051 te
2181 3995 2281 4048 sub
2311 4002 2505 4048 tectum
2533 4006 2690 4045 suum
2731 3988 3059 4054 introduxit;
3111 3995 3164 4040 tu
3207 3999 3336 4042 vero
3363 3998 3461 4037 nec
3486 3997 3694 4038 secun-

2099 4085 2200 4141 dus
2226 4085 2274 4138 id
2306 4081 2462 4152 agis?
2504 4082 2580 4136 Te
2624 4080 2822 4136 nudum
2851 4078 3056 4143 induit;
3104 4085 3160 4131 tu
3202 4091 3330 4130 vero
3381 4075 3553 4143 ipsum
3586 4087 3685 4126 nec

2102 4176 2439 4248 peregrinum
2465 4173 2701 4244 excipis?
2727 4172 2938 4226 Primus
2964 4170 3055 4224 tibi
3084 4184 3148 4223 ex
3179 4167 3344 4222 calice
3372 4180 3470 4221 suo
3502 4174 3694 4232 potum

2103 4267 2280 4329 dedit;
2316 4274 2371 4320 tu
2403 4280 2530 4319 vero
2561 4279 2628 4318 ne
2651 4277 2841 4332 aquam
2872 4259 3086 4331 quidem
3117 4257 3360 4327 frigidam
3391 4256 3527 4310 das?
3578 4255 3682 4308 Po-

2107 4368 2218 4413 tum
2247 4356 2395 4412 dedit
2424 4355 2519 4409 tibi
2557 4354 2815 4423 Spiritum
2850 4361 3092 4405 sanctum
3118 4366 3133 4414 ;
3167 4358 3220 4402 tu
3249 4363 3378 4400 vero
3402 4361 3467 4401 ne
3493 4360 3688 4413 corpo-

2106 4464 2249 4504 ream
2293 4449 2436 4502 sitim
2461 4447 2578 4515 ejus
2619 4444 2816 4499 sedas?
2860 4443 3048 4496 Potqu
3095 4440 3240 4494 dedit
3270 4438 3523 4506 Spiritum
3569 4436 3704 4498 tibi,

2106 4537 2427 4594 cruciatibus
2472 4537 2670 4605 digno;
2718 4543 2775 4586 tu
2814 4547 2945 4585 vero
2985 4530 3251 4584 sitientem
3284 4525 3536 4594 despicis,
3569 4538 3708 4579 cum...

2110 4636 2286 4682 tamen
2310 4642 2375 4680 ex
2397 4625 2561 4696 ipsius
2586 4624 2740 4678 bouis
2762 4621 2938 4675 omnia
2963 4619 3249 4690 largiturus
3295 4615 3409 4670 sis?

2181 4741 2234 4794 5.
2267 4738 2598 4807 Eleemosyna
2625 4733 3094 4788 commendatur.—-—
3106 4729 3294 4784 Nonne
3317 4739 3566 4796 magnum
3591 4724 3695 4778 du-

2112 4832 2191 4887 cis
2216 4840 2266 4885 tc
2294 4829 2539 4899 poculum
2567 4825 2693 4879 illud
2719 4833 2922 4887 tenere,
2941 4838 3007 4876 ex
3034 4834 3138 4890 quo
3165 4819 3430 4873 bibiturus
3449 4815 3697 4871 Christus

2117 4934 2218 4987 est,
2250 4933 2305 4977 et
2329 4923 2499 4991 ipsum
2527 4919 2608 4973 ori
2637 4913 2985 4971 admoturus?
3034 4913 3225 4966 Annon
3269 4910 3441 4972 vides,
3467 4908 3567 4961 soli
3607 4923 3697 4961 sa-

2119 5013 2323 5070 cerdoti
2374 5012 2535 5065 licere
2588 5007 2860 5078 sanguinis
2909 5005 3129 5058 calicem
3175 5002 3385 5054 tradere
3408 4997 3524 5069 (b)?
3566 4997 3698 5066 Ego,

2121 5106 2287 5176 inquit
2314 5103 2421 5165 ille,
2442 5100 2555 5155 huic
2583 5115 2687 5153 non
2721 5107 2824 5151 tam
2849 5102 3093 5150 accurate
3115 5091 3369 5161 dispicio;
3399 5088 3493 5144 sed
3520 5086 3702 5156 si‘ipse

2124 5197 2335 5253 dederis
2359 5192 2581 5262 accipio.
2605 5188 2827 5244 Etiamsi
2854 5187 3020 5242 laicus
3047 5185 3140 5250 sis,
3162 5198 3265 5237 non
3297 5195 3507 5244 recuso,
3528 5192 3701 5247 neque

2125 5286 2264 5358 quod
2291 5284 2413 5338 dedi
2452 5290 2658 5354 repeto.
2698 5279 2813 5334 Non
2856 5278 2997 5333 enim
3027 5275 3338 5344 sanguinem
3365 5286 3566 5340 qurero,
3606 5267 3701 5322 sed

2127 5393 2314 5448 aquam
2340 5373 2600 5445 frigidam.
2615 5370 2800 5440 Cogita
2816 5369 2899 5423 cui
2921 5375 3101 5437 potum
3124 5364 3236 5428 des,
3251 5373 3304 5417 et
3327 5359 3696 5431 perhorresco.

2190 5547 2262 5607 (a)
2296 5545 2350 5594 lu
2371 5550 2548 5607 Graeco,
2574 5554 2725 5607 eluitur,
2747 5538 2874 5607 quod
2900 5542 2977 5586 est
2999 5535 3056 5607 ad
3076 5526 3709 5607 litteram,cipittfzstiezi.I

2127 5587 2525 5668 hie-algiouiiiiuo
2537 5587 2741 5668 videtur
2754 5587 2827 5668 de
2835 5597 3115 5668 domesticis
3127 5593 3225 5644 liilS
3247 5587 3350 5655 qui,
3369 5592 3474 5640 heri
3492 5589 3568 5638 sui
3591 5587 3720 5637 libe-

2131 5662 2340 5724 ralitate,
2370 5667 2645 5715 libertatem
2669 5662 2829 5724 adepti
2858 5667 3014 5708 erant.

2199 5711 2654 5794 Sidi—sacerdoti
2681 5711 2856 5773 licebat
2876 5719 3124 5782 sanguinis
3147 5715 3348 5767 calicem
3373 5711 3588 5763 tradere.
