4028 6152
395 271 495 324 lib
1134 268 1188 324 S.
1231 265 1505 322 JOANNIS
1543 263 2010 320 υιίιιγδυδτυιιι
2051 261 2369 318 ARCIIIEP.
2399 259 2936 320 CONSTANTINOP.
3564 258 3663 314 476

390 387 574 456 Cogita
598 395 650 440 te
665 385 867 442 Christi
893 383 1224 441 sacerdotem
1259 383 1393 447 fieri,
1423 398 1541 437 cum
1571 397 1728 435 manu
1762 379 1972 450 propria

390 477 486 530 das
531 491 637 531 non
684 493 925 538 carnem,
972 476 1064 530 sed
1113 491 1334 545 panem,
1368 490 1472 528 non
1516 473 1848 541 sanguinem,
1882 469 1973 523 sed
2011 459 2026 468 ’

391 571 612 625 calicem
646 585 796 640 aqua:
844 570 1067 640 frigidae.
1107 569 1279 623 Induit
1309 577 1358 621 te
1388 569 1708 622 vestimento
1732 564 1972 626 salutari,

389 671 441 714 et
464 661 563 715 hoc
587 677 680 730 per
709 663 972 731 seipsum;
1008 673 1060 714 tu
1091 663 1276 714 saltem
1302 677 1395 728 per
1421 673 1632 713 servum
1653 655 1973 710 indueﬁlo—

391 753 590 807 riosum
624 763 676 808 te
717 755 842 808 fecit
891 754 941 806 in
992 753 1166 814 cmlis;
1221 763 1332 804 tua
1367 751 1558 819 frigore
1609 749 1754 802 illmn
1803 748 1968 814 eripe,

391 859 490 897 nec
522 860 625 897 non
669 845 734 899 ab
765 845 1013 898 indecora
1055 844 1311 896 nuditate.
1346 841 1665 910 Augelorum
1713 848 1762 893 te
1791 839 1972 892 conci-

389 951 508 990 vcm
557 935 714 1001 fecit;
767 947 822 989 tu
854 938 1025 1006 ipsum
1059 936 1160 988 sub
1190 945 1330 989 tecto
1373 933 1580 1002 excipe,
1612 934 1798 987 saltem
1839 935 1976 986 sicut

392 1045 554 1083 unum
602 1046 666 1084 ex
718 1031 930 1082 famulis
963 1032 1065 1082 tuis
1095 1030 1237 1082 domi
1271 1029 1542 1097 excipias;
1586 1029 1686 1081 hoc
1731 1028 1972 1081 diverso-

389 1122 525 1171 rium
560 1136 665 1173 non
703 1135 914 1185 recuso,
949 1121 1071 1174 licet
1103 1128 1268 1172 totum
1314 1119 1405 1172 tibi
1433 1119 1620 1173 ett-lum
1651 1118 1970 1187 apernerim.

387 1209 462 1265 Te
483 1228 510 1265 a
542 1213 860 1282 gravissimo
889 1227 1108 1266 carcere
1131 1211 1298 1280 eripui
1321 1229 1335 1275 ;
1370 1211 1470 1266 hoc
1495 1227 1522 1265 a
1547 1220 1596 1264 te
1627 1227 1730 1264 non
1757 1219 1970 1278 expeto,

387 1318 489 1356 nec
519 1304 660 1365 dico,
706 1304 869 1373 Eripe
901 1318 1020 1365 me;
1063 1303 1156 1357 sed
1203 1304 1246 1357 si
1293 1318 1377 1356 me
1411 1304 1642 1356 vinctum
1687 1303 1889 1367 videas,
1921 1302 1972 1356 id

389 1393 517 1445 mihi
564 1393 628 1446 ad
660 1394 1079 1447 consolationem
1111 1393 1240 1447 satis
1267 1403 1368 1447 est.
1403 1393 1665 1447 Mortuum
1709 1401 1760 1446 te
1799 1393 1970 1446 susei-

391 1484 536 1548 tavi;
585 1484 636 1536 id
681 1499 708 1536 a
756 1492 806 1538 te
832 1499 933 1538 non
967 1487 1141 1552 exigo,
1173 1486 1264 1538 sed
1309 1485 1453 1544 dico,
1481 1500 1567 1537 me
1594 1495 1850 1553 aegrotum
1882 1499 1972 1536 so-

389 1573 661 1628 lummodo
690 1576 889 1630 visites.
930 1576 1060 1630 Cum
1093 1592 1220 1645 ergo
1252 1585 1395 1629 tanta
1425 1576 1533 1630 sint
1568 1576 1727 1642 dona,
1762 1585 1972 1644 tamque

389 1664 521 1718 levia
559 1675 898 1734 expetantur,
933 1683 1030 1721 nec
1057 1676 1232 1721 tamen
1264 1668 1348 1721 illa
1395 1669 1747 1736 praebeamus,
1777 1676 1970 1737 quanta

390 1772 494 1809 non
525 1758 690 1810 simus
716 1757 859 1827 digni
892 1760 1132 1828 gehenna
1155 1762 1181 1812 ?
1207 1760 1332 1815 Jurc
1357 1763 1405 1814 in
1435 1761 1608 1831 ignem
1636 1761 1846 1814 abimus
1877 1776 1973 1830 pa-

392 1856 564 1900 ratum
591 1848 803 1902 diabolo
830 1860 881 1904 et
904 1851 1108 1920 angelis
1133 1854 1270 1919 ejus,
1295 1868 1414 1906 cum
1445 1867 1549 1905 non
1579 1853 1781 1919 majore
1808 1867 1968 1921 quam

385 1949 533 2006 petra
562 1954 721 1993 sensu
754 1941 957 2008 prmditi
989 1944 1178 1997 simus.
1210 1943 1432 2010 Quanta:
1459 1945 1601 1998 enim
1648 1944 1971 2014 stupiditatis

384 2040 491 2094 εει,
519 2048 702 2100 quaeso
741 2042 811 2097 te,
843 2051 960 2096 nos,
980 2050 1101 2088 cum
1131 2046 1273 2090 tanta
1315 2039 1700 2107 acceperimus,
1742 2048 1794 2092 et
1824 2048 1967 2093 tanta

385 2123 656 2188 accepturi
687 2125 875 2187 simus,
909 2139 1092 2179 servos
1119 2142 1239 2180 esse
1262 2129 1625 2196 pecuniarum,
1650 2145 1782 2199 quas
1813 2130 1971 2198 paulo

387 2223 570 2278 postea
600 2213 682 2266 vel
724 2214 868 2268 inviti
903 2215 1308 2286 relinquemus?
1351 2220 1414 2273 Et
1456 2220 1544 2273 alii
1589 2221 1805 2289 quidem
1849 2224 1967 2274 aui-

390 2319 531 2356 mam
581 2306 843 2360 dederunt
892 2308 1082 2377 ipsam,
1117 2321 1168 2364 et
1215 2313 1526 2380 sanguinem
1579 2311 1865 2367 fuderunt:
1913 2325 1969 2367 tu

387 2409 514 2449 vero
546 2411 614 2451 ne
643 2399 908 2466 superﬂua
950 2400 1166 2470 quidem
1218 2401 1426 2472 largiris
1479 2415 1700 2474 propter
1745 2420 1965 2476 regnum

400 2535 3242 2558 mw

2083 377 2357 442 ctelorum,
2385 386 2602 447 propter
2634 387 2712 433 tot
2736 378 3002 433 coronas?
3031 377 3098 432 Et
3126 393 3229 446 qua
3271 378 3462 450 dignus
3504 379 3668 435 fueris

2085 470 2254 531 venia,
2291 485 2393 540 qua
2416 472 2778 534 excusatione,
2817 469 2906 540 qui
2946 471 3147 524 semina
3180 471 3231 525 in
3265 480 3461 526 terram
3491 470 3666 527 liben-

2085 568 2164 612 tur
2197 561 2438 629 projicis,
2473 562 2562 632 qui
2595 561 2726 615 nulli
2771 562 2847 616 rei
2888 562 3062 630 parcis
3090 560 3156 616 ad
3189 563 3442 632 pecunias
3467 563 3671 618 foenore

2085 652 2373 718 locandas;
2402 669 2522 708 cum
2554 663 2733 708 autem
2773 655 2946 724 agitur
2970 654 3037 708 de
3080 654 3306 709 Domino
3336 671 3432 724 per
3469 671 3671 727 egenos

2081 745 2296 809 alendo,
2331 747 2651 800 inhumanus
2688 747 2959 816 durusque
2988 746 3086 802 es?
3136 747 3260 803 Haec
3287 748 3464 818 itaque
3491 750 3667 806 omnia

2081 837 2396 905 cogitantes,
2436 838 2722 905 animoque
2765 847 3091 906 reputantes,
3123 853 3241 907 qua?
3281 840 3668 906 acceperimus.

2097 937 2218 990 quae
2240 925 2516 992 accepturi
2537 925 2732 992 simus,
2757 941 2878 995 quae
2909 941 2939 980 a
2979 926 3136 980 nobis
3167 939 3515 1000 expetantur,
3543 946 3664 984 omo

2099 1027 2220 1066 nem
2275 1030 2465 1069 curam
2506 1025 2747 1071 nostram
2798 1019 2850 1071 in
2884 1019 3260 1090 spiritualibus
3289 1022 3669 1076 exbibeamus.

2081 1109 2255 1162 Simus
2306 1110 2516 1164 tandem
2548 1112 2808 1165 manSueti
2840 1123 2893 1165 et
2938 1111 3175 1177 humani,
3221 1127 3287 1165 ne
3337 1112 3670 1166 intolerabile

2081 1201 2395 1270 Supplicium
2417 1201 2572 1256 nobis
2587 1203 2934 1256 attrahamus.
2949 1202 3079 1270 Qua:
3099 1203 3239 1257 enim
3263 1219 3361 1258 nos
3383 1204 3665 1258 damnandi

2080 1305 2238 1345 causa
2271 1308 2375 1346 non
2407 1293 2659 1362 suppetit,
2689 1292 2776 1362 qui
2824 1308 2942 1347 cum
2989 1302 3066 1346 tot
3109 1295 3374 1364 tantisque
3405 1294 3665 1359 fruamur,

2081 1402 2179 1440 nec
2225 1401 2471 1455 magnum
2501 1385 2624 1454 quid
2666 1394 3000 1455 expetatura
3028 1387 3214 1450 nobis;
3259 1388 3365 1440 imo
3409 1388 3528 1440 talia
3571 1403 3668 1441 ex-

2079 1486 2346 1546 petantur,
2376 1493 2494 1545 qua:
2522 1476 2602 1530 vel
2644 1477 2792 1530 inviti
2837 1476 2922 1532 hic
2966 1477 3347 1546 relinquemus,
3380 1486 3581 1531 tantum
3607 1477 3662 1531 in

2079 1567 2239 1620 rebus
2261 1567 2603 1622 saecularibus
2624 1569 2854 1622 studium
2887 1568 3291 1637 impendamus?
3319 1569 3519 1623 Horum
3551 1571 3666 1625 sin-

2079 1659 2201 1728 gula
2247 1667 2371 1713 sunt
2405 1659 2472 1713 ad
2515 1675 2610 1714 nos
2650 1661 2980 1716 damnandos
3029 1664 3196 1726 satis;
3247 1664 3288 1716 si
3336 1680 3460 1717 vero
3487 1665 3662 1719 omnia

2081 1751 2238 1804 simul
2267 1760 2608 1813 concurrant,
2629 1768 2748 1821 qua:
2775 1768 2898 1820 spes
2928 1754 3116 1808 salutis
3142 1755 3281 1808 erit?
3315 1755 3379 1809 Ut
3405 1771 3532 1825 ergo
3552 1771 3668 1808 om-

2079 1858 2198 1896 nem
2232 1841 2368 1896 hanc
2398 1842 2792 1898 damnationem
2824 1842 3105 1914 fugiamus,
3150 1845 3432 1915 quamdam
3478 1846 3666 1900 saltem

2078 1949 2198 2003 erga
2232 1949 2431 2003 egenos
2475 1932 2848 1988 liberalitatem
2903 1935 3267 1989 exhibeamus.
3301 1936 3386 1990 Sic
3434 1938 3573 1988 enim
3614 1947 3667 1991 et

2082 2026 2440 2093 pra-sentibus
2472 2035 2524 2081 et
2552 2025 2742 2081 futuris
2772 2027 3010 2080 fruemur
3056 2028 3206 2082 bouis
3240 2050 3252 2083 :
3303 2045 3419 2098 qua:
3467 2031 3664 2082 utinam

2079 2132 2179 2171 nos
2225 2133 2412 2171 omnes
2454 2119 2666 2187 assequi
2709 2120 3000 2188 contingat,
3033 2120 3199 2188 gratia
3252 2130 3304 2174 et
3344 2121 3668 2190 benignitate

2081 2207 2292 2260 Domini
2325 2207 2488 2260 nostri
2517 2207 2640 2262 Jesu
2667 2207 2886 2275 Christi,
2910 2210 2993 2264 cui
3023 2210 3189 2280 gloria
3217 2219 3273 2265 et
3298 2210 3577 2280 imperium
3606 2212 3659 2264 in

2080 2298 2274 2352 saecula
2306 2297 2644 2355 surculorum.
2679 2299 2872 2356 Amen.

1449 2639 1831 2703 ΔΗΟΜΙΙᾸΑ
1874 2641 2098 2702 XLVI.
2146 2643 2230 2704 al.
2292 2641 2548 2703 XLVII.

388 2771 518 2829 CAP.
550 2777 636 2832 15.
671 2793 725 2832 v.
758 2778 848 2833 24.
907 2781 1076 2834 Aliam
1126 2783 1418 2851 parabolam
1457 2787 1717 2856 proposuit
1757 2787 1848 2850 eis,
1886 2787 1969 2838 di-

461 2884 577 2924 cens
601 2885 620 2922 :
645 2869 827 2926 Simile
851 2873 1042 2942 factum
1067 2884 1138 2928 est
1160 2892 1370 2944 regnum
1407 2878 1645 2931 cwlorum
1673 2877 1863 2931 homini
1886 2877 1972 2947 qui

453 2960 669 3014 seminat
708 2962 890 3017 bonum
920 2981 1084 3019 semen
1129 2968 1181 3019 in
1223 2984 1346 3037 agro
1369 2984 1478 3021 suo.
1519 2968 1609 3025 25.
1641 2967 1766 3022 Cum
1804 2977 1971 3021 autent

483 3051 756 3106 dormirent
787 3054 1034 3120 homines,
1067 3058 1199 3110 venit
1227 3059 1336 3126 ejus
1360 3058 1610 3121 inimicus,
1641 3069 1686 3113 et
1711 3060 1971 3113 seminavit

454 3141 651 3194 zizania
685 3161 775 3212 per
799 3147 1020 3200 medium
1057 3149 1230 3213 tritici,
1255 3159 1300 3202 et
1329 3150 1472 3202 abiit.
1505 3149 1596 3204 26.
1620 3149 1694 3221 (α)
1725 3150 1851 3204 Cum
1875 3168 1970 3204 au-

457 3241 552 3284 tem
577 3235 808 3288 crevisset
835 3236 985 3289 herba
1013 3247 1060 3291 et
1085 3243 1305 3309 fructum
1333 3241 1549 3310 fecisset,
1582 3251 1699 3295 tunc
1720 3259 1971 3312 apparue-

455 3334 574 3376 runt
603 3335 650 3377 et
688 3327 903 3379 zizania.
937 3329 1025 3382 27.
1069 3330 1368 3385 Accedenles
1397 3349 1508 3385 vero
1551 3333 1678 3386 servi
1728 3335 1971 3404 patrisfa-

456 3417 647 3482 milias,
686 3420 924 3473 dixerunt
968 3423 1061 3475 ei:
1103 3421 1336 3488 Domine,
1365 3441 1531 3477 nonne
1573 3424 1760 3478 bonum
1801 3442 1968 3480 semen

453 3511 715 3565 seminasli
743 3512 796 3566 in
827 3529 951 3583 agro
980 3515 1108 3567 tuo?
1153 3517 1287 3569 unde
1320 3534 1437 3587 ergo
1464 3517 1704 3571 zizania?
1747 3517 1839 3571 28.
1869 3516 1968 3582 Qui

455 3599 583 3653 dixit
610 3602 717 3659 eis:
744 3601 988 3658 Inimicus
1014 3605 1162 3658 homo
1191 3607 1286 3659 hoc
1311 3609 1446 3676 fecit.
1477 3607 1624 3662 Servi
1643 3616 1806 3661 autem
1828 3609 1970 3662 dixe-

454 3706 571 3748 runt
591 3698 670 3753 ei:
707 3696 791 3753 Vis
810 3716 949 3770 ergo,
968 3700 1203 3754 abeamus
1223 3711 1269 3754 et
1292 3703 1591 3773 colligamus
1617 3704 1716 3758 ea?
1753 3704 1841 3757 29.
1867 3702 1968 3758 Ille

453 3797 619 3840 autem
649 3789 778 3843 dixit
796 3806 815 3843 :
847 3789 990 3857 Non,
1034 3808 1096 3844 ne
1119 3796 1249 3863 forte
1290 3792 1579 3863 colligentes
1605 3794 1823 3858 zizania,
1851 3811 1966 3848 era-

452 3878 626 3933 dicetis
659 3881 810 3934 simul
845 3898 957 3935 cum
989 3886 1058 3937 eis
1099 3893 1145 3938 et
1183 3885 1421 3939 triticum.
1453 3884 1541 3939 50.
1576 3884 1740 3940 Sinite
1758 3896 1968 3955 utraque

453 3989 674 4025 crescere
693 3990 849 4035 usque
868 3974 937 4026 ad
956 3993 1163 4029 messem
1185 3993 1202 4029 :
1231 3986 1278 4031 et
1305 3987 1422 4030 tunc
1443 3977 1609 4031 dicam
1631 3979 1964 4032 messoribus:

455 4063 687 4132 Colligite
716 4065 934 4132 primum
958 4067 1174 4119 zizania.

457 4157 506 4206 l.
552 4153 722 4222 Hujus
751 4166 796 4207 et
823 4159 1100 4224 superioris
1139 4159 1396 4226 parabole:
1422 4159 1713 4212 discrimen.
1762 4159 1965 4213 Diaboli

380 4263 600 4300 errorem
627 4247 907 4300 inducenlis
933 4250 1170 4301 versutia.
1205 4247 1495 4319 Vigilantite
1523 4252 1806 4303 necessitas.
1841 4249 1966 4304 Ha:-

380 4341 589 4392 reticum
615 4339 840 4392 occidere
876 4357 977 4394 non
1017 4351 1232 4410 oportet.
1256 4370 1327 4381 —-
1346 4341 1480 4408 Quid
1527 4343 1747 4397 interest
1776 4342 1964 4396 discri-

379 4430 538 4483 minis
570 4431 708 4484 inter
737 4431 873 4485 hanc
895 4442 949 4485 et
979 4433 1307 4500 superiorem
1356 4432 1705 4500 parabolam?
1737 4433 1849 4487 lllic
1880 4433 1962 4487 lo-

377 4522 559 4591 quitur
599 4522 664 4576 de
705 4522 768 4576 iis
819 4523 906 4591 qui
959 4538 1062 4576 non
1107 4523 1481 4586 attenderunt,
1515 4522 1609 4576 sed
1663 4524 1962 4578 resilientes

377 4615 582 4670 semina
628 4614 965 4682 projeeernnt
991 4633 1003 4668 :
1034 4614 1119 4669 hic
1145 4614 1211 4668 de
1238 4614 1607 4667 haereticorum
1636 4614 1863 4668 coetibus
1887 4615 1962 4667 Io-

375 4706 575 4771 quitur.
608 4705 684 4759 Nc
718 4706 858 4759 enim
889 4705 1178 4774 discipulos
1206 4705 1464 4770 turbaret,
1499 4705 1761 4774 prmdixit,
1816 4716 1962 4774 post-

373 4813 538 4864 quam
564 4797 819 4850 docuerat
847 4797 984 4863 illos,
1005 4811 1101 4851 cur
1129 4796 1178 4850 in
1210 4795 1472 4864 parabolis
1505 4796 1828 4866 loqueretur.
1861 4797 1960 4850 Pa-

373 4888 554 4942 rabola
583 4889 666 4940 illa
697 4889 927 4951 dicebat,
955 4903 1064 4944 non
1087 4898 1390 4956 susceptum
1441 4889 1610 4957 ipsum
1637 4907 1650 4953 ;
1703 4891 1820 4944 lucc
1861 4905 1959 4944 au-

371 4987 502 5042 tem,
527 4988 867 5047 corruptores
888 4979 1046 5034 simul
1070 4991 1367 5049 susceptos.
1404 4980 1526 5035 llaec
1547 4982 1740 5050 quippe
1762 4981 1958 5037 diaboli

375 5070 610 5126 versutia
640 5078 742 5135 est,
774 5079 830 5122 ut
853 5085 974 5124 cum
1021 5071 1244 5126 veritate
1272 5087 1483 5140 semper
1508 5073 1852 5128 commiscent
1874 5089 1959 5126 er-

373 5177 575 5226 rorem,
603 5162 686 5214 cui
731 5161 970 5217 veritatis
1014 5162 1248 5217 Colorem
1281 5172 1335 5216 et
1362 5164 1764 5218 similitudinem
1804 5163 1958 5219 afﬁn-

372 5262 480 5320 gat,
515 5252 581 5304 ita
630 5262 685 5307 ut
713 5252 982 5321 simplices
1012 5251 1169 5308 facile
1203 5255 1586 5311 circumvenire
1617 5257 1801 5324 possit.
1834 5255 1956 5311 ideo

373 5361 480 5398 non
531 5345 631 5399 alia
682 5347 904 5410 semina,
933 5361 1090 5416 quam
1138 5347 1336 5401 zizania
1386 5349 1535 5411 dixit,
1585 5350 1723 5418 quod
1771 5365 1952 5404 semen

371 5435 553 5503 specie
594 5435 806 5504 quidem
837 5436 1102 5492 frumento
1143 5438 1315 5492 simile
1361 5448 1462 5492 est.
1509 5439 1708 5494 Deinde
1739 5439 1954 5494 modum

374 5527 686 5582 insidiarum
715 5527 1018 5582 dicit.Dum
1047 5529 1323 5584 dormirent
1343 5531 1590 5596 homines,
1622 5531 1808 5602 inquit.
1839 5531 1952 5585 Non

428 5663 512 5727 (al
535 5671 648 5723 Quit:
676 5672 959 5727 sequuntur
989 5665 1239 5727 usquead
1260 5665 1446 5727 initium
1471 5664 1681 5714 bomilias
1703 5665 1881 5714 desunt
1905 5665 1950 5712 in

367 5723 531 5777 nerei.
562 5740 572 5776 :
601 5725 688 5777 sed
715 5723 957 5776 habentur
982 5728 1026 5776 iu
1053 5723 1192 5776 satu.
1221 5735 1271 5778 et
1296 5729 1343 5777 in
1369 5726 1547 5790 aliquot
1573 5727 1918 5791 Manuseriptis.

2081 2800 2302 2854 parvum
2356 2783 2443 2839 hic
2488 2783 2806 2853 prmsulibus
2850 2784 3164 2854 proponitur
3211 2785 3562 2854 prrecipitium
3608 2793 3664 2841 et

2082 2876 2392 2944 periculum,
2422 2876 2615 2944 quibus
2641 2875 2871 2930 maxime
2900 2876 3013 2930 arvi
3041 2891 3165 2930 cura
3197 2876 3511 2931 demandata
3537 2887 3660 2942 est;

2079 2983 2255 3035 neque
2284 2967 2388 3022 illis
2422 2977 2644 3031 tantum,
2674 2967 2765 3022 sed
2795 2967 2955 3022 etiam
3000 2967 3246 3023 subditis.
3289 2967 3532 3024 Ostendit
3570 2986 3663 3024 an-

2081 3067 2205 3122 tem,
2240 3074 2476 3112 errorem
2507 3067 2625 3127 post
2650 3058 2923 3112 veritatem
2963 3059 3210 3122 venisse;
3255 3059 3306 3113 id
3331 3061 3472 3129 quod
3501 3061 3660 3116 etiam

2079 3167 2256 3205 rerum
2306 3161 2528 3205 eventus
2588 3152 2918 3206 testificatur.
2978 3151 3110 3205 Nam
3171 3161 3289 3221 post
3354 3156 3657 3223 prophetas,

2078 3240 2592 3310 pseudoprophetae;
2638 3249 2754 3309 post
2801 3241 3092 3309 apostolos,
3124 3241 3576 3312 pseudoapostoli,
3608 3254 3662 3299 et

2075 3342 2194 3402 post
2225 3332 2513 3396 Christum,
2544 3333 2925 3386 Antichristus.
2971 3331 3080 3386 Nisi
3112 3331 3255 3386 enim
3299 3333 3544 3388 diabolus
3587 3336 3662 3388 vi-

2076 3421 2216 3476 derit
2247 3421 2371 3490 quid
2414 3421 2610 3475 imitari
2657 3422 2844 3490 possit,
2877 3429 2966 3474 aut
2994 3421 3188 3490 quibus
3237 3422 3497 3487 insidiari,
3529 3423 3659 3478 nihil

2077 3513 2390 3568 insidiarum
2421 3514 2590 3582 ponit,
2622 3513 2752 3566 nihil
2785 3514 2950 3566 novit.
2995 3513 3147 3568 Nunc
3192 3529 3341 3583 ergo,
3370 3516 3496 3584 quia
3527 3515 3660 3569 vidit

2075 3606 2234 3658 alium
2257 3603 2605 3659 centesimum
2634 3602 2850 3668 fecisse,
2868 3603 3034 3658 alium
3055 3605 3474 3674 sexagesimum,
3493 3606 3659 3662 alium

2076 3695 2431 3765 trigesimum,
2455 3696 2558 3749 alia
2587 3694 2840 3762 deinceps
2872 3694 3070 3749 incedit
3107 3696 3211 3749 via.
3257 3695 3390 3761 Quia
3420 3697 3562 3750 enim
3607 3696 3658 3751 id

2073 3787 2214 3858 quod
2251 3787 2456 3842 radices
2482 3794 2732 3857 posuerat
2758 3786 3005 3856 abripere
3043 3801 3150 3841 non
3197 3796 3424 3856 poterat,
3481 3802 3657 3857 neque

2072 3881 2353 3943 suffocare,
2384 3881 2466 3936 vel
2495 3879 2838 3944 comburere,
2871 3894 2968 3949 per
3009 3879 3167 3932 aliam
3217 3879 3478 3934 fallaciam
3525 3880 3658 3935 insi-

2070 3974 2268 4040 diatur,
2301 3989 2395 4028 sua
2439 3975 2682 4028 inserens
2731 3972 2871 4027 aliis.
2906 3972 2972 4025 Et
3025 3971 3078 4024 in
3123 3986 3230 4040 quo
3273 3971 3542 4034 differunt,
3571 3972 3658 4026 in-

2071 4066 2241 4133 quies,
2279 4065 2330 4117 bi
2361 4064 2691 4118 dormienles
2717 4062 2784 4116 ab
2833 4064 2898 4117 iis
2940 4062 3028 4132 qui
3061 4077 3156 4132 per
3186 4063 3328 4116 viam
3370 4063 3654 4133 significati

2071 4154 2322 4209 fuerant?
2351 4154 2502 4220 Quod
2534 4154 2777 4208 videlicet
2805 4153 2876 4207 ibi
2905 4153 3082 4206 statim
3126 4155 3452 4223 abripuerit;
3483 4171 3658 4225 neque

2071 4246 2211 4298 enim
2242 4245 2449 4298 radices
2479 4259 2677 4313 ponere
2703 4243 2946 4313 permisit
2975 4260 2986 4294 :
3024 4243 3111 4298 hic
3137 4260 3264 4299 vero
3292 4245 3495 4314 majore
3521 4262 3656 4315 opus

2070 4334 2314 4389 habuerit
2344 4334 2590 4388 artificio.
2640 4335 2767 4388 llaec
2811 4343 2990 4388 autem
3019 4334 3148 4388 dicit
3177 4335 3441 4402 Christus,
3474 4344 3530 4390 ut
3553 4336 3655 4391 do-

2068 4437 2187 4481 ceat
2233 4441 2445 4495 semper
2476 4441 2593 4481 esse
2635 4426 2984 4497 vigilandum.
3015 4426 3236 4482 Etiamsi
3263 4429 3428 4494 enim,
3462 4429 3652 4498 inquit,

2071 4520 2186 4576 luce
2226 4530 2548 4574 nocumcnta
2576 4520 2816 4590 effugias,
2845 4521 2986 4575 aliud
3007 4521 3182 4575 adhuc
3205 4531 3470 4591 superest.
3505 4523 3653 4578 Sicut

2067 4613 2209 4667 enim
2241 4612 2310 4665 ibi
2341 4627 2436 4680 per
2460 4613 2616 4676 viam,
2647 4627 2743 4680 per
2779 4623 2981 4679 petram
3010 4619 3064 4665 et
3102 4627 3197 4681 per
3241 4615 3459 4683 spinas;
3492 4615 3569 4669 sic
3597 4625 3652 4669 et

2067 4701 2152 4757 hic
2182 4718 2275 4772 per
2304 4717 2548 4756 somnum
2595 4703 2856 4771 pernicies
2885 4703 3091 4756 accedit
3115 4721 3128 4757 :
3161 4717 3492 4774 quapropter
3518 4707 3650 4760 assiv

2065 4793 2167 4848 dua
2200 4808 2334 4862 opus
2363 4801 2446 4846 est
2482 4793 2743 4848 custodia.
2773 4791 2893 4846 ldeo
2920 4792 3133 4847 dicebat
3159 4811 3172 4847 :
3210 4794 3310 4861 Qui
3338 4805 3504 4848 autent
3531 4814 3650 4864 pcr-

2064 4886 2359 4939 severaverit
2400 4902 2554 4951 usque
2579 4887 2631 4938 in
2659 4886 2832 4952 ﬁnem,
2877 4886 2956 4938 hic
2982 4887 3152 4940 salvus
3182 4888 3274 4940 erit
3317 4888 3528 4958 (Matth.
3560 4889 3643 4945 10.

2063 4978 2176 5047 22).
2212 4978 2396 5033 Simile
2420 4977 2693 5048 quidpiam
2724 4979 2774 5032 in
2803 4978 3064 5047 principio
3083 4980 3294 5034 accidit.
3327 4981 3474 5034 Multi
3503 4983 3644 5037 enim

2065 5070 2330 5124 antistites
2378 5069 2650 5139 improbos
2701 5069 2845 5123 viros
2877 5068 3262 5124 hmresiarchas
3306 5073 3544 5126 occultos
3588 5072 3643 5127 in

2064 5163 2330 5218 Ecclesias
2382 5163 2718 5228 inducentes,
2771 5162 3071 5230 bujusmodi
3127 5163 3332 5217 insidiis
3376 5165 3645 5220 struendis

2063 5257 2367 5309 facultatem
2407 5269 2649 5324 magnam
2705 5255 3000 5322 praebuere.
3049 5253 3230 5324 Neque
3278 5255 3418 5309 enim
3465 5256 3645 5310 labore

2060 5365 2194 5418 Opus
2239 5356 2323 5402 est
2349 5342 2584 5411 diabolo,
2619 5355 2895 5415 postquam
2942 5345 3244 5414 bujusmodi
3296 5346 3540 5401 homines
3592 5348 3643 5400 in

2061 5440 2238 5495 medio
2267 5439 2511 5494 inseruit.
2557 5438 2624 5492 Et
2646 5437 2914 5506 quomodo
2947 5438 3058 5492 fieri
3091 5448 3288 5507 potest,
3323 5440 3553 5508 inquies,
3587 5449 3644 5493 ut

2059 5549 2161 5586 non
2190 5529 2498 5586 dormiant?
2540 5528 2775 5583 Naturali
2805 5527 3018 5596 quidem
3047 5543 3258 5595 somno,
3289 5530 3399 5583 fieri
3427 5530 3642 5598 nequit;

2060 5623 2348 5677 voluntatis
2367 5636 2576 5682 somno,
2607 5634 2782 5674 secus.
2815 5618 3150 5688 Quaproptrr
3171 5620 3368 5675 Paulus
3401 5620 3638 5674 diccbat:

2070 5715 2302 5787 l'igilute,
2319 5723 2442 5768 state
2461 5713 2508 5766 in
2527 5711 2626 5781 ﬁde
2644 5710 2720 5782 (l.
2741 5709 2854 5766 Cor.
2870 5711 2886 5765 Ι
2901 5711 2950 5765 6.
2966 5712 2982 5765 1
2996 5712 3069 5784 5).
3088 5711 3192 5766 Nec
3213 5712 3422 5767 noxiam
3441 5715 3638 5776 solum,

3929 4753 3954 4766 Ἦ

3945 5997 3954 6028 1
