4028 6152
483 281 580 338 477

482 391 574 450 sed
601 398 658 448 et
685 386 1010 458 superfluam
1041 399 1156 440 rem
1181 381 1433 438 ostendit.
1459 379 1592 436 Nam
1623 387 1906 450 postquam
1934 392 2061 447 ager

479 484 656 542 cultus
680 482 799 548 fuit,
815 495 937 535 eum
963 478 1106 534 nulla
1134 492 1195 532 re
1212 490 1347 546 opus
1373 484 1476 541 est,
1495 484 1620 529 tunc
1640 473 1897 537 seminat;
1919 468 2062 540 quod

479 586 536 632 et
565 574 802 630 haeretici
831 572 1050 635 faciunt,
1082 569 1173 640 qui
1204 568 1416 624 nonnisi
1449 577 1666 637 propter
1708 580 1902 620 vanam
1947 564 2063 635 glo-

482 664 618 720 riam
645 679 908 720 venenum
939 678 1093 717 suum
1125 660 1390 730 injiciunt.
1438 658 1619 729 Neque
1645 674 1708 713 ex
1740 657 1824 711 his
1860 667 2061 710 tantum

481 756 685 820 verbis,
711 756 805 810 sed
837 754 998 810 etiam
1025 769 1092 809 ex
1123 752 1488 820 sequentibus,
1516 761 1677 804 totum
1711 750 1921 804 illorqu
1949 763 2066 804 sce-

486 863 608 902 nam
632 855 882 902 accurate
899 844 1183 901 describit:
1211 842 1338 897 Cum
1366 842 1654 912 pullulavit,
1681 841 1866 911 inquit,
1889 838 2062 905 herba,

485 947 529 989 et
557 941 782 1009 fructum
811 937 942 996 tulit,
966 945 1083 989 tunc
1109 943 1454 1005 apparuerunt
1489 943 1533 986 et
1563 932 1762 986 zizunia
1793 947 1810 984 :
1847 931 1987 1000 quod
2011 940 2066 985 et

485 1029 580 1096 ipsi
615 1027 836 1082 faciunt.
860 1026 1018 1082 Initio
1046 1041 1277 1096 namque
1305 1039 1424 1079 sese
1449 1025 1718 1078 occultant
1743 1041 1755 1075 :
1787 1030 2062 1092 postquam

481 1134 610 1172 vero
634 1120 895 1185 majorem
924 1135 1181 1185 accepere
1203 1118 1476 1179 fiduciam,
1508 1126 1561 1168 et
1599 1116 1806 1183 copiam
1839 1115 2049 1168 dicendi

483 1210 626 1262 nacti
681 1221 841 1268 sunt.
901 1222 1030 1263 tunc
1093 1209 1245 1262 virus
1311 1207 1618 1261 effundunt.
1689 1206 1800 1258 Cur
1863 1215 2048 1259 autem

485 1312 669 1351 servos
727 1299 953 1359 inducit,
988 1315 1109 1361 qute
1161 1297 1404 1350 accidere
1452 1295 1770 1349 narrantes?
1801 1292 1869 1349 Ut
1931 1295 2057 1349 hinc

480 1399 662 1439 ansam
695 1384 918 1454 arripiat
961 1383 1172 1440 dicendi
1224 1401 1330 1440 non
1373 1385 1698 1440 occidendos
1749 1386 1870 1440 illos
1918 1402 2057 1440 esse.

480 1477 754 1531 Inimicum
783 1477 1056 1534 hominem
1081 1487 1238 1532 vocat
1259 1478 1430 1543 illum,
1455 1478 1523 1532 ob
1543 1479 1736 1533 damna
1759 1495 1878 1547 qua:
1904 1478 2062 1532 infert

479 1565 786 1623 hominibus
813 1585 830 1624 :
871 1569 1124 1624 damnum
1153 1569 1297 1624 enim
1327 1584 1425 1623 nos
1453 1569 1692 1634 impetit:
1726 1569 1904 1623 danmi
1933 1585 2062 1624 vero

479 1660 684 1715 initium
709 1676 815 1716 non
839 1662 962 1716 odio
985 1662 1176 1726 nostri,
1199 1662 1293 1717 sed
1311 1662 1435 1716 odio
1456 1663 1544 1717 Dei
1571 1662 1764 1716 factum
1789 1672 1891 1718 est.
1913 1662 2061 1718 Unde

478 1753 648 1822 palam
681 1763 783 1818 est,
819 1755 982 1809 Deum
1014 1770 1111 1809 nos
1135 1755 1301 1824 magis
1331 1755 1574 1824 diligere,
1598 1771 1757 1826 quam
1784 1771 1880 1809 nos
1909 1770 1938 1808 a
1965 1769 2062 1809 uo-

476 1845 556 1899 bis
587 1846 716 1917 ipsis
767 1847 1074 1917 diligamur.
1107 1847 1210 1904 Sed
1262 1847 1477 1902 aliunde
1523 1848 1707 1903 videre
1735 1857 1820 1903 est
1863 1848 2059 1903 diaboli

472 1940 785 1993 versutiam.
817 1939 931 1994 Non
979 1941 1122 1995 enim
1170 1941 1400 1996 antehac
1445 1941 1746 2007 seminavit,
1775 1942 1895 2011 quia
1929 1941 2058 1996 nihil

473 2029 614 2099 quod
641 2029 886 2100 perderet
914 2030 1134 2097 habuit;
1167 2031 1260 2086 sed
1310 2047 1430 2086 cum
1456 2033 1632 2087 omnia
1666 2034 1820 2102 plena
1851 2041 2056 2098 essent,

473 2130 531 2175 ut
556 2131 722 2176 totum
753 2123 1003 2193 agricolae
1047 2123 1281 2179 studium
1311 2124 1660 2181 labefactaret
1687 2143 1702 2180 :
1738 2126 1816 2181 sic
1845 2126 2060 2181 inimico

474 2228 599 2282 erga
630 2214 778 2268 illum
812 2215 992 2269 animo
1021 2226 1210 2270 cuncta
1239 2215 1485 2271 faciebat.
1513 2216 1644 2272 Vide
1671 2227 1848 2272 autem
1877 2234 2059 2273 servo.

471 2320 589 2360 rum
621 2306 977 2377 diligentiam.
1025 2307 1157 2362 Nam
1185 2309 1385 2363 zizauia
1415 2310 1523 2363 cito
1551 2310 1784 2365 evellere
1814 2311 2056 2381 cupiunt,

471 2399 678 2453 etiamsi
712 2399 761 2453 id
811 2415 914 2454 non
958 2401 1299 2456 considerate
1344 2403 1540 2456 faciant
1591 2421 1605 2457 :
1655 2402 1796 2468 quod
1847 2404 2057 2458 illorum

468 2490 608 2544 circa
640 2492 843 2545 semina
875 2493 1286 2548 sollicitudinem
1318 2493 1574 2558 declarat,
1607 2495 1885 2564 arguitqne
1914 2495 2060 2564 ipsos

469 2580 536 2634 ad
569 2597 731 2635 unum
759 2591 963 2637 tantum
993 2586 1280 2650 respicere,
1301 2600 1406 2639 non
1435 2600 1542 2653 quo
1571 2595 1726 2654 pacto
1750 2586 1842 2640 ille
1871 2602 2059 2656 poenas

465 2671 557 2726 det
588 2689 601 2726 :
635 2687 809 2740 neque
837 2674 977 2726 enim
1026 2674 1152 2728 illud
1185 2675 1254 2728 ita
1305 2684 1494 2746 urget;
1531 2676 1622 2730 sed
1679 2691 1746 2731 ne
1793 2676 1935 2744 jacta
1968 2692 2054 2732 se-

469 2763 610 2815 mina
655 2773 898 2831 pereant.
927 2763 1050 2818 Ideo
1081 2765 1131 2820 id
1163 2766 1401 2836 Cogitant
1445 2777 1498 2820 ut
1534 2769 1778 2822 morbum
1810 2769 2058 2823 celeriter

463 2854 721 2909 avellant.
772 2855 902 2910 lllud
950 2871 1079 2912 vero
1129 2873 1236 2912 non
1287 2859 1468 2912 statim
1518 2858 1729 2914 efﬁcere
1756 2868 2053 2928 conantur;

464 2959 642 3012 neque
669 2945 811 3000 enim
841 2945 892 3000 id
923 2947 1020 3001 sibi
1050 2957 1334 3017 arrogant:
1377 2949 1470 3004 sed
1498 2950 1698 3003 domini
1735 2952 2054 3005 sententiam

465 3045 777 3102 exspectant
812 3037 1052 3093 dicentes
1082 3057 1095 3093 :
1138 3038 1265 3094 Vis?
1292 3040 1426 3107 Quid
1469 3041 1628 3110 igitur
1659 3043 1948 3096 dominus?
2003 3043 2056 3098 ιιι

465 3133 613 3179 vetat
636 3126 849 3180 dicens:
888 3127 970 3183 Ne
998 3133 1129 3200 forte
1152 3131 1414 3185 eradicetis
1434 3132 1587 3185 simul
1613 3142 1657 3185 et
1683 3133 1922 3186 triticum.
1944 3134 2056 3188 Hoc

464 3232 629 3288 porro
655 3219 890 3286 dicebat,
921 3229 979 3275 ut
1007 3221 1141 3277 bella
1189 3223 1472 3293 czedesque
1514 3224 1845 3293 prohiberet.
1872 3225 2056 3297 Neque

463 3312 608 3366 enim
635 3311 943 3368 haereticum
971 3315 1219 3370 occidere
1250 3325 1461 3386 oportet
1493 3341 1506 3373 ;
1541 3333 1664 3372 nam
1693 3318 1770 3374 sic
1813 3320 2051 3376 irrecon-

463 3403 697 3460 ciliabile
725 3405 925 3462 bellum
963 3407 1015 3462 in
1045 3409 1228 3464 orbem
1266 3409 1625 3466 induceretur.

541 3497 594 3552 2.
626 3498 766 3570 Erga
806 3501 1065 3555 htereticos
1107 3503 1358 3572 quomodo
1399 3504 1671 3574 agendum.
1720 3502 2054 3559 Mansuetudo

463 3587 671 3645 Christi.
705 3589 932 3646 Granum
958 3593 1152 3663 sinapis
1177 3594 1425 3662 quomodo
1456 3595 1827 3664 praedicationis
1847 3607 2054 3663 aposto-

465 3681 629 3735 lorum
654 3683 718 3736 sit
741 3683 928 3754 ﬁgura.
968 3683 1240 3739 Erumna.’
1264 3685 1651 3753 pradicantibus
1675 3702 1775 3739 non
1795 3687 2048 3743 timenda.

460 3801 532 3814 —
550 3773 641 3827 l-lis
663 3785 841 3829 autent
863 3775 1068 3830 duobus
1089 3776 1376 3831 ratiociniis
1405 3787 1646 3832 movetur
1671 3777 1736 3831 ad
1756 3777 1874 3831 illos
1899 3778 2050 3833 cohi-

461 3864 923 3933 bendoszprimo,
965 3866 1106 3936 quod
1149 3865 1466 3920 frumentum
1499 3884 1601 3920 non
1635 3867 1920 3930 la'derent;
1962 3884 2051 3923 se-

461 3954 654 4019 cundo,
695 3957 837 4025 quod
866 3957 937 4010 illi
979 3957 1252 4012 iucurabili
1293 3958 1480 4012 morbo
1519 3958 1819 4013 laborantes
1847 3959 2051 4029 suppli-

459 4046 602 4100 cium
634 4046 809 4100 luituri
833 4057 1032 4102 essent.
1057 4048 1388 4118 Quapropter
1413 4049 1458 4102 si
1486 4049 1562 4103 vis
1590 4048 1708 4103 illos
1730 4049 1902 4119 puniri
1935 4049 2051 4103 sine

461 4135 712 4191 frumenti
758 4152 914 4201 noxa,
960 4149 1205 4206 essticeta
1249 4151 1452 4207 tempus
1492 4151 1868 4208 opportunum.
1913 4139 2050 4208 Quid

459 4237 639 4282 autem
665 4227 808 4283 aliud
835 4229 934 4283 sibi
962 4231 1072 4283 vult
1097 4245 1220 4284 cum
1250 4231 1400 4296 dicit,
1435 4230 1514 4284 Ne
1538 4231 1799 4285 eradicetis
1826 4232 1979 4286 simul
2003 4241 2049 4285 et

459 4325 704 4390 triticum,
729 4342 888 4397 quam
915 4327 1015 4381 hoc
1039 4327 1177 4396 quod
1207 4326 1433 4382 dicimus
1459 4344 1471 4380 :
1500 4327 1555 4382 Si
1583 4342 1729 4380 arma
1759 4328 2046 4392 moveatis,

460 4426 520 4470 ut
550 4417 830 4472 haereticos
855 4418 1129 4480 occidatis,
1173 4419 1368 4472 multos
1405 4418 1564 4473 etiam
1595 4429 1898 4474 sanctorum
1943 4436 2047 4476 una

459 4507 628 4561 occidi
670 4523 888 4563 necesse
916 4517 1032 4573 est;
1064 4510 1146 4564 vel
1171 4510 1330 4563 etiam
1358 4510 1506 4562 tnnlti
1550 4525 1617 4564 ex
1647 4511 1758 4565 istis
1797 4512 2043 4578 zizaniis,

459 4606 518 4652 ut
542 4599 830 4654 verisimile
849 4609 950 4660 est.
974 4610 1352 4654 convertentur
1377 4599 1428 4653 in
1459 4601 1812 4656 frumentum?
1833 4603 1887 4658 Si
1919 4620 2048 4673 ergo

458 4689 607 4758 prius
635 4689 753 4744 illos
779 4691 1082 4755 eradicetis,
1111 4690 1376 4746 frumento
1398 4693 1555 4746 etiam
1588 4705 1813 4748 venturo
1836 4696 2048 4749 nocebi-

461 4780 548 4844 tis,
578 4780 620 4833 si
654 4781 773 4835 illos
803 4782 888 4851 qui
918 4783 1108 4836 mutari
1137 4792 1189 4836 et
1215 4783 1339 4837 b0ni
1368 4784 1504 4838 effici
1538 4793 1776 4852 possunt,
1809 4786 2048 4839 eradice-

458 4870 547 4924 tis.
578 4869 691 4925 Non
724 4871 880 4941 igitur
905 4873 1150 4943 prohibet
1180 4873 1457 4927 haereticos
1495 4877 1807 4942 reprimere,
1837 4876 2045 4928 illorum

457 4978 553 5016 ora
597 4963 895 5028 obstruere,
937 4965 1234 5019 libertatem
1275 4964 1524 5033 loquendi
1563 4979 1832 5027 coercere,
1875 4977 2047 5020 castus

455 5068 643 5108 eorum
684 5054 916 5120 solvere,
965 5065 1113 5125 pacta
1158 5071 1443 5125 respuere,
1474 5056 1565 5110 Sed
1596 5056 1840 5111 occidere
1884 5066 2044 5110 vetat.

457 5142 538 5196 Tu
595 5159 721 5199 vero
764 5145 906 5200 illius
944 5148 1400 5201 mansuetudinem
1443 5147 1733 5218 perpende,
1778 5148 2046 5217 quomodo

453 5235 663 5290 scilicet
700 5253 804 5292 non
831 5239 1147 5292 sententiam
1191 5239 1362 5293 solum
1406 5238 1592 5293 efferat
1617 5249 1670 5292 et
1700 5239 1904 5308 juhcat,
1951 5239 2044 5293 sed

453 5327 618 5381 etiam
649 5329 908 5383 rationem
937 5340 1187 5399 exponat.
1216 5330 1348 5398 Quid
1380 5332 1761 5404 ergoeveniet,
1792 5333 1835 5385 si
1880 5348 1940 5386 us
1961 5349 2045 5400 [uc

452 5419 510 5472 in
559 5420 719 5475 finem
767 5423 965 5476 zizania
1009 5423 1294 5477 maneant?
1337 5423 1476 5476 Tunc
1516 5424 1683 5476 dicam
1725 5426 2041 5489 messoribus,

454 5511 652 5579 inqttil,
676 5510 909 5584 Colligite
934 5516 1150 5584 primunt
1172 5516 1391 5580 zizania,
1423 5525 1469 5567 et
1492 5515 1700 5585 alligata
1722 5531 1780 5568 ea
1806 5517 1858 5567 in
1887 5517 2034 5585 fasci-

451 5603 599 5657 culos
625 5605 695 5657 ad
722 5607 1137 5661 camburendum.
1159 5608 1398 5662 Revocat
1425 5608 1551 5676 ipsis
1584 5610 1634 5663 iu
1659 5618 1891 5662 mentem
1922 5623 2042 5661 νει·-

453 5693 521 5750 ha
546 5693 789 5766 Joannis,
821 5698 1015 5768 quibus
1044 5699 1154 5767 ipse
1179 5697 1343 5768 judex
1375 5698 1743 5767 inducebatur,
1770 5700 2038 5772 dicitque:

1439 267 1506 323 ΙΝ
1544 265 1950 324 ΜᾹΤΤΗᾹΣΗΜ
1992 263 2218 322 HOMIL.
2261 265 2444 322 XLVI.
2484 267 2556 324 al.
2599 269 2794 326 XLVIL

3653 277 3752 334 ιτε

2172 376 2342 433 donec
2386 394 2552 450 prope
2591 380 2915 436 frumentum
2956 392 3101 438 stant
3145 384 3383 455 zizania,
3429 389 3752 458 parcendum

2173 467 2301 538 ipsis
2346 485 2500 536 esse;
2547 482 2721 542 potest
2760 474 2902 528 enim
2937 474 3050 530 fieri
3075 485 3130 531 ut
3162 479 3482 533 frumentum
3514 480 3752 534 eftician-

2172 570 2276 614 tur.
2327 561 2460 616 Cum
2503 574 2677 618 autem
2710 567 2853 622 nullo
2889 579 3162 637 reportata
3192 570 3339 625 lucro
3374 572 3749 638 abscesserint,

2173 663 2300 708 tunc
2330 654 2448 708 illas
2477 656 2794 712 inevitabilis
2823 660 2953 714 ultio
2978 661 3224 730 excipiet.
3251 662 3429 718 Dicam
3457 664 3588 717 enim
3624 681 3754 718 mes-

2168 744 2384 808 soribus,
2435 747 2622 815 inquit,
2675 746 2906 820 Colligite
2948 753 3163 819 primunt
3207 754 3429 808 zizania.
3477 755 3583 810 Cur
3627 754 3750 808 Pri-

2172 837 2350 890 mum?
2397 837 2471 890 Ne
2509 848 2804 894 terreantur
2854 843 2947 905 illi,
2993 845 3141 912 quasi
3190 846 3420 900 triticum
3471 862 3589 902 eum
3647 847 3752 903 illis

2170 925 2461 982 auferatur.
2515 928 2581 982 Et
2625 932 2833 1001 alligate
2873 950 2930 985 ea
2971 935 3021 986 in
3049 935 3319 1004 fasciculos
3354 939 3422 991 ad
3452 940 3749 994 comburen-

2170 1018 2290 1070 dum
2313 1035 2332 1082 ;
2356 1020 2573 1072 triticum
2595 1034 2765 1074 autem
2795 1035 3092 1093 congregnte
3116 1027 3166 1079 in
3189 1028 3441 1081 horreum.
3474 1031 3560 1084 51.
3582 1030 3751 1084 Aliam

2171 1111 2466 1176 purabolam
2504 1121 2740 1181 apposuit
2770 1114 2841 1167 eis
2870 1113 3040 1168 dicens
3073 1131 3091 1167 :
3118 1116 3298 1170 Simile
3319 1130 3388 1171 est
3415 1136 3625 1190 regnum
3653 1137 3752 1175 cce-

2171 1198 2331 1251 lornm
2353 1217 2510 1270 grana
2537 1203 2730 1271 sinapis
2793 1207 2923 1269 Quia
2955 1207 3098 1260 enim
3125 1206 3280 1272 dixit,
3313 1225 3376 1263 ex
3407 1211 3612 1264 semine
3643 1222 3752 1266 tres

2167 1302 2346 1357 partes
2391 1293 2584 1360 perire,
2628 1311 2894 1365 unamque
2942 1299 3166 1364 servari,
3204 1310 3258 1353 et
3307 1301 3357 1354 iu
3405 1301 3504 1356 hac
3541 1317 3752 1372 quoque

2168 1391 2377 1433 servata
2412 1393 2560 1450 parte
2588 1395 2665 1438 tot
2693 1395 2943 1455 tantaque
2984 1391 3263 1444 imminere
3303 1392 3640 1460 detrimenta,
3686 1412 3752 1448 ne

2167 1469 2423 1533 dicerent,
2445 1475 2511 1528 Et
2537 1478 2748 1545 quinam
2779 1491 3083 1549 quantoque
3102 1499 3326 1538 numero
3356 1485 3537 1540 fideles
3563 1491 3750 1542 erunt?

2169 1560 2308 1616 hunc
2347 1579 2556 1634 quoque
2602 1581 2801 1622 metum
2840 1571 3032 1638 aufert,
3078 1574 3197 1627 illos
3228 1591 3321 1642 per
3345 1577 3648 1646 paraliolam
3681 1579 3751 1632 si-

2166 1653 2319 1721 napis
2365 1655 2430 1708 ad
2476 1656 2632 1712 fidem
2676 1660 2948 1726 inducens,
2991 1665 3384 1735 ostendensque
3416 1667 3749 1736 praedicatio-

2166 1761 2288 1799 nem
2331 1747 2524 1817 ubique
2565 1767 2906 1817 pervasurum
2947 1769 3088 1809 esse.
3129 1756 3253 1811 ldco
3280 1759 3438 1812 oleris
3467 1760 3750 1830 imaginem

2167 1836 2218 1890 in
2255 1837 2485 1892 medium
2513 1840 2735 1896 adduxit
2761 1843 2882 1899 huic
2909 1857 3223 1915 argumento
3252 1849 3536 1905 admodum
3557 1867 3752 1920 oppor-

2169 1935 2348 1981 tuuam
2374 1947 2387 1982 :
2421 1929 2510 1985 52.
2557 1931 2704 1998 Quod
2739 1935 2904 1989 minus
2929 1947 3021 2002 est,
3065 1938 3255 2006 inquit,
3285 1942 3513 1996 omnibus
3543 1945 3751 1998 semini-

2166 2018 2293 2085 bus;
2317 2037 2432 2074 cum
2451 2033 2616 2076 autem
2639 2027 2864 2090 creverit,
2897 2030 3063 2096 majus
3088 2040 3160 2082 est
3187 2033 3415 2086 onmibus
3435 2034 3671 2099 oleribus,
3703 2047 3751 2090 et

2165 2109 2222 2178 ﬁt
2246 2110 2416 2176 arbor,
2445 2113 2516 2166 ita
2543 2123 2597 2167 ut
2625 2114 2851 2170 volucres
2877 2120 2989 2172 εωιὶ
3015 2121 3228 2182 veniant,
3261 2132 3306 2176 et
3342 2124 3395 2176 in
3443 2128 3596 2180 ramis
3640 2129 3751 2197 ejus

2165 2200 2405 2255 habitent.
2446 2203 2823 2274 Magnitudiuis
2865 2210 3006 2263 enim
3055 2211 3306 2268 iudicium
3345 2215 3618 2274 declarare
3650 2236 3746 2274 vo-

2165 2293 2280 2347 luit.
2315 2294 2422 2361 Sic,
2470 2297 2660 2367 inquit,
2707 2308 2762 2353 et
2805 2301 2858 2354 in
2908 2303 3286 2370 prmdit-atione
3311 2308 3432 2362 erit.
3476 2309 3606 2364 Nam
3635 2327 3749 2365 om-

2164 2383 2310 2438 nium
2344 2388 2691 2443 infirmissimi
2726 2399 2878 2445 erant
2920 2392 3200 2462 discipuli,
3259 2400 3602 2469 onmiumquc
3647 2403 3746 2455 mi-

2163 2479 2292 2531 nimi
2323 2496 2336 2530 :
2370 2490 2603 2536 attamen
2646 2488 2766 2552 quia
2813 2501 3000 2555 magna
3033 2487 3085 2540 iu
3128 2488 3254 2556 ipsis
3284 2491 3448 2545 virtus
3488 2503 3620 2556 erat,
3655 2512 3748 2564 per

2165 2577 2332 2625 totum
2359 2573 2546 2627 orbein.
2574 2574 2740 2630 effusa
2767 2587 2869 2631 est.
2909 2576 3110 2632 Deinde
3140 2581 3239 2641 sub
3267 2581 3365 2637 hac
3396 2583 3624 2654 imagine
3647 2589 3748 2640 ler-

2163 2674 2401 2718 meutnm
2433 2667 2627 2734 posuit,
2659 2666 2843 2722 dicens
2874 2686 2887 2721 :
2918 2669 3006 2723 55.
3042 2669 3224 2726 Simile
3251 2683 3320 2727 est
3345 2691 3554 2744 regnum
3593 2679 3748 2730 catio-

2163 2770 2276 2808 rum
2297 2759 2564 2827 fermento,
2591 2759 2726 2828 quod
2753 2773 3010 2831 acceptum
3041 2763 3222 2818 mulier
3250 2766 3510 2822 abscondit
3534 2770 3585 2821 in
3617 2770 3747 2838 [nri-

2164 2865 2244 2902 me
2282 2853 2406 2904 satis
2447 2852 2625 2916 tribus,
2672 2853 2830 2907 donec
2875 2859 3232 2924 fermentatum
3267 2871 3339 2914 est
3375 2871 3556 2915 totum.
3601 2864 3747 2918 Sicut

2164 2943 2305 2995 enim
2351 2941 2672 2998 fermentum
2713 2947 2893 3000 multa:
2938 2947 3120 3001 fat-inte
3151 2951 3254 3003 vim
3283 2967 3432 3005 suam
3466 2953 3627 3019 indit,
3671 2957 3747 3009 sic

2163 3042 2218 3086 et
2244 3049 2342 3090 vos
2370 3044 2534 3089 totmn
2569 3038 2822 3090 mundum
2850 3041 3196 3094 convertetis.
3241 3042 3303 3095 Et
3344 3043 3464 3096 vide
3511 3045 3746 3114 pruden-

2164 3124 2311 3179 tiatu.
2355 3125 2566 3180 Naturm
2607 3128 2860 3198 imagines
2899 3130 3076 3196 affert,
3121 3147 3226 3200 qtto
3251 3135 3514 3199 ostendat,
3546 3147 3598 3190 ut
3633 3137 3747 3192 haec

2163 3219 2454 3273 secundum
2507 3220 2805 3274 naturalem
2858 3237 3034 3275 rerum
3083 3224 3278 3277 seriem
3327 3229 3630 3281 necessario
3673 3228 3746 3285 ita

2163 3310 2316 3375 fiunt,
2357 3312 2435 3365 sic
2481 3321 2537 3366 et
2581 3312 2701 3367 ista.
2751 3313 2828 3367 Ne
2864 3312 2991 3367 mihi
3019 3314 3218 3370 dixeris
3246 3333 3261 3369 :
3288 3315 3422 3384 Quid
3451 3319 3746 3388 poterimus

2161 3404 2440 3459 duodecim
2471 3404 2716 3461 homines
2749 3407 2802 3460 in
2831 3415 3030 3462 tantam
3069 3409 3463 3464 multitudinem
3509 3412 3746 3468 inciden-

2161 3495 2281 3550 tes?
2318 3495 2448 3550 Nam
2489 3496 2719 3565 idipsum
2761 3498 2990 3553 maxime
3029 3500 3279 3554 virtutem
3309 3511 3536 3555 vestram
3565 3504 3746 3573 splen-

2159 3583 2337 3640 didam
2380 3585 2573 3651 reddit,
2607 3587 2747 3656 quod
2778 3589 3101 3643 multitudini
3130 3590 3349 3645 admixti
3375 3608 3479 3646 nott
3511 3591 3743 3664 fugiatis.

2157 3678 2615 3744 Quemadmodum
2644 3688 2701 3736 et
2724 3680 3044 3737 fermentum
3074 3691 3198 3737 tunc
3243 3698 3472 3738 massam
3513 3684 3744 3740 fermen-

2159 3778 2256 3831 tat.
2294 3785 2415 3825 cum
2462 3771 2647 3826 farinae
2691 3772 3043 3838 admovetur;
3085 3789 3186 3829 nec
3216 3775 3376 3828 modo
3399 3775 3738 3842 admovetur,

2157 3863 2251 3916 sed
2297 3863 2365 3916 ita
2407 3871 2464 3916 ιιι
2501 3865 2819 3929 misceatur;
2868 3880 2972 3918 non
3020 3865 3161 3918 enim
3215 3865 3528 3932 simpliciter
3569 3867 3739 3933 dixit,

2159 3955 2358 4015 Posuit,
2385 3955 2500 4021 sed,
2528 3956 2798 4008 Abscondit
2819 3971 2838 4009 :
2869 3957 2945 4009 sic
2973 3964 3027 4010 ct
3051 3970 3145 4008 vos
3167 3957 3473 4025 agglutinati
3503 3969 3556 4013 et
3571 3958 3741 4026 juncti

2157 4063 2278 4102 cum
2312 4047 2748 4116 impugnantibus
2773 4062 2889 4108 vos,
2933 4048 3076 4116 ipsos
3114 4048 3455 4116 superabitis.
3503 4050 3567 4103 Et
3603 4051 3742 4105 sicut

2158 4138 2284 4194 illud
2316 4139 2558 4194 obruitur
2585 4139 2634 4192 itt
2665 4152 2860 4204 massa,
2892 4139 2986 4193 sed
3017 4154 3120 4192 non
3153 4139 3424 4208 perditur,
3475 4141 3566 4195 scd
3609 4157 3741 4211 pau-

2158 4231 2301 4284 latim
2328 4230 2421 4284 toti
2454 4245 2644 4284 massa:
2671 4230 2774 4284 vim
2805 4246 2954 4284 suam
2993 4230 3124 4284 indit
3160 4250 3173 4286 :
3205 4231 3432 4300 idipsum
3465 4232 3516 4287 in
3543 4233 3737 4303 praedi-

2152 4323 2361 4378 catione
2400 4323 2688 4390 continget.
2723 4321 2801 4376 Ne
2840 4322 3014 4388 itaque
3057 4322 3178 4392 quia
3225 4323 3420 4376 multas
3470 4339 3738 4379 :erumuas

2153 4415 2397 4485 praedixi,
2450 4415 2568 4468 ideo
2613 4415 2844 4468 timeatis
2877 4432 2890 4468 :
2923 4431 3045 4469 nam
3077 4417 3154 4469 sic
3190 4415 3453 4484 splendidi
3495 4418 3644 4471 eritis
3686 4426 3742 4472 et

2152 4505 2331 4560 omnia
2381 4504 2721 4572 superabitis.
2773 4504 2894 4557 Tria
2927 4520 3085 4573 porro
3115 4514 3226 4558 sata
3257 4506 3341 4559 hic
3380 4507 3542 4560 multa
3569 4507 3739 4577 signi-

2157 4598 2345 4661 ficant;
2395 4597 2532 4648 hunc
2558 4598 2752 4665 quippe
2781 4613 3059 4649 numerum
3093 4598 3231 4651 solet
3267 4613 3364 4666 pro
3400 4599 3739 4654 multitudine

2153 4687 2426 4740 adhibere.
2478 4686 2554 4739 Ne
2601 4687 2808 4738 mireris
2857 4695 3057 4748 autem,
3101 4688 3145 4740 si
3185 4686 3254 4740 de
3289 4703 3453 4756 regno
3491 4689 3744 4757 loquens,

2151 4795 2373 4850 granum
2417 4791 2471 4832 et
2513 4780 2830 4831 fermentum
2877 4788 3158 4841 memoret,
3207 4777 3511 4833 hominibus
3540 4781 3738 4850 quippe

2154 4873 2466 4944 loquebatur
2504 4869 2760 4937 imperitis
2800 4877 2854 4922 et
2898 4869 3114 4938 ignaris,
3157 4884 3292 4939 quos
3328 4885 3462 4938 Opus
3499 4881 3615 4926 erat
3655 4872 3737 4926 his

2153 4965 2304 5034 erigi.
2340 4963 2470 5016 Nam
2500 4962 2570 5015 ita
2600 4961 2870 5027 simplices
2901 4968 3074 5023 erant,
3106 4969 3160 5013 ιιι
3191 4971 3373 5029 postea
3405 4962 3567 5015 multa
3599 4978 3737 5030 opus

2155 5056 2412 5111 haberent
2452 5054 2909 5123 interpretatione.
2959 5053 3056 5108 Ubi
3088 5064 3212 5108 sunt
3233 5057 3494 5124 gentiles?
3533 5057 3732 5113 Christi

2153 5147 2400 5200 virtutem
2429 5146 2686 5208 ediscant,
2717 5161 2894 5200 rerum
2918 5147 3195 5200 veritatem
3222 5147 3650 5217 conspicientes;
3683 5159 3739 5203 ot

2154 5238 2252 5292 hac
2290 5248 2512 5304 utraque
2555 5238 2623 5292 de
2667 5253 2827 5291 causa
2879 5237 3024 5291 illum
3070 5237 3314 5304 adorent,
3364 5239 3585 5306 etquod
3623 5255 3736 5293 rem

2157 5338 2354 5382 tantam
2396 5328 2725 5397 pra-dixerit,
2777 5337 2831 5382 et
2873 5328 3013 5397 quod
3059 5329 3198 5381 illaut
3240 5328 3559 5396 impleverit.
3604 5328 3736 5383 Nam

2153 5423 2266 5490 ipse
2296 5430 2378 5475 est
2402 5421 2492 5490 qui
2521 5423 2622 5474 vim
2654 5419 2917 5474 fermento
2948 5421 3098 5474 indit.
3138 5420 3260 5475 Ideo
3288 5419 3611 5473 multitudini
3643 5420 3738 5473 ad-

2153 5515 2363 5567 miscuit
2405 5529 2498 5568 eos
2537 5512 2626 5583 qui
2668 5513 2721 5566 in
2769 5528 2828 5567 se
2875 5513 3186 5579 credebant,
3234 5524 3292 5567 ut
3330 5511 3736 5578 intelligentiam

2153 5615 2390 5660 nostram
2422 5616 2606 5661 mutuo
2637 5604 2931 5660 tradamus.
2974 5605 3141 5659 Nemo
3165 5605 3231 5659 de
3269 5603 3530 5673 paucitate
3556 5603 3737 5655 causi-

2156 5698 2367 5755 flcctur.
2417 5696 2572 5751 Multa
2621 5696 2817 5765 quippe
2856 5703 2941 5750 est
2986 5693 3377 5764 praedicationis
3427 5690 3624 5744 virtus:
3677 5698 3733 5742 ct
