4028 6152
348 279 443 333 ιτθ

343 391 484 463 quod
531 387 700 443 semel
746 383 1118 437 fcrmentatmn
1167 382 1280 437 est,
1331 369 1647 426 fermentum
1702 361 1922 463 reliquis

346 455 594 541 efficitur.
646 480 724 532 Ac
766 468 1205 542 quemadmodum
1245 463 1471 519 scintilla
1513 474 1634 513 cum
1684 457 1736 509 in
1784 455 1925 521 ligna

346 576 551 639 incidit,
594 569 867 626 combusta
910 565 959 617 in
988 562 1252 615 flammam
1298 553 1583 615 convertit,
1608 560 1663 604 et
1702 548 1781 603 sic
1823 545 1924 596 alia

349 668 549 723 invadit
580 685 592 718 :
627 666 697 717 ita
724 672 776 715 ct
803 656 1127 728 prmdieatio.
1176 650 1291 705 Non
1332 646 1465 700 dixit
1496 652 1672 696 tamen
1707 640 1881 707 ignem
1908 676 1923 700 ,

348 759 442 814 Sed
472 758 821 813 fermentum;
854 745 1057 816 quare?
1082 742 1213 809 Quia
1244 739 1312 791 ibi
1345 752 1448 790 non
1495 742 1661 787 totum
1702 730 1769 782 ab
1808 728 1927 795 igne

350 853 541 913 oritur,
584 846 674 901 sed
725 842 880 898 simul
928 840 1087 893 etiam
1130 851 1157 887 a
1186 833 1341 900 lignis
1370 827 1640 888 incensis;
1688 823 1773 876 hic
1800 836 1928 873 vero

351 948 665 999 fermentum
718 952 812 1005 per
855 950 913 987 se
962 940 1129 984 totum
1171 925 1353 981 efficit.
1401 919 1551 985 Quod
1598 918 1641 971 si
1687 915 1929 969 homines

349 1036 627 1089 duodecim
671 1040 839 1084 totum
867 1026 1053 1081 orbem
1078 1022 1486 1075 fermentaruut,
1534 1011 1706 1079 cogita
1736 1014 1929 1076 quanta

350 1132 416 1183 sit
450 1126 679 1195 nequitia
714 1131 915 1183 nostra,
960 1115 1119 1185 quod,
1169 1126 1287 1165 cum
1317 1117 1462 1162 tanto
1494 1118 1712 1157 numero
1742 1101 1927 1195 simus,

354 1237 459 1272 non
504 1189 787 1287 possumus
824 1220 998 1263 tamen
1041 1219 1133 1258 eos
1172 1203 1259 1271 qui
1298 1204 1585 1267 supersunt
1620 1189 1927 1291 emendare,

351 1328 484 1381 quos
510 1286 836 1378 oportuisset
862 1300 945 1353 vel
974 1296 1117 1351 mille
1143 1290 1354 1348 mundis
1381 1287 1445 1342 ad
1470 1286 1932 1341 fermentationem

384 1404 617 1455 officere.

354 1420 617 1458 suittcere.

427 1495 478 1547 5.
525 1490 644 1543 Non
676 1482 940 1546 miracula,
967 1478 1053 1533 sed
1080 1477 1235 1529 virtus
1263 1468 1514 1542 Apostotis
1541 1473 1586 1519 et
1609 1464 1723 1518 aliis
1748 1460 1935 1514 sanctis

357 1599 522 1638 rerum
570 1575 963 1647 magnitudinem
1011 1566 1238 1621 contulit.
1284 1591 1353 1602 ——
1404 1564 1506 1623 At,
1558 1550 1934 1653 illtlllics,'iiil

357 1671 579 1742 apostoli
623 1644 796 1721 erant.
853 1662 920 1715 Et
944 1659 1067 1729 quid
1095 1657 1195 1710 hoc
1224 1654 1343 1708 est?
1386 1652 1573 1704 Annon
1601 1644 1785 1742 eadem
1824 1644 1937 1708 ipsa

359 1735 461 1832 qua
490 1770 542 1812 ιιι
570 1755 876 1812 conditione
905 1748 1101 1803 erant?
1132 1758 1306 1797 nonne
1348 1742 1397 1794 in
1427 1735 1726 1793 civitatibus
1755 1744 1937 1783 versa-

359 1824 591 1905 bantur?
636 1860 809 1899 annon
858 1837 1165 1895 eorumdem
1213 1838 1491 1887 consortes
1529 1824 1721 1880 erant?
1761 1834 1936 1873 annon

360 1955 502 1995 artes
549 1932 911 1992 exercebant?
956 1944 1080 1983 num
1113 1925 1280 1993 angeli
1317 1920 1508 1976 erant?
1558 1932 1680 1970 nutn
1714 1930 1775 1967 ex
1808 1910 1939 1965 caelo

360 2026 780 2087 descenderant?
824 2021 948 2087 Sed,
983 2018 1209 2086 inquies,
1244 2014 1393 2081 signa
1424 2012 1678 2064 fecerant.
1723 2002 1837 2057 Non
1863 2001 1936 2054 si-

360 2142 461 2197 gna
491 2132 638 2178 certe
669 2121 813 2187 ipsos
840 2112 1106 2168 mirabiles
1133 2108 1441 2162 effecerunt.
1470 2100 1758 2168 Usquequo
1783 2094 1943 2197 mira:

363 2184 495 2273 culis
542 2215 643 2267 illis
692 2211 757 2263 ad
799 2207 1056 2279 ignaviam
1099 2208 1335 2255 nostram
1374 2192 1652 2263 tegendam
1696 2184 1941 2279 utemur?

365 2307 499 2362 Vide
526 2275 839 2359 sanctorum
857 2298 1099 2357 chorum,
1149 2290 1237 2360 qui
1274 2302 1380 2341 non
1409 2282 1679 2338 miraculis
1704 2278 1808 2331 illis
1837 2275 1942 2328 ful-

366 2404 454 2455 sit.
502 2396 647 2452 Multi
674 2393 813 2448 enim
842 2389 928 2458 qui
956 2386 1228 2440 d;etuones
1259 2379 1546 2447 ejeceraut,
1590 2372 1709 2440 quia
1746 2365 1945 2436 iniqui-

366 2464 525 2545 tatem
565 2485 766 2553 Opcrati
808 2488 949 2538 sunt,
993 2471 1265 2527 mirabiles
1295 2482 1399 2520 non
1430 2465 1662 2553 fuerunt,
1695 2458 1787 2513 sed
1816 2472 1943 2526 sup-

368 2579 537 2650 pliciis
578 2552 702 2628 sunt
738 2568 933 2624 affecti.
979 2561 1213 2633 Ecquid,
1262 2556 1503 2626 inquies,
1552 2552 1672 2606 illus
1726 2562 1946 2650 magnos

366 2639 577 2724 effecit?
616 2665 963 2728 Contemptus
1005 2653 1365 2723 pecuniarum,
1422 2661 1569 2697 vanae
1616 2641 1798 2712 gloria:
1845 2639 1944 2693 de—

368 2770 602 2830 spectus,
625 2749 976 2823 sequestratio
1005 2761 1035 2799 a
1062 2745 1216 2799 bonis
1245 2737 1607 2795 sarcularibus.
1641 2735 1740 2802 Qui
1765 2733 1808 2830 si
1832 2730 1948 2830 haec

371 2823 476 2906 ιιύη
505 2847 835 2905 habuissent,
869 2839 961 2895 sed
985 2836 1147 2891 animi
1176 2833 1376 2888 morbis
1402 2830 1721 2899 paruissent,
1740 2823 1944 2879 etiamsi

369 2950 649 2996 sexcentos
689 2944 929 2989 mortuos
974 2927 1339 2986 suscitassent,
1385 2936 1492 2974 non
1522 2917 1679 2971 modo
1709 2915 1773 2968 ad
1807 2913 1947 2967 nihi-

371 3036 477 3087 lum
506 3031 664 3084 utiles
696 3026 938 3087 fuissent,
987 3018 1081 3074 sed
1126 3017 1285 3071 etiam
1316 3013 1628 3080 deccptores
1654 3017 1705 3061 et
1733 3005 1949 3060 fallaces

378 3119 544 3172 habiti
577 3117 826 3171 fuissent.
846 3112 937 3166 Sic
952 3118 1097 3164 certe
1121 3108 1230 3160 vita
1257 3106 1371 3173 ipsa
1390 3111 1471 3155 est
1488 3113 1607 3167 qua:
1622 3095 1819 3162 ubique
1844 3090 1949 3143 ful-

380 3217 487 3277 get,
504 3222 627 3277 qua:
638 3207 799 3258 etiam
820 3200 1053 3269 Spiritus
1067 3196 1290 3267 gratiam
1305 3189 1546 3246 attraxit.
1565 3183 1718 3277 Quod
1734 3182 1947 3277 signum

382 3268 801 3358 fecit'Joannes,
837 3268 929 3362 qui
966 3298 1046 3344 tot
1075 3287 1319 3342 civitates
1341 3281 1443 3337 sibi
1477 3274 1754 3333 devinxit?
1789 3268 1947 3338 Quod

374 3391 516 3445 cnim
545 3384 859 3441 miraculum
890 3381 1093 3435 nullum
1120 3376 1364 3438 ediderit,
1410 3372 1531 3426 audi
1574 3369 1951 3439 evangelistam

373 3484 637 3537 dicentem
671 3494 684 3529 :
717 3473 941 3527 Joannes
966 3470 1164 3538 quidem
1189 3466 1385 3520 nullum
1413 3464 1527 3531 fecit
1552 3462 1750 3531 signant
1774 3458 1952 3529 (Joan.

378 3572 462 3627 lO.
494 3572 604 3637 4f).
638 3565 788 3622 Unde
812 3560 1153 3616 admirandus
1179 3557 1278 3611 fuit
1308 3555 1516 3610 Helias?
1544 3557 1730 3605 Annon
1760 3565 1791 3603 a
1821 3548 1956 3602 ﬁdit—

375 3663 477 3724 cia,
502 3676 603 3730 qua
621 3672 796 3727 regem
817 3653 1059 3707 monuit?
1083 3664 1259 3702 annon
1287 3663 1314 3700 a
1344 3646 1462 3699 zelo
1488 3659 1585 3697 suo
1607 3657 1729 3710 erga
1756 3639 1955 3693 Deum?

377 3770 553 3808 annon
581 3768 609 3804 a
642 3756 975 3821 paupertate,
1003 3761 1031 3797 a
1060 3742 1277 3805 melote,
1326 3756 1354 3792 a
1384 3738 1659 3808 Spelunca,
1697 3749 1725 3786 a
1758 3731 1955 3786 monti-

377 3846 475 3901 bus
495 3843 663 3898 ?Nain
686 3842 833 3912 signa
863 3838 1039 3892 omnia
1070 3845 1186 3905 post
1214 3834 1327 3886 lucc
1350 3831 1491 3885 fecit.
1516 3828 1636 3883 .lnbi
1662 3842 1788 3880 vero
1814 3822 1955 3895 quod

378 3942 585 4009 signum
632 3934 815 3989 videns
867 3931 1108 3985 diabolus
1149 3926 1547 3993 obstupefactus
1586 3923 1706 3977 est?
1736 3921 1953 3989 Signum

376 4042 522 4086 certe
552 4028 775 4088 nullum,
806 4024 900 4079 sed
928 4023 1087 4076 vitam
1123 4020 1453 4090 praeclaram,
1482 4016 1791 4086 patientiam
1823 4010 1955 4065 ada-

380 4128 557 4175 mante
591 4115 781 4187 quovis
843 4113 1151 4165 (iuniorem.
1183 4106 1334 4172 Quod
1361 4107 1568 4172 signum
1601 4102 1762 4156 David
1782 4100 1953 4187 fecit,

276 4204 279 4209 ’
375 4212 587 4284 juvenis
609 4183 750 4261 'cum
795 4214 961 4265 esset,
1009 4210 1065 4253 ut
1114 4200 1251 4252 Deus
1294 4196 1497 4249 diceret
1527 4210 1540 4246 :
1576 4191 1748 4244 Inveni
1774 4183 1960 4284 Dauid,

382 4278 544 4373 tilium
568 4297 911 4360 Jessewirum
937 4292 1211 4347 secundum
1236 4304 1324 4341 cor
1348 4301 1513 4339 meum
1544 4284 1680 4353 (Act.
1716 4282 1798 4336 15.
1825 4278 1960 4373 2‘2)?

382 4371 668 4455 hbraliani,
701 4391 843 4444 Isaac
863 4396 915 4441 et
940 4383 1104 4439 Jacob
1130 4396 1285 4451 quem
1314 4388 1582 4432 mortuum
1607 4371 1959 4428 suscitaram?

382 4504 540 4560 quem
573 4486 840 4553 leprosum
869 4474 1226 4532 inundarunt?
1272 4474 1350 4524 An
1383 4469 1614 4537 ignoras,
1657 4465 1825 4535 signa,
1860 4464 1961 4517 nisi

383 4558 682 4649 vigilemus,
730 4574 1042 4644 plerumque
1072 4565 1307 4621 nocere?
1348 4563 1437 4618 Sic
1474 4562 1619 4615 multi
1648 4558 1961 4614 Corinthio"-

384 4687 500 4726 rum
530 4668 619 4722 alii
646 4665 714 4719 ab
741 4664 859 4717 aliis
897 4659 1104 4715 discissi
1134 4665 1256 4711 sunt
1283 4674 1295 4708 :
1325 4655 1402 4709 sic
1428 4652 1575 4706 multi
1598 4650 1961 4705 Romanorum

383 4763 758 4831 superbierunt
813 4775 827 4809 :
877 4755 955 4807 sic
995 4752 1179 4807 Simon
1218 4748 1421 4817 ejectus
1471 4752 1574 4797 est.
1611 4744 1698 4799 Sic
1743 4744 1833 4796 ille
1873 4740 1963 4809 qui

383 4852 655 4907 Christum
685 4846 835 4916 sequi
869 4848 1165 4913 optaverat,
1210 4836 1528 4906 reprobatus
1572 4843 1672 4896 est,
1716 4831 1959 4895 audiens,

398 4942 581 5010 Vulpes
610 4943 775 5009 foveas
803 4936 1003 4998 habent,
1036 4941 1083 4983 et
1115 4926 1337 4982 volucres
1361 4926 1471 4978 creti
1499 4924 1645 4976 nidos
1665 4921 1877 4991 (Matth.
1907 4920 1961 4974 8.

383 5035 487 5097 20;
520 5032 646 5084 Luc.
675 5032 728 5085 9.
759 5027 871 5097 58).
907 5026 1104 5079 llorum
1136 5022 1349 5091 singuli,
1377 5022 1489 5073 sive
1511 5018 1650 5087 quod
1677 5017 1927 5086 pecunias
1947 5055 1961 5080 ,

386 5128 499 5180 sive
540 5121 682 5192 quod
725 5119 949 5189 gloriam
977 5130 1042 5168 ex
1081 5114 1245 5181 signis
1288 5119 1609 5179 qumrerent,
1656 5107 1968 5161 exciderunt

385 5228 441 5272 et
494 5215 784 5286 perierunt.
844 5206 981 5262 Vitae
1028 5214 1205 5257 autem
1272 5209 1518 5255 accurata
1567 5200 1858 5263 sanctitas,
1913 5207 1968 5252 et

388 5311 639 5363 virtutum
689 5318 841 5356 amor
885 5315 988 5354 non
1032 5298 1191 5351 modo
1232 5310 1337 5349 non
1378 5294 1514 5363 parit
1556 5292 1713 5346 talem
1759 5290 1965 5360 cupidi-

391 5410 577 5462 tatem,
625 5394 721 5451 sed
749 5394 794 5449 si
824 5392 963 5447 adsit
988 5388 1180 5444 aufert.
1228 5386 1344 5456 Ipse
1376 5400 1502 5440 vero
1527 5384 1795 5447 Christus,
1844 5399 1965 5437 cum

388 5493 533 5560 leges
560 5488 713 5542 daret
734 5484 1025 5553 discipulis,
1049 5480 1175 5551 quid
1202 5479 1454 5534 dicebat?
1476 5494 1564 5542 an,
1593 5477 1752 5546 Signa
1785 5476 1964 5541 facite,

392 5592 448 5634 ut
473 5579 686 5634 videant
711 5574 992 5631 homines?
1037 5573 1379 5641 Nequaquam
1414 5587 1426 5622 :
1463 5568 1557 5623 sed
1587 5569 1752 5639 quid?
1780 5568 1967 5623 Luceat

391 5674 481 5727 tua:
516 5680 678 5727 uestra
719 5685 887 5725 coram
928 5666 1233 5736 hominibus,
1275 5673 1329 5719 ut
1369 5662 1569 5722 videant
1612 5678 1766 5733 opera
1803 5672 1967 5719 vestra

1075 260 1131 316 S.
1174 256 1449 313 JOANNIS
1486 243 1957 307 CllllYSOSTOMI
1987 243 2305 302 ARClllEP.
2336 242 2866 303 CONSTANTINOP.

3508 242 3611 309 ‘80

2036 360 2185 426 bona,
2227 371 2274 414 et
2306 362 2589 432 gloriﬁcent
2637 360 2847 414 Patrem
2885 366 3101 414 vestrum
3140 357 3226 420 qui
3269 359 3320 411 in
3364 360 3500 414 cadis
3539 371 3612 414 est

2032 451 2243 520 (Matth.
2272 452 2324 506 5.
2353 453 2463 522 l6).
2494 453 2653 507 Petro
2676 466 2888 522 quoque
2918 467 3021 505 non
3051 451 3204 517 dixit,
3245 450 3298 505 Si
3328 467 3414 505 me
3440 467 3609 517 amas,

2032 541 2180 610 signa
2208 540 2321 607 fac;
2367 543 2482 608 sed,
2530 542 2690 597 Pasce
2727 559 2839 597 oves
2882 559 3015 596 meas
3056 542 3234 611 (Joan.
3269 543 3359 597 2|.
3396 541 3505 614 15).
3547 544 3615 599 Et

2031 647 2151 686 cum
2184 650 2398 705 semper
2424 636 2570 689 illum
2597 636 2805 690 etelcris
2831 645 3124 704 praeponat,
3149 652 3250 689 una
3278 652 3397 689 eum
3418 636 3615 691 Iacobo

2032 733 2086 776 et
2116 723 2342 790 Joanne,
2392 726 2553 789 unde,
2602 743 2806 795 quaeso,
2840 727 3134 796 praeponit?
3177 743 3302 781 num
3340 744 3369 780 a
3414 728 3617 799 signis?

2034 817 2192 885 Atqui
2220 833 2407 872 omnes
2430 818 2675 885 discipuli
2705 819 2945 888 leprosos
2974 819 3321 886 mundabant,
3377 830 3619 877 mortuos

2034 908 2405 973 suseitabant;
2438 910 2794 978 omnilmsque
2839 909 3087 963 similiter
3131 918 3448 977 potestatem
3493 925 3621 964 con-

2036 1001 2217 1054 cessit.
2249 1000 2355 1054 Cur
2382 1016 2512 1070 ergo
2554 1011 2663 1055 tres
2693 1001 2765 1054 illi
2793 1000 3303 1070 anteponebantur?
3345 1000 3429 1055 Ex
3459 1001 3620 1055 animi

2036 1108 2227 1160 nempe
2256 1093 2473 1147 virtute.
2501 1092 2685 1146 Viden’
2714 1092 2910 1162 ubique
2938 1092 3074 1146 bona
3101 1107 3234 1162 opus
3258 1107 3379 1147 esse
3412 1093 3539 1156 vita,
3569 1102 3623 1147 et

2037 1184 2195 1237 rectis
2236 1184 2527 1251 operibus?
2572 1182 2656 1236 Ea:
2700 1184 2967 1252 fructibus,
3009 1185 3173 1253 enim,
3219 1185 3409 1255 inquit,
3451 1201 3623 1239 eorum

2034 1276 2341 1345 cognoscetis
2371 1291 2453 1329 eos
2483 1275 2693 1345 (Matth.
2722 1276 2776 1330 7.
2807 1275 2920 1347 16).

2107 1367 2161 1419 4.
2192 1365 2325 1433 Quid
2354 1375 2528 1420 autem
2554 1367 2710 1420 vitam
2744 1377 2979 1422 nostram
3008 1368 3313 1423 constituit?
3344 1370 3424 1423 An
3448 1369 3621 1439 signa,

2038 1470 2104 1509 an
2132 1457 2235 1510 vita
2266 1467 2411 1511 recte
2442 1466 2496 1511 et
2515 1470 2762 1513 accurate
2782 1461 2933 1514 acta?
2964 1460 3136 1514 Vitam
3163 1470 3309 1515 certe
3330 1475 3447 1516 esse
3471 1462 3625 1531 liqui-

2038 1548 2165 1601 dum
2194 1558 2274 1601 est
2307 1566 2319 1601 :
2352 1548 2499 1617 signa
2527 1564 2657 1603 vero
2705 1550 2827 1605 inde
2869 1550 3071 1605 ducunt
3108 1551 3464 1616 occasionem,
3493 1561 3546 1606 et
3573 1549 3626 1609 in

2040 1653 2161 1691 eum
2191 1639 2347 1692 tinem
2370 1639 2637 1693 desinunt.
2671 1640 2797 1694 Nam
2823 1642 2911 1710 qui
2930 1641 3090 1695 vitam
3115 1641 3330 1696 exhibet
3348 1644 3627 1712 optimam,

2042 1727 2178 1782 hanc
2207 1729 2306 1782 sibi
2334 1728 2551 1783 attrahit
2578 1731 2832 1799 gratiam;
2863 1733 2950 1802 qui
2980 1749 3107 1787 vero
3131 1734 3354 1803 gratiam
3388 1735 3581 1804 accipit
3605 1774 3623 1801 ,

2043 1818 2165 1872 ideo
2191 1819 2419 1887 accipit,
2454 1831 2509 1873 ut
2537 1821 2760 1875 aliorum
2791 1824 2950 1876 vitam
2980 1824 3246 1879 emendet.
3278 1824 3626 1896 Quandoqui-

2041 1909 2163 1963 dem
2193 1909 2437 1964 Christus
2465 1911 2718 1965 miracula
2749 1913 2834 1966 illa
2865 1912 2984 1967 ideo
3011 1914 3154 1977 fecit,
3186 1922 3243 1968 ut
3273 1914 3395 1969 inde
3425 1915 3527 1971 fide
3550 1915 3632 1970 di-

2041 2014 2178 2069 gnus
2200 1999 2267 2054 ad
2297 2016 2355 2056 se
2385 2001 2628 2056 homines
2655 2002 2985 2071 pertrahens,
3015 2004 3265 2059 virtutem
3295 2009 3346 2060 in
3373 2007 3629 2065 mundum

2046 2092 2341 2148 induceret.
2386 2092 2510 2148 ldeo
2553 2095 2835 2149 maximam
2874 2095 3095 2165 hujusce
3124 2097 3199 2151 rei
3230 2112 3411 2151 curam
3450 2098 3627 2153 habet.

2045 2184 2229 2253 Neque
2257 2185 2397 2238 enim
2425 2185 2552 2239 solis
2580 2187 2744 2255 signis
2770 2188 2898 2240 satis
2928 2186 3107 2253 habet,
3134 2187 3226 2242 sed
3256 2196 3310 2243 et
3333 2187 3630 2259 gehennam

2045 2275 2416 2339 comminatur,
2438 2284 2490 2328 et
2508 2290 2729 2343 regnum
2751 2277 3030 2345 promittit,
3048 2278 3228 2346 sicque
3245 2278 3634 2347 inexpectata:

2046 2367 2163 2421 illas
2195 2368 2336 2435 ponit
2369 2369 2533 2437 leges,
2564 2368 2799 2438 nihilque
2829 2384 2930 2422 non
2962 2371 3070 2439 agit
3098 2380 3153 2423 ut
3182 2385 3279 2424 nos
3306 2372 3509 2440 angelis
3532 2388 3627 2441 pa-

2048 2474 2134 2513 res
2159 2459 2371 2514 efficiat.
2406 2461 2470 2514 Et
2491 2460 2614 2528 quid
2641 2462 2781 2527 dico,
2812 2462 3077 2516 Christum
3100 2463 3276 2517 omnia
3304 2463 3525 2533 hujusce
3553 2466 3629 2521 rei

2047 2566 2207 2604 causa
2237 2550 2444 2606 facere?
2473 2552 2526 2606 Si
2555 2552 2693 2622 quis,
2725 2552 2811 2607 dic
2842 2553 2971 2607 mihi
2991 2594 3006 2618 ,
3036 2554 3304 2624 optionem
3336 2556 3426 2609 tibi
3458 2555 3632 2623 daret,

2048 2651 2142 2696 aut
2184 2652 2423 2698 mortuos
2468 2644 2518 2697 itt
2565 2645 2779 2697 nomine
2807 2644 2921 2713 ejus
2951 2646 3209 2699 suscitare
3233 2687 3248 2712 ,
3285 2656 3373 2700 aut
3416 2658 3636 2718 propter

2051 2750 2243 2788 nomen
2270 2736 2387 2803 ejus
2418 2734 2586 2801 mori,
2619 2734 2742 2803 quid
2772 2736 3021 2804 optares?
3045 2737 3237 2790 Annon
3269 2738 3443 2806 palam
3471 2747 3553 2793 est
3580 2748 3633 2794 te

2051 2827 2339 2882 secundum
2370 2836 2675 2896 optaturum
2709 2828 2861 2881 esse?
2899 2829 3056 2897 Atqui
3090 2829 3215 2884 illud
3252 2829 3466 2899 signum
3489 2870 3504 2895 ,
3535 2830 3636 2887 hoc

2050 2928 2225 2972 autem
2256 2934 2387 2988 opus
2413 2927 2513 2973 est.
2546 2918 2598 2973 Si
2628 2918 2745 2987 quis
2766 2933 2893 2973 vero
2922 2919 3013 2972 tibi
3042 2918 3311 2989 optionem
3342 2936 3462 2975 cum
3490 2929 3638 2991 pote-

2052 3017 2187 3063 state
2211 3008 2362 3062 darct
2390 3008 2587 3062 frenum
2622 3010 2672 3061 iit
2702 3024 2887 3062 aurum
2911 3010 3148 3063 vertendi
3173 3051 3186 3073 ,
3211 3020 3299 3064 aut
3330 3026 3487 3080 posse
3514 3027 3634 3066 om-

2053 3114 2149 3153 nes
2175 3099 2384 3152 divitias
2413 3108 2466 3151 ut
2498 3098 2694 3153 frenum
2728 3100 3075 3154 conculcare?
3110 3100 3298 3155 Nonne
3331 3101 3431 3156 hoc
3462 3105 3636 3172 potius

2053 3188 2311 3258 eligeres?
2359 3190 2422 3243 Et
2443 3189 2563 3258 jure
2589 3190 2821 3258 quidem.
2863 3189 2994 3244 Nam
3025 3191 3153 3245 illud
3179 3207 3368 3247 omnes
3396 3194 3636 3249 homines

2053 3278 2286 3335 maxime
2315 3279 2663 3349 pertraheret.
2696 3280 2753 3335 Si
2780 3280 3022 3336 viderent
3048 3281 3189 3335 enim
3223 3281 3422 3336 frenum
3448 3298 3636 3338 aurum

2058 3371 2190 3435 fieri,
2218 3372 2352 3425 banc
2383 3381 2693 3441 potestatem
2722 3389 2909 3428 omnes
2934 3384 3191 3443 cuperent
3216 3375 3478 3441 obtinere,
3502 3376 3638 3431 sicut

2058 3463 2241 3517 Simon
2266 3506 2278 3527 ,
2312 3476 2697 3534 augereturque
2726 3465 3028 3519 divitiarum
3055 3466 3317 3535 cupiditas
3347 3484 3360 3519 :
3385 3469 3430 3521 si
3456 3477 3634 3522 autem

2059 3555 2301 3609 viderent
2316 3572 2501 3610 omnes
2521 3572 2706 3611 aurum
2727 3568 2990 3627 tamquam
3006 3558 3203 3613 faenum
3222 3558 3515 3629 despicere,
3528 3560 3636 3631 jam

2058 3646 2184 3701 olim
2208 3663 2233 3698 a
2267 3648 2452 3701 morbo
2475 3649 2681 3702 liberati
2707 3657 2907 3703 essent.

2142 3737 2256 3790 l'ita
2293 3739 2424 3792 bona
2467 3754 2596 3808 quae.
2622 3768 2691 3779 ——
2722 3738 2906 3793 Viden’
2938 3739 3128 3795 bonam
3155 3741 3315 3795 vitam
3343 3756 3500 3810 posse
3529 3755 3640 3795 ma-

2058 3828 2374 3899 gisjuvare?
2404 3829 2575 3883 Vitam
2598 3839 2773 3885 autem
2798 3830 2937 3898 dico,
2963 3847 3066 3885 non
3089 3832 3370 3902 jejunium,
3396 3848 3500 3888 non
3527 3848 3640 3888 sac-

2059 3936 2180 3975 cum
2208 3931 2261 3975 et
2285 3921 2517 3977 cinerem
2537 3932 2791 3988 stratum;
2820 3923 2912 3977 sed
2934 3925 3233 3978 divitiarum
3256 3935 3641 3995 contemptum,

2061 4021 2117 4065 ut
2148 4027 2243 4081 par
2264 4022 2346 4066 est
2374 4028 2465 4066 eas
2490 4022 2852 4080 contemnere,
2876 4029 3113 4068 amorem
3142 4017 3390 4085 proximi,
3414 4017 3642 4071 eleemo—

2061 4121 2247 4176 synam
2298 4115 2352 4158 et
2401 4121 2590 4173 panem
2646 4108 2897 4161 esurienti
2945 4107 3147 4173 datum,
3198 4109 3434 4164 sedatam
3488 4111 3641 4175 iram,

2063 4195 2235 4247 inanis
2258 4194 2441 4262 gloria:
2464 4194 2846 4262 depulsionem,
2871 4197 3078 4252 invidite
3099 4198 3535 4253 eliminationem.
3558 4199 3644 4254 Sie

2063 4296 2118 4340 ct
2144 4286 2230 4340 ille
2254 4300 2351 4340 nos
2374 4286 2595 4340 instituit
2619 4302 2738 4339 cum
2770 4287 2903 4341 dixit
2930 4305 2943 4340 :
2975 4287 3163 4342 Discite
3187 4307 3218 4341 a
3244 4306 3341 4355 me,
3368 4291 3486 4361 quia
3514 4291 3645 4343 mitis

2065 4394 2176 4431 sum
2200 4386 2247 4430 et
2276 4377 2481 4430 humilis
2508 4377 2658 4430 corde
2688 4376 2896 4448 (Matth.
2934 4380 3020 4432 ll.
3048 4378 3159 4449 29).
3190 4379 3304 4434 Non
3332 4380 3486 4446 dixit,
3512 4380 3642 4447 Quia

2061 4468 2317 4540 jejunavi,
2336 4470 2434 4523 etsi
2465 4479 2639 4536 posset
2662 4469 3008 4539 quadraginta
3032 4471 3145 4524 dies
3161 4470 3346 4540 jejunii
3375 4472 3642 4540 proferre:

2066 4572 2119 4615 at
2140 4578 2244 4616 non
2272 4562 2372 4615 hoc
2398 4561 2555 4627 dicit;
2589 4563 2702 4624 sed,
2731 4562 2864 4627 Quia
2884 4564 3016 4615 mitis
3041 4580 3151 4616 sum
3177 4574 3222 4617 et
3245 4564 3449 4618 humilis
3476 4564 3643 4618 corde.

2070 4652 2377 4721 Rursusque
2403 4667 2522 4705 eum
2555 4653 2698 4705 misit
2722 4668 2814 4707 eos
2834 4694 2848 4716 ,
2880 4668 2983 4706 non
3012 4653 3177 4719 dixit,
3209 4654 3488 4722 Jejunate;
3518 4655 3608 4708 sed
3630 4695 3645 4718 ,

2070 4742 2377 4796 Manducate
2394 4744 2527 4811 quod
2553 4744 2827 4813 apponitur
2850 4744 2983 4797 vobis
3010 4744 3026 4809 (
3052 4743 3179 4797 Luc.
3210 4744 3296 4799 10.
3324 4746 3357 4799 8
3376 4748 3415 4805 ).
3453 4747 3526 4799 De
3554 4760 3647 4815 pe-

2069 4835 2222 4890 cunia
2251 4850 2377 4887 vero
2403 4849 2639 4888 severam
2673 4835 2838 4904 legem
2870 4836 3043 4903 posuit
3072 4836 3256 4889 dicens
3288 4854 3300 4888 :
3334 4838 3511 4890 Nolite
3536 4854 3650 4905 pos-

2068 4929 2231 4981 sidere
2267 4942 2445 4978 aurum
2484 4925 2559 4979 vel
2601 4935 2894 4995 argentum,
2939 4944 3095 4996 neque
3119 4943 3188 4981 (es
3217 4928 3270 4980 in
3296 4932 3439 4982 zonis
3480 4930 3647 4982 vestris

2073 5016 2297 5090 (Matth.
2323 5016 2412 5070 10.
2438 5016 2531 5086 9).
2568 5016 2689 5070 l|:ec
2721 5031 2880 5085 porro
2909 5016 3062 5084 dico,
3094 5034 3198 5073 non
3224 5019 3369 5088 quod
3392 5018 3647 5089 jejunium

2072 5112 2363 5180 vituperem
2388 5124 2401 5173 ;
2430 5108 2601 5173 absit;
2636 5110 2857 5163 multum
2886 5111 3081 5180 quippe
3110 5112 3266 5166 laudo
3294 5129 3306 5163 :
3336 5114 3428 5167 sed
3454 5128 3649 5183 angor,

2071 5218 2191 5257 cum
2219 5203 2375 5256 video
2397 5217 2509 5262 vos,
2541 5201 2656 5255 aliis
2684 5202 2956 5271 neglectis,
2982 5213 3167 5272 putare
3190 5204 3317 5258 illud
3344 5220 3463 5260 esse
3482 5206 3547 5260 ad
3569 5221 3653 5259 sa-

2075 5296 2235 5349 lutem
2276 5294 2425 5357 satis,
2457 5308 2576 5345 cum
2617 5302 2790 5347 tamen
2837 5297 2888 5347 in
2931 5295 3096 5349 choro
3126 5297 3377 5350 virtutum
3412 5297 3653 5350 ultimum

2076 5394 2253 5438 teneat
2274 5384 2465 5437 locum.
2499 5382 2590 5436 lla:
2615 5385 2809 5453 quippe
2831 5385 3074 5438 maximae
3095 5394 3238 5446 sunt,
3254 5368 3467 5451 caritas,
3492 5386 3655 5455 tequi-

2078 5489 2193 5541 tas,
2241 5478 2613 5545 eleemnsyna,
2661 5492 2780 5545 quae
2818 5476 2975 5530 etiam
3019 5478 3377 5547 virginitatem
3419 5487 3653 5547 superat.

2076 5570 2251 5633 Quare
2276 5569 2321 5621 si
2348 5568 2478 5621 velis
2503 5569 2755 5634 apostolis
2783 5584 2877 5637 par
2898 5585 3035 5630 esse,
3056 5570 3183 5623 nihil
3210 5571 3403 5625 obstat.
3435 5570 3487 5626 Si
3516 5572 3654 5625 illaut

2085 5662 2338 5719 virtutem
2359 5662 2720 5735 amplectaris.
2760 5661 3070 5719 sullicitilla
3094 5662 3189 5719 tibi
3230 5670 3290 5717 ut
3325 5658 3458 5717 nihil
3475 5657 3657 5714 minus
