4028 6152
260 345 356 399 {Si

261 476 425 532 quam
448 460 678 531 apostoli
703 458 926 515 habeas.
941 457 1160 515 Nullum
1176 461 1342 531 igitur
1352 463 1632 534 signorum
1643 474 1834 529 exspe-

261 552 429 608 ctatio
441 552 940 624 moretur.Angitur
960 552 1171 608 daemon
1184 568 1308 608 eum
1331 554 1398 609 de
1428 566 1656 623 cerpore
1682 551 1837 622 ejici-

262 655 350 698 tur
365 644 562 712 gmulto
578 644 749 715 magis
768 654 948 700 autem
963 661 1085 699 cum
1113 646 1306 701 viderit
1318 647 1554 701 animam
1572 660 1600 698 a
1614 651 1836 715 peccato

261 734 565 790 liberatam.
589 732 925 805 Haacquippe
939 746 1021 790 est
1052 736 1197 791 illius
1221 752 1455 791 maxuma
1478 737 1676 790 virtus.
1702 733 1837 789 Pro-

258 836 376 894 pter
396 835 673 896 peccatum
697 837 936 883 mortuus
954 837 1036 882 est
1056 826 1321 892 Christus,
1344 836 1400 880 nt
1423 825 1552 881 illud
1572 826 1807 881 solveret
1829 842 1845 881 :

257 917 390 972 illud
417 918 562 972 enim
592 928 821 973 mortem
857 918 1065 973 induxit
1097 936 1111 974 :
1145 926 1364 988 propter
1390 917 1521 971 illud
1547 917 1725 971 omnia
1754 931 1846 972 sus

255 1007 432 1077 deque
455 1023 609 1062 versa
634 1016 780 1063 sunt.
805 1007 860 1065 Si
888 1020 1161 1079 peccatum
1187 1009 1483 1072 sustuleris,
1507 1006 1703 1063 diaboli
1724 1023 1846 1063 ner-

257 1113 353 1153 vos
376 1099 670 1166 succidisti,
697 1099 815 1170 ejus
837 1110 992 1170 caput
1013 1099 1329 1164 contrivisti,
1358 1099 1477 1165 ejus
1500 1098 1604 1153 vim
1631 1112 1843 1153 omnem

254 1188 460 1244 solvisti
486 1228 503 1255 ,
532 1191 826 1245 exercitum
853 1190 1000 1245 illum
1024 1190 1291 1259 dissipasti
1312 1229 1327 1253 ,
1365 1189 1575 1258 signum
1604 1187 1843 1242 omnium

253 1280 528 1352 signorum
551 1284 839 1337 maximum
862 1282 1167 1339 exbibuisti.
1194 1280 1309 1336 Non
1336 1296 1490 1335 meus
1512 1290 1594 1334 cst
1618 1277 1705 1333 hic
1731 1292 1845 1333 ser-

252 1387 368 1439 mo,
396 1374 492 1428 sed
524 1373 661 1429 beati
690 1374 838 1430 Pauli
865 1393 878 1430 :
905 1390 1028 1430 cum
1056 1374 1279 1429 dixisset
1301 1374 1465 1438 enim,
1498 1371 1845 1428 £mulamimi

251 1463 561 1518 charismata
587 1463 816 1531 meliora,
847 1475 895 1520 et
919 1464 1087 1519 adhuc
1111 1464 1248 1519 vobis
1275 1462 1679 1518 excellentiorem
1708 1462 1843 1516 uiam

252 1555 591 1611 demonstravi
613 1557 633 1629 (
653 1558 704 1612 I.
729 1557 846 1612 Cor.
882 1557 967 1612 l2.
1001 1559 1061 1613 5|
1090 1556 1134 1630 ),
1163 1572 1268 1612 non
1297 1556 1570 1625 subjunxit
1604 1558 1838 1625 signum,

250 1645 347 1700 sed
368 1648 642 1702 caritatem
662 1649 899 1703 omnium
922 1649 1152 1704 radicem
1176 1649 1458 1703 bonorum.
1479 1646 1536 1701 Si
1556 1660 1684 1716 ergo
1703 1645 1841 1700 hanc

249 1750 619 1806 exerceamus,
639 1746 693 1792 et
713 1738 1100 1810 philosophiam
1115 1753 1329 1794 omnem
1351 1738 1474 1793 inde
1494 1746 1835 1808 sequentem;

248 1843 359 1883 non
385 1843 521 1899 opus
552 1830 862 1888 habebimus
883 1833 1047 1903 signis
1070 1849 1084 1887 :
1110 1832 1248 1887 sicut
1270 1831 1315 1887 si
1337 1845 1441 1885 non
1462 1842 1828 1894 exerceamus,

1135 342 1199 399 IN
1235 341 1648 400 ΜΑΤἸῊΑΞΙΞΜ
1694 338 1931 399 HOMIL.
1990 342 2196 401 XLV".
2235 344 2308 401 al.
2348 344 2579 403 XLVIII.

3433 354 3540 414 482

1953 454 2088 511 nihil
2112 455 2269 512 nobis
2295 456 2446 527 signa
2473 458 2785 529 proderunt.
2832 458 3164 538 “accitaque
3191 461 3379 522 omnia.
3395 482 3538 537 cogi-

1954 554 2146 612 tautes,
2167 561 2233 601 ex
2253 546 2443 616 quibus
2467 548 2691 618 apostoli
2712 550 2886 621 magni
2908 562 3213 619 evaserunt,
3237 556 3351 611 haec
3370 572 3537 613 aemu-

1951 639 2140 694 lemur.
2168 636 2446 695 Undenam
2467 640 2543 696 illi
2570 645 2743 712 magni
2766 643 2944 699 ell‘ecﬁ
2972 646 3129 700 sunt?
3154 648 3290 704 Audi
3318 648 3534 705 Petrum

1951 728 2215 785 dicentem
2246 727 2412 785 :Ecce
2435 746 2526 786 nos
2550 733 2843 802 reliquimus
2862 736 3053 803 omnia,
3075 747 3123 791 et
3145 740 3338 810 sequuti
3361 757 3536 803 sumus

1951 829 2000 874 te
2020 836 2040 875 :
2061 821 2183 890 quid
2208 838 2324 891 ergo
2346 822 2441 876 erit
2470 823 2611 877 nobis
2642 821 2854 896 (Matth.
2873 827 2962 883 19.
2986 829 3115 901 27)?
3144 832 3280 886 Audi
3301 844 3356 888 et
3375 832 3533 889 Citri-

1947 922 2092 968 stum
2117 914 2247 981 ipsis
2273 914 2539 971 dicentem
2570 934 2585 970 :
2614 916 2864 974 Sedebitis
2892 936 3044 991 super
3069 924 3209 979 sedes
3234 925 3534 994 duodecim;

1949 1016 2026 1072 et,
2059 1006 2371 1079 Quicumque
2389 1007 2646 1077 reliquerit
2664 1010 2869 1066 domum
2894 1016 2970 1068 vel
2990 1017 3193 1084 fratres,
3211 1022 3287 1073 uel
3316 1030 3531 1090 patrem,

1949 1098 2029 1153 vel
2052 1110 2263 1154 matrem
2284 1142 2300 1165 ,
2327 1102 2617 1173 centuplum
2638 1104 2842 1175 recipiet
2861 1106 2914 1159 in
2943 1105 3037 1160 hoc
3063 1110 3248 1163 sa'culo
3265 1151 3283 1179 ,
3312 1121 3358 1165 et
3380 1114 3533 1169 vitam

1946 1201 2187 1246 (sternant
2212 1192 2483 1262 possidebit
2513 1192 2674 1262 (Ibid.
2706 1211 2754 1250 υ.
2776 1195 2866 1252 28.
2891 1196 3007 1267 29).
3038 1198 3147 1255 Nos
3171 1202 3348 1273 itaque
3371 1219 3402 1258 a
3426 1221 3533 1261 sa:-

1946 1282 2216 1338 culsribus
2243 1283 2491 1338 omnibus
2517 1283 2864 1354 abducentes,
2885 1286 3100 1345 Christo
3125 1306 3224 1347 nos
3247 1307 3533 1351 consecre~

1949 1388 2102 1440 mus,
2131 1382 2189 1428 ut
2213 1383 2267 1429 et
2294 1374 2550 1444 apostolis
2578 1391 2734 1446 pares
2758 1379 2927 1434 simus
2951 1381 3242 1437 secundum
3267 1384 3383 1454 ejus
3405 1401 3532 1442 sen-

1950 1463 2186 1524 tentiam.
2211 1473 2268 1518 et
2287 1472 2487 1520 aeterna
2510 1465 2615 1520 vita
2640 1465 2876 1522 fruamur
2900 1486 2914 1524 :
2942 1484 3101 1540 quam
3123 1473 3323 1528 utinam
3343 1488 3533 1533 omnes

1945 1567 2354 1624 consequamur,
2375 1555 2543 1625 gratia
2562 1564 2619 1611 et
2640 1557 2962 1629 benignitate
2984 1560 3190 1617 Domini
3216 1566 3381 1621 nostri
3404 1565 3534 1623 Jesu

1945 1644 2161 1709 Christi,
2192 1645 2276 1700 cui
2307 1644 2478 1712 gloria
2505 1656 2559 1702 et
2582 1647 2867 1717 imperium
2894 1650 2949 1705 in
2971 1653 3164 1708 stccula
3191 1656 3530 1713 anulorum.

1944 1737 2134 1790 Amen.

1366 2040 1718 2105 HOMILIA
1758 2035 2007 2100 XLVII.
2052 2034 2140 2097 al.
2186 2035 2471 2099 XLVIII.

249 2189 375 2246 Car.
408 2191 498 2248 I3.
527 2206 579 2247 v.
609 2192 699 2249 54.
740 2191 866 2249 Haec
893 2193 1064 2248 omnia
1098 2193 1334 2262 loquutus
1373 2200 1446 2246 est
1472 2189 1623 2246 Iesus
1656 2189 1710 2243 in
1739 2203 1831 2257 pa-

315 2283 508 2338 rabolis
542 2284 610 2337 ad
648 2284 818 2340 turbas
836 2325 850 2349 ,
890 2296 937 2340 et
977 2287 1087 2340 sine
1125 2285 1369 2357 parabole
1402 2300 1507 2339 non
1544 2281 1838 2351 loquebatur

318 2377 392 2431 eis
419 2393 439 2430 :
462 2377 552 2432 '55.
581 2386 637 2431 ut
673 2378 967 2449 impleretur
1004 2380 1139 2450 quod
1175 2379 1364 2432 dictum
1391 2387 1464 2433 est
1494 2394 1582 2447 per
1611 2376 1835 2448 prophe-

318 2478 426 2522 tam
452 2468 696 2523 dicentem
718 2487 738 2525 :
764 2469 1001 2541 Aperiunt
1027 2472 1080 2526 in
1111 2472 1365 2542 parabolis
1389 2488 1446 2526 os
1472 2488 1638 2526 meum
1661 2511 1677 2534 ,
1716 2486 1837 2524 eru-

316 2560 465 2613 ctabo
492 2560 784 2615 abscondita
804 2578 835 2614 a
854 2563 1206 2617 constitutione
1232 2563 1409 2617 mundi
1433 2561 1606 2635 (Psal.
1641 2562 1730 2617 77.
1752 2559 1832 2632 2).

317 2650 373 2704 1.
416 2649 624 2705 Marcus
653 2664 782 2707 vero
805 2652 932 2707 dicit
970 2654 1144 2725 ipsum
1181 2656 1455 2725 loquulum
1483 2654 1646 2710 fuisse
1678 2657 1757 2710 eis
1782 2656 1833 2710 in

245 2742 537 2813 parabolis,
568 2744 727 2800 Prout
751 2755 982 2816 poterant
1001 2748 1179 2802 audire
1204 2747 1394 2820 (Marc.
1412 2748 1468 2802 4.
1490 2748 1605 2817 55).
1635 2748 1839 2803 Deinde

244 2833 539 2889 ostendens
571 2850 630 2891 se
672 2836 803 2892 nihil
843 2838 966 2893 novi
1005 2837 1256 2893 inducere
1280 2880 1296 2905 ,
1328 2837 1483 2895 altert
1519 2838 1832 2908 prophetam

246 2924 391 2980 hunc
427 2926 687 2982 doctrina:
724 2928 940 2984 modum
970 2918 1448 3000 prmttuntiantem;
1479 2939 1641 3000 utque
1667 2929 1834 3000 signi-

247 3016 435 3071 ﬁcaret
473 3017 630 3073 nobis
657 3018 924 3074 Christum
948 3060 963 3086 ,
1002 3035 1106 3074 non
1138 3028 1195 3074 ut
1220 3021 1273 3074 in
1302 3020 1596 3091 ignorantia
1623 3034 1834 3090 perma-

247 3116 462 3172 tierent,
484 3108 578 3164 sed
609 3120 666 3164 ut
693 3111 760 3166 ad
790 3112 1221 3181 interrogandum
1244 3122 1593 3182 cogerentur,
1621 3113 1699 3168 sic
1729 3113 1833 3168 illis

244 3197 528 3270 loquutum
553 3201 737 3266 fuisse,
764 3204 1036 3275 sultjunxit
1064 3222 1078 3260 :
1111 3205 1179 3260 Et
1198 3208 1306 3262 sine
1333 3207 1577 3277 parabola
1605 3207 1732 3261 nihil
1751 3208 1831 3261 lo-

244 3292 495 3360 quebatur
530 3293 604 3347 eis
644 3293 663 3359 (
688 3293 828 3349 Ibid.
855 3311 905 3352 υ.
936 3293 1043 3366 54)
1076 3314 1090 3351 :
1117 3297 1217 3352 etsi
1246 3298 1409 3353 multa
1435 3298 1554 3352 sine
1582 3296 1830 3367 parabola

242 3379 473 3449 dixerit;
494 3385 590 3441 sed
611 3394 736 3443 tunc
753 3391 1006 3458 temporis
1026 3391 1178 3445 nihil.
1198 3391 1264 3445 Et
1284 3399 1459 3446 tamen
1480 3405 1641 3447 nemo
1657 3391 1830 3461 ipsum

242 3473 614 3546 interrogavit,
640 3493 961 3551 quamquam
985 3483 1271 3553 prephetas
1290 3481 1417 3538 olim
1440 3498 1584 3553 saepe
1604 3484 1832 3539 interro-

239 3577 452 3636 garent,
469 3577 529 3622 ut
553 3569 885 3627 Ezechielem
905 3573 1143 3645 aliosque
1164 3574 1358 3630 multos
1380 3591 1397 3629 :
1421 3575 1474 3630 hi
1494 3589 1625 3631 vero
1647 3590 1825 3642 secus,

241 3655 366 3713 licet
404 3673 470 3714 ea
511 3674 631 3731 quae
665 3661 806 3719 dicta
850 3663 1060 3720 fuerant
1100 3674 1316 3736 possent
1354 3666 1475 3722 illos
1516 3667 1569 3721 in
1607 3666 1827 3723 dubium

240 3748 532 3818 conjicere,
562 3761 616 3807 et
639 3753 707 3807 ad
727 3753 1156 3826 interrogandum
1186 3758 1455 3814 excitare:
1482 3758 1680 3814 etenim
1702 3774 1828 3828 διψ-

241 3837 460 3905 plicium
504 3843 793 3899 maximum
818 3846 1086 3914 parabolze
1112 3846 1483 3908 minabantur:
1532 3863 1704 3919 neque
1742 3857 1823 3902 ta-

241 3944 362 3986 men
410 3930 536 3988 inde
575 3937 828 3991 commoti
865 3946 1010 3994 sunt.
1055 3939 1391 4010 Quapropter
1432 3941 1669 3997 dimissis
1699 3943 1823 4011 illis,

239 4020 387 4075 abiit.
410 4022 503 4078 36.
530 4022 675 4079 Tunc
693 4028 859 4093 enim,
881 4029 975 4095 ait,
992 4030 1212 4085 dimissis
1241 4033 1416 4098 turbis,
1446 4033 1597 4088 Iesus
1619 4037 1751 4090 venit
1770 4037 1825 4090 in

240 4109 449 4166 deorum
493 4129 673 4182 suam;
716 4117 998 4187 nullusque
1021 4122 1315 4177 scribarum
1342 4123 1514 4194 ipsum
1541 4125 1818 4196 sequitur;

241 4201 384 4258 unde
409 4202 667 4273 liquidum
693 4216 777 4262 est
800 4222 914 4275 eos,
941 4211 1150 4266 nonnisi
1179 4222 1234 4268 ut
1253 4215 1506 4284 carpendi
1531 4231 1715 4272 ansam
1743 4233 1823 4273 ar-

235 4293 495 4364 riperent,
519 4309 774 4368 sequutos
796 4300 977 4358 fuisse.
1008 4303 1139 4372 Quia
1158 4321 1284 4361 vero
1309 4322 1371 4361 ea
1397 4324 1514 4378 qua:
1541 4310 1683 4366 dicta
1706 4312 1820 4366 lue-

234 4395 391 4453 rant,
424 4403 532 4443 non
575 4391 939 4462 intelligebant
962 4434 977 4459 ,
1012 4396 1226 4466 reliquit
1252 4412 1365 4453 eos.
1397 4398 1466 4453 Et
1505 4412 1819 4457 accesserunt

230 4476 480 4547 discipuli
519 4481 631 4549 eius
668 4482 1034 4555 interrogantes
1071 4488 1135 4541 de
1176 4490 1419 4559 parabola
1441 4492 1751 4548 zizaniorum
1773 4497 1813 4549 ¹.

226 4570 392 4639 Atqui
432 4570 697 4627 interdum
724 4573 961 4631 discendi
1003 4579 1179 4648 cupidi
1226 4580 1554 4653 interrogare
1580 4600 1684 4640 non
1716 4602 1816 4641 au-

222 4659 394 4715 dent:
420 4661 686 4718 undenam
727 4665 833 4720 illis
870 4682 1010 4724 nunc
1057 4670 1284 4726 ﬁducia?
1327 4674 1618 4730 Audierant
1661 4677 1811 4747 illud,

235 4748 390 4805 Vobis
419 4752 594 4806 datum
621 4763 693 4807 est
718 4771 864 4810 nosse
895 4761 1132 4829 mysteria
1156 4763 1299 4832 regni
1326 4764 1569 4819 cielorum
1600 4767 1811 4839 (Matth.

222 4839 313 4894 i3.
336 4839 452 4911 ﬂ),
471 4852 522 4897 et
552 4842 675 4899 hinc
700 4844 943 4901 ﬁduciam
970 4864 1385 4920 assumpserunt.
1408 4854 1636 4926 Ideoque
1664 4873 1814 4914 seor-

217 4933 325 4984 sim
358 4931 713 5002 interrogant,
743 4951 852 4991 non
881 4940 1020 5008 quod
1045 4943 1369 4999 multitudini
1397 4945 1686 5014 invideant,
1715 4949 1809 5006 sed

218 5030 281 5075 ut
310 5021 527 5077 Domini
553 5024 723 5095 legem
745 5039 978 5085 servent.
1008 5030 1106 5087 His
1123 5035 1287 5099 enim,
1310 5037 1499 5108 inquit,
1519 5040 1691 5095 datum
1709 5059 1810 5099 non

217 5125 313 5172 est.
343 5115 459 5171 Cur
482 5128 663 5174 autem
692 5122 853 5177 missa
884 5123 1128 5182 fermeuti
1149 5138 1204 5184 et
1224 5128 1421 5201 sinapis
1446 5133 1718 5201 parabola,
1742 5135 1810 5191 de

217 5206 320 5263 hac
333 5208 702 5281 interrogant?
718 5212 840 5268 lllas
850 5224 1033 5286 utpote
1044 5218 1297 5276 clariores
1308 5222 1657 5293 reliquerunt;
1672 5226 1809 5284 hanc

218 5315 350 5355 vero
367 5342 385 5368 ,
416 5311 603 5372 utpote
630 5319 752 5374 qua:
776 5306 1088 5364 afﬁnitatem
1120 5310 1340 5369 haberet
1367 5328 1490 5369 cum
1534 5319 1806 5386 praemissa

218 5391 492 5460 parabola,
514 5404 571 5448 et
589 5395 715 5464 quid
736 5398 963 5467 amplius
981 5400 1215 5468 cll'erret,
1237 5404 1479 5463 ediscere
1497 5408 1802 5478 cupiebant.

214 5480 399 5551 Neque
423 5484 568 5539 enim
594 5486 735 5541 scire
759 5499 940 5542 venunt
960 5531 976 5556 ,
1008 5500 1182 5547 utrum
1211 5494 1453 5550 eamdem
1488 5499 1760 5568 repetierit
1784 5516 1801 5556 :

213 5590 338 5628 nam
360 5577 610 5633 videbant
636 5578 690 5633 iu
723 5578 823 5634 hac
848 5595 1091 5654 magnam
1112 5585 1290 5642 eﬁ'erri
1311 5591 1800 5647 comminationem.

256 5711 295 5790 ἕξ
309 5717 458 5790 unus
469 5720 907 5790 immigrasse"an
926 5715 1155 5790 disciputi
1177 5724 1277 5790 ejus
1293 5717 1533 5789 dicentes,
1561 5743 1585 5774 α
1607 5724 1707 5777 Dic
1721 5739 1804 5780 no-

207 5765 288 5819 bis
306 5774 588 5833 parabat/nn
612 5774 915 5829 zizmn‘orum
933 5765 1073 5843 agri.
1088 5765 1117 5825 ἶ

1946 2177 2280 2247 Quapropter
2317 2192 2425 2232 non
2467 2178 2673 2234 incusat
2710 2194 2839 2247 eos,
2873 2182 2968 2238 sed
2997 2184 3297 2253 explanavit
3323 2204 3384 2243 ea
3411 2205 3530 2262 qua:

1944 2266 2084 2322 dicta
2118 2268 2346 2322 fuerant.
2376 2269 2458 2335 Et,
2495 2279 2550 2323 ut
2577 2284 2791 2341 semper
2818 2272 2947 2338 dixi,
2981 2276 3243 2344 parabolas
3269 2262 3372 2334 non
3404 2292 3529 2338 sunt

1941 2360 2006 2413 ad
2033 2360 2240 2415 literam
2276 2361 2600 2430 accipiendae
2628 2381 2641 2416 :
2673 2364 2797 2419 inde
2823 2365 2963 2419 enim
2992 2367 3221 2424 absurda
3250 2373 3410 2427 multa
3439 2390 3528 2430 sc-

1941 2461 2262 2519 querentur;
2288 2452 2430 2522 quod
2452 2463 2505 2507 ut
2533 2468 2631 2508 nos
2661 2454 2884 2522 doceat,
2917 2457 2994 2512 sic
3021 2460 3324 2528 parabolam
3354 2464 3528 2532 expli-

1940 2552 2044 2597 cat.
2088 2543 2202 2597 Non
2237 2544 2404 2609 dicit,
2439 2547 2528 2615 qui
2555 2558 2736 2601 essent
2757 2550 2895 2602 servi
2926 2549 2997 2603 illi
3027 2551 3117 2621 qui
3145 2566 3525 2620 accesserunt;

1942 2632 2037 2686 sed
2070 2643 2125 2688 ιιι
2149 2635 2391 2691 ostendat
2432 2653 2525 2702 se,
2562 2638 2719 2693 seriei
2758 2640 3142 2697 concinnandm
3168 2659 3345 2711 causa,
3379 2657 3433 2703 et
3460 2649 3526 2705 ad

1940 2726 2391 2795 complementum
2419 2727 2694 2798 imaginis,
2727 2729 2872 2798 ipsus
2901 2730 3170 2787 induxisse
3189 2777 3205 2800 ,
3235 2736 3333 2791 hac
3363 2738 3526 2797 missa

1941 2827 2108 2886 parte,
2132 2834 2250 2889 qua:
2275 2819 2340 2873 ad
2369 2836 2480 2875 rem
2508 2822 2737 2877 maxime
2766 2825 3117 2892 pertinebant,
3136 2829 3206 2883 ob
3231 2846 3387 2900 quam
3411 2832 3526 2890 lucc

1939 2908 2186 2976 parabola
2220 2909 2361 2965 dicta
2397 2910 2589 2977 fuerat,
2615 2914 2865 2982 explicat,
2897 2930 2956 2970 se
2987 2919 3216 2974 universi
3238 2920 3474 2991 judicem
3500 2925 3517 2958 ι

1942 3007 1998 3051 et
2042 2999 2321 3054 Dominum
2363 3000 2661 3056 declarans.
2708 3004 2797 3058 37.
2831 3004 2896 3058 Et
2938 3010 3284 3079 respondens,
3313 3013 3522 3084 inquit,

1938 3085 2067 3140 dixit
2096 3088 2168 3141 eis
2190 3105 2210 3141 :
2229 3088 2329 3154 Qui
2352 3091 2563 3144 seminat
2587 3090 2770 3145 bonum
2795 3110 2980 3161 semen,
3005 3108 3078 3151 est
3100 3098 3269 3155 Filius
3284 3103 3522 3162 hominis.

1937 3176 2025 3232 '58.
2054 3176 2187 3249 Ager
2212 3189 2377 3233 autem
2400 3190 2473 3235 est
2499 3182 2739 3240 mundus.
2762 3180 2961 3238 Bonum
2987 3203 3101 3240 vero
3124 3206 3308 3255 semen,
3335 3193 3389 3248 lii
3406 3207 3523 3252 sunt

1936 3269 2032 3337 ﬁlii
2050 3272 2211 3341 regni.
2235 3270 2469 3336 Zisauia,
2497 3273 2593 3341 ﬁlii
2620 3277 2832 3347 maligni
2856 3278 3009 3333 illius.
3030 3280 3117 3336 59.
3143 3280 3388 3341 Inimicus
3410 3304 3525 3344 vero

1934 3359 2020 3427 qui
2048 3375 2108 3413 ea
2150 3363 2394 3427 seminat,
2423 3375 2496 3418 est
2530 3365 2778 3420 diabolus.
2817 3366 3017 3434 Nessis,
3051 3382 3124 3425 est
3159 3382 3524 3434 consummatio

1933 3452 2127 3506 sceculi.
2154 3453 2403 3509 Messores
2429 3465 2613 3522 autem,
2642 3460 2810 3529 angeli
2832 3473 2969 3514 sunt.
2992 3462 3082 3518 40.
3107 3463 3253 3520 Sicut
3272 3485 3390 3540 ergo
3418 3471 3524 3525 σοις

1934 3539 2162 3611 ligantur
2183 3543 2382 3598 sizania
2404 3586 2420 3611 ,
2452 3555 2499 3600 et
2533 3546 2638 3617 igni
2667 3548 3027 3605 comburuntur
3051 3568 3070 3606 :
3098 3553 3169 3607 ita
3195 3556 3287 3610 erit
3315 3539 3369 3612 in
3392 3576 3520 3614 con-

1932 3634 2266 3687 summatione
2283 3636 2458 3689 saeculi
2485 3635 2656 3707 hujus.
2678 3638 2767 3693 41.
2793 3639 2958 3695 Mittct
2990 3640 3157 3698 Filius
3173 3646 3389 3703 hominis
3421 3668 3522 3707 an-

1930 3723 2069 3793 gelos
2091 3742 2228 3792 suos,
2249 3736 2296 3781 et
2320 3729 2556 3799 colligent
2584 3729 2647 3784 de
2668 3748 2823 3803 regno
2846 3734 2956 3805 ejus
2976 3736 3147 3790 omnia
3179 3741 3442 3808 scandala,
3473 3753 3522 3798 et

1931 3819 2169 3889 facientes
2184 3821 2518 3891 iniquitatem,
2533 3822 2621 3878 £2.
2639 3834 2683 3877 et
2706 3825 2897 3879 mittent
2918 3844 3001 3881 eos
3021 3828 3072 3881 in
3093 3832 3346 3885 caminum
3364 3833 3518 3903 ignis.

1931 3908 2015 3963 Ibi
2034 3912 2125 3965 erit
2144 3913 2294 3981 [lctus
2311 3923 2357 3968 et
2381 3915 2566 3968 stridor
2580 3917 2821 3969 dentium.
2843 3918 2932 3972 45.
2959 3917 3100 3974 Tunc
3121 3921 3381 3994 fulgebunt
3385 3926 3519 3997 justi

1929 4002 2056 4057 sicut
2076 4004 2155 4059 sol
2180 4005 2233 4059 in
2252 4022 2407 4077 regno
2434 4004 2605 4061 Patris
2627 4024 2819 4063 eorum.
2849 4008 2981 4065 Cum
3000 4013 3142 4068 enim
3168 4017 3256 4085 qui
3286 4019 3517 4075 seminat

1929 4093 2044 4163 ipse
2070 4094 2158 4163 sit,
2182 4105 2237 4152 et
2259 4112 2444 4167 agrum
2483 4113 2639 4154 suum
2669 4099 2916 4165 seminet,
2948 4111 3109 4174 atque
3135 4122 3202 4161 ex
3227 4123 3391 4179 regno
3417 4126 3517 4167 suo

1926 4187 2157 4258 colligat,
2192 4190 2363 4260 palam
2397 4201 2481 4247 est
2517 4191 2658 4248 hunc
2698 4193 2952 4250 mundum
2998 4196 3165 4263 ipsius
3202 4216 3341 4257 esse.
3380 4202 3517 4259 Per-

1927 4280 2099 4350 pende
2140 4293 2319 4339 autem
2363 4284 2479 4353 ejus
2519 4286 2929 4343 iuenarrabilem
2976 4292 3416 4362 miscricordiam,
3460 4308 3516 4353 et

1927 4388 2151 4442 pronum
2179 4375 2247 4430 ad
2279 4376 2534 4433 beneﬁcia
2564 4379 2863 4447 prmstauda
2892 4383 3127 4437 animum
3146 4425 3159 4448 ,
3204 4396 3256 4440 ct
3295 4402 3452 4457 quam
3480 4406 3508 4444 a

1924 4466 2183 4534 supplicio
2212 4467 2488 4523 inferendo
2526 4470 2592 4524 sit
2631 4472 2857 4527 alienus.
2901 4473 3032 4528 Cum
3075 4477 3219 4531 enim
3261 4482 3511 4550 seminat,

1925 4571 2019 4625 per
2039 4557 2270 4628 seipsum
2300 4563 2555 4625 seminat;
2586 4564 2841 4633 supplicia
2876 4581 2998 4620 vero
3027 4583 3123 4637 per
3149 4569 3282 4624 alios
3310 4570 3466 4628 inl‘ert
3491 4618 3506 4641 ,

1924 4650 1975 4705 id
2000 4660 2081 4706 est
2105 4693 2120 4717 ,
2149 4666 2245 4721 per
2273 4653 2490 4722 angelos
2509 4656 2550 4708 '.
2580 4654 2724 4709 Tunc
2746 4658 2879 4728 justi
2906 4659 3166 4728 fulgebunt
3194 4663 3323 4716 sicut
3348 4666 3427 4719 sol
3455 4667 3507 4720 in

1919 4757 2072 4812 regno
2096 4740 2269 4796 Patris
2289 4759 2479 4797 eorum.
2511 4744 2625 4799 Non
2648 4746 2786 4814 quod
2807 4747 2887 4802 sic
2908 4757 3108 4804 tantum
3132 4751 3385 4820 fulgeant,
3411 4757 3505 4809 sed

1920 4833 2040 4903 quia
2064 4833 2162 4888 hoc
2183 4844 2330 4891 astro
2348 4836 2546 4890 nullum
2572 4835 2855 4906 I‘ulgeutius
2875 4839 3136 4907 videmus,
3158 4843 3298 4899 notis
3322 4860 3505 4900 exem-

1919 4925 2020 4992 plis
2062 4933 2143 4980 est
2186 4940 2333 4980 usus.
2377 4924 2533 4981 Certe
2572 4927 2697 4982 alibi
2737 4943 2947 4999 quoque
2986 4931 3121 4986 dixit
3157 4932 3267 5001 jam
3310 4936 3503 4994 adesse

1918 5032 2168 5084 messem,
2213 5027 2269 5072 ut
2307 5034 2428 5073 cum
2472 5018 2540 5074 de
2581 5019 2930 5077 Samaritanis
2975 5023 3092 5080 ait:
3121 5024 3305 5082 Levate
3329 5032 3505 5087 oculos

1918 5118 2122 5167 vestros.
2142 5118 2187 5163 et
2212 5111 2419 5178 aspicite
2446 5112 2691 5182 regiones,
2707 5115 2826 5184 quia
2849 5115 2979 5171 albae
2987 5117 3102 5187 jam
3126 5128 3243 5174 sunt
3266 5121 3336 5175 ad
3363 5140 3497 5178 mes-

1915 5215 2020 5254 sem
2049 5198 2243 5270 (Joan.
2265 5201 2317 5255 4.
2348 5199 2489 5271 '55);
2520 5212 2574 5256 et
2595 5218 2777 5258 rursus
2800 5246 2816 5271 ,
2861 5204 3042 5262 Messis
3069 5210 3269 5278 quidem
3308 5213 3498 5277 multa,

1914 5293 2137 5362 operarii
2164 5303 2330 5346 autem
2353 5295 2503 5363 pauci
2530 5293 2679 5367 (Luc.
2705 5296 2791 5351 I0.
2821 5296 2899 5369 2).
2931 5298 3212 5366 Quomodo
3239 5316 3367 5370 ergo
3389 5303 3497 5358 illic

1912 5383 2124 5452 quidem
2161 5383 2270 5452 jam
2320 5398 2548 5440 mes-em
2594 5388 2783 5442 adesse
2829 5389 2941 5455 ait,
2984 5389 3070 5444 hic
3099 5405 3227 5446 vero
3265 5389 3494 5448 I'utunun

1913 5490 2143 5531 messem
2185 5475 2351 5531 dicit?
2386 5478 2688 5534 Secundum
2723 5481 2864 5536 aliud
2894 5497 3088 5554 nempe
3111 5483 3490 5555 signiﬁcatum.

1974 5669 1994 5748 ξ
2030 5667 2142 5748 alii,
2165 5678 2447 5748 creatorem,
2473 5685 2578 5735 pro,
2594 5672 2841 5748 judicem.‘
2885 5737 2905 5748 _
2956 5743 2967 5748 _
3254 5738 3265 5748 .

1974 5732 1995 5760 ι
2029 5738 2172 5799 pnus,
2191 5730 2428 5799 supplicia
2451 5730 2662 5798 vero'per
2685 5734 2805 5787 alios
2822 5736 2967 5799 in/‘ert
2985 5749 3003 5789 :
3021 5737 3162 5790 mittil
3185 5738 3312 5789 enim
3340 5738 3492 5792 Filius

1911 5788 2115 5842 hominis
2138 5788 2328 5856 angelos
2350 5807 2475 5845 suos.
