4028 6152
465 375 568 432 485

465 493 642 560 Quare
687 485 846 543 ctiam
897 496 1015 537 cum
1059 477 1184 534 alibi
1211 473 1466 545 (learnt.
1492 469 1581 538 57)
1608 459 2046 527 dixisset,aliutn

467 556 588 637 esse
617 579 704 650 qui
732 576 977 638 seminat,
1008 571 1167 624 alium
1193 566 1282 636 qui
1309 562 1480 628 metit,
1512 560 1598 613 bic
1647 556 1778 610 dicit
1825 568 1884 607 se
1929 565 2051 605 eum

468 675 557 746 qui
602 671 829 725 seminat
870 664 1025 720 esse?
1083 661 1216 729 Quia
1255 657 1327 711 ibi
1362 656 1439 708 sic
1477 650 1810 722 loquebatur,
1843 653 1902 698 ut
1945 657 2052 696 non

469 769 592 830 sibi,
615 763 708 818 sed
737 771 793 815 ut
821 756 1093 829 prepbetis
1122 751 1391 821 apostolos
1417 749 1771 813 compararet,
1795 739 1906 792 sive
1931 750 2053 789 cum

469 859 706 922 Iuda-os,
750 854 862 908 sive
908 864 1027 902 cum
1074 843 1438 902 Samaritanus
1484 834 1870 904 alloquebatur.
1921 826 2052 881 Nam

471 952 632 1005 etiam
671 916 764 1016 per
804 941 1093 1012 prophetas
1131 937 1245 1001 ipse
1284 929 1598 987 seminabat.
1638 925 1731 979 Est
1757 932 1932 976 autem
1966 916 2054 971 ubi

473 1056 700 1099 messem
727 1048 780 1090 et
806 1050 988 1090 semen
1019 1029 1246 1096 idipsum
1274 1025 1438 1088 dicat,
1470 1017 1761 1074 secundum
1789 1014 2055 1067 diversam
2103 1041 2105 1044 ι

473 1135 733 1192 rationem
761 1130 840 1184 sic
864 1124 1158 1194 appellans.

545 1229 600 1282 2.
655 1223 786 1278 Nam
843 1214 1056 1286 quando
1115 1212 1472 1277 obsequentes
1523 1201 2060 1267 obtempenntesqne

475 1319 749 1377 auditores
792 1310 952 1372 dicit,
988 1318 1216 1358 messem
1248 1307 1432 1360 vocat,
1478 1303 1535 1348 ut
1569 1307 1682 1346 rem
1713 1299 2062 1342 consumma-

478 1423 586 1468 tam
638 1403 876 1460 declaret
905 1417 918 1452 :
950 1393 1160 1466 quando
1205 1398 1381 1443 autem
1412 1387 1636 1440 fructum
1669 1374 2062 1448 praadieationis

478 1502 703 1574 qumvit,
734 1509 917 1551 semen
959 1500 1012 1545 et
1047 1500 1276 1542 messem
1332 1481 1500 1550 ipsam
1543 1471 2059 1530 consummationem

479 1557 730 1664 appellat.
772 1587 837 1641 Et
878 1578 1146 1650 quomodo
1191 1575 1350 1630 etiam
1398 1569 1523 1624 alibi
1556 1567 1702 1628 dicit,
1746 1561 1908 1617 Primi
1934 1557 2062 1628 justi

481 1653 800 1756 rapiuntur?
862 1675 1160 1741 Rapiuntur
1235 1663 1451 1736 quidem
1520 1658 1677 1730 primi
1741 1653 2064 1710 adveniente

481 1741 732 1836 Cliristo;
781 1767 1058 1824 traduntur
1101 1768 1277 1814 autem
1305 1755 1393 1810 isti
1437 1749 1732 1821 supplicio,
1759 1755 1812 1800 et
1839 1754 1964 1799 tunc
1991 1741 2064 1794 illi

487 1868 553 1925 ad
585 1877 808 1936 regnum
839 1859 1090 1914 eatlorum
1118 1848 1550 1922 proﬁciscuntur.
1577 1839 1710 1907 Quia
1727 1837 1868 1891 enim
1893 1833 2066 1903 jnstos

485 1960 540 2014 in
569 1957 702 2012 casio
728 1966 848 2006 esse
881 1953 1128 2017 Oportet,
1159 1943 1209 1994 in
1241 1948 1435 1993 terram
1461 1941 1636 1986 autem
1671 1929 1784 1998 ipse
1812 1933 2067 1979 venturus

483 2059 568 2105 est
587 2091 601 2110 ,
627 2046 694 2101 de
720 2040 967 2097 omnibus
999 2032 1301 2089 hominibus
1327 2026 1658 2097 judicaturus
1679 2059 1694 2084 ,
1730 2013 2068 2072 sententiam-

487 2155 590 2212 que
617 2139 820 2192 laturus
853 2150 866 2185 :
895 2129 1045 2200 quasi
1073 2140 1166 2180 rex
1193 2133 1416 2190 surgens
1445 2131 1568 2171 cum
1599 2111 1792 2167 amicis
1818 2111 1951 2171 suis,
1975 2119 2068 2160 eos

489 2198 556 2287 ad
594 2232 800 2285 beatam
833 2198 976 2277 illam
1005 2227 1201 2272 sortem
1225 2214 1482 2268 ducturus
1510 2216 1609 2261 est.
1663 2201 1848 2257 Viden'
1873 2198 2068 2268 duplex

492 2327 607 2379 lore
632 2315 970 2387 supplicium.
1000 2319 1108 2364 tum
1141 2305 1284 2376 quod
1311 2301 1714 2359 comburantur,
1740 2303 1850 2347 tum
1876 2289 2018 2361 quod
2039 2303 2070 2342 a

491 2412 658 2486 gloria
682 2382 766 2464 illa
795 2401 1076 2461 excidant?
1111 2398 1215 2454 Sed
1244 2411 1340 2449 cur
1367 2391 1604 2454 demum,
1634 2387 1739 2440 illis
1769 2382 2072 2438 recedenti-

493 2507 594 2561 bus
615 2547 629 2570 ,
660 2503 788 2570 ipsis
817 2499 978 2553 etiam
1009 2489 1266 2561 apostolis
1310 2486 1361 2539 in
1405 2479 1668 2553 parabolis
1689 2473 1951 2545 loquitur?
1977 2470 2075 2525 Sa-

495 2565 782 2666 pientiores
818 2605 882 2643 ex
920 2599 1079 2652 supra
1105 2580 1260 2634 dictis
1289 2573 1462 2629 effecti
1485 2612 1500 2637 ,
1535 2579 1660 2624 tunc
1691 2565 2072 2634 intelligebant.

495 2651 627 2741 ilinc
653 2699 771 2738 cum
802 2651 1020 2732 dixisset
1036 2673 1138 2728 illis
1161 2679 1373 2741 postea:
1396 2660 1724 2718 Intellexisti:
1747 2653 2033 2710 hmcon'mia
2053 2651 2078 2703 ε)

495 2781 666 2834 dicunt
697 2777 760 2840 ei,
794 2772 991 2834 Etiam,
1021 2766 1236 2820 Domine
1277 2760 1481 2831 (Matth.
1505 2757 1591 2810 15.
1622 2750 1733 2822 5i).
1765 2749 1853 2805 Sic
1891 2757 1944 2802 et
1979 2745 2080 2798 hoc

502 2887 624 2926 cum
652 2868 768 2921 aliis
798 2863 973 2917 effceit
1020 2856 1298 2928 parabola,
1333 2861 1388 2905 ut
1429 2845 1846 2918 perspicaciores
1887 2836 2080 2892 deinde

497 2967 696 3016 essent.
729 2955 864 3023 Quid
893 2952 1051 3022 igitur
1077 2955 1198 3018 past
1226 2944 1339 2998 bare
1370 2937 1533 2993 dicit?
1563 2936 1648 2990 M.
1684 2930 1864 2988 Simile
1902 2937 1973 2982 est
1997 2943 2080 2981 re-

498 3069 652 3126 gnum
682 3048 921 3104 cwlornm
960 3043 1194 3097 thesauro
1223 3033 1514 3089 abscondito
1541 3033 1595 3082 in
1623 3044 1745 3096 agro
1765 3043 1782 3080 :
1804 3040 1948 3095 quem
1969 3037 2084 3076 cum

497 3114 682 3200 invenit
713 3143 861 3193 homo
891 3132 1173 3196 abscondit,
1202 3137 1246 3183 et
1269 3141 1375 3198 pra:
1401 3122 1586 3195 gaudio
1614 3118 1752 3173 illius
1780 3116 1947 3170 vendit
1963 3114 2083 3168 uni-

499 3251 642 3290 versa
666 3247 778 3302 qua:
804 3230 972 3292 habet,
1001 3233 1046 3277 et
1073 3222 1187 3277 emit
1209 3234 1386 3290 agrum
1408 3215 1574 3268 illum.
1594 3212 1681 3266 45.
1709 3208 1903 3263 Iterum
1922 3205 2087 3261 simile

500 3335 573 3381 est
596 3337 804 3394 regnum
833 3317 1072 3372 calorum
1094 3308 1392 3383 negotiatori
1427 3303 1668 3376 quwrenti
1699 3302 1852 3355 bonas
1879 3315 2086 3368 marga-

501 3423 644 3470 ritas.
673 3411 763 3468 46.
797 3409 1011 3463 Inventa
1031 3416 1199 3458 autem
1228 3418 1328 3454 una
1359 3399 1576 3468 pretiosa
1604 3391 1883 3462 margarita
1903 3430 1917 3452 ,
1941 3388 2084 3454 abiit,

503 3517 548 3561 et
573 3503 793 3559 vendidit
819 3500 1052 3554 universa
1071 3510 1183 3566 qua:
1208 3491 1401 3552 habuit,
1431 3496 1477 3542 et
1514 3487 1630 3539 emit
1660 3499 1788 3537 eam.
1822 3478 2088 3548 Quemad-

507 3594 725 3650 modum
759 3592 866 3645 illic
899 3603 1120 3658 granum
1170 3580 1422 3638 frumenti
1452 3587 1505 3633 et
1551 3576 1871 3630 fermentum
1907 3585 2090 3641 parum

507 3689 647 3742 inter
684 3701 744 3740 se
794 3680 1047 3737 differunt
1079 3696 1092 3732 :
1121 3677 1200 3732 sic
1249 3683 1303 3728 et
1350 3671 1452 3726 hoc
1506 3670 1623 3722 loco
1670 3667 1790 3720 dine
1831 3661 2094 3734 parabola:

510 3778 749 3836 thesauri
773 3787 824 3832 et
857 3773 1177 3842 margarita;
1209 3767 1340 3822 Nam
1371 3780 1466 3834 per
1494 3773 1775 3828 utrumque
1801 3757 1905 3811 hoc
1929 3753 2096 3824 signi-

510 3873 720 3935 ﬁcatur,
745 3875 994 3940 oportere
1009 3858 1441 3933 pra-dicationem
1467 3852 1715 3908 omnibus
1743 3859 2094 3916 anteponere.

513 3967 581 4022 Et
610 3934 715 4018 illas
752 3934 968 4030 quidem
1005 3951 1249 4009 fermenti
1293 3958 1347 4004 et
1374 3946 1573 4014 sinapis
1613 3939 1878 4013 parabolae
1902 3935 1968 3990 ad
1991 3934 2099 3988 vim

513 4051 908 4128 priedicationis
935 4047 1202 4117 pertinent
1223 4084 1237 4104 ,
1270 4042 1544 4110 ipsamque
1572 4045 1740 4088 totum
1766 4031 1952 4086 orbem
1978 4040 2101 4082 esse

511 4117 882 4216 superaturam
912 4138 1148 4192 indicant
1179 4151 1194 4188 ι
1226 4132 1308 4184 ba:
1338 4137 1515 4182 autem
1543 4125 1663 4178 dare
1691 4120 1958 4191 parabola:
1986 4117 2102 4185 ejus

514 4211 742 4309 pretium
771 4244 825 4288 et
861 4227 1170 4300 dignitatem
1201 4221 1495 4278 declarant.
1549 4213 1868 4269 Extenditur
1909 4211 2105 4280 quippe

515 4302 603 4388 illa
630 4337 687 4382 ut
727 4322 898 4392 sinapi
925 4363 939 4385 ,
968 4325 1186 4386 superat
1217 4321 1274 4365 ut
1316 4311 1657 4368 fermentum,
1685 4302 1915 4373 pretiosa
1943 4309 2024 4352 est
2052 4306 2109 4351 ut

517 4418 823 4491 margarita,
853 4414 1131 4468 innumera
1160 4402 1364 4475 praibet
1388 4394 1668 4454 commoda
1737 4401 1793 4446 et
1821 4398 2064 4445 ornatum
2091 4431 2106 4456 ,

521 4523 578 4568 ut
609 4511 915 4565 thesaurus.

594 4597 906 4658 Renuntiare
935 4589 1165 4646 omnibus
1212 4593 1285 4638 est
1329 4577 1624 4651 negotiatio,
1656 4590 1757 4629 non
1787 4573 2015 4643 jactura.
2040 4597 2114 4608 ——

525 4699 710 4767 Neque
742 4691 794 4747 id
822 4688 995 4744 solum
1024 4683 1111 4737 hic
1138 4677 1415 4741 discimus,
1444 4671 1694 4726 omnibus
1715 4681 1773 4721 se
1798 4678 1995 4720 exuere
2019 4676 2114 4731 par

523 4805 673 4849 esse.
701 4800 764 4838 ac
786 4773 1148 4852 praedicationi
1181 4771 1386 4825 haerere
1411 4784 1425 4830 ;
1454 4761 1549 4818 sed
1570 4762 1731 4814 etiam
1759 4757 1810 4811 id
1837 4770 1958 4811 cum
1991 4768 2117 4822 gau-

522 4886 615 4940 dio
640 4893 760 4937 esse
792 4871 1112 4930 faciendum.
1141 4863 1298 4918 Certe
1327 4861 1372 4913 is
1392 4901 1405 4924 ,
1437 4857 1524 4926 qui
1555 4852 1797 4910 omnibus
1827 4845 2114 4910 renuntiat,

522 4977 657 5032 sciat
691 4975 904 5041 oportet
935 5007 949 5028 ,
978 4977 1089 5017 rem
1118 4959 1262 5012 illam
1283 4969 1404 5009 esse
1431 4947 1838 5015 negotiationem
1862 4983 1877 5006 ,
1907 4954 2011 4994 non
2032 4937 2116 5006 ja-

531 5029 759 5120 ctur-ani.
813 5055 994 5112 Viden‘
1039 5046 1306 5121 quomodo
1357 5038 1660 5112 pra3dicatio
1705 5036 1758 5089 in
1802 5030 2001 5087 mundo
2051 5029 2122 5081 sit

539 5155 745 5212 occulta
769 5194 783 5218 ,
813 5159 867 5205 et
895 5149 948 5202 in
981 5141 1355 5215 praedicatione
1393 5142 1522 5203 quot
1563 5131 1670 5185 sint
1701 5128 1878 5182 bona?
1915 5125 1992 5179 Ac
2018 5121 2120 5176 nisi

537 5247 714 5303 omnia
740 5237 1064 5301 vendideris,
1088 5248 1193 5288 non
1216 5229 1349 5284 emis
1375 5226 1519 5279 illam
1570 5241 1584 5276 :
1615 5220 1716 5276 nisi
1744 5217 1969 5272 sollicito
2001 5212 2123 5267 ani-

537 5355 625 5396 mo
648 5331 943 5408 qua-sieris,
962 5346 1065 5384 non
1095 5321 1320 5380 invenis.
1347 5319 1458 5372 Duo
1481 5315 1639 5382 igitur
1655 5309 1952 5365 necessaria
1975 5313 2120 5370 sunt,

531 5429 866 5488 sa-cularium
915 5436 1094 5477 rerum
1145 5412 1430 5472 abdicatio,
1477 5417 1530 5462 et
1575 5420 1780 5460 sunnna
1833 5398 2124 5469 vigilantia.

529 5523 660 5578 Nam
688 5521 763 5572 ait
788 5535 801 5570 :
837 5511 1091 5581 ρειπωιιὶ
1116 5507 1269 5561 bona:
1296 5501 1596 5570 margaritas
1620 5511 1637 5549 :
1658 5495 1858 5548 inventa
1879 5506 1980 5544 una
2007 5503 2124 5559 pre-

533 5617 680 5677 tiosa,
707 5607 925 5665 vendidit
953 5603 1144 5664 omnia,
1165 5596 1346 5652 etemit
1375 5609 1506 5646 eam.
1543 5588 1659 5644 Una
1687 5589 1885 5656 quippe
1915 5592 1996 5637 est
2036 5597 2124 5634 ve-

532 5709 684 5768 ritas,
714 5716 812 5756 nec
839 5700 890 5752 in
923 5703 1101 5765 partes
1129 5688 1320 5744 divisa.
1354 5685 1429 5737 Ac
1464 5680 1602 5733 sicut
1642 5677 1686 5731 is
1719 5675 1808 5746 qui
1866 5669 2126 5740 margari-

539 5810 646 5854 tam
672 5795 831 5848 habet
856 5831 870 5856 ,
900 5787 1044 5843 novit
1071 5784 1184 5852 ipse
1215 5795 1272 5835 sc
1302 5774 1518 5830 divitem
1555 5783 1675 5826 esse
1699 5784 1715 5835 ;
1740 5780 1879 5837 sa-pe
1905 5773 2080 5818 autem
2105 5801 2120 5830 ,

1233 356 1289 412 S.
1331 348 1607 410 JOANNIS
1632 336 2102 402 CHRYSOSTOMI
2145 337 2458 392 ARCIHEP.
2497 332 3031 392 CONSTANTINOP.

3644 325 3747 382 184

2159 457 2282 510 licet
2326 456 2470 510 illam
2512 470 2670 509 manu
2705 462 2899 516 teneat,
2924 451 2976 506 id
3007 449 3126 504 aliis
3153 457 3235 502 ρει
3267 446 3537 516 ignotum;
3567 457 3745 512 neque

2158 550 2300 604 enim
2345 547 2487 602 mole
2513 545 2757 615 corporis
2787 543 3007 612 insignis
3035 550 3118 594 est
3146 555 3159 590 :
3190 536 3267 590 sic
3303 544 3354 589 et
3401 537 3453 586 in
3484 531 3748 601 praedica-

2161 639 2306 692 tione
2326 679 2341 702 ,
2373 637 2462 703 qui
2495 635 2640 688 illam
2688 641 2905 695 tenent,
2937 645 2995 684 se
3027 627 3216 682 divites
3246 639 3365 678 esse
3391 629 3588 675 norunt
3611 661 3625 684 ,
3658 621 3746 673 in-

2158 728 2357 783 creduli
2391 736 2568 780 antem
2599 724 2903 778 thesaurum
2936 715 3238 788 bujusmodi
3271 715 3577 784 ignorantes
3601 751 3616 774 ,
3652 726 3750 763 no-

2160 829 2299 873 stras
2327 819 2451 871 item
2493 816 2703 869 divitias
2735 813 2998 867 nesciunt.
3055 807 3253 863 Deinde
3283 821 3350 858 ne
3376 798 3741 873 przedicationi

2163 920 2363 965 tantum
2391 910 2617 962 ﬁdamus
2637 949 2650 972 ,
2681 922 2814 960 neve
2842 914 3087 974 putemus
3112 902 3280 955 solam
3310 898 3468 952 ﬁdem
3498 895 3565 950 ad
3591 896 3742 950 salu-

2162 1013 2268 1057 tem
2324 1001 2475 1054 nobis
2515 999 2765 1053 sufﬁcere
2785 1037 2800 1058 ,
2829 995 2986 1049 aliam
3021 991 3310 1046 terribilem
3337 987 3492 1042 eliert
3519 985 3752 1056 parabo-

2160 1097 2285 1150 lam.
2317 1094 2570 1158 Quantam
2622 1089 2709 1143 illa
2748 1089 2866 1142 est?
2891 1085 2980 1140 47.
3009 1084 3231 1153 Sagenae
3259 1079 3529 1151 parabola.
3568 1077 3754 1133 Simile

2163 1195 2232 1240 est
2263 1199 2468 1254 regnum
2492 1183 2728 1235 caelorum
2756 1192 2955 1248 sagenaz
2984 1177 3150 1229 missa:
3173 1175 3226 1226 in
3252 1189 3410 1237 mare,
3440 1180 3488 1225 et
3511 1186 3575 1224 ea:
3604 1169 3750 1222 omni

2163 1295 2342 1351 genere
2374 1276 2584 1346 piscium
2605 1270 2928 1342 congreganti
2952 1285 2970 1323 :
3005 1267 3094 1322 48.
3123 1281 3274 1336 quam
3293 1263 3554 1317 edocenter
3586 1260 3656 1314 ad
3686 1261 3752 1314 li-

2167 1383 2252 1422 tus
2269 1367 2444 1429 nmis,
2474 1365 2723 1424 sedentes,
2752 1371 2800 1414 et
2823 1358 3112 1428 colligentes
3136 1355 3291 1409 bonos
3314 1354 3366 1407 in
3387 1368 3474 1405 vas
3491 1352 3749 1422 jecerunt,

2164 1457 2326 1512 malos
2343 1469 2506 1509 autem
2535 1457 2673 1525 foras
2990 1449 3048 1503 In
3066 1461 3174 1516 quo
3191 1443 3369 1500 differt
3394 1443 3508 1497 haec
3537 1458 3566 1496 a
3597 1456 3756 1510 para-

2167 1549 2287 1602 bola
2309 1547 2630 1601 zizaniorum
2646 1545 2671 1596 τ
2699 1541 2830 1596 Nam
2854 1550 2908 1596 et
2928 1539 3040 1594 illic
3063 1538 3153 1592 alii
3181 1543 3464 1592 servantur
3486 1574 3504 1600 ,
3525 1531 3616 1586 alii
3632 1543 3750 1598 per-

2167 1645 2332 1703 eunt;
2396 1637 2488 1692 sed
2519 1636 2627 1690 illic
2650 1634 2719 1688 ob
2743 1646 3026 1704 pravorum
3057 1629 3368 1700 dogmata.
3381 1625 3628 1681 hmini
3659 1633 3756 1678 :et

2168 1730 2256 1801 qni
2283 1740 2405 1782 ante
2442 1734 2808 1782 memorantur
2827 1765 2843 1789 ,
2865 1723 2986 1792 quia
3027 1721 3188 1776 dictis
3213 1716 3628 1788 praedicatum
3648 1729 3764 1770 non

2169 1819 2480 1882 attendunt;
2510 1817 2562 1870 bi
2593 1832 2720 1870 vero
2738 1815 2807 1870 ob
2833 1814 3150 1868 sceleratam
3181 1810 3364 1874 vitam,
3392 1809 3482 1877 qui
3509 1806 3754 1861 omnium

2170 1913 2458 1969 miserrimi
2487 1919 2630 1974 sunt,
2665 1917 2847 1976 utpote
2872 1905 2961 1976 qui
3005 1905 3056 1958 in
3089 1903 3332 1958 notitiam
3363 1899 3605 1954 veritatis
3634 1913 3759 1969 pcr-

2170 2003 2514 2068 venerint,et
2558 2001 2610 2054 in
2653 2008 2769 2053 rete
2805 1995 3121 2067 piscantium
3161 1991 3472 2052 inciderint,
3497 2004 3761 2058 acuteque

2171 2096 2249 2149 sic
2277 2095 2500 2148 salutem
2531 2088 2785 2159 consequi
2807 2087 3092 2157 potuerint.
3119 2083 3449 2152 Quamquam
3468 2080 3593 2134 alibi
3615 2079 3759 2133 dicat

2174 2187 2344 2257 ipsum
2377 2193 2643 2254 pastorem
2669 2194 2980 2250 segregasse
3001 2192 3148 2239 oves,
3183 2175 3271 2231 bic
3295 2175 3426 2229 dicit
3453 2173 3674 2242 angelos
3705 2171 3758 2225 id

2175 2279 2350 2333 facere
2373 2317 2388 2342 ,
2412 2283 2469 2328 ut
2495 2282 2547 2328 et
2582 2272 2634 2326 in
2664 2271 2987 2325 zizaniorum
3017 2265 3265 2336 parabola
3297 2262 3508 2336 (Matth.
3529 2262 3620 2316 25.
3645 2259 3758 2332 32).

2107 2374 2117 2382 '
2175 2367 2311 2439 Quid
2336 2341 2462 2436 ergo
2495 2361 2821 2420 dicendum?
2855 2341 3152 2428 Aliquando
3179 2355 3484 2418 demissius,
3518 2352 3760 2422 aliquan-

2177 2458 2246 2512 do
2276 2457 2553 2512 sublimius
2580 2453 2708 2524 ipsis
2742 2451 2991 2520 loquitur.
3043 2448 3192 2502 Hanc
3218 2459 3379 2516 porro
3414 2457 3514 2498 nec
3539 2453 3758 2512 rogatus

2181 2551 2486 2622 ptl'ﬂbOialll
2539 2556 2728 2617 sponte
2780 2545 3158 2612 interpretatur
3215 2557 3228 2593 :
3281 2552 3348 2592 ex
3384 2545 3532 2606 parte
3589 2535 3764 2588 solum

2181 2641 2465 2713 explicavit
2493 2640 2660 2700 illam,
2691 2647 2746 2691 et
2769 2636 3012 2689 timorem
3045 2632 3210 2686 auxit.
3231 2628 3307 2685 Ne
3321 2629 3462 2684 enim
3493 2636 3770 2697 postquam

2183 2733 2395 2794 audisti,
2430 2731 2597 2785 malos
2621 2729 2822 2798 ejectos
2850 2725 3012 2780 fuisse
3039 2723 3181 2778 foras
3201 2762 3216 2786 ,
3247 2721 3363 2774 sine
3390 2718 3626 2790 periculo
3655 2732 3768 2773 rem

2186 2843 2306 2882 esse
2346 2834 2580 2895 putares,
2618 2818 3053 2889 interpretatione
3091 2829 3186 2869 sua
3233 2811 3551 2881 supplicium
3582 2808 3776 2864 extulit

2186 2921 2387 2982 dicens,
2424 2917 2624 2970 Mittent
2659 2929 2742 2967 eos
2764 2913 2817 2964 in
2847 2910 3098 2964 caminum
3125 2906 3292 2976 ignis;
3321 2904 3607 2960 stridorem
3639 2901 3774 2957 den-

2190 3015 2316 3068 tium
2351 3022 2652 3064 memorans
2683 3003 3107 3070 inel'l‘abilentque
3135 2998 3400 3053 dolorem.
3426 2995 3615 3050 Viden’
3644 3002 3775 3063 quot

2189 3105 2254 3158 ad
2283 3102 2568 3171 perniciem
2595 3097 2732 3151 vite?
2766 3095 2865 3148 Per
2887 3102 3113 3163 petram,
3147 3105 3238 3159 per
3269 3088 3471 3158 spinas,
3501 3102 3595 3157 per
3614 3085 3778 3152 viam,

2193 3211 2286 3264 per
2311 3191 2535 3250 zizania,
2567 3203 2662 3258 per
2687 3200 2958 3254 sagenam.
2997 3182 3113 3237 Non
3141 3195 3269 3250 ergo
3297 3180 3563 3234 immerito
3596 3177 3731 3231 dixit
3764 3194 3778 3232 :

2191 3289 2322 3342 Lata
2341 3295 2412 3340 est
2439 3286 2517 3340 via
2540 3299 2652 3354 qua:
2673 3281 2809 3336 ducit
2837 3279 2904 3333 ad
2925 3277 3254 3348 perditionem
3277 3316 3291 3338 ,
3314 3284 3361 3328 et
3382 3273 3525 3327 multi
3552 3281 3670 3325 sunt
3694 3271 3783 3339 qui

2193 3378 2542 3450 ingrediuntur
2585 3389 2672 3445 per
2709 3387 2820 3425 eam
2863 3368 3073 3438 (Matth.
3125 3368 3178 3421 7.
3211 3365 3323 3435 13).
3358 3364 3481 3418 Haec
3497 3376 3633 3432 ergo
3661 3375 3784 3415 cum

2194 3475 2436 3538 dixisset,
2483 3485 2545 3522 ac
2592 3464 2813 3521 terribili
2860 3461 3018 3517 modo
3073 3461 3234 3514 finem
3280 3455 3492 3512 dicendi
3545 3453 3783 3518 fecisset,

2198 3569 2419 3635 iureque
2452 3562 2597 3632 plura
2626 3558 2910 3626 adiecisset
2941 3552 3160 3624 (diutius
3185 3550 3328 3606 enim
3363 3549 3414 3602 in
3461 3547 3564 3600 illis
3606 3559 3788 3599 mora-

2201 3671 2284 3713 tus
2304 3657 2432 3723 est).
2455 3654 2528 3706 ait
2556 3668 2568 3703 :
2603 3651 2690 3706 5i.
2725 3645 3055 3701 Intellexisti;
3086 3645 3192 3696 hwc
3236 3639 3450 3693 omnia?
3481 3636 3664 3689 Dicunt
3695 3636 3741 3689 ei
3768 3652 3786 3689 :

2205 3751 2401 3812 Etiam,
2435 3744 2670 3798 Domine.
2705 3741 2833 3794 Post
2865 3738 2997 3799 lure,
3038 3735 3159 3801 quia
3198 3732 3574 3786 intellexerunt
3600 3767 3614 3792 ,
3647 3727 3791 3795 ipsos

2203 3842 2385 3898 laudat
2414 3841 2498 3893 bis
2523 3836 2720 3891 verbis.
2755 3833 2842 3887 52.
2873 3830 2997 3885 Ideo
3027 3828 3188 3882 omnis
3213 3824 3375 3879 scriba
3416 3825 3592 3876 doctus
3618 3821 3671 3874 in
3701 3837 3790 3872 re-

2205 3950 2302 4005 gno
2322 3931 2580 3994 castorum,
2609 3924 2789 3978 similis
2815 3932 2886 3974 est
2914 3918 3102 3973 homini
3125 3915 3264 3982 patri
3287 3914 3530 3985 familias,
3557 3911 3642 3982 qui
3669 3926 3793 3979 pro-

2207 4001 2303 4097 lert
2328 4023 2388 4075 de
2412 4020 2644 4073 thesauro
2671 4031 2762 4068 suo
2794 4029 2922 4065 nova
2965 4019 3010 4062 et
3049 4017 3234 4060 vetera.
3282 4004 3405 4057 Ideo
3428 4001 3552 4055 alibi
3582 4013 3796 4068 quoque

2208 4087 2284 4168 ait
2315 4131 2328 4166 :
2355 4111 2558 4166 Mittam
2583 4106 2649 4159 ad
2698 4121 2783 4158 vos
2809 4102 3057 4171 sapientes
3084 4107 3127 4151 et
3150 4087 3797 4161 scribas(Matth.23.54'i).

2281 4207 2334 4260 3.
2365 4201 2750 4268 Scripturarum
2793 4193 2936 4246 lectio
2964 4187 3364 4243 commendatur.
3403 4182 3679 4236 llumititas
3704 4195 3800 4232 ca-

2213 4305 2302 4368 put
2343 4293 2557 4348 virtutis.
2585 4319 2656 4330 —
2681 4286 2844 4342 Vides
2881 4280 3152 4354 quomodo
3191 4294 3295 4332 non
3347 4274 3596 4330 excludat
3639 4273 3804 4326 Vetus

2215 4388 2635 4445 Testamentum,
2663 4378 2755 4433 sed
2797 4377 2971 4446 potius
3013 4371 3193 4426 laudet
3221 4380 3277 4424 et
3297 4367 3551 4428 celebret,
3585 4364 3809 4418 thesau-

2216 4494 2338 4534 rum
2367 4473 2603 4530 vocans?
2643 4471 2822 4539 Itaque
2861 4473 3121 4536 quotquot
3162 4460 3457 4513 divinarum
3495 4455 3809 4522 Scriptura-

2218 4585 2338 4625 rnm
2385 4562 2614 4634 imperiti
2641 4567 2784 4620 sunt,
2814 4571 2919 4610 non
2960 4564 3141 4622 patres
3188 4547 3417 4602 familias
3462 4543 3680 4606 fuerint,
3714 4543 3812 4612 qui

2219 4673 2394 4729 neque
2418 4633 2617 4709 habent
2641 4649 2761 4720 ipsi,
2793 4661 2894 4700 nec
2916 4643 2984 4698 ab
3004 4641 3123 4696 aliis
3149 4638 3436 4706 accipiunt,
3458 4633 3552 4690 sed
3579 4647 3638 4687 se
3668 4633 3816 4687 fame

2223 4722 2508 4822 pereuntes
2542 4743 2831 4812 negligant.
2860 4735 2967 4791 Nec
2993 4730 3152 4787 modo
3182 4729 3302 4799 ipsi,
3327 4725 3422 4782 sed
3452 4726 3611 4779 etiam
3640 4722 3818 4776 bazrc—

2225 4816 2314 4899 iici
2335 4847 2581 4910 expertes
2609 4841 2735 4888 sunt
2761 4829 2916 4897 hujus
2945 4821 3304 4880 beatitudinis.
3349 4817 3464 4872 Non
3492 4816 3633 4870 enim
3685 4828 3818 4882 pro-

2225 4937 2403 4992 ferunt
2431 4945 2570 4986 nova
2597 4935 2652 4982 et
2679 4918 3026 4979 vetera.N.um
3057 4931 3176 4971 eum
3201 4922 3379 4967 vetera
3412 4925 3517 4963 non
3551 4907 3813 4973 habeant,

2226 5043 2326 5083 nec
2347 5038 2485 5080 nova
2508 5019 2706 5074 habere
2727 5018 2983 5083 possunt:
3004 5001 3451 5078 quemadmodmn
3485 4998 3646 5053 etiam
3667 4997 3700 5052 ii
3722 4998 3822 5064 qui

2229 5133 2364 5174 nova
2394 5129 2498 5168 non
2525 5111 2744 5170 habent,
2764 5101 3032 5157 veteribus
3057 5110 3267 5166 quoque
3287 5100 3493 5158 carent,
3512 5088 3610 5144 sed
3655 5087 3824 5144 utris-

2229 5228 2331 5282 que
2373 5209 2648 5280 privantur
2682 5218 2695 5254 :
2740 5197 2854 5252 hinc
2881 5195 3026 5248 enim
3060 5198 3240 5244 mutuo
3281 5186 3594 5254 colligantur
3618 5190 3673 5235 et
3693 5194 3831 5234 con-

2231 5277 2541 5360 rieetuntnr.
2591 5293 2882 5349 Audiamus
2927 5289 3104 5351 itaque
3129 5288 3390 5351 quotquot
3419 5277 3824 5346 Scripturarum

2233 5392 2516 5450 lectionem
2561 5382 2897 5451 negligimus,
2943 5385 3198 5445 quantum
3243 5370 3506 5439 patiamur
3539 5365 3827 5432 damnum,

2233 5489 2484 5556 quantam
2513 5482 2902 5546 paupertatem.
2930 5463 3275 5533 Quandonam
3306 5460 3464 5515 vitam
3497 5472 3619 5512 cum
3645 5456 3836 5524 operi-

2236 5572 2658 5639 busjungemns,
2688 5562 2776 5633 qui
2817 5574 2884 5613 ne
2932 5557 3076 5626 leges
3119 5553 3333 5624 quidem
3377 5549 3658 5610 novimus,
3688 5560 3830 5615 quas

2235 5636 2613 5719 observemus?
2636 5653 2740 5709 Sed
2767 5650 2980 5715 divites,
3007 5646 3096 5716 qui
3119 5644 3423 5700 divitiarum
3441 5638 3731 5708 cupiditate
3751 5636 3833 5689 iii-

2237 5754 2487 5817 caniunt,
2536 5763 2678 5818 sa‘pe
2723 5754 2898 5801 vestes
2928 5755 3050 5797 suas
3095 5753 3161 5794 ne
3200 5753 3229 5792 a
3261 5737 3419 5790 tineis
3467 5728 3832 5787 corrodantnr
