4028 6152
253 319 356 372 £83
1043 317 1100 371 S.
1143 317 1428 373 JOANNIS
1471 315 1965 373 CHRYSOSTOMI
2011 315 2330 374 ARCIIIEP.
2370 314 2920 374 CONSTANTINOP.

233 433 339 484 είσι
371 430 466 485 τοῦ
501 432 849 504 μακαρισμοῦ
886 432 1097 488 τούτου.
1126 433 1202 485 ϋύ
1236 431 1346 504 γὰρ
1394 434 1714 488 ἐκϐάλλουσι
1752 436 1914 490 καινά

233 510 330 562 καὶ
359 509 581 564 παλαιά.
608 512 742 564 Οὐδὲ
767 512 875 583 γὰρ
904 510 1087 581 έχουσι
1112 510 1180 564 τὰ
1212 512 1438 575 παλαιά,
1468 513 1550 567 διὸ
1569 514 1690 566 οὐδέ
1712 515 1875 568 καινά
1894 531 1910 547 ο

235 584 422 656 ῶσπερ
469 583 561 640 οὐν
607 589 656 641 οἱ
716 588 875 642 καινά
919 590 1019 641 οὐκ
1064 588 1300 659 ἔχοντες,
1337 590 1459 643 οὐδὲ
1501 591 1709 646 παλαιά
1758 591 1912 662 έχου-

236 681 353 742 σιν,
405 665 522 719 ἀλλ’
580 667 854 739 ἑκατέρων
921 667 1274 740 ἐστέρηνται·
1353 668 1528 723 ταῦτα
1583 672 1692 740 γὰρ
1743 671 1914 742 ἀλλή-

236 741 349 805 λοις
371 743 420 775 ⁸⁵
440 745 740 798 συνδέδεται
767 745 860 796 zeal
887 745 1279 814 συμπλέκεται.
1310 746 1656 818 Ἀκούσωμεν
1673 748 1718 780 ³⁵
1737 748 1914 800 τοίνυν

235 820 350 873 ὅσοι
402 822 500 889 τῆς
544 823 652 875 τῶν
697 820 926 893 Γραφῶν
980 823 1288 894 ἀμελοῦμεν
1341 825 1729 893 ἀναγνώσεως,
1782 827 1914 894 ὅσην

239 897 580 968 ὑπομένομεν
610 900 833 971 βλάϐην,
855 901 988 970 ὅσην
1014 903 1224 956 πενίαν.
1261 903 1400 956 Πότε
1434 902 1541 972 γὰρ
1570 904 1665 973 τῆς
1691 903 1777 957 διὰ
1805 904 1914 956 τῶν

237 977 414 1049 ἔργων
442 980 816 1051 έπιληψόμεθα
847 980 1142 1044 πολιτείας,
1173 982 1221 1034 οῑ
1268 980 1402 1052 μηδέ
1443 982 1640 1043 αὐτοὺς
1671 983 1798 1044 τοὺς
1829 981 1915 1034 νό-

241 1071 374 1124 μους
412 1056 610 1120 εἰδότες
648 1056 771 1110 καθ’
803 1056 899 1120 οὓς
937 1056 1314 1110 πολιτεύεσθαι
1358 1059 1496 1128 χρή;
1550 1058 1689 1111 Ἀλλ’
1720 1060 1770 1112 οἱ
1814 1059 1969 1130 μένε

237 1133 610 1200 πλουτοῦντες,
641 1137 692 1188 οἱ
737 1137 865 1206 περὶ
906 1138 1164 1207 χρήματα
1197 1137 1518 1206 μεμηνότες,
1563 1138 1802 1208 συνεχῶς
1826 1154 1912 1190 τι·

235 1213 524 1268 νάσσουσιν
565 1213 744 1267 αὐτῶν
788 1216 837 1248 ”
890 1214 959 1267 τά
1005 1214 1225 1285 ἱμάτια,
1270 1214 1409 1267 ῶστε
1467 1215 1540 1285 μὴ
1597 1215 1914 1286 σητόϐρωτα

236 1292 516 1360 γενέσθαι·
568 1291 720 1364 [491]
779 1292 843 1346 σὺ
884 1292 942 1345 δὲ
989 1291 1150 1362 σητός
1196 1291 1575 1364 χαλεπώτερον
1623 1293 1766 1364 ὀρῶν
1810 1295 1911 1365 τήν

237 1369 410 1441 λήθην
452 1371 857 1442 λυμαινομένην
901 1389 996 1425 σου
1041 1371 1138 1440 τὴν
1181 1371 1380 1441 ψυχὴν,
1417 1371 1516 1424 οὐκ
1563 1371 1912 1442 ἐντυγχάνεις

240 1449 486 1518 βιϐλίοις,
522 1451 584 1503 οὐ
627 1450 891 1522 διακρούῃ
929 1452 1027 1519 τὴν
1067 1449 1274 1520 λύμην,
1305 1451 1364 1502 οὐ
1409 1450 1771 1514 καλλωπίζεις
1816 1469 1908 1504 σου

237 1526 336 1598 τὴν
374 1529 584 1598 ψυχὴν,
637 1532 736 1584 οὐκ
791 1531 1109 1591 ἐπισκοπεῖς
1143 1529 1383 1599 συνεχῶς
1425 1530 1524 1600 τὴν
1579 1531 1763 1582 εἰκόνα
1812 1531 1911 1597 τῆς

241 1606 464 1675 ἀρετῆς,
496 1607 591 1660 zeal
624 1609 692 1661 τὰ
720 1607 852 1678 μέλη
884 1607 1053 1675 αὐτῆς
1094 1606 1533 1677 καταμανθάνεις
1566 1606 1660 1659 zeal
1690 1606 1790 1678 τὴν
1820 1625 1909 1660 κε-

242 1685 454 1754 φαλήν;
496 1686 607 1738 Kal
640 1686 747 1754 γάρ
795 1686 888 1738 zeal
921 1685 1159 1756 κεφαλὴν
1203 1684 1349 1754 ἔχει,
1394 1685 1490 1740 zeal
1537 1685 1672 1756 μέλη
1711 1687 1911 1750 παντὸς

243 1762 495 1832 σώματος
537 1765 774 1828 εὐειδοῦς
819 1765 912 1818 zeal
946 1765 1112 1818 καλοῦ
1150 1765 1586 1834 εὐπρεπέστερα.
1619 1765 1716 1828 Τίς
1748 1762 1841 1819 οὖν
1879 1768 1913 1836 ἡ

241 1843 476 1914 κεφαλὴ,
504 1843 658 1914 φησὶ,
686 1843 785 1913 τῆς
822 1843 1056 1914 ἀρετῆς;
1093 1844 1156 1896 Ἢ
1186 1843 1674 1914 ταπεινοφροσύνῃ.
1704 1844 1796 1898 Διδ
1820 1846 1915 1898 zeal

241 1923 336 1973 ἀπ’
382 1922 551 1991 αὐτῆς
615 1922 840 1992 ἄρχεται
890 1923 920 1974 6
969 1921 1206 1991 Χριστὸς
1253 1920 1462 1988 λέγων’
1509 1921 1803 1989 Μακάριοι
1858 1926 1915 1977 οἱ

241 2001 485 2067 πτωχοί.
517 1998 665 2070 Αὕτη
699 2002 730 2070 ή
761 1999 972 2069 κεφαλὴ
1001 2001 1060 2052 οὐ
1093 1999 1269 2070 κόμας
1300 1999 1412 2068 έχει
1439 1999 1533 2052 zeal
1563 2000 1912 2071 βοστρύχους,

242 2077 378 2130 ἀλλά
406 2078 600 2140 κάλλος
626 2079 887 2142 τοιοῦτον,
913 2074 1024 2132 οἷον
1048 2079 1138 2132 τὸν
1171 2078 1304 2132 Θεὸν
1329 2079 1759 2135 ἐπισπάσασθαι.
1790 2081 1915 2133 Ἐπὶ

244 2157 378 2208 τίνα
407 2155 516 2225 γὰρ
549 2156 872 2225 ἐπιϐλέψω,
913 2159 1098 2226 φησιν,
1133 2157 1271 2211 ἀλλ’
1309 2156 1348 2224 ἢ
1381 2157 1483 2210 ἐπὶ
1519 2158 1626 2212 τὸν
1655 2158 1851 2227 πρᾶον
1867 2159 1911 2191 ⁵⁷

244 2235 341 2287 καὶ
371 2235 672 2300 ταπεινὸν,
702 2237 797 2290 καὶ
833 2235 1122 2305 τρέμοντά
1148 2253 1267 2306 μου
1305 2236 1448 2302 τοὺς
1478 2239 1744 2306 λόγους;
1780 2237 1914 2304 Kal,

246 2317 312 2367 Οἱ
356 2317 650 2385 ὀφθαλμοί
697 2335 817 2386 μου
866 2319 965 2371 ἐπὶ
1004 2318 1146 2382 τοὺς
1191 2317 1401 2384 πραεῖς
1448 2317 1556 2386 τῆς
1598 2319 1731 2387 γῆς.
1783 2319 1914 2384 Kal,

257 2395 470 2462 Ἐγγύς
503 2397 718 2462 Κύριος
755 2395 879 2461 τοῖς
921 2395 1449 2464 συντετριμμένοις
1485 2397 1602 2464 τὴν
1639 2397 1913 2466 καρδίαν.

245 2473 392 2543 Λῦτη
433 2475 466 2543 ή
500 2474 728 2546 κεφαλὴ,
758 2475 877 2527 ἀντὶ
907 2475 1110 2546 τριχῶν
1141 2477 1235 2526 zeal
1278 2474 1478 2544 κόμης,
1511 2474 1728 2546 θύματα
1761 2475 1916 2546 φέρει

244 2549 323 2620 τῷ
359 2551 476 2622 Θεῷ
513 2553 899 2624 κεχαρισμένα.
934 2553 1127 2622 Βωμός
1162 2556 1276 2606 ἐστι
1321 2553 1575 2625 χρυσοῦς,
1608 2556 1702 2608 καὶ
1729 2556 1929 2633 θυσιαπ

247 2633 469 2702 στήριον
522 2636 926 2705 πνευματικόν
985 2636 1176 2688 Quoia
1217 2635 1325 2705 γὰρ
1368 2634 1448 2700 τῷ
1487 2636 1610 2702 Θεῷ
1679 2638 1919 2706 πνεῦμα

245 2713 770 2788 συντετριμμένον.
801 2713 949 2783 Αὐτη
985 2715 1133 2765 ἐστὶν
1166 2715 1197 2782 ἡ
1223 2714 1322 2784 τῆς
1361 2714 1550 2783 σοφίας
1581 2717 1787 2788 μήτηρ.
1819 2719 1917 2769 “Av

246 2787 451 2859 ταύτην
472 2789 570 2860 ἔχῃ
597 2807 702 2854 τις,
729 2795 824 2846 zeal
856 2793 927 2844 τά
960 2791 1123 2846 λοιπά
1148 2791 1281 2857 ἕξει.
1315 2789 1468 2856 Εἶδες
1505 2787 1769 2866 κεφαλὴν,
1798 2795 1918 2848 οἷαν

246 2867 498 2922 οὐδέποτε
527 2867 693 2938 εἷδες;
720 2871 906 2924 Βούλει
933 2873 1026 2925 zeal
1053 2871 1113 2924 τὸ
1142 2871 1430 2942 πρόσωπον
1463 2873 1610 2938 ίδεῐν,
1642 2873 1840 2944 μᾶλλον
1861 2874 1918 2927 δὲ

249 2947 469 3015 μαθείνς
503 2951 711 3003 Οὐκοῦν
740 2951 878 3022 μάθε
910 2951 1046 3013 τέως
1078 2949 1242 3003 αὐτοῦ
1269 2950 1330 3002 τὸ
1361 2951 1561 3022 χρῶμα
1589 2952 1652 3006 τὸ
1689 2952 1918 3024 ἐρυθρὸν

249 3029 344 3079 zeal
368 3027 590 3092 εὐανθὲς
619 3031 712 3083 zeal
745 3031 942 3100 πολλὴν
977 3029 1098 3099 ἔχον
1126 3029 1226 3099 τὴν
1256 3029 1436 3100 χάριν,
1469 3030 1562 3083 zeal
1588 3031 1725 3100 μάθε
1755 3032 1920 3086 πόθεν

251 3107 585 3162 συνίσταται.
626 3110 796 3162 Πόθεν
839 3107 932 3162 οὖν
973 3110 1320 3173 συνίσταται;
1360 3110 1492 3162 Ἀπὸ
1537 3110 1632 3164 τοῦ
1665 3113 1919 3182 αἰσχύνεο

251 3187 375 3241 σθαι
408 3187 502 3240 zeal
528 3188 804 3259 ἐρυθριᾷν.
831 3189 922 3240 Διό
947 3189 1039 3241 καί
1064 3189 1148 3251 τίς
1173 3205 1334 3260 φησιο
1358 3188 1478 3257 Πρὸ
1510 3192 1920 3260 αὶσχυντηροῦ

249 3268 678 3336 προελεύσεται
703 3265 894 3335 χάρις.
911 3267 1081 3320 Τοῦτο
1106 3270 1200 3322 zeal
1230 3269 1342 3322 τῶν
1377 3268 1550 3322 ἄλλων
1578 3270 1754 3340 μελῶν
1783 3273 1919 3328 πολὺ

252 3351 475 3418 καταχεῖ
521 3346 583 3399 τὸ
631 3345 843 3408 κάλλος.
901 3347 1020 3400 Κᾶν
1068 3348 1236 3419 μυρία
1281 3348 1440 3420 μίξῃς
1477 3348 1773 3421 χρώματα,
1822 3353 1921 3406 οὐκ

251 3427 462 3498 ἐργάσῃ
487 3424 745 3495 τοιαύτην
776 3425 947 3496 ῶραν.
979 3427 1042 3480 Et
1071 3427 1128 3481 δὲ
1161 3428 1401 3493 καὶτοὺς
1435 3428 1747 3500 ὀφθαλμοὺς
1795 3431 1922 3486 ἰδεῖν

253 3507 457 3577 βούλει,
487 3505 590 3574 ὅρα
622 3505 940 3582 κοσμιότητι
979 3507 1071 3558 zeal
1112 3507 1432 3579 σωφροσύνῃ
1474 3509 1612 3579 μετά
1639 3511 1923 3582 ἀκριϐείας

254 3581 800 3654 ὑπογεγραμμένους.
843 3583 934 3636 Διὸ
981 3584 1074 3636 zeal
1110 3583 1251 3638 οὕτω
1290 3585 1446 3640 καλοὶ
1490 3589 1584 3641 zeal
1614 3581 1923 3661 ὀξυδερκεῖς

253 3665 513 3734 γίνονται,
540 3663 618 3727 ὡς
645 3663 738 3716 zeal
757 3663 918 3717 αὐτὸν
943 3663 1032 3717 τὸν
1061 3662 1266 3732 Κύριον
1289 3663 1442 3733 όρᾷν.
1477 3663 1769 3736 Μακάριοι
1791 3673 1920 3739 γάρ,

257 3746 454 3814 φησιν,
497 3749 552 3799 οι
598 3744 843 3812 καθαροὶ
879 3741 954 3811 τῇ
1002 3742 1249 3812 καρδίᾳ,
1286 3741 1376 3796 ὅτι
1420 3745 1592 3799 αὐτοὶ
1618 3749 1724 3801 τὸν
1775 3748 1924 3802 Θεὸν

257 3824 528 3892 ὄψονται.
578 3823 762 3894 Στόμα
801 3823 858 3876 δὲ
899 3824 1086 3892 αὐτῆς,
1126 3822 1289 3891 σοφία
1337 3823 1431 3875 zeal
1465 3823 1696 3890 σύνεσις,
1731 3828 1826 3879 zeal
1862 3827 1924 3879 τὸ

257 3903 657 3974 πυιευματικούς
693 3903 896 3973 ὕμνους
937 3903 1154 3957 ειδέναι.
1197 3903 1409 3975 Καρδία
1447 3903 1525 3971 δέ,
1558 3906 1789 3978 Γραφῶν
1825 3908 1923 3976 ἐμ-

257 3983 466 4055 πειρία,
496 3982 591 4036 zeal
629 3983 913 4053 δογμάτων
943 3983 1184 4054 ἀκριϐῶν
1227 3985 1569 4054 διατήρησις,
1611 3986 1704 4038 zeal
1737 3986 1924 4054 φιλαν-

259 4062 496 4132 θρωπία,
531 4061 623 4114 zeal
658 4062 980 4132 χρηστότης.
1014 4064 1121 4114 Kal
1153 4063 1405 4132 καθάπερ
1432 4062 1634 4133 ταύτης
1664 4064 1793 4117 ἀνευ
1824 4066 1925 4117 οὐκ

259 4142 338 4193 ἐνι
361 4141 539 4210 ζῆσαι,
560 4139 682 4193 οὐδὲ
707 4141 921 4210 ἐκείνης
948 4141 1114 4209 χωρὶς
1138 4140 1375 4210 σωθῆναι
1399 4141 1476 4192 ἔνι
1503 4140 1652 4195 ποτέ.
1679 4143 1790 4194 Kal
1816 4143 1925 4212 γάρ

259 4219 469 4272 ἐκεῖθεν
502 4217 680 4271 πάντα
703 4219 944 4271 τίκτεται
962 4217 1030 4271 τὰ
1050 4217 1098 4250 ³⁸
1121 4218 1278 4272 καλά.
1299 4220 1450 4272 Εἰσὶν
1479 4219 1615 4288 αὐτῇ
1649 4221 1743 4272 zeal
1767 4220 1926 4284 πόδες

261 4300 355 4352 zeal
384 4301 585 4369 χεῖρες,
609 4297 718 4350 τῶν
746 4297 964 4364 ἀγαθῶν
990 4296 1164 4368 ἐργων
1185 4299 1240 4349 al
1275 4297 1580 4362 ἐπιδείξεις·
1613 4298 1758 4352 ἐστιν
1785 4299 1922 4370 αὐτῇ

262 4381 356 4432 zeal
382 4377 546 4448 ψυχὴ,
575 4379 608 4448 ὴ
652 4377 900 4430 εὐσέϐεια
921 4392 937 4407 ο
981 4375 1126 4429 ἐστιν
1157 4377 1292 4448 αὐτῇ
1334 4378 1428 4430 zeal
1471 4377 1664 4447 στῆθος
1690 4378 1925 4450 χρυσοῦν

260 4462 357 4513 καὶ
408 4458 712 4528 ἀδάμαντος
763 4457 1113 4528 στερρότερον
1138 4496 1153 4517 .
1209 4459 1242 4529 ἡ
1303 4457 1555 4527 ἀνδρεία·
1610 4459 1704 4511 zeal
1747 4461 1925 4512 πάντα

261 4539 468 4594 ἁλῶναι
497 4536 734 4601 εὔκολον,
763 4537 797 4608 ἢ
825 4538 982 4591 τοῦτο
1021 4539 1382 4610 διαρραγῆναι
1413 4537 1472 4591 τὸ
1520 4539 1732 4609 στῆθος.
1762 4539 1836 4592 Τὸ
1865 4539 1926 4592 δὲ

264 4618 482 4688 πνεῦμα
511 4617 570 4670 τὸ
604 4620 660 4672 ἐν
689 4618 976 4688 ἐγκεφάλῳ
1001 4619 1092 4672 zeal
1121 4618 1337 4690 καρδίᾳ,
1369 4619 1403 4689 ἡ
1435 4618 1621 4687 ἀγάπη
1653 4619 1787 4673 ἐστί.

329 4697 391 4751 δ’.
433 4698 618 4751 Βούλει
661 4699 758 4752 zeal
794 4699 881 4750 ἐπ’
922 4697 1100 4751 αὐτῶν
1145 4699 1253 4752 τῶν
1301 4698 1476 4770 ἔργων
1508 4697 1666 4762 δείξω
1705 4715 1786 4751 σοι
1825 4697 1924 4768 τὴν

260 4781 475 4846 εἰκόνας
509 4779 790 4850 Ἐννόησόν
831 4796 922 4850 μοι
957 4777 1142 4832 τοῦτον
1171 4779 1331 4833 αὐτὸν
1365 4779 1456 4833 τὸν
1496 4778 1920 4850 εὐαγγελιστήν·

263 4860 441 4914 καίτοι
489 4861 549 4914 οὐ
585 4860 760 4914 πάντα
811 4858 976 4913 αὐτοῦ
1027 4860 1119 4912 τὸν
1161 4859 1272 4929 βίον
1314 4860 1665 4930 ἀνάγραπτον
1708 4859 1924 4930 ἔχομεν,

261 4939 375 4992 ἀλλ’
405 4940 552 5009 ὅμως
592 4940 685 4992 zeal
732 4938 791 5004 ἐξ
833 4939 1026 5006 ὀλίγων
1067 4939 1273 4993 ἔνεστιν
1299 4941 1344 4972 ⁸⁸
1388 4939 1551 4993 αὐτοῦ
1598 4940 1698 5011 τὴν
1743 4939 1927 4992 είκόνα

264 5019 394 5072 ἰδεῖν
419 5017 845 5088 διαλάμπουσαν.
865 5017 987 5070 Ὅτι
1012 5017 1108 5088 μὲν
1132 5018 1177 5050 ⁸⁸
1204 5018 1455 5082 ταπεινὸς
1484 5019 1578 5072 zeal
1603 5033 1928 5089 συντετριμ-

267 5100 428 5170 μένος
453 5095 542 5170 ἦν,
573 5100 802 5154 ἄκουσον
833 5099 970 5168 μετά
1005 5098 1066 5151 τὸ
1105 5099 1432 5168 Εὐαγγέλιον
1469 5098 1706 5169 τελώνην
1737 5095 1929 5151 ἐαυτὸν

266 5178 533 5233 καλοῦντα
553 5197 566 5209 ·
606 5179 688 5232 ὅτι
715 5179 773 5232 δὲ
807 5178 900 5232 καὶ
940 5178 1208 5250 ἐλεήμων,
1236 5181 1338 5250 ὅρα
1371 5179 1548 5234 πάντα
1585 5177 1920 5246 ἀποδυσάμε-

3584 299 3694 358 686

2019 451 2110 486 νον
2145 435 2235 488 καὶ
2266 435 2707 506 ἀκολουθήσαντα
2746 430 2824 503 τῷ
2859 431 3066 502 ’ῐησοῦ’
3103 429 3183 482 ὅτι
3216 425 3272 480 δὲ
3315 442 3410 480 και
3430 424 3696 506 εὐσεϐὴς,

2019 511 2178 582 δῆλον
2216 514 2324 567 ἀπὸ
2369 513 2474 567 τῶν
2519 504 2824 584 δογμάτων.
2875 512 2984 564 Kal
3031 509 3128 580 τήν
3163 505 3374 561 σύνεσιν
3422 505 3480 558 δὲ
3528 504 3697 558 αὐτοῦ

2021 591 2114 660 ἀφ’
2141 587 2204 645 οὐ
2233 592 2526 663 συνέθηκεν
2553 590 2884 661 Εὐαγγελίου
2912 591 3092 662 ῥᾴδιον
3121 587 3264 640 ἐστιν
3290 587 3438 647 ἰδεῖν,
3468 585 3563 663 zeal
3593 584 3699 663 τήν

2020 669 2240 738 ἀγάπην
2263 687 2275 700 ·
2316 660 2424 740 τῆς
2455 671 2564 742 γάρ
2594 660 2920 741 οἰκουμένης
2949 667 3354 737 ἐπεμελήσατο·
3407 664 3502 716 zeal
3541 660 3696 734 [492]

2019 750 2116 820 τὴν
2145 749 2252 803 τῶν
2295 750 2469 822 ἔργων
2505 751 2616 805 τῶν
2656 750 2876 818 ἀγαθῶν
2920 748 3175 813 ἐπίδειξιν
3223 744 3330 800 ἀπὸ
3363 744 3455 797 τοῦ
3503 742 3699 822 θρόνου

2020 816 2181 898 ἐφόὗ
2218 816 2398 901 μέλλει
2426 816 2770 886 καθεδεῖσθαι
2793 832 2862 863 ⁸⁸·
2901 829 2996 884 zeal
3030 829 3128 900 τὴν
3156 825 3407 897 ἀνδρείαν
3431 825 3510 887 δὲ,
3543 824 3603 887 ἐξ
3621 816 3700 876 ὧν

2020 911 2228 982 χαίρων
2253 911 2592 983 ὑπέστρεψεν
2613 911 2722 964 ἀπὸ
2749 907 3043 982 προσώπου
3064 907 3157 962 τοῦ
3187 905 3484 976 συνεδρίου.
3515 902 3701 983 Ζηλώ-

2021 1007 2204 1072 σωμεν
2243 982 2546 1072 τοίνυντὴν
2587 987 3172 1072 ἀρετὴνᾷταύτηνὶκαὶ
3209 984 3448 1072 μάλιστα
3479 982 3702 1072 πάντων

2017 1058 2115 1139 τὴν
2136 1058 2639 1140 ταπεινοφροσύνηύ
2668 1058 2762 1122 zeal
2789 1066 3181 1139 ἐλεημοσύνην,
3201 1058 3276 1118 ὧν
3301 1064 3429 1118 ἄνευ
3457 1062 3700 1140 σωθῆναι

2017 1149 2117 1201 οὐκ
2150 1147 2249 1201 ἐνι.
2278 1149 2389 1201 Kal
2414 1139 2671 1217 δηλοῦσιν
2696 1149 2754 1201 αἱ
2777 1149 2942 1202 πέντε
2976 1145 3257 1216 παρθένοι,
3282 1141 3376 1197 καὶ
3410 1142 3528 1212 μετ’
3554 1139 3702 1193 ἐκεί-

2017 1244 2124 1280 νων
2151 1229 2179 1281 ὀ
2206 1229 2517 1298 Φαρισαῖος.
2536 1227 2720 1298 Χωρὶς
2745 1227 2844 1298 μὲν
2860 1225 2968 1296 γὰρ
2990 1223 3286 1294 παρθενίας
3301 1219 3524 1276 δυνατὸν
3543 1217 3696 1298 ἰδεῖν·

2018 1307 2186 1378 χωρὶς
2223 1297 2684 1377 δέἐλεημοσύνης
2733 1297 3014 1376 ἀμήχανον
3035 1319 3049 1334 ο
3084 1303 3192 1356 τῶν
3232 1300 3340 1369 γάρ
3381 1297 3700 1366 ἀναγκαίων

2017 1388 2174 1441 τοῦτό
2197 1389 2311 1441 ἐστι
2340 1389 2435 1442 zeal
2474 1389 2802 1457 ωνεχόντων
2839 1386 2900 1440 τὸ
2939 1389 3066 1442 πᾶν.
3109 1385 3223 1439 Οὐκ
3252 1383 3359 1455 ἀρα
3392 1380 3701 1457 ἀπεικότως

2019 1469 2244 1539 καρδίαν
2279 1467 2411 1520 αὐτὸ
2447 1456 2797 1537 κεκλήκαμεν
2838 1465 3057 1535 ἀρετῆς.
3095 1463 3234 1518 Ἀλλ’
3259 1464 3289 1532 ή
3312 1460 3510 1531 καρδία
3529 1456 3698 1526 αῦτη,

2019 1547 2115 1600 ἐάν
2165 1547 2238 1618 μὴ
2292 1549 2428 1601 πᾶσι
2483 1549 2692 1618 χορηγῇ
2739 1546 2958 1616 πνεῦμα
2999 1547 3070 1606 ⁸⁸,
3122 1544 3336 1615 ταχέως
3384 1540 3693 1595 σϐέννυται.

2021 1627 2230 1698 Ὥσπερ
2266 1623 2360 1681 οὖν
2403 1628 2498 1680 zeal
2531 1629 2563 1698 ἡ
2609 1627 2783 1697 πηγὴ,
2829 1626 2923 1679 ἐὰν
2963 1626 3161 1697 συνέχῃ
3191 1625 3258 1677 τά
3304 1623 3525 1693 νάματα
3563 1619 3698 1688 παρ’

2016 1708 2182 1776 ἑαυτῇ
2213 1707 2279 1772 ⁸⁸,
2315 1708 2579 1777 σήπεται·
2612 1705 2756 1759 οὕτω
2781 1706 2876 1759 zeal
2911 1707 2960 1760 οί
3002 1702 3379 1766 πλουτοῦντες,
3401 1702 3528 1754 ὅταν
3563 1698 3694 1767 παρ’

2015 1789 2232 1850 ἑαυτοῖς
2263 1786 2333 1840 τά
2372 1787 2504 1840 ὄντα
2552 1786 2842 1854 κατέχωσι.
2877 1786 2976 1840 Διά
3018 1786 3178 1838 τοῦτο
3210 1785 3305 1839 zeal
3341 1786 3398 1836 ἐν
3433 1784 3501 1852 τῇ
3538 1781 3695 1846 κοινῆ

2015 1865 2274 1937 συνηθείᾳ
2296 1865 2549 1934 λέγομεν,
2582 1864 2758 1936 Πολλὴ
2785 1867 2818 1932 ὴ
2847 1864 3010 1934 σῆψις
3032 1864 3129 1918 τοῦ
3160 1864 3392 1917 πλούτου
3437 1859 3593 1930 παρὰ
3619 1858 3699 1928 τῷ

2013 1947 2182 1999 δεῖνι·
2224 1945 2319 2000 zeal
2359 1945 2420 1998 οὐ
2452 1943 2704 2012 λέγομεν,
2754 1943 2930 2015 Πολλὴ
2970 1945 3003 2014 ή
3051 1943 3301 2010 ἀφθονία,
3339 1940 3506 2002 πολὺς
3541 1940 3570 1992 ὀ
3599 1937 3700 2006 θη-

2017 2027 2240 2097 σαυρός.
2288 2023 2401 2078 Kal
2447 2022 2556 2094 γὰρ
2607 2022 2769 2091 σῆψίς
2818 2023 2966 2076 ἐστιν
2997 2023 3116 2092 οὐχὶ
3163 2021 3272 2074 τῶν
3318 2016 3696 2097 κεκτημένων,

2015 2096 2150 2161 ἀλλά
2175 2105 2269 2159 zeal
2297 2102 2462 2158 αὐτοῦ
2488 2103 2583 2156 τοῦ
2613 2102 2865 2156 πλούτου.
2886 2103 2996 2155 Kal
3023 2101 3133 2172 γὰρ
3161 2101 3229 2155 τὰ
3259 2101 3449 2170 ἱμάτια
3469 2096 3698 2166 κείμενα

2016 2185 2318 2256 φθείρεται,
2350 2185 2447 2237 zeal
2477 2182 2538 2236 τδ
2567 2183 2786 2253 χρυσίον
2817 2181 3012 2242 ίοῦται,
3043 2182 3137 2234 zeal
3160 2183 3188 2234 6
3229 2183 3375 2239 σ’ίτος
3401 2172 3700 2256 διαϐιϐρώο

2018 2255 2225 2318 σκετίαι·
2249 2264 2340 2317 zeal
2370 2265 2404 2334 ή
2439 2262 2585 2334 ψυχὴ
2617 2261 2674 2314 δὲ
2712 2261 2808 2314 τοῦ
2834 2261 3009 2314 ταῦτα
3039 2260 3255 2331 ἔχοντος
3279 2258 3484 2313 τούτων
3523 2255 3699 2310 ἀπάν-

2016 2360 2125 2397 των
2160 2343 2361 2412 μᾶλλον
2387 2345 2510 2405 ταῖς
2549 2340 2791 2409 φροντίσι
2818 2343 2913 2394 zeal
2941 2339 3114 2394 ίοῦται
3152 2341 3246 2394 zeal
3287 2341 3549 2410 σήπεται.
3572 2334 3699 2388 Κάν

2017 2422 2206 2493 ἐθέλῃς
2233 2421 2569 2492 φιλαργύρου
2594 2418 2771 2489 ψυχὴν
2804 2421 2883 2483 εἰς
2911 2419 2971 2473 τὸ
3001 2419 3162 2490 μέσον
3192 2418 3497 2485 ἐξενεγκεῖν
3524 2412 3700 2493 καθά-

2019 2519 2124 2570 περ
2149 2492 2363 2571 ἱμάτιον
2392 2499 2497 2553 ὐπὸ
2531 2499 2738 2569 μυρίων
2763 2498 2971 2568 βρωθὲν
2993 2499 3310 2568 σκωλήκων,
3335 2495 3431 2550 zeal
3453 2495 3553 2548 οὐκ
3575 2492 3699 2571 ἕχον

2017 2581 2171 2634 οὐδὲν
2204 2580 2376 2648 ὑγιὲς,
2407 2579 2580 2640 οὕτως
2612 2579 2868 2648 εὐρήσεις
2894 2575 3400 2648 διατετρυπημένην
3432 2570 3699 2628 πάντοθεν

2019 2660 2189 2728 αὐτὴν
2221 2660 2328 2712 ὐπδ
2372 2659 2666 2728 φροντίδων
2692 2656 2760 2720 ⁸⁸,
2801 2656 2906 2710 ὑπὸ
2944 2657 3053 2710 τῶν
3089 2654 3504 2726 ἁμαρτημάτων
3535 2668 3699 2719 σεση-

2020 2742 2206 2798 πυϊαν,
2246 2739 2501 2809 ίωμένην.
2547 2736 2686 2789 Ἀλλ’
2732 2736 2852 2806 οὐχὶ
2894 2733 2988 2789 τοῦ
3027 2735 3254 2806 πένητος
3294 2731 3553 2801 τοιαύτη,
3600 2729 3698 2784 τοῦ

2019 2819 2250 2889 πένητος
2286 2816 2378 2870 τοῦ
2411 2815 2626 2879 ἑκόντος
2649 2831 2665 2848 ο
2695 2814 2810 2868 ἀλλ’
2840 2814 3153 2868 ἀποστίλϐει
3190 2814 3288 2882 μὲν
3329 2812 3405 2874 ὡς
3443 2809 3694 2889 χρυσίον,

2018 2888 2224 2968 λάμπει
2251 2896 2308 2949 δὲ
2341 2895 2530 2965 ὥσπερ
2557 2893 2921 2965 μαργαρίτης,
2949 2891 3100 2947 ἀνθεῖ
3119 2891 3175 2944 δὲ
3207 2891 3396 2961 ῶσπερ
3427 2888 3696 2968 ῥόδον.ᾲού

2023 2966 2131 3047 γάρ
2166 2978 2312 3030 ἐστιν
2346 2977 2462 3029 ἐκεῖ
2499 2974 2619 3045 σὴς,
2662 2975 2765 3027 οὐκ
2808 2973 2954 3026 ἐστιν
2989 2971 3107 3024 ἐκεῖ
3138 2969 3398 3040 κλέπτης,
3431 2969 3532 3047 οὐκ
3579 2966 3698 3020 ἐστι

2021 3046 2241 3126 φροντὶς
2291 3055 2516 3124 βιωτική
2536 3071 2549 3085 ο
2581 3053 2693 3107 ἀλλ’
2714 3054 2789 3116 ὡς
2809 3051 3048 3120 ἄγγελοι,
3073 3049 3215 3103 οὕτω
3235 3046 3608 3102 πολιτεύονται
3627 3047 3696 3126 ξ’.

2020 3125 2209 3188 Βούλει
2266 3135 2366 3204 τῆς
2401 3132 2580 3202 ψυχῆς
2622 3132 2825 3202 ταύτης
2855 3130 2916 3184 τὸ
2949 3130 3140 3192 κάλλος
3182 3129 3345 3193 Ιδεῖνς
3383 3126 3557 3196 βούλει
3598 3125 3701 3194 τῆς

2021 3214 2213 3276 πενίας
2243 3203 2334 3266 τὸν
2371 3211 2598 3265 πλοῦτον
2627 3209 2998 3280 καταμαθείν;
3030 3207 3144 3261 Οὐκ
3188 3206 3462 3260 ἐπιτάττει
3497 3203 3700 3274 ἀνδρά-

2023 3311 2129 3355 σιν,
2173 3291 2307 3345 ἀλλά
2354 3291 2602 3359 δαίμοσιν
2647 3288 2954 3344 ἐπιτάττειο
2987 3285 3048 3340 οὐ
3082 3285 3415 3356 παρίσταται
3451 3282 3696 3352 βασιλεῖ,

2021 3371 2155 3425 ἀλλά
2195 3369 2506 3441 παρέστηκε
2531 3368 2678 3439 Θεῷο
2709 3369 2770 3422 οὐ
2807 3364 3163 3437 στρατεύεται
3205 3365 3343 3434 μετά
3367 3361 3699 3433 ἀνθρώπων,

2021 3451 2158 3505 ἀλλά
2206 3449 2561 3519 στρατεύεται
2623 3449 2760 3519 μετά
2807 3446 3086 3516 ἀγγέλωνο
3132 3445 3234 3498 οὐκ
3289 3441 3404 3514 ἔχει
3467 3441 3703 3495 κιϐώτια

2021 3531 2115 3585 δύο
2134 3530 2180 3562 ⁸⁸
2209 3529 2303 3583 zeal
2340 3529 2469 3600 τρία
2502 3528 2599 3582 zeal
2630 3529 2852 3586 εἴκοσιν,
2887 3525 3022 3579 ἀλλά
3053 3522 3309 3592 τοιαύτην
3342 3519 3604 3592 εὐπορίαν
3628 3521 3700 3586 ⁸⁷,

2021 3612 2098 3676 ὡς
2125 3609 2216 3664 τὸν
2257 3609 2462 3676 κόσμον
2492 3607 2710 3662 ἅπαντα
2761 3606 2926 3678 μηδὲν
2959 3601 3096 3660 εἶναι
3124 3601 3383 3674 νομίζειν.
3428 3601 3544 3656 οὐκ
3584 3600 3702 3670 ἔχει

2023 3690 2315 3762 θησαυρόν,
2345 3686 2483 3740 ἀλλά
2513 3687 2605 3740 τὸν
2629 3684 2856 3756 οὐρανόν
2875 3701 2890 3714 ’
2924 3685 2984 3738 οὐ
3027 3684 3196 3762 δεῖται
3228 3681 3460 3762 δούλων,
3495 3678 3703 3762 μάλλον

2023 3758 2090 3824 δὲ’
2135 3758 2248 3838 ἔχει
2295 3765 2515 3828 δούλους
2557 3765 2627 3818 τά
2654 3763 2824 3834 πάθη,
2868 3764 2980 3834 ἔχει
3013 3761 3233 3824 δούλους
3269 3760 3395 3824 τοὺς
3437 3758 3705 3838 βασιλέων

2024 3837 2358 3916 κρατοῦντας
2389 3842 2705 3916 λογισμούς.
2731 3842 2791 3896 'U
2815 3841 2924 3911 γάρ
2946 3841 3251 3895 ἐπιτάττων
3277 3838 3357 3909 τῷ
3379 3839 3478 3908 τὴν
3502 3837 3707 3916 ἀλουρι

2023 3915 2147 3994 γίδα
2172 3925 2562 3996 περικειμένῳ,
2587 3915 2742 3985 οὗτος
2760 3922 2805 3954 ⁸⁸
2829 3921 2990 3974 αὐτὸν
3011 3920 3348 3988 κατέπτηχεν
3368 3919 3396 3971 ὀ
3420 3915 3701 3988 λογισμὸς,

2025 4005 2118 4057 zeal
2144 4003 2462 4072 ἀντιϐλέψαι
2493 4002 2555 4056 οὐ
2585 4001 2780 4071 τολμᾷ.
2811 3998 3098 4055 Βασιλείαν
3133 3997 3191 4052 δὲ
3237 3997 3330 4052 zeal
3377 3996 3576 4067 χρυσὸν
3605 3997 3706 4049 zeal

2027 4083 2203 4136 πάντα
2234 4081 2304 4134 τὰ
2349 4080 2610 4142 τοιαῦτα,
2660 4079 2912 4150 καθάπερ
2957 4079 3162 4132 παίδων
3217 4077 3509 4146 ἀθύρματα
3539 4075 3701 4147 γελᾷ.

2026 4160 2122 4213 zeal
2154 4160 2404 4230 καθάπερ
2443 4161 2672 4229 τροχοὺς
2715 4159 2809 4213 zeal
2858 4157 3230 4229 ἀστραγάλους
3261 4159 3355 4210 zeal
3395 4155 3636 4226 κεφαλὰς
3657 4156 3706 4188 ⁶⁹

2027 4237 2123 4292 καὶ
2157 4237 2412 4310 σφαίρας,
2445 4237 2588 4292 οὕτω
2615 4236 2789 4292 ταῦτα
2833 4239 3012 4292 πάντα
3051 4239 3265 4306 ἡγεῖται
3300 4231 3435 4290 εἶναι
3467 4235 3707 4289 εὐκατα-

2028 4317 2292 4387 φρόνητα.
2321 4317 2475 4387 Ἔχει
2512 4316 2620 4388 γὰρ
2648 4316 2873 4386 κόσμον,
2907 4315 2966 4369 ὃν
3001 4315 3122 4368 οὐδέ
3164 4315 3294 4368 ἰδεῖν
3331 4315 3380 4367 οί
3411 4316 3468 4366 ἐν
3495 4312 3708 4377 τούτοις

2029 4394 2312 4460 παίζοντες
2339 4393 2612 4448 δύνανται.
2653 4393 2719 4447 Τί
2747 4394 2928 4447 τοίνυν
2971 4393 3067 4447 τοῦ
3106 4393 3337 4464 πένητος
3365 4391 3554 4449 τούτου
3584 4389 3709 4459 βέλο

2027 4491 2141 4527 τιον
2171 4473 2368 4542 γένοιτ’
2394 4473 2494 4538 άν;
2527 4474 2766 4542 Ἐδαφος
2804 4472 2936 4542 γοῦν
2988 4471 3099 4540 έχει
3138 4471 3229 4525 τὸν
3276 4469 3524 4541 οὐρανόν.
3559 4469 3620 4521 El
3645 4469 3710 4521 δὲ

2026 4551 2089 4605 τὸ
2115 4551 2310 4622 ἔδαφος
2336 4552 2594 4616 τοιοῦτον,
2622 4551 2874 4620 ἐννόησον
2897 4549 3046 4621 [495]
3070 4549 3161 4602 τὸν
3189 4548 3405 4619 ὄροφον.
3437 4547 3575 4600 Ἀλλ’
3601 4546 3708 4599 οὐκ

2030 4629 2144 4700 ἔχει
2172 4630 2374 4692 ἵππους
2413 4629 2509 4682 zeal
2535 4629 2784 4698 ὀχήματα
2808 4646 2822 4692 ;
2855 4628 2921 4680 Τί
2961 4629 3070 4698 γὰρ
3098 4627 3247 4698 αὐτῷ
3273 4625 3476 4679 τούτων
3518 4624 3702 4696 χρεία,

2030 4709 2108 4778 τῷ
2144 4708 2388 4778 μέλλοντι
2436 4707 2530 4760 ἐπὶ
2571 4706 2680 4759 τῶν
2710 4706 2949 4775 νεφελῶν
2978 4705 3252 4776 ὀχεῖσθαι,
3286 4705 3380 4760 zeal
3419 4703 3558 4774 μετά
3603 4701 3704 4756 τοῦ

2030 4785 2268 4859 Χριστοῦ
2307 4781 2484 4850 εἷναι;
2517 4784 2683 4838 Ταῦτ’
2715 4781 2808 4838 οὖν
2848 4785 3221 4855 ἐννοήσαντες,
3257 4784 3350 4837 zeal
3388 4782 3576 4852 ἀνδρες
3601 4781 3706 4859 zeal

2033 4857 2310 4936 γύναίκες,
2337 4866 2541 4918 ἐκεῖνον
2573 4863 2825 4934 ζητῶμεν
2859 4863 2949 4916 τὸν
2980 4863 3227 4927 πλοῦτον,
3250 4862 3344 4916 zeal
3366 4862 3465 4933 τήν
3495 4857 3707 4913 ἀνάλω-

2031 4959 2122 4997 τον
2155 4941 2433 5014 εὐπορίαν,
2467 4943 2554 4997 ῖνα
2589 4943 2684 4996 zeal
2714 4943 2815 5012 τῆς
2850 4940 3123 5012 βασιλείας
3155 4941 3263 4995 τῶν
3305 4939 3548 5010 οὐρανῶν
3578 4939 3706 4991 ἐπι-

2032 5020 2317 5091 τύχωμεν,
2373 5021 2578 5093 χάριτιᾲ
2603 5021 2700 5074 zeal
2747 5019 3130 5093 φιλανθρωπία
3168 5019 3263 5072 τοῦ
3302 5018 3507 5091 Κυρίου
3546 5013 3705 5093 ήμῶν

2043 5097 2218 5168 Ἰησοῦ
2252 5091 2509 5170 Χριστοῦ,
2544 5091 2588 5166 ᾧ
2621 5101 2654 5169 ἠ
2687 5097 2812 5164 δόξα
2845 5091 3032 5153 καὶτὸ
3059 5097 3257 5169 κράτος
3294 5098 3375 5162 εις
3405 5096 3531 5160 τούς
3571 5092 3704 5148 αίῶ-

2032 5192 2132 5240 νας
2151 5176 2261 5230 τῶν
2292 5176 2523 5232 αἰώνων.
2555 5178 2746 5249 Ἀμήν.

335 5354 381 5442 ’ς
410 5354 654 5423 ἀλλήλων
675 5354 741 5407 G.
817 5353 864 5386 ⁸³
899 5355 1192 5409 Ἀκούσατε
1209 5355 1274 5411 G.
1305 5354 1368 5408 K.
1397 5353 1680 5409 ΗΘῙΚΟΝ.
1713 5353 2033 5426 Κατηγορία
2046 5355 2156 5408 τῶν
2179 5356 2776 5480 μδὲάναγινωσκρντων·
2797 5358 2890 5409 zeal
2913 5358 3056 5421 τίνες
3077 5357 3135 5411 αἱ
3158 5355 3348 5429 ἀρεταὶ
3366 5354 3474 5409 τῶν
3504 5352 3702 5424 μελῶν·

341 5444 385 5480 ω
408 5425 502 5476 zeal
528 5425 656 5480 περὶ
675 5424 953 5480 Ματθαίου
981 5425 1074 5478 καὶ
1091 5426 1447 5480 φιλαργύρου·
1471 5425 1565 5476 zeal
1589 5427 1738 5480 ποῖος
1765 5428 1793 5479 ὀ
1821 5425 1998 5479 ἑκοντὶ
2019 5425 2206 5480 πένης.
2287 5467 2300 5480 .
2376 5429 2422 5460 ⁸⁸
2441 5428 2644 5479 ἐαυτων
2667 5425 2800 5479 Edd.
2835 5427 2951 5480 Mox
2979 5427 3220 5480 γίνεσθαι
3251 5425 3316 5479 H.
3348 5425 3409 5478 L.
3443 5425 3702 5480 γένωνται

268 5423 326 5498 ἐν
341 5419 385 5492 ᾧ
408 5425 502 5498 zeal
528 5419 953 5498 ieglea'eOaiop
981 5425 1074 5478 zeal
1084 5426 1447 5498 φιλαργύρου·
1471 5425 1565 5498 zeal
1589 5427 1793 5498 ποῖος-ὀ
1821 5419 2206 5498 ἑκοντὶ-πένης.

264 5493 332 5579 (ξ.
383 5495 454 5579 ﬂ"
476 5493 671 5579 1.19533]
702 5496 825 5579 add:
860 5496 953 5576 zeal
997 5493 1370 5579 ﬁciix‘eov'L.;.
1391 5495 1436 5526 ⁵⁸
1469 5494 1723 5579 τάνάθςει
1745 5495 1797 5579 ill
1827 5495 1916 5548 Ed:

2043 5493 2152 5579 irra'
2171 5497 2338 5579 καὶέγ
2365 5496 2573 5579 καρδίᾳ·
2599 5494 2662 5548 K.
2696 5493 2756 5548 L.
2818 5496 2878 5579 "9
2909 5493 3053 5579 ἐστιν
3187 5495 3254 5579 Η..

2376 5429 2422 5460 ⁸⁸
2441 5427 2644 5479 ἑαυτῶν
2667 5425 2800 5479 Edd.
2835 5427 2951 5481 Mox
2979 5425 3220 5495 γίνεσθαί
3251 5425 3316 5479 H.
3348 5425 3409 5478 L.
3443 5425 3702 5491 γένωνται

2376 5496 2562 5564 καρδίᾳ
2599 5494 2662 5548 K.
2696 5493 2756 5548 L.
2821 5496 2878 5564 7"
2909 5498 3053 5549 ἐστὶν
3082 5495 3147 5550 G.
3187 5495 3254 5549 Η.
3354 5494 3400 5526 ⁸⁸
3429 5491 3545 5564 μὲν]
3575 5493 3702 5564 adii.

265 5560 358 5626 οὖν
383 5563 448 5618 K.
491 5552 550 5617 [Σ.
591 5552 708 5617 Μοκ
734 5552 1029 5634 καλοῦντος
1071 5552 1252 5618 ἱὶῖίοῐη.
1329 5565 1371 5596 ⁶¹
1401 5563 1723 5634 καθέζεσθαι
1767 5564 1826 5618 L.
1865 5582 1916 5618 κι

2043 5565 2174 5618 σθαι
2207 5567 2343 5620 Edd.
2375 5552 2512 5619 Inl‘ra
2538 5552 2621 5618 ’ἐκ
2657 5563 2949 5634 προσώπου
2987 5566 3050 5620 Κ.
3083 5565 3145 5619 L.
3223 5563 3352 5617 οιτδ
3385 5552 3696 5634 algam”.

264 5634 496 5704 ταχέως]
545 5634 784 5704 συνεχῶς
827 5635 896 5690 G.
935 5633 1005 5688 H.
1054 5636 1126 5688 Κ.
1165 5633 1591 5704 repugnantibus
1655 5633 1886 5704 lnterpp.

1965 5634 2010 5665 ⁸³
2033 5634 2304 5705 Εύρικιιιῃ·
2338 5636 2433 5705 ἐὰν
2462 5634 2535 5705 μὴ
2581 5634 2680 5705 ἔχῃ
2704 5632 2918 5705 συνεχῆ
2955 5635 3023 5688 τὰ
3061 5633 3444 5705 νάματαμπαρ⁹
3484 5632 3702 5700 ἑαυτῆς.

267 5695 501 5776 ίίινὶιιιιε,
561 5704 614 5776 iii
676 5695 856 5776 fallor.
905 5705 1054 5776 Aren.
1083 5695 1670 5776 Nostf'aeﬁlecliogelp,
1695 5695 1816 5776 qusi
1836 5695 1929 5776 ἐει
1965 5695 2722 5776 codicum_H.AL._1fez:lil'Gb.
2798 5695 2972 5758 ⁸⁸’ὐῖιιὸ
2998 5704 3113 5776 τῶν
3136 5695 3234 5776 ὶρρΣ
3263 5703 3328 5759 Κ.
3357 5695 3504 5776 _p.
3523 5716 3576 5770 ρ.
3609 5695 3709 5776 καὶ

271 5773 525 5844 ίινμένηνῗ
540 5775 606 5826 Η.

708 5775 753 5804 ⁸⁸
779 5774 1012 5847 ἀγγελος
1036 5783 1131 5847 et__
1145 5772 1503 5847 πολιτεύεται-
1521 5771 1584 5847 ll_.
1607 5771 1674 5847 _L.
1710 5767 1758 5847 ξξ
1783 5772 1916 5847 κιϐώ

2045 5773 2156 5847 ’καὶ
2188 5772 2366 5847 δύο-ηε
2409 5774 2594 5830 invitis
2630 5775 2866 5846 Interpp.
2899 5773 3016 5847 zeal]
3048 5767 3275 5844 ﬂbi's'L.
3349 5773 3396 5807 "
3429 5767 3708 5842 ἐμπορίαν

267 5840 349 5897 ὓ(
369 5841 431 5896 ΙΙ.
462 5840 472 5844 ’
511 5843 554 5875 ⁸⁸
577 5841 750 5906 οὕτως
772 5840 839 5897 (ἱ.
871 5840 926 5898 ει
965 5859 1048 5914 pr.
1088 5843 1152 5898 ll.
1229 5844 1274 5876 "
1304 5840 1570 5913 κεφαλὰς]
1591 5840 1830 5911 ψηφῖδας
1855 5843 1916 5898 K.

2043 5842 2177 5914 Reg.
2209 5840 2362 5914 688.]

3909 4139 3923 4432 ἐ

3911 4435 3918 4476 Il
