4028 6152
325 312 425 369 £85

325 438 599 495 excutiunt
631 455 643 491 :
675 445 729 492 tn
756 451 883 493 vero
900 437 1025 492 dum
1040 437 1238 492 oblivio
1259 438 1397 493 tinea
1428 439 1775 508 perniciosior
1795 439 1913 491 ani-

323 545 463 584 mam
512 540 654 582 tuam
690 528 1006 593 labefactat,
1038 545 1143 583 non
1180 529 1345 584 libros
1375 529 1525 599 legis,
1555 546 1658 582 non
1706 539 1908 598 pestem

323 623 468 676 iltam
499 620 723 692 depellis
749 663 763 687 ,
790 623 1021 676 animam
1052 638 1157 677 non
1186 636 1436 683 exornas,
1469 634 1573 675 nou
1601 620 1795 689 aspicis
1823 635 1909 674 as-

320 714 471 770 sidue
514 716 726 770 virtutis
766 717 1072 786 imaginem,
1118 730 1219 770 nec
1262 716 1499 770 membra
1534 715 1652 785 ejus
1676 723 1731 769 et
1752 723 1911 784 caput

318 809 662 865 consideras?
684 808 816 864 Nam
846 818 900 864 et
923 817 1081 879 caput
1104 808 1268 865 habet
1293 817 1348 864 et
1373 807 1634 873 membra,
1664 809 1908 877 specioso

318 918 543 972 corpore
587 903 921 957 formosiora.
968 901 1121 969 Quod
1156 915 1284 971 ergo
1322 909 1482 970 caput
1530 909 1632 963 est,
1670 899 1901 967 inquies,

320 994 572 1050 virtutis?
617 993 916 1050 Humilitas.
946 992 1305 1061 Quamobrem
1334 990 1402 1046 ab
1428 990 1525 1045 hac
1548 990 1731 1059 incipit
1755 988 1909 1044 Chri—

316 1098 432 1146 stus
474 1089 656 1144 dicens
688 1104 702 1140 :
734 1084 874 1140 Beati
918 1100 1158 1155 pauperes
1183 1082 1415 1155 (Matth.
1445 1082 1497 1137 5'.
1526 1081 1619 1151 5).
1665 1080 1778 1134 Hoc
1819 1094 1908 1133 ca-

318 1192 413 1253 put
461 1197 569 1237 non
609 1192 795 1236 comas
837 1176 1018 1240 habet,
1067 1191 1175 1231 non
1218 1175 1518 1239 cincinnos,
1562 1171 1657 1228 sed
1705 1179 1903 1226 tantam

317 1273 784 1345 pulchritudinem,
815 1277 873 1324 ut
903 1270 1070 1325 Deum
1114 1268 1288 1337 ipsum
1327 1265 1557 1321 attrahat
1587 1279 1744 1319 :nam
1786 1263 1859 1316 ait
1887 1279 1900 1316 :

323 1367 488 1435 Super
511 1382 654 1435 quem
697 1362 984 1431 respiciam,
1028 1360 1126 1414 nisi
1146 1376 1297 1430 super
1324 1367 1639 1410 tttansuetum
1670 1367 1713 1409 et
1741 1357 1904 1409 humi-

315 1467 435 1527 lem,
473 1473 520 1517 et
566 1469 852 1515 trementem
895 1457 1047 1512 verba
1073 1471 1185 1510 mea
1210 1452 1364 1525 (Isai.
1387 1451 1476 1508 66.
1507 1450 1603 1519 '2)?
1632 1458 1687 1505 et
1705 1491 1720 1513 ,
1754 1448 1901 1502 Oculi

315 1560 414 1613 mei
433 1557 499 1610 ad
524 1562 808 1609 mansuetos
841 1560 989 1605 terra
1018 1547 1185 1620 (Psal.
1220 1547 1307 1602 75.
1337 1544 1424 1600 10.
1465 1554 1510 1598 et
1551 1542 1671 1598 100.
1703 1540 1778 1613 6).
1812 1542 1899 1606 Et,

317 1648 489 1719 Prope
526 1655 602 1701 est
626 1645 876 1699 Dominus
916 1640 1144 1696 contritis
1167 1637 1316 1692 corde
1338 1636 1505 1708 (Psal.
1526 1635 1613 1691 55.
1645 1632 1756 1706 19).
1792 1634 1901 1687 lloc

316 1749 476 1810 caput
501 1753 599 1808 pro
623 1735 911 1805 capillis,et
931 1746 1104 1796 coma,
1130 1728 1386 1784 sacrificia
1414 1725 1568 1781 on‘ert
1597 1725 1704 1779 Deo
1727 1734 1895 1793 grata.

317 1834 421 1887 Ara
452 1840 532 1886 est
558 1843 740 1892 aurea,
766 1835 820 1881 et
839 1825 1008 1879 altare
1055 1822 1328 1891 spirituale
1362 1839 1375 1874 :
1405 1834 1526 1872 nam
1574 1816 1899 1885 Sacrificium

317 1925 422 1979 Deo
446 1922 651 1992 spiritus
689 1916 1050 1972 contribulatus
1076 1910 1245 1985 (Psal.
1279 1911 1369 1965 50.
1399 1908 1510 1980 i9).
1539 1908 1662 1962 ll:rc
1704 1914 1788 1962 est
1813 1921 1899 1962 sa-

316 2015 529 2088 pientia:
567 2021 756 2067 mater.
788 2002 844 2064 Si
870 2010 989 2077 quis
1017 2006 1158 2060 illam
1190 2004 1399 2066 habeat,
1428 2001 1631 2067 reliqua
1663 1998 1894 2053 habebit.

318 2110 560 2165 Vidistin‘
581 2117 759 2178 caput,
790 2103 946 2173 quale
970 2112 1227 2168 nusquam
1250 2094 1496 2149 videras?
1527 2092 1686 2146 Visne
1711 2089 1895 2145 faciem

315 2204 516 2267 videre,
547 2204 652 2253 imo
679 2193 952 2253 ediscere?
997 2190 1115 2246 Jam
1160 2189 1307 2244 disce
1341 2188 1575 2240 colorem
1604 2184 1719 2253 ejus
1749 2182 1896 2237 rubi-

309 2296 565 2358 cundum,
614 2289 884 2351 ﬂoridum,
931 2296 985 2340 et
1018 2283 1176 2339 valde
1218 2281 1506 2352 gratiosum
1537 2296 1550 2331 :
1586 2277 1733 2332 disce
1779 2275 1899 2345 qui-

313 2390 533 2444 busnam
574 2391 802 2439 constet.
832 2379 1039 2447 Quibus
1063 2390 1191 2447 ergo
1214 2374 1461 2429 Constat?
1492 2370 1702 2425 Pudore
1736 2378 1894 2439 atque

313 2482 525 2536 rubore.
568 2476 900 2544 Quapropter
942 2470 1016 2523 ait
1053 2466 1314 2536 quispiam
1348 2483 1359 2518 :
1392 2466 1518 2517 Ante
1561 2462 1892 2516 verecundum

314 2571 557 2641 prwcetlet
607 2567 770 2638 gratia
804 2562 988 2636 (Ereti.
1017 2561 1104 2616 52.
1128 2558 1207 2629 9).
1240 2557 1351 2611 lloc
1385 2565 1438 2610 et
1483 2555 1600 2609 aliis
1643 2553 1895 2608 membris

310 2676 558 2732 magnam
602 2655 827 2711 infundit
854 2649 1317 2723 pulchritudinem.
1358 2646 1576 2700 Etiamsi
1621 2644 1765 2699 mille
1794 2644 1894 2697 mi-

307 2768 461 2808 sceas
491 2750 697 2803 colores
722 2788 737 2812 ,
769 2762 872 2799 non
899 2752 1098 2798 tantam
1128 2740 1360 2810 speciem
1389 2737 1609 2792 eflicies.
1639 2736 1696 2792 Si
1716 2747 1890 2791 autem

308 2857 357 2901 et
392 2844 581 2897 oculos
628 2841 806 2893 videre
844 2836 1059 2907 cupias,
1107 2834 1287 2902 aSpice
1330 2831 1447 2885 illos
1489 2829 1801 2884 modestiam
1841 2835 1893 2882 et

307 2934 695 2991 continentiam
720 2938 966 2983 accurate
992 2926 1325 2980 exhibentes.
1375 2922 1496 2977 Ideo
1524 2921 1621 2990 ipsi
1647 2928 1702 2976 et
1725 2920 1893 2976 forma

306 3038 357 3082 ct
378 3026 627 3081 acumine
676 3022 896 3093 pollent,
926 3019 997 3073 ita
1029 3024 1086 3071 ut
1130 3016 1301 3085 ipsum
1335 3013 1616 3067 Dominum
1658 3012 1890 3067 videant.

306 3119 460 3178 Nam,
498 3115 659 3173 Beati.
687 3112 875 3182 inquit,
905 3107 1092 3163 mundo
1117 3106 1290 3172 corde,
1322 3104 1558 3173 quoniam
1590 3104 1691 3173 ipsi
1728 3101 1894 3156 Deum

307 3211 543 3264 ridebunt
574 3205 790 3277 (Matth.
813 3204 865 3258 5.
894 3201 975 3272 8).
1001 3200 1075 3255 Os
1120 3209 1297 3253 autem
1341 3197 1456 3267 ejus
1482 3238 1497 3264 ,
1540 3195 1796 3266 sapientia
1841 3204 1895 3250 et

308 3301 471 3356 inte”:
494 3309 632 3362 ctus,
647 3295 1105 3367 spiritualiumque
1121 3292 1441 3362 hymnorum
1460 3288 1770 3343 modulatio.
1792 3288 1895 3340 Cor

306 3402 511 3455 autem,
538 3390 929 3458 Scripturarum
960 3384 1179 3454 peritia,
1207 3395 1561 3449 verarumque
1588 3378 1893 3448 dogmatum

306 3482 667 3543 conservatio,
712 3476 1041 3547 benignitas,
1086 3472 1388 3528 clementia.
1431 3472 1507 3525 Ac
1550 3469 1893 3538 quemadmo-

307 3576 429 3629 dum
476 3574 596 3626 sine
640 3570 731 3623 illo
772 3569 950 3622 vivere
994 3564 1295 3635 nequimus,
1328 3563 1404 3617 sic
1435 3577 1606 3630 neque
1649 3560 1766 3613 sine
1804 3559 1895 3611 illo

296 3667 536 3720 salutem
564 3659 819 3729 censequi
849 3669 1151 3728 possumus.
1192 3652 1325 3709 Nam
1354 3651 1478 3705 hinc
1497 3650 1676 3705 omnia
1705 3649 1893 3703 oriun-

310 3769 394 3812 tur
423 3757 584 3809 lnina.
622 3752 793 3807 liabet
818 3752 945 3804 item
974 3747 1138 3817 pedes
1164 3754 1217 3800 et
1240 3758 1447 3807 manus,
1481 3742 1739 3798 bonorum
1768 3755 1895 3808 epe-

311 3864 425 3903 rutn
455 3843 701 3913 exetnpla
726 3860 741 3908 ;
773 3841 945 3894 anima
966 3839 1083 3908 ejus
1108 3845 1189 3890 est
1224 3836 1425 3905 pietas;
1458 3840 1645 3902 pectus
1670 3831 1786 3899 ejus
1813 3844 1899 3882 an-

310 3954 482 4002 renm,
514 3938 794 3992 adamante
821 3932 1044 3997 firmius,
1072 3940 1154 3986 est
1175 3927 1460 3993 fortitudo;
1487 3928 1666 3982 omnia
1693 3925 1898 3979 facilius

306 4044 581 4101 expugan
600 4069 615 4092 ,
640 4040 799 4097 quam
844 4031 1024 4094 pectus
1047 4020 1184 4076 istud
1208 4020 1500 4089 dirumpas.
1532 4016 1781 4086 Spiritus,
1808 4012 1898 4083 qui

309 4133 363 4176 et
389 4124 440 4174 in
471 4120 720 4184 cerebro,
740 4118 866 4172 etin
888 4115 1052 4170 corde
1078 4114 1305 4178 exsistit,
1329 4120 1411 4166 est
1435 4110 1649 4165 caritas.

377 4214 434 4268 4.
486 4211 719 4265 .llattluei
758 4209 1074 4279 evangelista
1110 4209 1334 4260 virtutes.
1376 4204 1528 4258 Avari
1566 4214 1614 4258 et
1661 4202 1897 4273 pauperis

308 4305 584 4358 toltutturii
610 4299 1067 4372 Marsipum—Vis
1089 4300 1226 4353 hanc
1253 4298 1541 4367 imaginem
1572 4296 1665 4349 tibi
1697 4296 1747 4348 iu
1768 4309 1896 4363 Ope-

310 4396 456 4451 ribus
483 4394 803 4451 ostendam?
845 4393 1033 4463 Cogita
1075 4392 1205 4446 mihi
1236 4390 1377 4446 hunc
1414 4390 1587 4460 ipsum
1630 4389 1898 4457 evangeli-

306 4497 466 4553 stam,
492 4488 707 4543 etiamsi
730 4500 836 4542 non
858 4494 1019 4541 totam
1037 4485 1153 4556 ejus
1175 4484 1336 4539 vitam
1355 4483 1675 4553 descriptam
1701 4480 1895 4535 habea-

307 4596 460 4643 mus;
492 4587 731 4634 attamen
760 4595 827 4633 ex
848 4579 1033 4649 paucis
1061 4593 1180 4649 quae
1208 4585 1432 4643 restant,
1460 4577 1584 4631 licet
1611 4574 1895 4644 imaginem

305 4676 423 4743 ejus
446 4672 822 4742 Splendentem
865 4672 1065 4727 videre.
1114 4670 1265 4739 Quod
1311 4669 1528 4723 humilis
1553 4678 1606 4722 et
1634 4668 1898 4721 contritus

304 4779 450 4822 esset
473 4811 490 4834 ,
542 4767 668 4823 audi
698 4767 871 4836 ipsum
899 4766 950 4820 in
969 4762 1252 4834 Evangeiio
1277 4777 1396 4817 sese
1431 4761 1768 4831 publicanum
1799 4774 1895 4813 vo-

303 4874 556 4926 cautem;
603 4858 748 4930 quod
776 4868 952 4913 autem
998 4856 1300 4911 misericors
1345 4863 1526 4918 esset,
1577 4853 1700 4909 vide
1749 4853 1894 4906 illum

303 4953 560 5010 omnibus
586 4961 812 5008 exutum
836 4950 1018 5007 desum
1049 4957 1380 5019 sequentem.
1406 4947 1557 5013 Quod
1590 4949 1703 5016 pius
1731 4955 1894 5010 esset,

306 5044 481 5114 palam
512 5055 600 5100 eat
630 5058 699 5100 ex
725 5042 1080 5113 dogmatibus.
1111 5039 1515 5110 lnlelligentiam
1544 5048 1597 5093 et
1621 5037 1895 5092 caritatem

301 5138 418 5207 ejus
451 5153 525 5192 ex
569 5151 639 5192 eo
673 5134 815 5205 quod
860 5133 1181 5203 conscripsit
1231 5129 1520 5200 Evangelio
1562 5128 1744 5183 videre
1767 5140 1893 5181 esu

305 5231 544 5287 universi
577 5229 720 5285 enim
761 5228 907 5283 orbis
942 5241 1125 5282 curam
1147 5226 1352 5294 gessit;
1386 5223 1644 5276 bonorum
1672 5232 1894 5288 opermn

305 5330 688 5392 argumentum
718 5319 884 5373 habes
912 5333 976 5371 ex
1004 5298 1233 5379 .tln'ouo,
1280 5316 1330 5368 in
1360 5329 1466 5383 quo
1492 5326 1736 5366 sessurus
1775 5319 1893 5372 est;

309 5412 682 5467 fortitudinem
707 5449 722 5471 ,
753 5408 894 5478 quod
920 5407 1160 5478 gaudens
1190 5420 1435 5460 reversus
1460 5404 1528 5456 sit
1552 5420 1581 5455 a
1608 5400 1740 5455 facie
1767 5414 1897 5453 cou-

306 5504 429 5558 cilii.
467 5503 667 5558 Virtuti
693 5502 857 5572 igitur
883 5500 1169 5555 admodum
1197 5499 1527 5563 Studeamus,
1559 5495 1893 5561 maximeque

649 5832 922 5889 l’n'nuL.
975 5831 1088 5886 tiu.
1141 5827 1343 5885 l.\'lll.

1201 316 1264 370 IN
1305 316 1705 373 MAT'I'iIJiUii
1752 316 1979 372 llOlllL.
2024 318 2229 378 XLVII.
2269 325 2339 381 al.
2381 327 2611 388 XLVIII.

3502 356 3607 410 486

2021 438 2260 495 omnium
2308 442 2658 504 humilitatem
2711 461 2764 506 et
2818 454 3242 516 miscricordiam
3297 474 3603 536 sectemur,

2020 527 2135 628 sine
2161 532 2351 600 quibus
2377 537 2599 593 salutem
2621 545 2877 614 consequi
2907 563 3012 602 non
3039 564 3321 618 puSsumtts
3343 598 3358 620 ,
3391 566 3448 613 ιιι
3479 527 3606 628 pro;

2018 617 2173 674 batur
2201 637 2265 677 ex
2307 627 2543 698 quinque
2594 633 2887 704 virginibus
2908 681 2923 703 ,
2956 650 3009 694 et
3044 617 3116 697 ex
3147 617 3438 705 Pharisico.
3470 617 3603 711 Nam

2017 712 2133 767 sine
2173 715 2477 786 virginitate
2517 738 2736 795 regnum
2776 730 2926 787 adire
2966 749 3280 807 possumus,
3330 758 3434 799 non
3477 762 3607 803 vero

2016 804 2132 859 sine
2176 809 2537 870 misericordia
2577 827 2632 872 et
2654 804 3032 898 eleemosyna:
3067 830 3154 886 illa
3182 804 3325 890 enim
3354 854 3604 896 necessa-

2016 896 2092 990 ria
2121 912 2338 967 prorsus
2365 916 2446 958 est
2475 948 2489 971 ,
2522 917 2573 961 et
2609 909 2747 966 inter
2778 918 3039 988 praecipua
3072 940 3194 990 qua:
3223 930 3399 982 omnia
3431 934 3604 987 conti-

2016 988 2183 1044 tineut
2220 1006 2491 1053 censetur.
2523 1000 2638 1055 Non
2683 1005 2798 1061 sine
2842 1024 3001 1065 causa
3048 988 3175 1084 ergo
3208 1017 3442 1076 diximus
3483 1038 3602 1079 eam

2014 1091 2108 1132 cor
2133 1095 2253 1136 esse
2282 1084 2509 1142 virtutis.
2540 1088 2645 1148 Sed
2673 1109 2767 1149 cor
2794 1097 2966 1166 ipsum
2990 1142 3003 1164 ,
3038 1105 3136 1157 nisi
3169 1109 3416 1165 onmibus
3444 1114 3602 1181 spiri-

2017 1177 2126 1225 tum
2172 1174 2573 1248 subministret,
2626 1186 2732 1241 cito
2770 1191 3157 1260 exstinguitur;
3210 1198 3345 1254 sicut
3391 1212 3442 1255 et
3475 1174 3618 1259 fons.

2014 1263 2114 1362 nisi
2156 1265 2357 1362 ﬂuenta
2406 1288 2569 1342 penes
2598 1293 2657 1332 se
2688 1287 2992 1348 perenniter
3036 1289 3265 1356 habet,
3302 1299 3593 1362 putrescit:

2011 1352 2089 1407 sic
2116 1365 2171 1409 et
2214 1357 2439 1428 divites,
2472 1365 2515 1419 si
2543 1368 2683 1435 apud
2722 1387 2779 1426 se
2811 1389 2939 1443 opes
2980 1394 3102 1457 suas
3138 1381 3430 1440 detineant.
3475 1386 3599 1442 Ideo

2011 1449 2283 1504 communi
2349 1469 2445 1508 usu
2491 1457 2756 1527 dicimus,
2806 1464 2963 1520 Multa
3013 1449 3241 1537 putredo
3287 1474 3596 1535 divitiarum

2010 1538 2148 1604 apud
2201 1541 2358 1640 talem
2402 1545 2630 1637 habetur
2663 1571 2675 1604 :
2711 1569 2883 1624 neque
2909 1557 3169 1630 dicimus,
3211 1565 3369 1621 Multa
3399 1571 3588 1640 copia,

2010 1643 2232 1698 magnus
2261 1632 2562 1693 thesaurus.
2594 1641 2725 1696 Nam
2773 1647 2999 1714 putredo
3048 1661 3132 1708 est
3178 1671 3282 1710 non
3315 1632 3591 1727 ροδείἀθιιέ

2010 1718 2137 1774 ιίιιιιι
2162 1724 2341 1791 modo,
2371 1729 2464 1783 sed
2494 1730 2722 1800 ipsarqu
2753 1736 3076 1796 divitiarum.
3103 1718 3429 1806 Vestimenta
3451 1754 3593 1808 enim

2009 1813 2280 1909 recondita
2325 1833 2775 1891 corrumpuntur,
2825 1844 3012 1885 aurum
3056 1836 3292 1906 aerugine
3340 1841 3589 1909 roditur,

2008 1898 2330 2003 frumentum
2382 1923 2411 1963 a
2441 1913 2707 1970 vermibus
2749 1918 2996 1975 roditur:
3043 1927 3218 1980 anima
3266 1946 3391 1986 vero
3421 1898 3591 2003 pos-si:

2005 1989 2179 2094 dentis
2207 1994 2322 2063 plus
2352 2013 2508 2067 quam
2539 2015 2729 2061 ctetera
2778 2012 2954 2065 omnia
2981 2017 3125 2072 curis
3165 2006 3371 2078 roditur
3412 1989 3466 2080 et
3492 2045 3590 2096 pu-

2007 2084 2210 2137 trescit.
2246 2087 2300 2141 Si
2345 2090 2475 2145 velis
2503 2097 2646 2149 avari
2676 2100 2909 2157 animam
2950 2105 3002 2160 in
3041 2110 3274 2166 medium
3301 2084 3586 2182 adducere,

2007 2175 2143 2228 sicut
2172 2180 2547 2283 vestimentum
2589 2203 2616 2241 a
2650 2193 2794 2247 mille
2821 2195 2976 2252 tineis
3003 2214 3281 2260 corrosum
3303 2247 3318 2271 ,
3350 2210 3588 2283 nihilque

2004 2280 2194 2372 sanum
2233 2270 2438 2330 habens
2464 2317 2479 2343 ,
2511 2279 2589 2333 sic
2615 2281 2851 2343 invenies
2878 2289 3023 2346 illam
3052 2270 3327 2354 corrosam
3356 2270 3588 2375 undique

2001 2361 2178 2453 euris,
2224 2368 2457 2433 peccatis
2487 2374 2752 2440 putridam
2773 2421 2787 2445 ,
2831 2391 2881 2435 et
2915 2387 3152 2453 mrugine
3195 2361 3581 2452 labefactata-tn.

2003 2452 2066 2505 At
2103 2459 2350 2554 pauperis
2390 2463 2566 2518 anima
2594 2483 2700 2522 non
2730 2471 2849 2526 talis
2876 2452 3056 2545 utique
3081 2488 3196 2547 est,
3227 2487 3473 2554 pauperis
3500 2489 3585 2544 iu-

2001 2559 2157 2613 quam
2200 2548 2517 2643 voluntarii;
2547 2558 2641 2613 sed
2688 2560 2847 2631 fulget
2882 2576 2936 2620 ιιι
2979 2548 3486 2643 ιιιιιευῐιιξδριὲιιάρι
3529 2590 3586 2635 ιιι

2004 2641 2307 2711 margarita,
2338 2643 2491 2701 floret
2518 2657 2574 2703 ut
2600 2666 2741 2706 rosa.
2774 2654 2890 2710 Non
2922 2657 2990 2712 ibi
3021 2660 3181 2729 tinea,
3215 2641 3321 2720 non
3352 2664 3453 2734 fur,
3479 2684 3581 2725 non

2003 2744 2128 2784 cura
2160 2735 2468 2803 saecularis;
2502 2741 2595 2794 sed
2630 2753 2684 2796 ut
2713 2746 2886 2814 angeli
2916 2762 3319 2812 convcrsantur.
3354 2755 3441 2811 Vis
3464 2760 3583 2815 talis

2001 2822 2194 2877 animae
2216 2826 2657 2894 pulchritudinem
2678 2836 2898 2893 videre?
2934 2840 3015 2896 vis
3032 2848 3353 2913 paupertatis
3373 2848 3584 2906 divitias

2001 2914 2279 2970 ediscere?
2303 2918 2507 2990 Pauper
2524 2940 2627 2978 non
2653 2925 2878 2997 imperat
2896 2933 3220 3000 hominibus,
3239 2937 3334 2993 sed
3356 2938 3584 3010 imperat

2001 3006 2351 3076 dannouibus;
2372 3026 2476 3068 non
2493 3014 2663 3071 adstat
2678 3021 2811 3089 regi,
2824 3022 2915 3077 sed
2929 3024 3103 3080 adstat
3115 3026 3245 3094 Deo;
3266 3044 3369 3085 non
3387 3006 3585 3103 pugnat

2000 3115 2121 3155 cum
2155 3101 2460 3161 hominibus
2484 3146 2501 3173 ,
2532 3110 2626 3164 sed
2655 3126 2776 3166 cum
2808 3116 3044 3185 angelis;
3076 3134 3181 3175 non
3215 3123 3374 3179 habet
3400 3101 3580 3182 arcam

2004 3207 2185 3258 unam,
2216 3194 2295 3248 vel
2326 3195 2479 3264 duas,
2509 3200 2593 3254 vel
2621 3210 2750 3270 tres,
2782 3205 2860 3260 vel
2893 3207 3094 3275 viginti,
3126 3211 3219 3266 sed
3250 3220 3449 3269 tantam
3491 3233 3582 3272 re-

2004 3300 2119 3338 rutn
2152 3288 2381 3354 copiam,
2430 3298 2486 3343 ιιι
2513 3294 2766 3348 mundum
2797 3307 2963 3354 totum
2990 3302 3123 3356 nihil
3149 3318 3270 3360 esse
3293 3307 3581 3365 existimet.

2000 3372 2117 3429 Non
2135 3375 2294 3431 habet
2311 3377 2751 3445 thesaurum,sed
2767 3383 2979 3449 cmlum;
2998 3401 3104 3439 non
3118 3397 3237 3454 eget
3251 3388 3446 3457 servis;
3467 3391 3578 3446 imo

1993 3480 2181 3521 servos
2219 3467 2398 3534 habet,
2450 3471 2617 3525 animi
2650 3476 2904 3540 morbos;
2934 3474 3094 3529 habet
3119 3489 3309 3532 servos
3331 3517 3345 3543 ,
3384 3493 3576 3551 nempe

1995 3558 2265 3626 appetitus
2283 3561 2375 3629 qui
2402 3562 2618 3631 regibus
2644 3563 2929 3633 imperant.
2955 3565 3032 3620 Illi
3057 3566 3200 3622 enim
3227 3568 3475 3626 carnales
3497 3571 3574 3626 af-

1994 3646 2188 3714 fectus,
2216 3651 2308 3720 qui
2333 3652 2414 3706 vel
2436 3668 2677 3724 purpura
2701 3656 3040 3713 circumdato
3063 3657 3354 3729 imperant,
3375 3676 3573 3732 paupe-

1993 3754 2110 3796 rem
2136 3755 2477 3811 reverentur,
2500 3755 2554 3801 et
2577 3758 2766 3803 contra
2793 3749 3063 3817 respicere
3084 3766 3191 3805 non
3221 3753 3446 3807 audent.
3474 3752 3575 3808 Rc-

1995 3848 2163 3902 gnum
2182 3844 2439 3891 claurum
2459 3839 2753 3909 omniaque
2769 3841 2990 3907 similia,
3012 3852 3071 3896 ut
3093 3857 3385 3910 puerorum
3417 3843 3572 3899 ludos

1992 3926 2151 3991 ridet,
2171 3935 2225 3980 et
2242 3937 2301 3980 ut
2318 3929 2545 3995 rotulas,
2563 3931 2718 3995 talos,
2744 3932 3202 4002 capita,sphaeras
3227 3932 3328 4006 (a),
3355 3935 3429 3990 ita
3456 3935 3570 3993 hac
3625 3962 3633 3968 -

1991 4018 2172 4071 omnia
2201 4028 2350 4087 putat
2398 4035 2519 4075 esse
2555 4023 2884 4091 spernenda.
2910 4023 3082 4079 liabet
3112 4026 3257 4081 enim
3289 4038 3568 4093 ornatum,

1989 4124 2154 4177 quem
2172 4125 2243 4165 ne
2265 4112 2541 4180 respicere
2560 4113 2779 4182 quidem
2805 4123 3037 4184 possunt
3057 4115 3117 4181 ii,
3141 4116 3236 4188 qui
3255 4117 3567 4188 hujusmodi

1993 4199 2134 4256 ludis
2153 4209 2366 4271 tempus
2386 4211 2586 4261 terunt.
2603 4204 2742 4270 Quid
2767 4204 2931 4276 igitur
2947 4207 3050 4263 hoc
3065 4223 3302 4279 paupere
3315 4219 3571 4279 prtestan-

1992 4291 2102 4345 tius
2127 4291 2326 4346 fuerit?
2349 4292 2399 4347 ls
2424 4294 2794 4364 pavimentum
2837 4296 2997 4352 habet
3034 4297 3248 4352 caelum.
3293 4295 3349 4352 Si
3385 4308 3569 4354 autem

1993 4381 2100 4436 tale
2122 4383 2495 4452 pavimentum
2521 4393 2628 4449 est,
2651 4385 2856 4455 cogites
2876 4387 3034 4440 velim
3049 4387 3194 4456 quod
3217 4394 3419 4443 tectum
3442 4389 3566 4442 erit.

1994 4472 2096 4527 Sed
2124 4488 2232 4527 non
2257 4475 2419 4529 habet
2440 4490 2609 4544 equos
2632 4485 2685 4529 et
2706 4491 2904 4530 currus
2921 4476 2945 4528 ?
2961 4475 3101 4542 Quid
3126 4477 3233 4532 illis
3253 4493 3391 4546 opus
3412 4477 3571 4532 habet

1991 4565 2041 4620 is
2079 4567 2173 4635 qui
2213 4566 2453 4622 nubibus
2478 4567 2754 4623 vehendus
2778 4577 2882 4632 est,
2909 4578 2963 4623 et
2992 4584 3116 4624 cum
3141 4569 3360 4625 Christo
3392 4570 3572 4625 vivet?

1993 4649 2120 4707 Haec
2159 4654 2459 4722 cogitantes
2495 4665 2548 4709 et
2581 4656 2683 4709 viri
2728 4665 2781 4710 et
2811 4657 3067 4712 mulieres
3106 4657 3227 4713 illas
3257 4674 3570 4728 quaeramus

1995 4744 2218 4800 divitias
2246 4755 2299 4799 et
2328 4761 2510 4799 rerum
2544 4747 2759 4816 copiam
2793 4764 2899 4801 non
2939 4749 3355 4813 absumendam,
3385 4761 3444 4804 ut
3478 4767 3569 4805 rc-

1993 4850 2159 4904 gnum
2191 4836 2445 4890 caelorum
2473 4850 2899 4905 consequamur,
2923 4837 3096 4906 gratia
3116 4847 3170 4892 et
3193 4838 3567 4895 misericordia

2000 4924 2210 4978 Domini
2249 4926 2418 4978 nostri
2447 4923 2573 4979 Jesu
2602 4924 2830 4991 Christi,
2863 4929 2949 4981 cui
2977 4926 3154 4996 gloria
3186 4940 3238 4982 et
3280 4929 3566 4999 imperium

2000 5016 2057 5069 in
2090 5016 2287 5071 saetula
2321 5018 2667 5072 saeculorum.
2699 5021 2891 5074 Amen.

2061 5200 2132 5258 ta)
2159 5198 2320 5265 Verba
2347 5199 2509 5249 Graeca
2532 5199 2609 5249 his
2635 5201 2835 5265 vocibus
2860 5203 3205 5265 respondentia
3227 5210 3358 5262 sunt,
3384 5206 3462 5252 καὶ
3485 5222 3575 5253 κα-

1997 5260 2142 5327 Θάπερ
2156 5261 2373 5327 τροχοὺς,
2403 5267 2448 5327 et
2470 5266 2522 5310 ut
2546 5264 2764 5327 rotulas,“
2789 5266 2870 5311 καὶ
2888 5260 3229 5327 ἀάτραγάλους,
3252 5271 3299 5315 et
3320 5260 3574 5327 inlusam!

1997 5323 2218 5388 ᾳεφςιλὰς,
2240 5322 2286 5372 ει
2307 5322 2497 5388 capiat;
2519 5326 2599 5388 ζκαὶ
2626 5326 2843 5388 σφαίρας,
2870 5331 2914 5375 et
2935 5322 3172 5388 spltd’rtts.
3201 5322 3249 5374 in
3283 5340 3380 5388 uno
3403 5322 3574 5376 codice

1998 5380 2200 5457 legitur,
2221 5380 2604 5457 neptxsqaatihiac,
2626 5380 2734 5457 pro,
2748 5380 2970 5457 ’κε-Ξξραὶὰξ
2987 5400 2999 5433 :
3029 5387 3366 5457 xeptxeqaictiat
3386 5393 3575 5457 autem,

1996 5442 2528 5510 :fiieo_phrasto_teste,
2554 5442 2643 5508 pro
2667 5442 2849 5510 glande
2892 5442 3106 5510 querna'_
3121 5442 3379 5510 accipitur,
3405 5453 3479 5510 et,
3500 5442 3576 5510 sic

1999 5502 2112 5554 huic
2131 5502 2239 5555 loco
2266 5505 2419 5567 probe
2444 5502 2715 5559 notaretur.
2740 5509 2833 5559 (Σίν.
2864 5502 3036 5559 Αἰίηοε.
3057 5502 3300 5567 ΡίθΙι1,ἐι‹Ι
3324 5502 3433 5570 pag.
3462 5508 3570 5557 492.

3241 5811 3280 5867 2
