4028 6152
500 296 596 349 487

537 418 950 433 υ-ν--α--υσ

1261 295 1317 349 S.
1350 293 1625 347 JOANNIS
1663 290 2138 349 (IIIIIYSOSTOMI
2181 291 2499 347 ARCHIEP.
2540 294 3073 349 CONSTAN'I'INUP.

3669 295 3773 346 ωδ

3546 415 3771 427 -ε-α--Δ-

1571 476 1915 537 HOMILIA
1962 476 2250 537 XLVIII.
2306 477 2397 537 aI.
2446 477 2675 538 XLIX.

492 627 615 681 ϐΑιι.
663 628 751 682 15.
795 641 845 679 v.
893 625 981 679 55.
1028 623 1094 678 Et
1133 626 1322 696 factum
1364 632 1456 686 est,
1519 635 1631 672 cum
1688 626 2077 671 consummasset

764 716 796 770 J
804 732 914 770 esus
942 714 1208 780 parabolas
1237 714 1378 777 istas,
1410 711 1637 764 transivit
1663 710 1800 763 inde.

568 810 619 864 l.
646 805 754 864 Cur
774 807 926 873 dixit,
960 805 1136 859 Istas?
1162 804 1294 872 Quia
1316 803 1449 856 alias
1476 801 1715 856 dicturus
1740 807 1872 853 erat.
1903 798 2077 867 Quare

416 916 417 919 ‘
488 901 611 955 inde
643 899 906 955 recessit?
953 897 1021 954 Ut
1060 898 1284 951 verbum
1319 894 1515 964 ubique
1543 892 1936 947 disseminaret.
1980 891 2068 944 54.

490 992 550 1045 lit
583 1009 697 1047 cum
724 990 937 1046 venisset
963 991 1017 1043 in
1043 988 1260 1058 patriam
1288 1002 1455 1051 suam,
1487 984 1692 1037 docebat
1717 999 1799 1037 eos
1840 983 1891 1035 in
1917 998 2073 1051 syna-

486 1102 617 1156 goga
645 1100 837 1139 eorum.
865 1082 1035 1148 Quam
1063 1089 1217 1133 vocat
1247 1078 1469 1149 patriam
1493 1074 1687 1130 suam?
1723 1074 1949 1129 Nazaret
1968 1114 1983 1139 ,
2018 1082 2075 1126 ut

488 1176 617 1231 mihi
647 1174 863 1245 quidem
888 1171 1115 1226 videtur.
1152 1168 1271 1222 Non
1299 1169 1440 1224 enim
1466 1167 1535 1219 ibi
1562 1166 1681 1235 fecit
1705 1166 1911 1217 virtutes
1940 1163 2075 1216 mul-

488 1279 566 1321 tas
594 1264 805 1338 (Matth.
839 1264 926 1319 15.
950 1262 1060 1332 58),
1089 1261 1196 1324 ait;
1244 1259 1295 1313 in
1320 1259 1651 1327 Caperuaum
1680 1264 1855 1308 autem
1900 1252 2066 1307 multa

488 1360 611 1415 fecit
650 1358 833 1427 signa;
878 1362 1203 1425 quapropter
1237 1350 1449 1406 dicebat
1474 1369 1487 1404 :
1516 1347 1585 1402 Et
1629 1357 1682 1401 tu
1710 1345 2030 1417 Capernaum
2054 1385 2068 1410 ,

486 1466 601 1523 quae
627 1465 784 1519 usque
819 1447 888 1501 ad
919 1446 1100 1500 ctelum
1142 1443 1364 1498 exaltata
1403 1459 1457 1496 es
1479 1483 1492 1505 ,
1524 1455 1680 1509 usque
1724 1439 1790 1491 ad
1816 1441 2074 1507 infernum

488 1542 756 1596 descendes
777 1557 795 1594 :
822 1540 1057 1604 quoniam
1087 1537 1128 1591 si
1162 1536 1216 1589 in
1245 1533 1483 1590 Sodomis
1505 1536 1652 1601 [actm
1676 1530 1883 1602 fuissent
1912 1529 2072 1582 uirtu-

489 1647 581 1704 tes,
607 1651 718 1704 qua
747 1634 897 1703 facta
922 1640 1036 1686 sunt
1068 1630 1120 1683 in
1151 1638 1198 1683 te
1220 1670 1233 1691 ,
1263 1626 1561 1681 mansissent
1586 1623 1754 1694 utique
1782 1637 1938 1690 usque
1976 1620 2071 1673 ho-

488 1728 569 1781 die
598 1724 808 1796 (Matth.
845 1724 932 1778 II.
959 1722 1072 1793 25).
1107 1721 1241 1776 Cum
1288 1733 1450 1790 porro
1477 1716 1711 1770 venisset
1742 1714 1895 1776 istuc,
1922 1712 2072 1782 signa

486 1818 697 1889 quidem
730 1816 894 1871 multa
922 1830 1028 1869 non
1050 1814 1195 1878 fecit,
1220 1829 1286 1866 ne
1312 1811 1365 1865 in
1391 1809 1648 1879 majorem
1674 1807 1794 1861 illos
1821 1805 2070 1860 invidiam

486 1913 861 1975 inflammaret,
894 1922 1027 1962 neve
1055 1906 1125 1960 ob
1145 1904 1402 1973 majorem
1428 1899 1850 1956 incredulitatem
1873 1897 1927 1951 in
1951 1911 2073 1967 gra-

485 2006 685 2060 viorem
730 2001 1129 2057 damnationem
1174 1996 1491 2053 inciderent.
1545 1992 1850 2049 Doctrinam
1890 1999 2067 2045 autem

486 2098 737 2169 proponit
762 2110 869 2149 non
906 2091 1128 2147 minoris
1171 2104 1330 2160 quam
1374 2088 1523 2157 signa
1570 2082 1958 2139 admirationis.
2000 2080 2071 2136 At

484 2185 784 2245 stultissimi
832 2183 1076 2238 homines
1099 2223 1114 2248 ,
1147 2178 1361 2251 quando
1390 2176 1643 2232 admirari
1670 2216 1684 2239 ,
1725 2183 1780 2229 et
1806 2174 1875 2229 ob
1901 2173 2071 2227 dicto-

486 2294 605 2335 rum
645 2278 752 2331 vitu
793 2275 1173 2343 obstupescere
1204 2285 1296 2341 par
1322 2268 1507 2323 fuisset
1533 2308 1548 2331 ,
1577 2267 1649 2320 illi
1680 2275 1864 2319 contra
1896 2264 2067 2334 ipsum

487 2370 853 2442 parvifaciunt,
903 2364 1046 2437 qttod
1074 2364 1160 2419 tali
1187 2370 1334 2433 patre
1361 2369 1517 2415 natus
1544 2367 1819 2430 putaretur
1843 2376 1856 2413 :
1882 2372 2069 2427 quam-

483 2478 641 2533 quam
670 2459 832 2515 multa
858 2454 1220 2527 superioribus
1248 2450 1578 2522 temporibus
1602 2448 1846 2518 exempla
1871 2463 2067 2517 suppe-

485 2564 659 2611 terent
687 2567 871 2609 eorum
901 2552 991 2623 qui
1022 2548 1240 2621 ignobili
1286 2556 1433 2618 patre
1460 2545 1566 2600 nati
1610 2544 1934 2599 clarueraut.
1967 2542 2067 2596 Da-

484 2649 571 2704 vid
601 2647 795 2719 quippe
819 2645 987 2702 Jessa:
1012 2643 1132 2698 vilis
1159 2640 1435 2712 cujusdam
1465 2638 1713 2711 agricolre
1737 2637 1877 2692 filius
1905 2645 2019 2691 erat
2048 2653 2063 2690 :

482 2750 535 2796 et
583 2743 747 2796 Amos
793 2738 1025 2809 i-aprarii
1086 2736 1260 2801 filius,
1318 2734 1433 2804 ipse
1492 2747 1703 2803 quoque
1748 2729 2063 2800 eaprarius:

482 2832 688 2904 Moyses
716 2846 843 2886 vero
875 2829 1163 2899 legislator,
1192 2827 1348 2896 longe
1369 2840 1428 2880 se
1454 2823 1707 2879 inferiore
1730 2832 1881 2891 patre
1908 2830 2065 2875 natus

480 2933 582 2978 est.
614 2924 745 2977 Cum
775 2921 1103 2992 oportuisset
1143 2933 1270 2987 ergo
1312 2916 1431 2971 ideo
1460 2914 1691 2970 maxime
1720 2912 1961 2967 venerari
2002 2911 2066 2965 il-

481 3016 586 3069 lum
615 3023 671 3070 et
690 3014 1072 3083 obstupescere
1094 3050 1110 3077 ,
1142 3008 1283 3079 quod
1314 3023 1377 3062 ex
1409 3006 1603 3060 talibus
1632 3012 1781 3059 ortus
1818 3003 1941 3057 talia
1987 3003 2064 3056 lo-

479 3116 731 3176 queretur
760 3122 772 3157 :
806 3103 1144 3158 manifestum
1171 3100 1365 3170 quippe
1388 3107 1504 3152 erat
1532 3098 1582 3150 id
1608 3112 1712 3150 non
1739 3110 1803 3149 ex
1832 3095 2063 3151 humano

479 3198 694 3263 studio,
743 3196 835 3250 sed
882 3210 948 3249 ex
977 3193 1156 3249 divina
1197 3191 1364 3262 gratia
1409 3189 1703 3260 proﬁcisci;
1748 3188 1872 3243 inde
1916 3188 2060 3242 illum

479 3290 799 3360 despiciunt,
830 3286 971 3342 unde
998 3285 1180 3339 mirari
1206 3282 1503 3354 oportebat.
1534 3282 1863 3351 Frequenter
1885 3292 2062 3334 autem

478 3382 543 3435 ad
572 3392 867 3452 synagogas
897 3377 1025 3438 ibat,
1059 3390 1125 3430 ne
1145 3374 1189 3430 si
1219 3382 1475 3444 perpetuo
1505 3373 1555 3426 in
1582 3371 1797 3426 deserto
1824 3385 2063 3426 versare-

480 3483 585 3537 tur,
618 3471 788 3540 magis
821 3469 1163 3533 incusarent,
1208 3476 1475 3535 tamquam
1508 3463 1820 3533 frequentiae
1849 3471 1901 3517 et
1930 3463 2059 3517 civi-

480 3565 600 3619 tatis
628 3562 1007 3618 adversarium.
1037 3558 1327 3629 Stupeutes
1356 3559 1514 3628 igitur
1540 3565 1595 3611 et
1622 3556 1948 3624 ambigentes
1976 3554 2060 3607 di-

480 3661 668 3713 rebaut
706 3676 720 3713 :
772 3654 919 3711 Unde
947 3654 1063 3708 huic
1103 3652 1353 3723 sapientia
1400 3651 1505 3705 hcce
1532 3659 1577 3702 et
1620 3650 1865 3703 uirtutes?
1901 3647 2061 3717 Signa

480 3753 703 3805 virtutes
747 3747 1040 3812 vocabant,
1083 3746 1197 3800 sive
1224 3744 1391 3813 ipsam
1438 3740 1752 3811 sapientiam
1800 3740 1935 3810 ejus.
1969 3740 2059 3794 55.

480 3843 664 3898 Nonne
691 3842 772 3897 hic
795 3850 866 3895 est
885 3839 1017 3911 fabri
1044 3835 1220 3906 ﬁlius?
1246 3836 1388 3905 Ergo
1415 3832 1725 3887 miraculum
1755 3831 1923 3901 majus
1951 3846 2063 3885 tua-

480 3936 663 4005 jorque
706 3943 910 4002 stupor.
956 3928 1142 3984 Nonne
1176 3938 1337 3982 mater
1378 3928 1486 3999 ejus
1530 3927 1715 3979 dicitur
1760 3923 1974 3978 Maria?
2016 3933 2061 3977 et

480 4034 660 4097 ,"ratres
690 4026 800 4094 ejus
821 4022 1043 4076 Iacobus
1070 4033 1119 4076 et
1144 4020 1291 4074 loses
1317 4062 1331 4085 ,
1373 4029 1418 4073 et
1446 4018 1625 4072 Simon
1651 4027 1697 4072 et
1725 4016 1889 4070 ludas
1913 4021 1937 4073 ἒ)
1968 4016 2057 4071 56.

479 4127 524 4170 et
550 4131 746 4170 sorores
774 4115 884 4184 ejus
914 4127 1080 4165 nonne
1109 4127 1277 4165 omnes
1302 4110 1441 4178 apud
1470 4125 1561 4161 nos
1587 4108 1744 4161 sunt?
1771 4105 1917 4161 Unde
1945 4123 2060 4177 ergo

483 4211 598 4265 huic
625 4207 793 4261 omnia
819 4206 955 4259 ista?
980 4205 1068 4258 57.
1098 4200 1165 4255 Et
1194 4199 1667 4254 scandalizabantur
1687 4199 1741 4251 in
1768 4214 1847 4250 eo.

556 4299 767 4355 Invidia
794 4312 929 4367 stepe
948 4311 1116 4349 secum
1142 4295 1253 4363 ipsa
1277 4299 1487 4362 pugnat.
1509 4319 1580 4331 —
1603 4290 1787 4345 Videu’
1818 4290 1870 4343 itt
1895 4287 2061 4343 Naza-

485 4404 565 4449 ret
592 4393 690 4447 ista
716 4390 857 4445 dicta
884 4386 1091 4442 fuisse?
1119 4385 1306 4441 Nonne
1336 4382 1529 4437 fratres
1553 4381 1689 4451 ejus,
1724 4380 1913 4449 inquit,
1945 4379 2062 4432 talis

482 4496 535 4543 et
556 4485 676 4540 talis
700 4482 866 4541 sunt?
896 4480 964 4535 Et
990 4478 1116 4552 quid
1147 4478 1283 4533 hoc?
1315 4477 1445 4531 Hinc
1474 4477 1702 4531 maxime
1731 4473 1881 4529 vobis
1908 4472 1975 4528 ad
1998 4472 2061 4527 li-

482 4579 600 4633 dem
631 4575 804 4631 induci
834 4590 930 4652 par
970 4580 1104 4627 erat.
1140 4568 1336 4625 Verum
1366 4567 1506 4623 mala
1546 4582 1633 4622 res
1661 4566 1856 4620 invidia
1880 4607 1894 4631 ,
1943 4580 2061 4635 qua:

481 4670 581 4725 sibi
610 4668 707 4743 ipsi
734 4681 880 4740 smpe
909 4672 1185 4737 repugnat.
1217 4660 1348 4716 Nam
1374 4675 1493 4731 qtue
1524 4658 1780 4723 inaudita,
1810 4668 1863 4712 et
1890 4657 2061 4711 admi-

482 4763 644 4820 randa
670 4769 824 4818 erant
849 4800 863 4821 .
906 4772 1131 4830 quaeque
1163 4756 1282 4810 illos
1325 4752 1594 4807 attrahere
1622 4759 1860 4820 poterant
1886 4791 1901 4816 ,
1948 4749 2062 4803 hmc

483 4859 586 4917 illis
630 4853 949 4909 offendicula
976 4858 1149 4908 erant.
1181 4846 1319 4916 Quid
1361 4847 1520 4917 igitur
1543 4844 1789 4901 Christus
1826 4844 1892 4897 ad
1922 4844 2062 4898 eos?

488 4947 606 5000 Non
634 4954 705 4999 est
730 4943 975 5014 prapheta
993 4982 1010 5007 ,
1045 4940 1252 5009 inquit,
1285 4938 1393 4991 sine
1421 4937 1611 4991 honore
1632 4977 1646 4999 ,
1677 4935 1774 4989 nisi
1815 4935 1866 4988 in
1894 4935 2063 5004 patria

484 5054 575 5091 sua
594 5078 608 5102 ,
642 5044 685 5090 et
723 5036 777 5087 in
814 5034 964 5087 domo
993 5048 1105 5087 sua.
1134 5030 1223 5086 58.
1273 5030 1335 5082 Et
1364 5044 1463 5082 non
1492 5030 1606 5099 fecit
1637 5028 1840 5082 virtutes
1879 5026 2064 5082 multas

485 5137 688 5199 propter
733 5121 1137 5179 incredulitatem
1179 5137 1368 5177 eorum.
1415 5119 1585 5174 Lucas
1627 5128 1802 5176 autem
1837 5120 1911 5173 ait
1952 5135 1965 5173 :
2002 5117 2065 5173 Et

485 5238 584 5275 non
612 5218 728 5289 fecit
770 5217 837 5271 ibi
864 5216 1007 5287 signa
1034 5213 1213 5268 multa.
1248 5211 1405 5283 Atqui
1435 5211 1610 5269 facere
1635 5211 1940 5279 debuisset,
1985 5213 2065 5266 in-

484 5313 655 5381 quies.
682 5309 817 5365 Nam
843 5308 885 5363 si
915 5307 965 5361 id
995 5312 1314 5375 assequutus
1342 5312 1424 5357 est
1452 5311 1509 5357 ut
1533 5302 1870 5357 admirationi
1899 5311 2062 5366 esset,

488 5413 545 5456 ut
571 5417 697 5456 vere
726 5400 862 5467 fuit,
890 5413 985 5452 cur
1011 5397 1161 5467 signa
1201 5408 1305 5449 non
1337 5392 1496 5448 fecit?
1521 5393 1652 5459 Quia
1694 5408 1798 5448 non
1827 5402 2064 5447 05tenta-

487 5495 706 5556 tionem,
738 5491 832 5547 sed
857 5504 1044 5546 eorum
1073 5488 1350 5541 utilitatem
1381 5486 1433 5540 in
1461 5500 1625 5557 scopo
1659 5484 1907 5540 habebat.
1931 5484 2063 5539 Cum

490 5588 645 5657 igitur
673 5584 786 5638 haec
815 5583 892 5637 via
924 5597 1028 5636 non
1070 5577 1417 5642 succederet,
1459 5579 1527 5634 ab
1556 5592 1622 5633 eo
1648 5577 1790 5648 quod
1818 5593 1848 5633 e
1876 5594 1933 5633 re
1970 5593 2063 5631 sua

487 5690 605 5730 esse
635 5673 907 5728 videbatur
937 5670 1210 5736 abstinuit,
1235 5684 1301 5725 ne
1327 5669 1456 5739 ipsis
1483 5669 1798 5740 supplicium
1826 5682 2061 5739 augeret.

490 5768 815 5836 Quamquam
847 5773 963 5824 post
998 5770 1199 5819 tantum
1234 5770 1473 5835 tempus,
1504 5770 1621 5833 post
1651 5770 1726 5816 lol
1754 5761 1892 5815 edita
1920 5761 2066 5830 signa

2188 617 2251 670 ad
2283 617 2399 672 illos
2428 621 2631 674 venerit
2664 637 2677 672 :
2708 629 2762 674 at
2787 636 2960 690 neque
2991 621 3067 676 sic
3091 623 3237 676 illum
3267 625 3520 690 tulerunt,
3553 626 3658 679 imo
3689 641 3778 678 ar-

2188 709 2385 763 debant
2439 710 2653 764 invidia.
2697 710 2806 766 Cur
2844 726 2971 782 ergo
3007 729 3170 783 pauca
3214 725 3387 769 tamen
3432 715 3556 770 fecit
3584 716 3776 785 signa?

2185 799 2262 854 Ne
2291 800 2548 868 dicereut,
2582 803 2792 867 Medice,
2822 820 2946 857 cura
2972 815 3019 857 te
3040 807 3205 874 ipsum
3233 804 3380 876 (Luc.
3406 807 3457 860 4.
3491 807 3581 878 25)
3606 825 3620 872 ;
3659 808 3769 872 vel,

2185 891 2432 947 Inimicus
2461 904 2643 949 noster
2683 905 2763 949 est
2791 906 2845 950 et
2876 897 3041 951 hostis
3064 938 3078 964 ,
3111 898 3406 967 aliinesque
3435 916 3560 956 suos
3588 900 3770 970 despi-

2181 984 2284 1049 cit;
2320 1000 2386 1039 ne
2412 984 2674 1049 dicerent,
2704 987 2757 1041 Si
2803 988 2937 1042 facta
2970 989 3193 1043 fuissent
3217 989 3363 1059 signa
3386 1032 3401 1055 ,
3439 1006 3540 1045 nos
3557 1008 3771 1062 quoque

2182 1074 2613 1131 credidissetuus.
2644 1077 2763 1133 Ideo
2793 1088 2843 1133 et
2871 1079 3019 1149 signa
3046 1079 3171 1135 fecit
3192 1122 3206 1145 ,
3245 1091 3299 1136 et
3333 1084 3440 1136 cito
3468 1081 3641 1137 facere
3668 1082 3768 1137 de-

2176 1165 2283 1229 siit;
2313 1174 2420 1219 tum
2452 1177 2506 1220 ut
2531 1184 2650 1238 qtae
2679 1186 2771 1223 sua
2794 1183 2945 1224 erant
2975 1172 3249 1240 impleret;
3277 1183 3384 1227 tum
3409 1189 3476 1229 ne
3502 1175 3760 1244 majorem

2178 1256 2306 1327 ipsis
2356 1258 2749 1315 damnationem
2794 1263 3105 1318 attraheret.
3150 1265 3421 1320 Dictorum
3468 1283 3626 1336 porro
3657 1269 3764 1322 vim

2185 1350 2379 1419 cogita.
2418 1352 2588 1407 Etiam
2630 1354 2823 1409 invidia
2864 1357 3127 1425 correpti,
3171 1358 3498 1414 mirabantur
3542 1369 3763 1414 tamen:

2180 1455 2363 1496 verum
2399 1445 2535 1499 sicut
2566 1445 2616 1498 iu
2645 1447 2896 1515 operibus
2923 1465 3026 1502 non
3060 1464 3144 1503 res
3176 1450 3316 1520 ipsas
3347 1451 3763 1517 reprehendunt,

2181 1533 2273 1587 sed
2320 1550 2511 1589 causas
2551 1538 3029 1593 couuuiuismmtur
3069 1540 3342 1606 dicentes,
3390 1540 3457 1595 In
3486 1541 3765 1597 Beelzebub

2181 1628 2315 1697 ejicit
2362 1628 2612 1684 dtemonia
2661 1630 2809 1704 (Luc.
2856 1634 2943 1687 Η.
3001 1634 3087 1703 id)
3119 1652 3131 1686 :
3165 1637 3241 1689 sic
3284 1646 3337 1690 et
3367 1636 3467 1692 hoc
3505 1637 3624 1691 loco
3655 1654 3761 1693 nou

2180 1717 2474 1774 doctrinam
2495 1722 2729 1792 culpant,
2761 1723 2853 1778 sed
2884 1724 2947 1779 ad
2983 1726 3196 1795 generis
3227 1728 3607 1796 ignobilitatem
3628 1744 3762 1784 cou-

2180 1808 2409 1880 fugiunt.
2446 1812 2524 1868 Tu
2554 1829 2682 1869 vero
2712 1816 2837 1869 mihi
2871 1819 3137 1886 perpende
3168 1819 3409 1874 Doctoris
3436 1821 3755 1877 moderatio-

2178 1918 2323 1969 nem,
2355 1906 2623 1974 quomodo
2652 1923 2754 1961 non
2789 1909 2908 1962 illos
2934 1910 3215 1978 vituperet.
3243 1910 3336 1965 sed
3366 1928 3484 1965 cum
3512 1928 3761 1968 mansue-

2176 1995 2362 2050 tudine
2388 1998 2548 2051 multa
2570 1998 2712 2052 dicat
2737 2017 2749 2053 :
2782 1999 2901 2053 Non
2926 2012 2998 2054 est
3028 2002 3271 2071 propheta
3296 2004 3405 2057 sine
3427 2004 3633 2068 honore,
3660 2007 3759 2059 nisi

2175 2086 2229 2140 in
2269 2088 2434 2155 patria
2471 2106 2584 2142 sua.
2630 2089 2812 2160 Neque
2852 2090 2936 2146 hie
2977 2095 3142 2157 stetit,
3177 2094 3269 2148 sed
3318 2096 3545 2165 adjecit,
3598 2096 3661 2150 Et
3706 2100 3757 2152 in

2176 2176 2326 2231 domo
2354 2196 2445 2233 sua
2460 2196 2481 2243 ,'
2512 2180 2720 2248 fratres,
2748 2192 2802 2237 ut
2825 2184 2950 2238 tuihi
2979 2185 3193 2255 quidem
3226 2187 3449 2253 videtur,
3481 2204 3605 2245 suos
3633 2192 3759 2246 sub-

2177 2269 2432 2328 indicans.

2244 2360 2280 2414 9.
2344 2363 2496 2432 Apud
2529 2364 2723 2421 Lucam
2753 2370 2998 2441 exempla
3046 2370 3266 2440 hujusce
3306 2374 3381 2427 rei
3413 2377 3632 2444 apponit
3674 2379 3754 2431 di-

2175 2469 2339 2508 cens:
2371 2455 2555 2525 Neque
2592 2458 2771 2515 Helias
2816 2462 2881 2515 ad
2923 2478 3048 2517 suos
3102 2467 3277 2531 venit,
3311 2466 3405 2520 sed
3449 2468 3512 2520 ad
3546 2470 3755 2523 viduam

2175 2549 2549 2617 alienigenam,
2582 2568 2753 2622 neque
2779 2554 2845 2608 ab
2885 2556 3079 2609 Elismo
3108 2559 3240 2611 alius
3264 2570 3480 2612 curatus
3512 2561 3752 2629 leprosos

2173 2648 2272 2705 est,
2307 2641 2408 2693 nisi
2443 2641 2673 2696 Neetuan
2699 2645 2992 2715 alienigena
3026 2647 3171 2718 (Luc.
3206 2650 3259 2702 4.
3286 2650 3375 2704 ‘26.
3418 2651 3551 2720 27):
3589 2652 3755 2707 Israe-

2173 2731 2276 2785 litie
2298 2748 2423 2787 vero
2454 2750 2550 2788 uec
2573 2736 2700 2804 quid
2730 2736 2852 2790 boni
2881 2748 3220 2808 acceperunt,
3256 2756 3353 2795 nec
3375 2743 3498 2811 qttid
3529 2744 3652 2797 boni
3677 2746 3753 2798 fc-

2171 2834 2378 2886 ceruut.
2422 2826 2513 2880 sed
2552 2829 2790 2882 extranei
2843 2838 3067 2885 tantum.
3114 2830 3238 2886 Haec
3284 2848 3442 2903 porro
3471 2833 3620 2901 dicit,
3652 2836 3745 2890 im-

2173 2917 2390 2984 probam
2441 2917 2650 2972 illorum
2682 2921 3122 2976 consuetudinem
3154 2924 3312 2993 plane
3339 2926 3628 2981 ostendens
3652 2970 3666 2993 ,
3699 2939 3754 2982 et

2170 3006 2303 3062 nihil
2349 3023 2409 3061 se
2449 3010 2573 3064 novi
2621 3010 2848 3079 experiri
2878 3012 3175 3067 declarans.
3224 3013 3376 3084 (Cap.
3432 3016 3555 3087 14.)
3597 3019 3647 3072 1.
3684 3018 3748 3073 In

2168 3096 2259 3150 illo
2301 3106 2522 3167 tempore
2556 3101 2743 3153 audivit
2792 3101 3017 3156 Herodes
3061 3106 3311 3158 tetrarchn
3352 3110 3543 3178 [auram
3598 3107 3748 3163 Jesu.

2170 3187 2407 3243 Mortuus
2446 3190 2586 3243 enim
2617 3202 2731 3245 erat
2771 3192 2927 3261 hujus
2957 3203 3105 3261 pater
3133 3196 3366 3251 Herodes
3391 3239 3405 3262 ,
3436 3199 3523 3267 qui
3559 3215 3751 3268 pueros

2169 3279 2454 3333 occiderat.
2486 3281 2592 3335 Nec
2635 3284 2750 3336 sine
2790 3299 2949 3339 causa
2996 3295 3203 3355 tempus
3250 3297 3470 3342 annotat
3516 3305 3748 3359 evange-

2168 3373 2287 3427 lista
2310 3413 2327 3441 ,
2358 3375 2449 3428 sed
2483 3388 2537 3428 ut
2565 3377 2773 3447 tyranni
2807 3376 3001 3432 fastum
3032 3388 3087 3434 et
3116 3380 3487 3451 negligentiam
3518 3385 3745 3438 ediscas.

2167 3465 2349 3535 Neque
2374 3469 2513 3521 enim
2544 3470 2693 3523 initio
2734 3471 2817 3524 illa
2848 3471 3026 3525 didicit
3055 3514 3069 3537 ,
3100 3474 3192 3527 sed
3222 3482 3339 3542 post
3364 3476 3584 3529 multant
3618 3485 3752 3531 teut-

2169 3559 2333 3626 poris.
2377 3559 2463 3614 Sic
2488 3561 2627 3614 enim
2661 3563 2925 3631 principes
2968 3563 3160 3619 fastum
3188 3566 3408 3618 multum
3449 3583 3555 3635 prae
3583 3584 3641 3622 se
3668 3568 3748 3623 fe-

2167 3660 2380 3714 rentes,
2430 3666 2516 3705 res
2566 3652 2872 3721 hujusmodi
2922 3655 3123 3710 tardius
3163 3656 3433 3720 ediscunt,
3485 3660 3605 3726 quia
3638 3658 3750 3714 haec

2166 3744 2312 3811 parvi
2342 3742 2560 3797 faciunt.
2602 3744 2684 3797 'I‘u
2714 3760 2837 3798 vero
2867 3746 2992 3799 tuihi
3028 3748 3295 3815 perpende
3336 3759 3531 3818 quanta
3572 3766 3655 3804 res
3682 3751 3749 3805 sit

2167 3835 2364 3894 virtus;
2396 3852 2515 3889 nam
2559 3837 2647 3890 ille
2678 3846 2946 3893 mortuum
3008 3839 3261 3904 timebat,
3294 3839 3518 3910 hincque
3545 3841 3609 3896 de
3636 3844 3749 3912 ejus

2167 3929 2556 3983 resurrectione
2587 3928 3080 3998 philosophabatur.
3108 3930 3162 3985 2.
3194 3929 3336 3985 Dixit
3362 3933 3528 4000 enim,
3558 3936 3744 4004 inquit,

2166 4020 2333 4088 pueris
2360 4019 2465 4072 suis
2492 4034 2512 4073 .'
2543 4017 2642 4072 Hic
2667 4030 2737 4073 est
2780 4018 3040 4085 Joannes,
3075 4037 3221 4091 quem
3253 4038 3339 4090 ego
3380 4023 3642 4091 interfeci;
3670 4027 3747 4078 hic

2165 4112 2437 4162 resurrexit
2462 4128 2492 4162 a
2533 4113 2783 4174 mortuis;
2831 4122 2878 4165 et
2907 4113 3019 4165 ideo
3045 4112 3250 4167 virtutes
3274 4124 3548 4183 operantur
3585 4116 3637 4168 in
3667 4133 3743 4170 eo.

2171 4198 2353 4252 Videu’
2376 4200 2630 4269 grandem
2676 4201 2960 4256 timorem?
2988 4202 3169 4272 Neque
3197 4205 3339 4258 enim
3374 4205 3424 4259 id
3455 4206 3507 4259 in
3538 4208 3747 4275 publico

2164 4288 2342 4342 dicere
2371 4304 2530 4343 ausus
2569 4300 2649 4345 est
2674 4333 2689 4359 ,
2727 4291 2820 4346 sed
2848 4292 3154 4349 domesticis
3185 4304 3388 4349 tantum
3417 4298 3527 4353 suis
3565 4297 3645 4351 sic
3673 4300 3747 4349 Io-

2165 4382 2445 4450 quebatur.
2478 4385 2726 4438 Attamen
2774 4384 2887 4440 [nec
2912 4386 3140 4441 absurda
3174 4387 3356 4457 opinio
3398 4390 3621 4444 militem
3658 4406 3748 4444 sa-

2166 4474 2360 4543 piebat.
2395 4474 2542 4529 Multi
2582 4476 2723 4530 enim
2754 4489 3102 4532 surrexerunt
3128 4494 3155 4531 a
3186 4480 3410 4534 mortuis
3436 4522 3451 4544 ,
3493 4490 3546 4535 et
3589 4495 3750 4536 nemo

2165 4581 2233 4620 ex
2277 4567 2355 4621 eis
2399 4566 2687 4635 quidquam
2734 4568 3036 4637 hujusmodi
3079 4567 3222 4624 fecit.
3288 4570 3544 4626 Videntur
3590 4586 3751 4640 porro

2167 4657 2291 4711 mihi
2318 4656 2433 4711 ha-c
2452 4660 2611 4712 verba
2635 4660 2976 4714 ambitionem
2998 4661 3156 4715 simul
3185 4671 3238 4715 et
3261 4662 3504 4716 timorem
3534 4677 3745 4729 sapere.

2166 4748 2253 4804 Sic
2278 4750 2473 4820 quippe
2495 4751 2668 4805 minus
2693 4753 2803 4804 sani
2833 4753 3017 4816 animi,
3046 4753 3436 4807 contrariorum
3465 4753 3750 4809 alfectuutn

2167 4859 2309 4913 sa‘pe
2337 4845 2646 4899 mixtionem
2675 4844 2980 4900 admittunt.
3007 4845 3180 4901 Lucas
3200 4862 3326 4901 vero
3352 4859 3530 4902 narrat
3551 4848 3751 4903 dixisse

2168 4936 2419 5007 populum
2447 4953 2459 4990 :
2492 4937 2589 4991 Hic
2613 4946 2694 4992 est
2722 4937 2865 4992 Elias
2887 4980 2903 5004 ,
2944 4947 3037 4992 aut
3062 4936 3354 5005 Jeremias,
3385 4948 3477 4993 aut
3502 4954 3640 4994 unus
3681 4955 3750 4994 ex

2170 5026 2437 5083 veteribus
2464 5028 2737 5098 prophetis
2766 5026 2930 5097 (Luc.
2956 5027 3010 5082 9.
3044 5027 3150 5099 8);
3192 5028 3279 5083 hic
3302 5044 3432 5084 vero
3458 5030 3753 5099 sapientius

2171 5128 2333 5182 quam
2387 5117 2478 5169 alii
2510 5133 2567 5170 se
2600 5119 2822 5186 putabat
2855 5121 2928 5175 ita
2959 5121 3159 5177 dicere.
3222 5121 3529 5179 Verisimile
3556 5137 3740 5180 autem

2176 5214 2257 5259 est
2314 5206 2467 5259 illum
2519 5207 2675 5261 initio
2714 5210 2955 5277 quidem,
2989 5226 3113 5265 cum
3146 5211 3390 5266 dicerent
3419 5230 3549 5268 esse
3576 5212 3746 5268 Joan-

2172 5313 2293 5352 nem
2314 5300 2459 5369 (nam
2517 5300 2666 5354 multi
2702 5300 2781 5355 sic
2822 5284 3115 5373 dicebant),
3158 5303 3208 5356 id
3241 5319 3487 5373 negasse,
3526 5315 3598 5370 et,
3633 5305 3750 5376 Ego

2172 5390 2323 5442 illum
2391 5391 2601 5456 occidi,
2668 5392 2911 5456 dixisse,
2982 5393 3047 5448 de
3093 5395 3238 5449 caede
3291 5397 3381 5450 illa
3447 5397 3750 5453 insolenter

2169 5481 2511 5549 gloriantem.
2550 5480 2665 5537 Iloc
2718 5484 2863 5537 enim
2892 5482 3109 5541 Marcus
3130 5496 3186 5541 et
3240 5485 3418 5543 Lucas
3452 5488 3748 5544 dixisseil-

2170 5572 2276 5625 lutn
2328 5582 2589 5640 narrant,
2623 5573 2736 5644 Ego
2783 5573 3043 5630 Joannem
3075 5578 3349 5633 decollari.
3393 5582 3527 5634 lium
3561 5591 3745 5636 autem

2172 5664 2312 5717 fama
2361 5664 2695 5732 praevaleret,
2739 5666 2957 5721 demum
3024 5669 3138 5738 ipse
3198 5671 3338 5725 idem
3383 5671 3557 5741 ipsum
3594 5675 3744 5743 quod

2170 5754 2260 5807 alii
2286 5753 2444 5809 dixit.
2466 5753 2665 5812 Deinde
2699 5772 2826 5813 vero
2850 5758 3132 5814 historiam
3164 5761 3307 5815 illam
3338 5763 3492 5817 nobis
3510 5778 3745 5831 cvange-
