4028 6152
319 395 585 467 ,δρψ

416 516 531 571 lima
561 525 763 571 narrat.
788 517 862 572 Et
884 532 984 572 cur
1006 530 1109 572 non
1135 515 1273 570 illam
1299 518 1664 585 praemiserat?
1695 518 1826 583 Quia
1859 517 1910 570 in
1936 532 2000 571 eo

414 610 558 662 tdtus
582 612 721 673 erat,
744 618 802 662 ut
830 606 1026 663 Ghristi
1056 619 1202 677 gesta
1229 607 1559 663 describeret
1585 650 1600 673 ,
1646 609 1884 676 nihilque
1910 624 1992 663 ex-

409 707 493 752 tra
523 712 635 753 rem
660 700 1006 768 evangelista:
1035 699 1287 753 dicebant
1313 741 1328 763 ,
1369 701 1469 754 nisi
1523 699 1572 754 id
1604 701 1671 754 ad
1700 701 2000 754 institutum

404 802 565 843 ωιιηι
595 790 906 846 referretur.
931 789 1045 845 Non
1065 806 1196 861 ergo
1214 790 1353 845 hanc
1376 790 1649 846 historiam
1674 807 2003 847 commemo-

404 893 621 939 rassent
643 926 659 947 ,
690 885 794 939 nisi
825 895 1044 954 propter
1069 884 1337 938 Clu-idum
1363 926 1379 950 ,
1423 892 1479 939 et
1505 885 1602 938 nisi
1642 884 1882 939 Herodes
1920 885 2001 938 di-

411 979 581 1032 xisset
618 976 876 1032 Joannem
929 976 1306 1032 resurrexisse.
1348 976 1556 1032 Marcus
1603 975 1753 1048 (Cap.
1798 978 1850 1031 6.
1902 975 1998 1047 9.0)

410 1083 538 1123 vero
577 1070 652 1123 ait
678 1068 946 1124 Joannem
978 1084 1169 1139 magno
1202 1068 1262 1123 in
1295 1069 1495 1125 honore
1534 1068 1697 1123 fuisse
1725 1068 1861 1138 apud
1893 1068 1998 1125 tte-

402 1163 616 1229 mdem,
660 1162 868 1219 etiamsi
910 1162 1002 1219 hic
1044 1161 1113 1217 ab
1143 1163 1232 1216 illo
1260 1163 1683 1232 redargueretur.
1716 1162 1882 1216 Tanta
1910 1176 1998 1217 res

401 1262 491 1308 est
512 1253 698 1307 virtus.
724 1251 927 1308 Deinde
948 1267 1170 1308 narrare
1196 1252 1273 1307 sic
1296 1253 1473 1322 pergit
1498 1270 1511 1305 :
1540 1252 1594 1307 5.
1624 1250 1847 1306 Herodes
1864 1252 1997 1306 enim

402 1358 526 1397 cum
548 1344 788 1398 tenuisset
820 1342 1075 1397 Joannem
1097 1384 1111 1407 ,
1142 1343 1315 1414 ligavit
1343 1358 1453 1396 eum
1474 1385 1488 1407 ,
1519 1351 1568 1396 et
1607 1344 1775 1411 posuit
1800 1344 1851 1396 in
1878 1358 1995 1396 car-

410 1450 571 1488 cerem
604 1443 810 1505 propter
832 1433 1177 1488 llcrodiadem
1206 1448 1414 1487 uxorem
1441 1431 1674 1504 Philippi
1699 1433 1874 1504 fratris
1892 1432 1991 1487 sui.

408 1526 464 1581 4.
494 1524 702 1580 Dicebat
726 1526 860 1578 enim
904 1514 983 1579 illi
1008 1523 1235 1578 Joannes
1259 1539 1277 1578 :
1304 1521 1425 1577 Non
1452 1523 1567 1578 licet
1595 1524 1684 1577 tibi
1713 1523 1895 1577 habere
1931 1523 1996 1577 il-

404 1617 531 1670 lum.
562 1617 618 1671 '5.
654 1614 717 1668 Et
730 1617 905 1670 uolens
932 1632 1043 1669 enin
1074 1615 1375 1682 interﬁcere,
1405 1615 1572 1668 timuit
1602 1613 1852 1679 turbam‘,
1876 1616 1995 1685 quia

408 1709 534 1761 sicut
566 1707 863 1776 prophetam
892 1723 1005 1760 eum
1032 1706 1300 1761 liabebant.
1333 1705 1443 1759 Cur
1471 1721 1575 1761 non
1610 1706 1990 1771 Ilerodiadem,

402 1797 502 1855 sed
532 1798 677 1853 illum
701 1798 1024 1869 alloquitur?
1066 1798 1204 1867 Quia
1247 1799 1546 1868 prmcipuus
1575 1799 1664 1853 ille
1691 1808 1826 1854 erat.
1863 1799 1994 1855 Vide

400 1891 675 1961 quomodo
697 1891 1093 1946 accusationem
1125 1891 1301 1944 minus
1328 1904 1608 1945 onerosam
1638 1890 1813 1955 faciat,
1849 1891 1916 1944 ita
1937 1900 1993 1945 ut

402 1984 626 2037 historia
649 1982 824 2053 potius
849 1998 1007 2052 quam
1038 1982 1308 2037 accusatio
1342 1980 1587 2036 videatur
1616 1997 1758 2035 esse.
1788 1982 1840 2036 ϐ.
1865 1982 1992 2037 Cum

402 2083 570 2127 antem
598 2074 831 2127 uatalitia
864 2071 1085 2126 Herodis
1114 2081 1386 2142 agerentur
1404 2114 1418 2139 ,
1447 2071 1651 2126 saltavit
1679 2073 1789 2141 ﬁlia
1821 2071 1989 2127 Hero-

398 2163 571 2219 dindis
598 2166 650 2218 in
677 2165 843 2219 medio
868 2206 883 2231 ,
926 2173 975 2218 et
1002 2164 1197 2235 placuit
1234 2163 1446 2218 Herodi.
1471 2163 1516 2218 Ο
1543 2165 1841 2219 convivium
1872 2165 1988 2219 dia-

400 2257 666 2312 bolienm!
698 2272 732 2312 ο
758 2256 1026 2312 theatrum
1057 2256 1388 2311 satanicum!
1421 2272 1454 2310 o
1486 2256 1719 2327 iniquam
1749 2257 1988 2311 saltatio-

398 2360 558 2415 nem,
602 2358 672 2405 ac
708 2348 1016 2406 mercedem
1060 2350 1358 2405 saltationis
1412 2349 1748 2419 iniquiorem.
1801 2348 1988 2405 Catdcs

400 2442 544 2497 enim
570 2441 807 2498 omnium
849 2441 1230 2498 scelestissima
1261 2440 1611 2510 peragebzuur
1632 2481 1648 2507 ,
1679 2448 1735 2494 et
1772 2442 1856 2510 qui
1898 2456 1989 2495 eo-

399 2535 577 2589 rtinari
623 2542 680 2589 et
721 2534 982 2589 celebrari
1021 2533 1357 2597 merebatur,
1405 2534 1455 2587 in
1504 2534 1678 2587 medio
1716 2533 1986 2602 jtigufatus

399 2636 481 2680 cst
526 2643 541 2680 :
587 2625 889 2680 dannonum
942 2634 1199 2694 tropteum
1246 2625 1298 2679 iu
1344 2638 1525 2679 mensa
1575 2632 1808 2679 erectum
1867 2626 1983 2678 fuit.

400 2709 647 2772 Victoria
672 2717 862 2773 modus
886 2717 1098 2770 caeteris
1126 2717 1291 2787 gestis
1317 2715 1508 2786 dignus
1539 2715 1655 2769 luit.
1684 2715 1814 2769 Nam
1852 2714 1977 2770 Sal-

399 2812 540 2876 tatiit,
574 2809 762 2879 inquit,
794 2806 904 2874 lilia
927 2805 1237 2861 Hei-odiodi:
1264 2807 1316 2859 in
1348 2807 1532 2871 medio,
1562 2816 1608 2860 et
1640 2806 1831 2876 placuit
1875 2804 1982 2859 He-

396 2888 553 2955 ruli.
579 2900 631 2956 7.
667 2899 815 2955 Unde
849 2899 1191 2970 jurejurando
1231 2899 1494 2970 agirmavit
1532 2915 1586 2952 se
1626 2899 1704 2952 illi
1746 2898 1984 2951 daturum

393 2994 741 3063 Quodcumqu
770 2993 985 3062 petierit.
1014 2991 1071 3045 8.
1102 2989 1207 3045 illa
1249 3007 1363 3044 vero
1393 3008 1423 3043 a
1457 2999 1616 3043 matre
1646 2990 1940 3058 prwmonita
1966 3030 1979 3051 ,

395 3085 478 3140 Da
500 3087 641 3150 mihi,
674 3087 767 3149 ait,
798 3087 881 3139 llic
909 3086 960 3139 in
989 3085 1128 3138 disco
1154 3095 1306 3155 caput
1327 3082 1546 3136 Joannis
1584 3080 1848 3149 Baptism.
1876 3080 1980 3134 Du-

394 3178 512 3248 ptes
534 3179 758 3243 crimen,
782 3189 836 3233 et
860 3178 1000 3248 quod
1029 3177 1252 3241 saltarit,
1278 3185 1329 3231 et
1355 3176 1492 3245 quod
1522 3175 1796 3243 placnerit,
1825 3183 1981 3242 atque

393 3270 463 3323 ita
494 3270 771 3337 placuerit,
802 3279 859 3323 ut
890 3268 1063 3323 caules
1092 3269 1165 3321 illi
1196 3283 1293 3338 pro
1323 3270 1569 3322 luet-crde
1595 3277 1755 3321 esset.
1796 3262 1978 3320 \‘idrn‘

389 3376 549 3429 quam
580 3361 836 3433 crudelis,
870 3372 1035 3431 quam
1063 3361 1393 3419 insensatus,
1420 3368 1581 3424 quam
1614 3372 1841 3414 vesanus
1867 3358 1978 3412 sit?

384 3452 704 3510 inminente
727 3472 786 3511 se
810 3454 1101 3510 obnoxium
1130 3452 1339 3519 reddit;
1372 3453 1449 3507 illi
1481 3464 1608 3506 vero
1626 3452 1717 3507 dat
1735 3459 1975 3522 potesta-

391 3553 499 3599 tem
527 3544 741 3614 petendi
784 3560 904 3616 qua:
942 3545 1092 3599 velit.
1122 3542 1255 3599 Cum
1294 3554 1470 3597 autem
1510 3542 1639 3596 vidit
1682 3542 1808 3611 quid
1852 3542 1977 3596 mali

391 3636 517 3691 hinc
544 3637 803 3700 evenerit,
834 3633 1171 3690 Contristatu:
1208 3643 1299 3700 est,
1332 3632 1536 3703 inquit;
1569 3646 1887 3702 quamquam
1910 3634 1977 3688 ab

386 3726 543 3782 initio
568 3728 825 3797 ligaverat
850 3729 1041 3796 ipsum.
1073 3725 1180 3780 Cur
1202 3739 1330 3795 ergo
1357 3724 1744 3779 contristatur?
1784 3724 1978 3795 [injus-

388 3820 531 3875 modi
554 3824 639 3876 εει
667 3819 833 3873 virtus
857 3835 870 3871 ;
899 3819 1059 3873 etiam
1088 3815 1228 3887 apud
1260 3815 1532 3886 improbos
1561 3815 1898 3871 admirationi
1924 3826 1977 3871 et

389 3912 531 3966 laudi
562 3921 663 3966 est.
696 3909 824 3974 Sed,
852 3927 884 3965 ο
913 3910 1163 3962 furiosam
1192 3909 1492 3971 mulierem,
1524 3924 1642 3977 qua:
1671 3923 1791 3961 cum
1819 3922 1978 3977 opor-

390 4010 528 4057 teret
552 4001 701 4054 illum
741 3998 991 4053 admirari
1023 4012 1086 4053 ac
1114 3998 1360 4053 venerari
1386 4040 1400 4063 ,
1432 3996 1572 4067 quod
1603 3997 1770 4067 ipsam
1800 3998 1867 4052 ab
1897 3998 1977 4051 iu-

385 4095 526 4165 juria
555 4091 874 4157 vindicaret,
900 4091 1084 4145 drama
1112 4099 1280 4144 totum
1313 4090 1547 4154 ordinat,
1579 4088 1825 4159 laqueum
1860 4098 1976 4142 ten-

385 4186 486 4249 dit,
516 4185 847 4257 gratiamque
877 4185 1008 4254 petit
1037 4183 1349 4237 satanieam.
1379 4180 1436 4237 9.
1468 4179 1591 4250 Ipse
1613 4191 1780 4234 autem
1808 4180 1972 4233 timuit

387 4286 595 4346 prepter
608 4273 999 4346 jusjurandum,
1031 4275 1220 4344 inquit,
1249 4282 1296 4328 et
1325 4273 1477 4328 sintut
1503 4272 1860 4326 recumbenles.
1908 4271 1975 4325 Et

385 4381 484 4421 cur
508 4367 650 4437 quod
676 4367 888 4437 gravius
922 4374 1039 4420 erat
1062 4382 1166 4421 non
1196 4365 1462 4420 timuisti?
1492 4364 1623 4419 Nam
1653 4366 1695 4419 si
1722 4364 1862 4434 quod
1893 4372 1975 4419 te-

384 4466 500 4512 stes
530 4457 747 4528 perjurii
777 4457 974 4512 habere
1006 4455 1357 4522 formidabas,
1390 4457 1555 4510 multo
1581 4457 1747 4526 magis
1771 4457 1972 4512 caulem

384 4548 679 4604 formidare
720 4549 1002 4619 oportebat
1031 4548 1101 4603 ita
1127 4548 1384 4618 iniquam,
1414 4562 1534 4602 cum
1568 4555 1645 4601 tot
1670 4555 1831 4602 testes
1860 4548 1974 4617 ejus

383 4639 638 4693 haberes.

460 4730 513 4785 5.
555 4729 689 4797 Quia
725 4744 853 4785 vero
873 4737 999 4798 puto
1038 4730 1233 4784 multos
1266 4729 1621 4805 accusationis
1647 4739 1709 4783 ex
1740 4744 1843 4799 qua
1871 4743 1974 4783 ere-

385 4822 485 4877 des
510 4829 630 4876 orta
657 4831 741 4876 est
771 4830 1142 4892 argumentum
1174 4822 1421 4892 ignorare
1440 4863 1454 4886 ,
1490 4824 1851 4876 necessarimn
1891 4830 1974 4876 est

385 4915 491 4969 hoc
513 4915 675 4969 etiam
706 4914 905 4981 dicere,
940 4923 995 4968 ut
1027 4914 1345 4984 legislatoris
1378 4914 1709 4984 prudentiam
1731 4914 1969 4969 diseatis.

383 5003 644 5072 Qmenam
673 5016 804 5074 ergo
831 5004 1097 5058 vetuslex
1137 5004 1223 5057 illa
1250 5011 1366 5059 erat
1386 5043 1401 5068 ,
1443 5020 1602 5073 quam
1639 5005 1971 5059 conculcavit

384 5096 661 5162 Herodes,
686 5105 741 5151 et
765 5096 1054 5152 vindicavit
1073 5095 1351 5151 Joannes?
1380 5096 1506 5165 Ejus
1527 5097 1613 5166 qui
1649 5097 1763 5151 sine
1791 5098 1972 5151 liberis

382 5196 688 5242 nmreretut‘
707 5201 925 5241 uxorem
950 5187 1095 5240 fratri
1123 5186 1239 5240 dari
1265 5186 1545 5255 oportebat
1571 5185 1748 5255 (Deut.
1775 5186 1866 5242 25.
1890 5188 1969 5256 5).

381 5277 515 5345 Quia
535 5277 681 5333 enim
700 5290 802 5332 non
822 5277 1148 5332 consolabile
1160 5276 1357 5331 malum
1377 5291 1519 5330 mors
1536 5285 1649 5331 erat
1664 5319 1677 5342 ,
1696 5285 1749 5331 et
1761 5293 1857 5346 pro
1871 5278 1972 5330 vita

381 5370 649 5427 servanda
680 5370 810 5425 nihil
838 5387 943 5425 nun
969 5371 1160 5440 agitur,
1192 5370 1361 5440 legem
1393 5370 1606 5431 statuit.
1643 5380 1700 5423 ut
1727 5371 1814 5439 qui
1849 5369 1976 5423 vivit

383 5469 607 5519 uxorem
642 5462 823 5518 fratris
853 5463 1091 5518 defuncti
1138 5463 1339 5528 ducat,
1383 5474 1435 5517 et
1481 5463 1647 5517 lilium
1691 5464 1818 5518 hinc
1848 5479 1973 5531 pro-

382 5565 621 5610 creatum
654 5555 849 5608 mo’rtni
873 5555 1091 5610 nomine
1118 5564 1290 5619 vocet,
1322 5556 1393 5609 ita
1423 5567 1477 5608 ut
1503 5555 1694 5609 domus
1722 5555 1837 5623 ejus
1868 5571 1971 5608 non

382 5647 612 5703 excidat.
641 5646 697 5703 Si
720 5647 865 5703 enim
892 5657 1135 5703 mortuus
1164 5648 1300 5703 tilias
1328 5664 1436 5702 non
1467 5647 1830 5718 relinquebat,
1856 5662 1973 5716 quae

388 5842 398 5852 ‘
443 5786 458 5817 ί
495 5785 694 5845 Quidam
719 5785 907 5852 habent.
932 5796 946 5852 :_
974 5788 1029 5831 Et
1048 5781 1206 5852 micas
1228 5796 1336 5834 eum
1371 5781 1661 5847 inter/icere,
1688 5782 1841 5847 posuit
1864 5796 1973 5833 eum

382 5844 431 5896 in
450 5844 667 5910 currere,
690 5845 853 5899 ιὶηηιὶτ
870 5845 996 5897 enim
1023 5844 1226 5896 turbtun.

1332 395 1397 450 ΙΝ
1440 395 1846 453 ΜᾹἸἼΊΙΑΞΠΜ
1888 390 2117 449 llOMiL.
2162 394 2386 451 XLVIII.
2427 398 2497 456 al.
2540 399 2725 455 XLIX.

3590 406 3690 459 li‘ll

2120 520 2292 570 tamen
2333 518 2557 572 maxima
2607 528 2690 575 est
2731 521 2920 575 mortis
2959 521 3254 577 consolatio
3280 562 3294 587 ,
3341 520 3693 578 intolerabilis

2109 604 2281 660 luctus
2321 606 2528 664 futurus
2551 619 2689 666 erat.
2728 609 2854 667 Ideo
2884 611 3155 683 legislator
3190 615 3328 668 hanc
3360 613 3692 669 consolatio-

2108 712 2228 751 nem
2268 699 2592 769 excogitavit
2638 701 2701 755 iis
2722 743 2736 768 ,
2760 701 2952 772 quibus
2983 712 3172 759 natura
3206 703 3343 759 ﬁlios
3371 714 3688 775 negaverat,

2103 799 2159 843 et
2189 790 2513 845 nasciturum
2544 792 2685 848 illius
2715 795 2929 850 nomine
2958 796 3135 851 vocari
3166 796 3443 867 praecepit.
3471 796 3526 853 Si
3562 812 3690 852 vero

2106 889 2347 937 mortuus
2367 880 2531 936 lilium
2559 884 2904 954 relinqueret,
2920 893 3050 941 tunc
3074 900 3181 941 non
3207 886 3407 942 licitum
3425 896 3541 943 erat
3561 904 3690 942 mn-

2105 972 2349 1028 nubium.
2380 973 2448 1029 Et
2478 990 2582 1030 cur
2608 974 2635 1029 i
2665 974 2873 1046 inquies
2903 993 2918 1033 :
2959 993 3080 1033 nam
3120 976 3171 1034 si
3191 970 3345 1037 alteri
3373 981 3565 1038 licebat
3590 981 3690 1037 du-

2099 1072 2255 1126 eere.
2290 1063 2461 1121 multo
2503 1067 2673 1137 magis
2720 1067 2892 1122 fratri.
2941 1066 3285 1140 Nequaquam
3327 1087 3341 1125 :
3378 1072 3493 1128 vult
3544 1073 3686 1127 enim

2100 1154 2413 1212 afﬁnitatem
2441 1159 2689 1226 extendi,
2725 1169 2780 1215 et
2810 1160 3007 1216 multas
3036 1160 3217 1217 haberi
3244 1165 3554 1220 occasiones
3590 1180 3686 1220 co-

2096 1248 2364 1315 gnationis
2391 1249 2655 1305 ineundae.
2705 1251 2770 1307 Et
2810 1265 2906 1307 cur
2931 1252 3023 1309 illo
3047 1253 3161 1310 sine
3188 1254 3371 1311 liberis
3405 1256 3677 1327 defuncto,

2097 1352 2204 1392 non
2230 1338 2366 1395 alios
2387 1339 2584 1397 ducere
2612 1351 2823 1413 poterat
2843 1346 2868 1399 ἲ
2890 1343 3026 1415 Quia
3054 1345 3132 1403 sic
3156 1356 3267 1403 non
3299 1358 3511 1419 putatus
3547 1351 3682 1406 fuis-

2096 1437 2179 1484 set
2216 1444 2337 1485 esse
2378 1433 2572 1487 mortui
2598 1434 2736 1490 illius
2777 1452 2792 1489 ε
2838 1451 2979 1492 nunc
3004 1448 3133 1493 vero
3169 1439 3469 1496 scminante
3497 1441 3683 1508 fratre,

2100 1522 2386 1591 probabilis
2420 1534 2536 1580 erat
2562 1526 2802 1582 inventio
2832 1528 2943 1583 illa.
2966 1529 3214 1601 Alioquin
3245 1544 3372 1586 vero
3394 1541 3683 1589 extraneas

2095 1628 2202 1667 non
2238 1622 2481 1683 putasset
2507 1618 2932 1674 constituendam
2976 1634 3098 1677 esse
3142 1622 3376 1680 defuncti
3419 1624 3679 1681 domum:

2100 1702 2186 1758 hic
2209 1715 2386 1760 autem
2418 1710 2747 1778 cognationis
2780 1709 2868 1781 jus
2902 1711 3153 1768 habebat.
3193 1713 3328 1781 Quia
3357 1728 3484 1786 ergo
3511 1715 3682 1773 Hero-

2095 1794 2192 1851 des
2220 1812 2439 1852 uxorem
2466 1800 2641 1854 fratris
2658 1802 2760 1867 sui,
2780 1817 2898 1873 qua:
2918 1805 3124 1873 prolem
3152 1804 3398 1871 habebat,
3417 1808 3562 1863 duxit
3580 1806 3678 1881 (α),

2096 1887 2217 1943 ideo
2272 1901 2486 1945 accusat
2550 1891 2695 1946 illum
2758 1893 3021 1965 Joannes,
3084 1904 3137 1951 et
3193 1897 3467 1955 moderate
3523 1901 3681 1957 simul

2094 1987 2254 2048 atque
2292 1980 2459 2035 libere
2499 1990 2732 2037 accusat.
2764 1983 2846 2039 Tu
2884 1998 3011 2040 vero
3053 1985 3181 2040 mihi
3213 1987 3512 2055 considera,
3543 2006 3678 2060 quu-

2092 2068 2254 2123 modo
2299 2070 2560 2126 theatrum
2609 2081 2775 2127 totum
2820 2075 3113 2129 satanieum
3145 2084 3199 2132 et
3236 2077 3556 2134 diabolicum
3585 2081 3676 2135 sit.

2094 2159 2274 2215 Primo
2300 2163 2440 2216 enim
2479 2163 2735 2219 ebrietate
2764 2174 2819 2220 et
2848 2166 3054 2222 deliciis
3082 2169 3390 2235 constabat,
3427 2171 3567 2226 unde
3594 2175 3676 2227 ui-

2094 2250 2169 2306 hii
2193 2266 2382 2306 sanum
2410 2254 2537 2308 oriri
2568 2264 2792 2324 poterat.
2835 2255 3103 2325 Secundo,
3124 2270 3454 2329 spectatores
3495 2278 3679 2317 οιιιτιιο

2094 2349 2212 2410 ptos
2232 2342 2476 2409 habebat,
2503 2354 2557 2398 et
2579 2345 2928 2416 excipientem
2950 2349 3185 2402 omnium
3208 2351 3457 2407 maxime.
3475 2352 3675 2420 Tertio,

2091 2431 2461 2490 delectationis
2502 2446 2670 2506 genus
2700 2437 2907 2493 ratione
2933 2450 3178 2493 vacuum.
3207 2440 3441 2510 Quarto,
3474 2446 3673 2514 poeita,

2090 2538 2309 2597 propter
2341 2543 2498 2599 quam
2536 2531 2859 2587 connubium
2889 2541 3073 2588 contra
3114 2535 3296 2603 legem
3336 2545 3481 2604 erat,
3517 2554 3675 2607 quam

2090 2624 2345 2677 occultari
2388 2625 2697 2693 oportebat,
2756 2634 2941 2696 utpote
2995 2626 3187 2697 injuria
3228 2626 3417 2683 aﬂ'eeta
3466 2640 3672 2695 matre,

2090 2712 2383 2784 ingreditur
2423 2729 2543 2769 sese
2577 2724 2852 2770 ostentans
2876 2756 2891 2783 ,
2935 2717 3082 2787 virgo
3124 2718 3435 2774 meretrices
3477 2716 3668 2775 oames

2091 2804 2412 2874 impudentia
2460 2820 2740 2875 superans.
2768 2805 3004 2876 Tempus
3049 2809 3210 2863 etiam
3259 2825 3367 2864 non
3411 2811 3672 2866 modicam

2088 2898 2152 2952 ad
2175 2899 2596 2953 criminationem
2630 2899 2821 2969 iniquae
2864 2900 2941 2954 rei
2969 2912 3153 2956 ansam
3198 2902 3418 2971 prmhet.
3451 2902 3674 2971 Quando

2088 2991 2227 3065 enim
2251 2991 2529 3057 oportebat
2554 3005 2674 3044 eum
2699 2991 2897 3061 gratias
2913 2990 3113 3047 referre
3139 2993 3266 3059 Deo,
3294 2993 3434 3063 quod
3464 2995 3555 3048 ilio
3586 2994 3673 3049 die

2089 3080 2257 3150 ipsum
2301 3082 2350 3134 in
2376 3081 2546 3135 lucem
2577 3082 2931 3151 produxisset,
2966 3090 3092 3139 tunc
3135 3082 3317 3153 iniqua
3363 3084 3449 3138 illa
3480 3098 3671 3155 aggre-

2086 3172 2228 3227 ditur
2259 3190 2272 3227 :
2321 3173 2531 3243 quando
2562 3173 2792 3227 vinctum
2827 3173 3037 3229 solvere
3062 3175 3363 3244 oportebat,
3394 3183 3518 3229 tunc
3556 3175 3670 3230 viu-

2087 3263 2220 3317 culis
2264 3262 2464 3319 rmdem
2507 3263 2707 3333 adjicit.
2741 3263 2937 3319 Audite
2978 3270 3242 3334 quotquot
3288 3264 3371 3318 vel
3417 3264 3669 3334 virgines,

2087 3357 2165 3410 Vel
2194 3355 2352 3411 etiam
2385 3353 2618 3410 maxime
2654 3362 2856 3423 nuptae,
2904 3356 3108 3414 alienas
3135 3355 3344 3431 nuptias
3376 3356 3454 3415 sic
3479 3356 3671 3416 delui-

2086 3463 2212 3523 pare
2247 3446 2475 3516 audetis,
2517 3451 2794 3517 saltantes,
2826 3449 3197 3520 tripudiantes,
3242 3460 3296 3508 et
3325 3467 3662 3509 communem

2084 3556 2325 3599 naturam
2353 3543 2784 3599 dehonestautes.
2815 3543 3006 3598 Audite
3026 3543 3207 3610 etiam,
3229 3543 3347 3612 viri,
3390 3548 3480 3616 qui
3518 3562 3667 3601 sum-

2086 3645 2269 3704 ptuosa
2296 3634 2559 3699 convivia,
2578 3634 2836 3689 ebrietate
2858 3633 3011 3704 plena
3032 3636 3308 3689 sectamini
3334 3651 3346 3688 :
3377 3646 3430 3690 et
3450 3637 3669 3691 metuite

2082 3725 2277 3780 diaboli
2328 3724 2658 3779 barathrum.
2713 3724 2843 3780 Nam
2902 3725 2974 3779 ita
3016 3725 3363 3781 vehementer
3406 3727 3663 3781 miserum

2085 3826 2210 3871 tunc
2253 3816 2399 3870 illum
2446 3817 2657 3881 invasit,
2689 3825 2744 3869 ut
2767 3815 2972 3885 juraret
3006 3829 3065 3870 se
3105 3816 3381 3870 dimidium
3412 3817 3556 3886 regni
3584 3817 3677 3871 sui.

2081 3909 2326 3962 daturum
2356 3923 2495 3964 esse.
2529 3908 2661 3963 illud
2711 3908 2854 3962 enim
2898 3907 3106 3962 Marcus
3134 3906 3303 3962 dicit:
3339 3907 3538 3961 Jnravil
3564 3907 3663 3975 illi,

2086 3999 2445 4068 Quodcumque
2482 3998 2680 4070 petieris
2707 4014 2740 4051 a
2767 4013 2845 4050 me
2882 3997 3012 4051 dabo
3041 3996 3165 4063 tibi,
3212 4013 3366 4068 usque
3405 3998 3473 4050 ad
3510 3997 3671 4051 dimi—

2081 4090 2221 4143 dium
2259 4090 2401 4161 regni
2439 4090 2532 4143 mei
2564 4090 2582 4159 (
2616 4087 2780 4142 Marc.
2812 4087 2865 4143 6.
2898 4086 2970 4142 25
3065 4085 3221 4143 Tanti
3264 4089 3467 4144 scilicet
3504 4089 3666 4144 ditio-

2082 4199 2203 4238 nrm
2248 4198 2399 4238 suam
2431 4182 2656 4238 faciebat
2683 4198 2698 4249 ;
2728 4181 2798 4235 ita
2839 4180 3124 4251 voluptatis
3162 4180 3403 4250 captivus
3443 4191 3578 4246 erat,
3611 4190 3669 4237 ut

2080 4276 2346 4333 Suilnlioni
2383 4276 2497 4331 haec
2535 4274 2876 4331 concederet.
2915 4274 3120 4345 Ecquid
3171 4274 3412 4341 miraris,
3450 4274 3495 4330 si
3542 4286 3663 4331 tunc

2082 4371 2195 4425 haec
2221 4368 2358 4423 facta
2380 4376 2520 4432 sunt,
2544 4366 2756 4437 quando
2785 4381 2927 4420 nunc
2956 4366 3118 4421 etiam
3148 4374 3427 4436 postquam
3463 4375 3660 4420 tantam

2082 4461 2329 4516 iuivimus
2360 4458 2768 4528 philosophiam,
2814 4458 2884 4512 ob
2927 4457 3167 4511 mollium
3195 4456 3500 4526 hujusmudi
3535 4474 3663 4526 pue-

2080 4566 2258 4605 rormn
2292 4550 2631 4605 saltationem
2677 4548 2827 4601 multi
2872 4548 3078 4601 animas
3111 4557 3238 4601 suas
3283 4546 3661 4616 prodiderunt,

2081 4644 2205 4697 licet
2227 4642 2513 4711 juramenti
2539 4639 2857 4694 necessitate
2871 4638 3110 4693 adstricti
3141 4654 3247 4691 non
3274 4650 3452 4693 essent
3472 4638 3503 4692 i'
3527 4638 3659 4693 Nam

2079 4752 2107 4790 a
2148 4736 2417 4804 voluptate
2466 4732 2660 4801 captivi
2707 4730 2922 4785 abducti
2951 4730 3101 4800 quasi
3149 4730 3378 4799 pecudes
3412 4738 3660 4800 aguntur.

2079 4843 2184 4896 quo
2230 4826 2383 4894 lupus
2423 4825 2539 4879 illos
2589 4823 2827 4877 traxerit.
2871 4821 2927 4876 id
2951 4821 3092 4891 quod
3125 4830 3250 4876 tunc
3294 4821 3382 4876 ille
3428 4821 3660 4880 furiosus

2082 4932 2267 4988 passus
2311 4927 2428 4980 est,
2460 4918 2565 4970 duo
2611 4915 2911 4984 turpissima
2953 4922 3286 4983 perpeti-aus,
3340 4924 3394 4969 et
3421 4914 3561 4985 quod
3597 4915 3662 4968 il—

2081 5012 2184 5065 lam
2226 5009 2494 5064 dominam
2525 5006 2714 5062 fecerit
2757 5007 2834 5061 sic
2864 5005 3155 5070 furiosam,
3201 5006 3401 5061 ebriam
3431 5015 3487 5062 et
3529 5005 3667 5062 nihil

2081 5103 2202 5156 mali
2240 5109 2572 5155 recusantem
2603 5115 2617 5163 ;
2647 5106 2702 5152 et
2735 5097 2874 5168 quod
2913 5098 3230 5151 necessitate
3261 5096 3553 5166 juramenti
3592 5098 3659 5151 ita

2079 5207 2137 5247 se
2163 5191 2527 5247 obstrinxerit.
2562 5192 2630 5244 At
2672 5190 2796 5244 licet
2840 5189 2929 5243 ille
2958 5197 3063 5242 tam
3098 5189 3307 5257 iniquus
3347 5199 3521 5254 esset,
3558 5190 3665 5242 ini-

2078 5285 2234 5353 quior
2270 5291 2444 5336 tamen
2487 5291 2537 5335 et
2573 5291 2796 5352 tyranno
2839 5288 2893 5333 et
2932 5279 3106 5348 puella
3135 5288 3247 5333 erat
3293 5279 3504 5334 mulier.
3547 5279 3661 5348 ipsa

2081 5377 2221 5429 enim
2258 5374 2368 5428 lucc
2396 5374 2531 5428 mala
2554 5373 2730 5426 omnia
2763 5381 2815 5426 et
2836 5381 3001 5424 totum
3026 5370 3209 5424 (irama
3240 5368 3495 5424 fabricata
3526 5380 3657 5434 erat,

2080 5485 2198 5538 qum
2243 5478 2415 5521 tamen
2455 5465 2678 5535 gratiam
2720 5462 2992 5534 propheta:
3021 5461 3218 5515 habere
3253 5460 3546 5517 debuisset.
3577 5461 3667 5516 Fi«

2081 5561 2146 5614 lia
2178 5561 2371 5630 quippe
2398 5559 2494 5627 ipsi
2528 5572 2727 5611 morem
2754 5569 2947 5625 gerens
2976 5566 3029 5608 et
3059 5556 3285 5623 turpiter
3311 5555 3438 5623 egit,
3476 5563 3529 5608 et
3557 5556 3662 5606 Sui-

2082 5653 2227 5715 tavit,
2277 5658 2331 5702 et
2367 5648 2568 5702 caedem
2621 5647 2810 5717 petiit,
2854 5643 3199 5713 Herodesque
3236 5643 3305 5698 ab
3356 5644 3468 5714 ipsa
3503 5644 3653 5716 quasi

2147 5780 2220 5841 la)
2255 5785 2396 5828 Juxta
2419 5777 2562 5842 alios1
2581 5776 2931 5842 ideo_.toauue_s
2962 5779 3199 5842 accusant
3233 5772 3655 5842 tterodetnmumh

2087 5837 2301 5905 l'itilimttt
2322 5845 2467 5891 I't'utl'e
2493 5840 2644 5888 adhuc
2669 5840 2882 5898 vivente,
2900 5838 3051 5901 ipsius
3074 5850 3276 5885 uxorem
3299 5837 3534 5882 (ὶιικίεδυι.
