4028 6152
338 396 435 450 {Gl

345 520 540 578 sagena
584 492 788 572 'captus
838 504 939 552 est.
981 491 1170 548 Viden’
1196 502 1354 560 quam
1391 480 1634 554 apposite
1682 476 1929 533 Christus

345 573 542 656 diaerit
576 614 589 650 :
627 593 728 661 Qui
755 599 891 645 amat
925 595 1116 658 patrem
1143 591 1231 635 aut
1260 588 1474 633 matrem
1500 573 1615 645 plus
1647 585 1802 643 quam
1830 582 1929 631 me,
1958 614 2007 629 ,η

346 706 451 745 non
479 697 552 742 est
570 657 855 755 nte—dignus
878 675 1101 749 (Matth.
1147 672 1234 728 10.
1267 670 1369 741 ’57)
1396 665 1572 722 ‘tNam
1598 662 1641 717 si
1672 660 1761 716 illa
1796 657 1934 713 hanc

350 790 575 852 sequuta
624 754 769 833 esset
813 773 982 842 legem
1008 809 1024 836 ,
1075 780 1182 821 non
1226 770 1303 818 tot
1344 761 1488 830 leges
1526 754 1795 814 violasset,
1826 763 1932 802 non

354 841 493 930 hanc
516 870 717 927 cuidem
758 866 1137 937 perpetrasset.
1169 856 1300 911 Nam
1325 850 1452 923 quid
1480 850 1579 903 hac
1607 841 1937 901 immanitate

357 966 622 1028 deterius,
652 930 872 1017 eaad-em-
898 962 958 1010 ut
993 950 1215 1022 gratiam
1246 944 1514 1016 postulare
1539 979 1556 1006 ,
1587 935 1789 993 caulem
1832 930 1937 985 iiii-

354 1074 531 1132 quam,
565 1054 769 1112 caulem
811 1050 949 1104 inter
972 1044 1176 1116 epulas,
1207 1038 1407 1095 cuidem
1432 1033 1643 1106 publice
1672 1037 1726 1085 et
1762 1028 1939 1095 impu-

358 1116 548 1209 denter
580 1147 800 1219 petitam
831 1142 854 1196 ‘t
883 1139 1065 1208 Neque
1110 1133 1253 1190 enim
1291 1141 1533 1185 seorsum
1564 1119 1792 1178 accessit
1827 1116 1943 1171 haec

360 1207 624 1315 petitura,
655 1236 751 1293 sed
793 1230 1028 1306 publice,
1051 1233 1106 1282 et
1146 1221 1316 1295 posita
1354 1219 1521 1282 larva,
1554 1211 1697 1268 nudo
1733 1207 1940 1279 capite,

359 1303 556 1391 diaboli
608 1303 705 1385 usa
748 1303 1082 1396 patrocinio,
1113 1315 1231 1369 haec
1274 1311 1365 1366 illo
1394 1307 1553 1363 modo
1597 1303 1815 1374 loquuta
1839 1306 1943 1353 est.

361 1427 494 1482 Nam
527 1422 578 1478 id
623 1395 870 1475 diabolus
916 1409 1111 1475 effecit,
1142 1414 1199 1460 ut
1238 1403 1326 1458 illa
1368 1399 1569 1456 saltans
1594 1395 1849 1466 placeret,
1893 1396 1950 1444 et

370 1481 636 1575 llerodem
687 1520 815 1566 tunc
863 1510 1098 1574 caperet.
1147 1497 1246 1555 Ubi
1287 1494 1430 1551 enim
1457 1488 1705 1551 saltatio,
1734 1485 1804 1539 ibi
1831 1481 1948 1538 dia-

369 1610 544 1665 holus.
572 1604 756 1674 Neque
783 1599 925 1656 enim
953 1595 1074 1651 ideo
1103 1590 1268 1662 pedes
1312 1585 1465 1643 nobis
1491 1581 1641 1674 dedit
1681 1578 1850 1642 Deus,
1896 1581 1955 1627 ut.

370 1701 435 1756 iis
465 1673 691 1767 turpiter
729 1700 940 1747 utamur
959 1728 973 1751 ,
1001 1684 1094 1740 sed
1134 1690 1191 1736 ut
1218 1687 1363 1736 recte
1387 1673 1695 1747 gradiamur
1722 1684 1741 1735 ;
1769 1680 1874 1721 non
1897 1673 1957 1719 ut

372 1756 596 1861 perinde
625 1794 785 1855 atque
826 1777 1016 1835 cameli
1053 1773 1308 1829 saltemus
1349 1768 1519 1840 (nam
1546 1772 1600 1820 et
1626 1759 1815 1817 cameli
1847 1756 1954 1812 sal-

383 1856 556 1938 tantes
594 1880 855 1948 ingratum
887 1866 1249 1940 spectaculum
1299 1861 1499 1927 edunt,
1531 1856 1804 1924 multaque
1845 1864 1959 1904 ma-

372 1975 454 2042 gis
482 1969 804 2037 mulieres),
849 1962 942 2018 sed
988 1967 1046 2014 ut
1078 1972 1201 2013 cum
1231 1952 1435 2024 angelis
1463 1949 1689 2005 choreas
1715 1958 1959 2014 agamus.

373 2033 428 2122 Si
472 2063 613 2119 enim
664 2033 858 2126 corpus
911 2051 961 2107 id
1003 2063 1167 2120 agens
1211 2053 1365 2115 turpe
1413 2048 1522 2104 est,
1572 2037 1738 2091 multo
1794 2033 1961 2101 magis

375 2159 574 2214 anima.
617 2153 704 2210 Sic
734 2151 930 2205 saltant
957 2145 1231 2201 daemones
1284 2157 1298 2193 :
1344 2137 1421 2191 sic
1444 2133 1731 2190 adulantur
1763 2127 1963 2183 daimo-

379 2266 507 2305 num
537 2244 785 2301 ministri.

448 2341 504 2394 .l.
535 2337 640 2395 Sed
673 2333 979 2406 petitionem
1021 2328 1188 2398 ipsam
1224 2320 1522 2378 considera.
1556 2316 1639 2370 Da
1670 2312 1791 2368 milii
1810 2353 1825 2376 ,
1858 2312 1963 2377 ait,

383 2432 464 2486 hic
490 2431 545 2484 in
571 2403 709 2482 disco
739 2433 889 2496 caput
916 2418 1134 2476 Joannis
1164 2414 1424 2485 Baptism.
1456 2406 1643 2465 Viden’
1684 2403 1965 2474 impuden-

386 2534 516 2588 tem,
541 2534 660 2591 qua:
686 2493 848 2571 totam
872 2510 1082 2567 diabolo
1109 2523 1169 2563 se
1195 2502 1440 2562 dedidit?
1468 2499 1783 2569 Dignitatem
1810 2493 1971 2549 Joan-

387 2615 471 2668 nis
496 2620 776 2675 memorat,
806 2619 978 2675 neque
1003 2612 1178 2656 tamen
1203 2598 1281 2652 sic
1304 2592 1589 2655 erubescit,
1618 2589 1711 2645 sed
1739 2602 1804 2641 ac
1832 2586 1876 2640 si
1904 2585 1972 2639 dc

388 2706 508 2759 libo
536 2702 786 2774 quopiam
817 2699 1143 2766 lnqueretur,
1175 2691 1253 2744 sic
1282 2700 1492 2743 sacrum
1516 2692 1571 2738 et
1598 2683 1809 2737 beatum
1840 2675 1973 2732 illud

388 2806 548 2867 caput
587 2796 640 2850 in
676 2793 826 2848 disco
865 2787 1040 2844 efferri
1089 2784 1239 2855 petit.
1278 2779 1484 2835 Nullam
1522 2774 1677 2830 affert
1712 2784 1969 2826 causam:
2009 2792 2012 2795 π

391 2863 563 2960 neque
588 2886 731 2944 enim
762 2889 1006 2954 poterat;
1043 2877 1141 2933 sed
1178 2870 1492 2943 simpliciter
1519 2866 1710 2937 quaerit
1749 2863 1973 2917 aliorum

393 2953 781 3038 calamitatibus
800 2971 1071 3031 honorari.
1095 2967 1209 3024 Non
1229 2965 1384 3029 dixit,
1404 2959 1656 3016 Introduc
1683 2957 1829 3010 illum
1849 2953 1975 3016 huc,

394 3086 449 3131 et
478 3072 690 3130 immota
723 3091 735 3126 :
770 3082 941 3138 neque
969 3064 1112 3121 enim
1153 3056 1396 3115 morituri
1437 3050 1686 3122 loquendi
1732 3047 1977 3103 fiduciam

398 3165 626 3220 tulisset.
657 3161 792 3217 Nam
821 3158 1040 3213 timebat
1065 3151 1150 3207 vel
1179 3146 1393 3204 mactati
1432 3158 1620 3200 vocem
1656 3140 1839 3195 audire
1869 3146 1978 3192 ter-

398 3255 604 3310 ribilem
631 3270 643 3306 :
668 3264 839 3320 neque
858 3246 1000 3303 enim
1016 3243 1187 3313 capite
1209 3235 1545 3294 muletandus
1568 3232 1833 3288 tacuisset.
1860 3229 1983 3284 Ideo

400 3345 507 3406 ait:
539 3341 621 3396 Da
643 3339 764 3394 mihi
791 3337 873 3393 Itic
896 3337 947 3390 in
970 3335 1106 3389 disco
1132 3351 1146 3388 :
1177 3345 1297 3385 nam
1321 3328 1551 3397 linguam
1571 3323 1718 3378 illam
1738 3323 1983 3377 silentem

404 3435 584 3491 videre
616 3432 794 3502 cupio.
830 3428 1014 3498 Neque
1041 3424 1275 3495 effugere
1301 3420 1472 3475 solum
1512 3417 1653 3471 illius
1688 3411 1983 3483 reprehen-

402 3528 581 3581 siones
606 3523 836 3588 volebat,
863 3518 955 3574 sed
979 3516 1234 3571 insultare
1249 3509 1445 3584 jacenti
1467 3518 1522 3565 et
1545 3505 1788 3563 deridere
1815 3504 1981 3558 illum.

405 3619 546 3674 Deus
570 3629 699 3670 vero
728 3613 780 3668 id
812 3608 1070 3681 permisit,
1106 3621 1206 3660 nec
1245 3604 1446 3658 fulmen
1474 3612 1706 3669 superne
1736 3596 1897 3661 misit,
1931 3603 1988 3648 ut

406 3706 768 3778 impudentem
807 3703 949 3758 illam
987 3698 1174 3754 faciem
1211 3694 1552 3751 combureret
1581 3709 1594 3746 :
1629 3703 1800 3759 neque
1831 3686 1990 3757 jussit

408 3812 602 3855 terram
634 3796 778 3851 hiatu
815 3802 985 3850 totum
1017 3789 1144 3846 illud
1185 3788 1425 3857 iniquum
1468 3782 1771 3840 convivium
1800 3780 1988 3834 absor-

406 3893 534 3947 bere
560 3931 574 3954 ,
618 3899 674 3944 ut
712 3886 869 3943 simul
910 3886 1111 3955 justum
1143 3881 1340 3936 clarius
1368 3884 1649 3933 coronaret
1673 3915 1686 3940 ,
1720 3884 1774 3928 et
1807 3872 1871 3926 iis
1900 3872 1988 3941 qui

406 3984 584 4053 iniqua
630 3979 837 4050 passuri
885 3988 1066 4047 postea
1113 3981 1330 4037 essent,
1374 3982 1618 4041 tnagnam
1668 3965 1993 4034 relinqueret

407 4074 851 4133 consolationem.
883 4070 1173 4125 Audiamus
1215 4066 1374 4135 igitur
1413 4068 1675 4133 quotquot
1702 4058 1768 4113 ab
1799 4056 1993 4125 iniquis

411 4165 714 4222 hominibus
734 4163 914 4236 gravia
941 4161 1169 4232 patimur
1191 4156 1315 4211 dum
1344 4164 1489 4210 recte
1514 4138 1759 4205 vivimus.
1782 4147 1992 4203 Etenim

413 4271 541 4316 tunc
567 4259 704 4313 Deus
734 4270 921 4327 passus
950 4262 1032 4308 est
1055 4264 1176 4306 eum
1199 4289 1213 4313 ,
1240 4248 1328 4317 qui
1361 4246 1411 4300 in
1442 4242 1727 4299 solitudine
1751 4240 1992 4303 vixerat,

412 4353 503 4423 qui
534 4352 586 4407 in
613 4364 745 4406 zona
778 4346 1019 4417 pellieea,
1048 4342 1138 4413 qui
1180 4341 1234 4394 in
1276 4338 1471 4403 cilicio,
1503 4334 1836 4406 prophetam,
1869 4346 1994 4401 pro-

415 4444 592 4518 phetis
634 4441 929 4510 majorem,
968 4450 1074 4506 quo
1123 4432 1298 4487 nullus
1335 4429 1504 4498 major
1546 4439 1796 4496 umquam
1825 4423 1999 4478 fuerat

416 4514 559 4593 inter
583 4542 741 4590 natos
767 4529 1051 4587 mulierum
1094 4522 1312 4597 (Matth.
1345 4521 1432 4577 11.
1474 4518 1609 4587 11),
1637 4514 1866 4572 interfici
1904 4529 2000 4585 per

416 4629 647 4703 puellam
703 4622 1025 4694 impudicam
1074 4626 1131 4676 et
1180 4624 1482 4684 corruptam
1536 4610 1872 4666 meretricem
1906 4614 2002 4661 :et

419 4700 536 4780 luce
559 4721 686 4778 dum
715 4716 922 4773 divinas
950 4715 1094 4785 leges
1123 4719 1380 4766 lueretur.
1408 4705 1534 4761 Haec
1562 4703 1740 4773 itaque
1765 4700 2004 4771 cogitan-

419 4827 531 4880 tes,
573 4812 806 4868 feramus
846 4818 1106 4878 generose
1142 4801 1320 4858 omnia
1356 4809 1705 4867 quaecumque
1748 4793 1999 4864 patimur.

419 4906 551 4961 Nam
579 4913 636 4961 et
665 4913 791 4958 tunc
817 4894 1152 4968 sanguinaria
1193 4892 1283 4946 illa
1322 4898 1377 4945 et
1415 4887 1593 4957 iniqua
1637 4894 1840 4940 tantum
1884 4895 2004 4936 sese

420 4999 488 5053 de
513 5012 599 5062 eo,
626 4994 716 5067 qui
739 4994 838 5049 sibi
860 4991 1101 5047 dolorem
1127 4985 1397 5048 attulerat,
1420 4978 1727 5044 vindicavit,
1750 4983 2003 5046 quantum

421 5091 609 5155 voluit,
634 5090 766 5143 iram
790 5094 953 5139 totam
973 5079 1203 5140 satiavit,
1226 5086 1281 5131 et
1302 5076 1440 5129 Deus
1459 5072 1509 5127 id
1534 5069 1806 5141 permisit:
1829 5080 2008 5137 quam-

419 5200 581 5257 quam
606 5181 740 5239 nihil
760 5178 836 5235 illi
856 5176 1091 5233 Joannes
1109 5170 1338 5230 dixerat,
1361 5179 1461 5221 nec
1480 5164 1623 5220 illam
1643 5166 2004 5221 accusaverat,

423 5256 516 5333 sed
543 5277 714 5330 virum
742 5279 966 5328 tantum.
999 5263 1106 5321 Sed
1133 5259 1453 5318 conscientia
1484 5256 1705 5311 acerbus
1732 5259 2011 5309 accusator

424 5378 564 5425 erat.
594 5367 826 5436 Ideoque
847 5362 899 5417 in
929 5357 1131 5428 majora
1156 5350 1470 5422 erumpebat
1493 5347 1651 5415 mala,
1678 5344 1889 5408 dolens,
1916 5340 2010 5397 sti-

428 5464 585 5518 mulis
606 5460 832 5530 agitata;
863 5452 1125 5522 sinmlqne
1152 5442 1497 5504 dedecoravit
1520 5453 1729 5507 omnes,
1755 5436 2006 5506 seipsam,

428 5556 611 5618 filiam,
629 5552 907 5610 dimissum
931 5547 1124 5609 virum,
1148 5541 1411 5596 viventem
1439 5537 1727 5600 machum,
1756 5539 1810 5587 et
1835 5530 2009 5601 priora

428 5662 681 5720 superare
702 5642 964 5701 certabat.
993 5638 1049 5695 Si
1074 5635 1249 5699 doles,
1279 5630 1470 5700 inquit,
1495 5626 1635 5698 quod
1664 5625 1754 5680 ille
1778 5624 2015 5680 lllCBChe-

432 5755 546 5807 tur,
575 5755 674 5811 ego
718 5738 867 5795 illum
907 5729 1228 5792 homicidam
1258 5724 1442 5783 faciam
1470 5765 1487 5792 ,
1515 5730 1567 5778 et
1600 5717 1899 5775 accusantis
1929 5715 2010 5770 in-

430 5835 790 5891 ualet-torem.

1037 379 1092 436 S.
1130 372 1406 434 JOANNIS
1441 355 1915 425 CIIRYSOSTOMI
1957 352 2271 409 ARCIIIEP.
2312 352 2844 410 CONSTANTINOI‘.

3517 346 3620 401 ‘92

2110 463 2514 538 Imprudentium
2534 467 2941 537 juramentorunt
2969 471 3017 519 et
3044 461 3389 535 fornicationis
3412 470 3623 520 dainua.

2035 590 2106 600 —
2135 559 2326 614 Audite
2350 568 2610 629 quotquot
2634 558 2773 613 ultra
2799 572 2961 628 quam
2985 555 3062 612 fas
3096 564 3181 613 est
3218 555 3474 612 uxoribus
3515 557 3628 625 pls-

2036 668 2159 708 cere
2186 652 2429 708 studetis.
2464 651 2655 707 Audite
2678 658 2938 721 quotquot
2955 651 3098 705 circa
3120 664 3207 705 res
3233 649 3464 706 incertas
3483 649 3629 720 jura.

2040 755 2219 800 menta
2250 743 2518 814 priebetis,
2549 742 2772 813 aliisque
2802 741 3053 811 perniciei
3083 749 3273 796 vestrae
3308 749 3628 810 potestatem

2043 835 2305 901 tribuitis,
2334 849 2397 889 ac
2433 833 2582 888 vobis
2621 831 2927 886 barathrum
2967 830 3222 886 effoditis.
3265 831 3357 886 Sic
3391 830 3631 886 Herodes

2044 925 2219 995 periit.
2250 924 2480 979 Putabat
2518 923 2660 978 enim
2704 922 2873 993 ipsam
2903 921 3174 993 quidpiam
3217 922 3464 976 convivio
3502 936 3636 975 eon-

2044 1026 2357 1073 scntaneum
2386 1016 2669 1085 petituram
2691 1029 2832 1079 esse,
2860 1013 3196 1085 puellamque
3217 1012 3269 1067 in
3295 1012 3636 1068 solemnitate

2046 1118 2100 1163 et
2138 1108 2276 1162 inter
2308 1107 2513 1177 epulas,
2546 1121 2658 1161 rem
2692 1105 2980 1175 gratiosam
3009 1113 3064 1159 et
3093 1104 3293 1170 betam,
3324 1118 3428 1158 non
3457 1113 3635 1158 autem

2048 1210 2207 1272 caput
2227 1200 2329 1255 viri
2362 1199 2743 1269 postulaturum
2769 1212 2927 1261 esse;
2964 1207 3018 1252 et
3039 1196 3302 1265 deceptus
3325 1205 3426 1251 est.
3481 1197 3637 1251 Atla-

2051 1308 2172 1348 men
2204 1291 2336 1346 nihil
2370 1291 2559 1345 horum
2592 1290 2764 1358 ipsum
2799 1287 3059 1358 purgabit.
3100 1285 3326 1341 Etiamsi
3367 1286 3509 1343 enim
3549 1286 3639 1341 illa

2051 1398 2171 1439 cum
2200 1382 2323 1438 feris
2352 1382 2695 1451 pugnantium
2728 1380 2960 1433 virorum
2992 1379 3226 1433 animum
3256 1378 3526 1440 habuerit,
3557 1387 3639 1432 at-

2054 1485 2231 1531 tamen
2261 1489 2366 1529 non
2393 1473 2572 1529 decuit
2599 1473 2743 1526 illum
2775 1487 2834 1526 se
2861 1474 2930 1525 ita
2961 1469 3334 1538 decipiendum
3364 1469 3602 1539 przebere
3623 1510 3639 1533 .

2058 1583 2159 1624 nec
2189 1567 2467 1638 tyrannica
2490 1565 2708 1634 obsequi
2736 1563 2980 1632 imperio.
3005 1562 3182 1617 Primo
3207 1562 3371 1626 enim,
3394 1562 3512 1632 quis
3534 1578 3641 1616 non

2058 1657 2338 1714 exhorruit
2371 1671 2580 1710 sacrum
2619 1653 2747 1708 illud
2784 1661 2943 1722 caput
2969 1651 3153 1707 videns
3183 1653 3493 1723 sanguinem
3524 1651 3643 1705 stil-

2060 1749 2202 1813 lare,
2232 1757 2286 1803 et
2311 1747 2449 1801 inter
2472 1744 2657 1813 epulas
2685 1742 2917 1812 reponi?
2947 1744 3014 1796 At
3041 1758 3146 1796 non
3183 1740 3396 1811 iniquus
3423 1742 3511 1797 ille
3542 1740 3648 1796 lle—

2062 1839 2255 1904 rodes,
2302 1853 2408 1893 non
2454 1834 2827 1890 exsecrabilior
2869 1833 2959 1887 illo
3002 1832 3215 1887 mulier.
3257 1831 3412 1887 Tales
3452 1832 3648 1901 quippe

2062 1942 2187 1989 sunt
2211 1931 2520 1987 meretrices
2545 1947 2561 1983 :
2585 1928 2821 1983 omnium
2853 1925 3289 1996 petulantissima:
3313 1937 3364 1980 et
3390 1925 3649 1980 crudelis-

2063 2029 2233 2082 simae.
2264 2025 2394 2081 Nam
2420 2025 2462 2078 si
2486 2038 2584 2078 nos
2609 2022 2724 2077 hare
2743 2020 3019 2075 audientes
3044 2018 3517 2089 perhorrescimus,
3541 2032 3649 2087 quo

2065 2120 2244 2174 animo
2270 2116 2434 2172 fuisse
2469 2113 2763 2186 putandum
2802 2122 2885 2167 est
2920 2126 3014 2167 eos
3040 2112 3127 2181 qui
3171 2110 3285 2165 haec
3319 2110 3445 2180 ipsis
3482 2109 3654 2165 oculis

2066 2207 2391 2266 cernerent?
2415 2205 2542 2277 quid
2568 2203 2710 2276 passi
2738 2209 2863 2258 sunt
2887 2202 3126 2257 conviva:
3152 2208 3311 2270 caput
3332 2214 3521 2255 recens
3540 2213 3656 2253 am-

2070 2309 2309 2371 putatum
2351 2307 2406 2353 et
2453 2295 2766 2367 sanguinem
2810 2291 3056 2348 videntes
3098 2292 3151 2346 in
3192 2290 3369 2346 medio
3410 2289 3656 2345 convivio

2072 2391 2364 2463 repositum
2390 2390 2412 2442 ?
2444 2389 2509 2442 At
2539 2402 2643 2440 non
2673 2383 3012 2455 sanguinaria
3043 2382 3128 2436 illa
3159 2389 3213 2436 et
3241 2381 3371 2452 ipsis
3402 2380 3548 2434 furiis
3575 2380 3656 2433 fe-

2073 2482 2249 2537 rocior
2278 2480 2370 2535 illo
2397 2489 2663 2534 commota
2696 2474 2794 2529 fuit
2820 2473 3127 2544 spectaculo
3146 2514 3161 2537 ,
3192 2472 3286 2528 sed
3311 2470 3611 2528 exsultabat
3639 2488 3655 2524 :

2073 2574 2241 2645 atqui,
2266 2572 2368 2629 etsi
2397 2587 2502 2626 non
2529 2569 2765 2632 aliunde,
2793 2583 2859 2623 ex
2887 2567 3004 2623 solo
3032 2573 3248 2636 aspectu
3279 2564 3468 2619 saltem
3507 2564 3658 2617 fasti-

2074 2667 2218 2723 dium
2257 2676 2615 2733 nauseamque
2655 2658 2951 2731 ingenerari
2992 2673 3088 2729 par
3128 2665 3264 2713 erat.
3294 2656 3491 2712 Verum
3529 2654 3661 2709 nihil

2077 2755 2376 2827 hujusmodi
2409 2768 2562 2826 passa
2593 2761 2677 2808 est
2706 2751 2792 2805 illa
2818 2749 3130 2821 sanguinem
3162 2748 3348 2803 sitiens
3387 2746 3661 2817 propheti-

2078 2863 2220 2902 cum.
2249 2839 2394 2901 Talis
2421 2852 2504 2900 est
2542 2841 2820 2898 fornicatio
2850 2859 2864 2894 :
2898 2854 3002 2894 non
3036 2838 3260 2894 lascivos
3297 2846 3501 2892 tantum
3525 2878 3541 2904 ,
3568 2836 3663 2892 sed

2078 2947 2134 2994 et
2162 2935 2454 2994 homicidas
2498 2934 2682 2991 efficit.
2726 2931 2860 2989 Nam
2898 2930 3142 2987 adulterii
3170 2929 3376 3001 cupidae
3415 2930 3666 2985 mulieres

2080 3030 2148 3085 ad
2176 3029 2376 3085 eadem
2405 3036 2528 3084 sunt
2556 3035 2755 3098 parata:
2781 3025 3015 3080 virorum
3037 3065 3053 3091 ,
3081 3024 3170 3093 qui
3200 3023 3390 3093 injuria
3418 3020 3664 3077 afficiun-

2085 3132 2202 3190 tur;
2227 3138 2326 3178 nec
2350 3136 2510 3176 unam
2534 3129 2735 3174 tantum
2764 3117 2844 3173 vel
2873 3117 3027 3185 duas,
3049 3116 3143 3171 sed
3163 3124 3218 3172 et
3239 3116 3542 3171 innumeras
3565 3130 3668 3172 εε-
3730 3140 3733 3145 ·

2083 3215 2180 3270 des
2207 3214 2323 3269 fieri
2359 3211 2514 3268 facile
2538 3210 2860 3267 curaverint.
2893 3208 3153 3264 Similium
3186 3222 3346 3278 porro
3374 3206 3667 3262 facinorum

2086 3304 2241 3360 multi
2278 3312 2442 3359 testes
2478 3309 2621 3358 sunt.
2663 3300 2720 3357 ld
2762 3301 2920 3356 etiam
2969 3299 3058 3354 illa
3098 3308 3224 3354 tunc
3263 3297 3421 3366 fecit,
3452 3312 3672 3368 sperans

2090 3404 2290 3450 tantum
2322 3393 2525 3449 facinus
2552 3393 2605 3448 in
2634 3391 2953 3448 oblivionem
2986 3390 3197 3446 tandem
3222 3404 3341 3446 esse
3369 3397 3668 3444 venturum.

2089 3486 2197 3542 Sed
2234 3484 2560 3541 contrarium
2602 3494 2823 3554 prorsus
2856 3483 3035 3537 evenit
3066 3498 3078 3535 :
3110 3496 3234 3537 nam
3275 3480 3429 3553 longe
3461 3480 3672 3536 clariori

2090 3592 2222 3633 voce
2252 3584 2433 3647 postea
2460 3574 2695 3631 Joannes
2720 3573 2993 3629 clamavit.

2161 3671 2216 3726 5.
2250 3668 2488 3739 Nequitia
2522 3669 2590 3721 ad
2628 3683 2847 3738 praesens
2873 3677 3068 3736 tempus
3091 3664 3253 3720 solum
3290 3666 3516 3735 respicit.
3542 3663 3675 3718 Pec-

2092 3772 2258 3815 catum
2284 3779 2383 3816 non
2413 3762 2593 3832 tegitur
2620 3778 2708 3830 per
2733 3760 2876 3814 aliud
2905 3767 3182 3830 peccatum,
3207 3758 3297 3812 sed
3324 3774 3413 3828 per
3439 3758 3679 3828 pwtiteu-

2095 3854 2237 3907 tiam.
2262 3853 2496 3908 Convivia
2521 3868 2583 3907 ea:
2604 3851 2798 3921 rapinis
2828 3861 2974 3920 parta
2996 3866 3145 3922 quant
3173 3849 3367 3902 odiosa.
3387 3878 3459 3889 —
3484 3846 3677 3903 Verum

2095 3946 2326 4016 nequitia
2351 3944 2416 4000 ad
2450 3957 2685 4015 praesens
2712 3952 2912 3998 tantum
2942 3951 3150 4010 tempus
3174 3939 3407 4010 respicit,
3437 3939 3578 3995 sicut
3602 3939 3677 3993 fe-

2095 4040 2425 4102 bricitantes,
2457 4053 2579 4093 cum
2605 4053 2797 4108 aquam
2827 4034 3070 4104 frigidam
3101 4033 3470 4102 intempestive
3501 4040 3683 4102 postn-

2098 4133 2228 4185 lant.
2253 4131 2461 4186 Etenim
2486 4129 2585 4186 nisi
2606 4137 2969 4185 accusatorem
2987 4124 3300 4196 jugulasset,
3330 4122 3536 4178 facinus
3557 4121 3680 4177 illud

2101 4239 2207 4278 non
2255 4223 2325 4277 ita
2367 4221 2670 4291 evulgatum
2716 4219 2921 4275 fuisset.
2972 4215 3224 4285 Discipuli
3269 4230 3500 4283 namque
3534 4213 3682 4282 ejus,

2101 4316 2314 4388 quando
2343 4316 2395 4371 in
2423 4329 2693 4371 carcerem
2732 4313 3004 4383 eonjectns
3044 4310 3135 4365 fuit
3164 4350 3179 4374 ,
3213 4307 3342 4363 nihil
3384 4304 3685 4376 hujusmodi

2102 4410 2353 4466 dixerunt
2381 4426 2395 4463 :
2419 4423 2540 4465 cum
2568 4416 2742 4463 autem
2771 4406 3078 4462 interfectus
3106 4402 3224 4469 fuit,
3254 4411 3362 4455 tum
3393 4398 3540 4454 necis
3564 4413 3690 4452 cau-

2103 4518 2216 4558 sam
2241 4501 2511 4573 publicare
2531 4499 2697 4555 coacti
2725 4508 2866 4554 sunt.
2899 4495 3204 4551 Adulteram
3229 4492 3481 4561 obtegere
3509 4489 3689 4559 cupie-

2106 4596 2267 4661 bant,
2296 4608 2397 4649 nec
2430 4593 2635 4649 alienas
2663 4590 2992 4646 calamitates
3030 4584 3332 4655 publicare;
3364 4597 3486 4636 eum
3513 4589 3688 4635 autem

2108 4691 2160 4745 in
2195 4687 2444 4745 narrandi
2488 4685 2862 4742 necessitatem
2902 4679 3112 4736 deducti
3146 4685 3300 4743 sunt,
3337 4687 3461 4729 tunc
3490 4674 3692 4728 facinus

2108 4795 2268 4837 omne
2297 4785 2598 4835 recensent.
2631 4775 2707 4831 Ne
2733 4773 2853 4845 quis
2881 4771 3022 4826 enim
3053 4783 3269 4824 causam
3299 4765 3461 4820 credis
3498 4763 3690 4817 malam

2109 4887 2230 4929 esse
2258 4870 2636 4940 suSpiearetur,
2671 4875 2728 4921 ut
2759 4865 2811 4919 in
2842 4861 3059 4918 Theuda
3085 4868 3140 4916 et
3165 4858 3300 4914 Jnda
3329 4855 3572 4925 contigit,
3608 4869 3695 4907 ve-

2111 4982 2226 5022 ram
2267 4962 2429 5019 caedis
2469 4974 2682 5015 causam
2728 4955 2928 5011 referre
2964 4961 3244 5023 coguntur.
3289 4948 3470 5016 Itaque
3499 4954 3697 5016 quanto

2115 5058 2281 5129 magis
2321 5062 2593 5125 peccatum
2623 5049 2896 5105 occultare
2923 5046 3025 5100 hoc
3056 5043 3214 5098 modo
3240 5038 3479 5095 volueris
3503 5077 3519 5102 ,
3554 5044 3697 5089 tanm

2114 5151 2284 5221 magis
2300 5146 2429 5203 illud
2445 5143 2682 5212 evulgas.
2702 5142 2979 5196 Peccatum
2998 5136 3139 5190 enim
3160 5149 3263 5188 non
3283 5146 3378 5202 per
3393 5128 3593 5199 peccati
3608 5126 3696 5179 ad-

2116 5218 2466 5300 ditamentum
2494 5237 2708 5307 tegitur,
2726 5232 2822 5288 sed
2847 5247 2942 5301 per
2960 5226 3324 5299 paenitentiam
3346 5233 3399 5278 et
3420 5218 3701 5277 confessio-

2119 5350 2262 5392 nem.
2292 5329 2569 5400 Perpende
2596 5336 2771 5380 autem
2797 5321 3064 5393 quomodo
3094 5317 3209 5371 haec
3234 5313 3557 5384 evangelista
3585 5325 3701 5363 mn-

2118 5429 2303 5485 derate
2329 5429 2539 5486 narret,
2568 5428 2622 5474 et
2650 5423 2904 5488 quantum
2935 5412 3057 5467 licet
3088 5408 3289 5465 crimen
3321 5405 3543 5460 minuat.
3573 5400 3703 5455 Nam

2121 5518 2384 5577 Herodem
2410 5513 2462 5569 id
2493 5511 2683 5567 fecisse
2711 5505 2839 5561 dicit
2869 5513 3084 5574 propter
3109 5499 3467 5570 jnramentuni
3497 5500 3555 5548 et
3575 5506 3706 5546 cou-

2123 5616 2267 5668 vivas
2290 5651 2304 5675 ,
2334 5610 2613 5678 ipsumque
2639 5597 3013 5656 conmutatum
3042 5592 3206 5647 fuisse
3238 5605 3253 5641 :
3280 5587 3349 5642 dc
3373 5582 3548 5655 puella
3581 5594 3710 5636 vero

2121 5706 2247 5761 dicit
2276 5703 2442 5772 ipsam
2474 5714 2503 5752 a
2532 5705 2702 5751 matre
2732 5686 3100 5762 praemunitam
3131 5680 3291 5735 fuisse
3313 5715 3328 5739 ,
3359 5682 3417 5730 et
3443 5681 3603 5741 caput
3627 5678 3711 5723 at~

2127 5801 2309 5857 tulisse
2338 5793 2508 5856 matri,
2543 5807 2602 5845 ει(-
2634 5789 2675 5844 si
2709 5786 2931 5847 diceret,
2966 5779 3106 5834 Illius
3126 5774 3275 5845 jussa
3301 5763 3710 5837 exsequebatur.
