4028 6152
397 249 506 306 493

396 365 514 421 Non
543 365 685 420 enim
716 366 785 423 de
826 368 891 423 iis
927 368 1015 439 qui
1052 369 1190 425 mala
1236 370 1536 440 patiuntur,
1568 372 1663 428 sed
1697 372 1765 429 de
1804 373 1868 427 iis
1895 373 1986 442 qui

397 458 537 512 mala
564 455 817 525 inferunt,
846 458 1030 516 dolere
1055 441 1228 515 soleni
1254 461 1375 530 justi
1406 477 1614 529 omnes,
1641 464 1762 532 quia
1794 461 1845 517 hi
1874 441 1988 516 nia-

394 550 542 603 xime
577 556 706 603 sunt
735 550 825 619 qui
864 551 1002 606 male
1043 552 1333 620 patiuntur.
1374 552 1555 623 Neque
1583 553 1723 609 enim
1754 552 1986 613 Joannes

390 638 556 693 hesus
582 638 711 702 fuit,
743 643 837 696 sed
881 642 914 694 ii
954 643 1042 711 qui
1082 642 1196 696 b:ee
1234 643 1518 699 machinati
1559 654 1703 699 sunt.
1741 646 1847 700 lius
1888 662 1985 700 nos

392 747 606 801 quoque
627 733 917 799 imitemur,
944 750 1116 804 neque
1138 734 1453 790 iusultemus
1480 738 1708 804 peccatis
1733 738 1981 806 proximi,

391 827 486 876 scd
517 836 771 893 quantum
794 824 876 880 fas
901 837 984 881 est
1006 828 1333 881 occnlteums
1358 844 1441 882 ca.
1475 830 1718 883 Animum
1752 830 1986 900 philoso—

393 913 610 983 ihicum
634 932 984 972 assumamus.
1018 919 1222 973 Etenim
1255 921 1575 990 evangelista
1606 922 1672 977 de
1701 925 1981 979 meretrice

391 1016 447 1061 et
483 1009 821 1078 sanguinaria
865 1009 1090 1064 muliere
1130 1010 1402 1067 moderate
1433 1023 1690 1082 quantum
1722 1014 1866 1068 licuit
1899 1015 1980 1068 lo-

388 1106 588 1170 qnutus
610 1110 709 1155 est.
736 1100 852 1155 Non
873 1102 1015 1155 enim
1034 1102 1190 1167 dixit,
1221 1104 1259 1156 Α
1289 1105 1623 1174 sanguinaria
1649 1115 1702 1159 ct
1729 1107 1975 1174 scelesta,

390 1188 506 1254 sed,
532 1192 575 1243 Α
598 1193 1093 1261 matre‘prmouita,
1119 1194 1510 1250 ltoncstioribus
1531 1212 1656 1251 usus
1685 1199 1975 1254 vocabulis.

388 1280 470 1334 Tu
499 1296 624 1336 vero
654 1284 951 1351 proximum
978 1285 1299 1339 contumelia
1324 1298 1379 1340 et
1404 1287 1644 1342 convicio
1664 1286 1852 1352 afﬁcis,
1880 1306 1977 1345 nec

378 1373 461 1427 .ita
486 1373 726 1430 modeste
753 1386 905 1444 potes
932 1376 999 1430 de
1030 1376 1189 1431 fratre
1212 1378 1301 1446 qui
1334 1388 1385 1432 te
1415 1378 1605 1447 injuria
1635 1380 1872 1436 ati'ecerit
1900 1382 1975 1436 to.

384 1468 514 1537 qui,
541 1478 596 1523 ut
640 1469 729 1525 ille
762 1469 832 1523 de
876 1471 1159 1526 meretrice
1182 1471 1534 1541 loquebatur,
1567 1473 1660 1528 sed
1688 1474 1973 1529 admodum

376 1560 655 1627 ferociter,
683 1573 736 1616 et
760 1578 881 1617 eum
907 1578 993 1632 ορ,
1016 1563 1229 1628 robriis,
1257 1565 1543 1620 scelestum
1570 1581 1746 1631 vocas,
1777 1569 1979 1637 impru-

376 1653 511 1708 bum
535 1695 552 1717 ,
584 1654 786 1709 vafrurn
810 1698 824 1719 ,
868 1657 1085 1710 stultum
1107 1698 1122 1723 ,
1152 1666 1200 1711 et
1244 1657 1434 1711 similia
1475 1658 1697 1714 adhibes
1736 1661 1969 1715 nomina.

376 1743 515 1800 Nam
536 1746 820 1802 ederamur
844 1748 1064 1802 omnino
1089 1758 1141 1803 et
1167 1748 1314 1817 quasi
1343 1749 1410 1804 de
1436 1749 1727 1821 alienigena
1759 1751 1973 1813 homine

376 1837 670 1906 ioquimur,
702 1838 1103 1905 maledicentes,
1133 1840 1384 1893 conviciis
1410 1850 1460 1895 et
1486 1841 1823 1896 contumeliis
1851 1841 1972 1897 afﬁ-

378 1930 603 1984 cieutes.
626 1931 695 1985 At
717 1946 822 1984 non
844 1931 915 1986 ita
936 1942 1082 1987 certe
1106 1933 1275 1986 sancti
1301 1950 1313 1987 :
1342 1931 1435 1987 sed
1463 1932 1639 2003 potius
1664 1941 1972 2003 peccatores

380 2020 584 2090 lugent,
608 2036 768 2092 quam
798 2022 928 2090 ipsis
958 2021 1298 2078 maledicam.
1327 2022 1439 2078 Hoc
1468 2032 1522 2078 et
1546 2038 1647 2079 nos
1672 2023 1926 2080 faciamus
1952 2043 1966 2080 :

378 2112 656 2182 lugeamus
696 2113 1085 2180 Herodiadem,
1118 2123 1174 2169 et
1207 2129 1303 2169 eos
1346 2115 1433 2185 qui
1482 2115 1627 2169 illam
1673 2116 1965 2171 imitantur.

380 2203 542 2259 Multa
576 2220 805 2276 namque
832 2205 992 2261 etiam
1022 2220 1165 2260 nunc
1202 2204 1506 2275 huiusmodi
1540 2206 1786 2261 convivia
1815 2209 1965 2264 cele-

380 2293 623 2351 hrantur.
650 2297 823 2366 Atque
845 2296 1053 2350 etiamsi
1081 2295 1314 2352 Joannes
1340 2312 1447 2351 non
1475 2298 1837 2365 interﬁciatur,
1870 2302 1965 2356 sed

376 2383 578 2441 Christi
612 2387 853 2442 membra
882 2387 1037 2457 longe
1063 2392 1279 2458 gravius
1305 2388 1652 2458 impetuutur.
1677 2391 1792 2447 Non
1822 2395 1964 2450 enim

377 2487 535 2547 caput
563 2478 615 2533 iu
643 2479 790 2535 disco
817 2488 1004 2549 petunt
1035 2480 1068 2534 ii
1092 2481 1180 2550 qui
1208 2496 1349 2535 nunc
1376 2482 1697 2552 tripudiant,
1723 2487 1817 2542 sed
1844 2490 1964 2543 ani-

376 2588 495 2627 mas
518 2574 678 2630 simul
717 2577 1163 2632 recumbentium.
1187 2578 1318 2634 Cum
1349 2590 1523 2637 autem
1564 2583 1680 2637 illos
1710 2584 1761 2637 in
1793 2586 1962 2639 servi-

375 2676 548 2722 tutem
579 2668 912 2740 redegerint,
944 2681 996 2725 et
1030 2672 1094 2725 ad
1129 2673 1338 2744 iniquos
1379 2674 1687 2730 induxerint
1714 2692 1961 2746 amores,

374 2761 796 2832 meretricesque
843 2762 1223 2830 adhibuerint,
1265 2780 1370 2819 non
1414 2777 1570 2835 eaput
1608 2767 1958 2836 abscindunt,

373 2850 471 2907 sed
495 2852 725 2907 animam
742 2854 1003 2924 jugulant,
1029 2857 1154 2911 dum
1179 2856 1302 2911 illos
1323 2857 1582 2923 machus,
1604 2857 1959 2927 eﬁ‘eminatos,

372 2949 428 2996 et
450 2943 690 2999 exoletos
716 2943 961 3000 reddunt.
991 2946 1171 3015 Neque
1194 2947 1334 3003 enim
1363 2947 1491 3001 mihi
1517 2948 1736 3013 dixeris,
1762 2959 1812 3005 te
1840 2950 1962 3004 vino

370 3042 586 3104 captum
613 3045 666 3089 et
690 3034 899 3090 ebrium
934 3036 1212 3093 mulierem
1239 3039 1542 3105 saltantem,
1566 3055 1683 3109 qum
1709 3041 1958 3096 obsequia

370 3123 636 3195 loquitur,
668 3126 784 3181 sine
811 3128 918 3181 ullo
948 3130 1395 3198 concupiscentiae
1434 3140 1579 3184 motu
1612 3131 1792 3186 videre
1812 3173 1827 3197 ,
1862 3147 1958 3187 ne—

370 3235 478 3290 que
512 3222 778 3293 voluptate
818 3226 1013 3279 vietum
1051 3225 1118 3279 ad
1159 3226 1427 3280 lasciviam
1468 3225 1613 3281 ferri.
1650 3226 1782 3281 Illud
1812 3239 1958 3282 certe

368 3311 626 3369 horribile
656 3317 884 3384 pateris,
916 3327 972 3371 ut
1013 3318 1251 3372 membra
1281 3315 1478 3372 Christi
1520 3315 1683 3371 facias
1719 3318 1956 3372 membra

365 3405 684 3461 meretricis.
710 3405 844 3461 Nam
882 3409 979 3461 etsi
1022 3423 1127 3462 non
1163 3407 1302 3461 adsit
1341 3408 1445 3461 lilia
1484 3406 1828 3474 llerodiadis,
1862 3407 1955 3462 sed

364 3497 457 3567 qui
491 3513 584 3566 per
617 3498 760 3551 illam
797 3506 922 3553 tunc
962 3498 1179 3552 saltavit
1215 3498 1459 3553 diabolus
1483 3540 1496 3561 ,
1537 3515 1630 3567 per
1664 3499 1778 3553 illas
1817 3514 1956 3554 nunc

363 3588 593 3645 choreas
630 3590 775 3660 agit,
805 3589 1020 3659 abitqne
1062 3588 1269 3643 animas
1308 3590 1752 3644 discumbentium
1793 3605 1955 3659 agens

363 3681 620 3751 captivas.
655 3681 806 3750 Quod
848 3683 892 3737 si
935 3698 1027 3735 vos
1069 3682 1292 3750 potestis
1320 3681 1633 3736 ebrietatem
1671 3681 1836 3735 vitare
1858 3723 1873 3747 ,
1902 3689 1957 3734 at

364 3774 585 3829 alterius
622 3775 821 3843 peccati
859 3774 1154 3845 gravissimi
1189 3773 1469 3843 participes
1509 3773 1636 3826 estis
1671 3791 1682 3825 :
1716 3773 1955 3842 plurimis

362 3884 595 3939 namque
624 3869 826 3938 rapinis
867 3868 1166 3937 hujusmodi
1198 3867 1437 3921 Convivia
1468 3875 1733 3919 constant.
1762 3865 1837 3918 Ne
1863 3881 1954 3933 apo

361 3960 565 4029 positas
586 3975 775 4014 carnes
799 3960 1112 4027 rcSpexeris,
1139 3974 1235 4011 nec
1257 3960 1553 4027 placentas;
1573 3957 1665 4010 sed
1690 3957 1951 4009 umlenam

361 4051 481 4107 hinc
504 4052 727 4108 collecta
757 4053 863 4106 sint
890 4053 1082 4119 cogita,
1113 4061 1164 4106 et
1195 4050 1397 4104 videbis
1426 4050 1511 4103 illa
1542 4066 1605 4104 ex
1630 4038 1870 4114 avaritia,
1900 4057 1954 4103 et

361 4145 437 4204 vi.
470 4153 525 4200 et
555 4145 736 4213 rapina
770 4144 1051 4213 proﬁcisci.
1086 4142 1303 4207 Verum,
1339 4140 1710 4211 inquies,'h:ec
1747 4157 1848 4194 non
1882 4142 1949 4195 ita

360 4245 512 4305 parta
540 4243 703 4301 Sunt;
731 4235 907 4293 absit!
956 4235 1007 4289 id
1049 4250 1147 4305 ego
1187 4234 1407 4289 minime
1448 4234 1622 4287 velim.
1670 4231 1864 4286 Verum
1904 4234 1949 4287 si

360 4328 461 4387 hac
489 4329 541 4384 in
568 4338 718 4400 parte
747 4329 993 4384 convivia
1022 4328 1129 4381 sint
1154 4342 1280 4396 pura
1302 4366 1315 4392 ,
1347 4341 1450 4379 non
1483 4332 1657 4379 tamen
1691 4324 1777 4377 illa
1801 4340 1949 4378 Slllll-

362 4433 548 4494 ptuosa
596 4421 836 4478 ceuvivia
882 4436 1099 4490 prorsus
1144 4430 1268 4474 sunt
1314 4418 1538 4472 crimine
1581 4433 1765 4471 vacua.
1815 4416 1949 4470 Audi

362 4515 500 4569 enim
545 4512 815 4585 quomodo
859 4512 949 4566 illa
990 4511 1075 4569 vel
1121 4509 1436 4578 supradictis
1483 4524 1646 4561 vacua
1692 4506 1949 4576 propheta

360 4604 720 4676 reprehendat
749 4604 831 4660 his
862 4603 1039 4661 verbis
1070 4621 1083 4657 :
1126 4601 1212 4659 γω
1237 4603 1322 4672 qui
1351 4602 1511 4657 bibitis
1547 4601 1845 4671 defwcatum
1874 4601 1950 4652 ui-

359 4711 499 4759 tium.
525 4706 572 4751 et
598 4696 863 4767 unguentis
890 4694 1065 4765 primis
1099 4692 1343 4762 ungimim‘
1366 4691 1542 4755 (Amos
1587 4693 1638 4749 ti.
1670 4689 1748 4760 6).
1787 4688 1948 4744 Vides

354 4788 587 4858 qualiter
608 4787 697 4845 hic
712 4786 930 4841 delicias
949 4783 1307 4853 reprehendat
1328 4783 1348 4836 ?
1369 4780 1552 4851 Neque
1567 4782 1708 4835 enim
1732 4780 1814 4834 his
1839 4797 1949 4835 ver-

357 4877 442 4932 bis
466 4877 745 4933 avaritiam
775 4877 1062 4931 insectatur
1081 4918 1093 4939 ,
1123 4874 1218 4929 sed
1247 4874 1441 4927 effusas
1467 4873 1685 4927 delicias
1720 4881 1941 4927 tantum.

431 4970 484 5024 6.
524 4969 603 5025 Tu
633 4968 872 5025 comedis
901 4969 1037 5025 ultra
1081 4981 1424 5027 mensuram,
1454 4980 1573 5018 cum
1603 4964 1847 5017 Christus
1880 4980 1947 5017 ne

355 5060 573 5132 quidem
615 5061 916 5115 necessaria
946 5058 1168 5121 habeat;
1205 5067 1259 5109 tu
1290 5057 1559 5124 placentas
1593 5053 1795 5109 atiatim
1816 5094 1829 5117 ,
1859 5054 1946 5107 ille

356 5168 429 5219 ne
455 5166 646 5223 panem
681 5151 895 5221 quidem
942 5149 1187 5212 aridum;
1241 5155 1294 5199 tu
1335 5145 1586 5198 Thasium
1626 5144 1806 5196 vinum
1838 5144 1942 5210 (α),

352 5244 459 5314 ipsi
491 5258 624 5299 vero
666 5257 735 5303 ne
780 5241 1000 5296 calicem
1041 5239 1255 5308 quidem
1301 5252 1454 5306 aqua:
1501 5234 1705 5304 frigida:
1748 5234 1946 5288 sitienti

350 5333 586 5399 dedisti;
619 5342 673 5388 tu
704 5333 756 5389 in
790 5333 929 5397 lecto
969 5331 1116 5397 molli
1169 5340 1221 5382 et
1262 5337 1452 5381 ornato
1478 5326 1619 5395 iaces
1643 5366 1658 5389 ,
1701 5326 1789 5378 ille
1819 5341 1946 5378 vero

349 5428 453 5489 sub
474 5426 671 5497 frigido
700 5441 827 5487 acre
850 5423 1012 5493 alget.
1047 5421 1253 5485 idcirco
1270 5419 1478 5475 etiamsi
1522 5418 1743 5473 avaritia
1782 5432 1944 5473 vacua

415 5581 492 5645 (α)
525 5580 683 5646 Thasii
709 5578 808 5646 viui
833 5577 948 5627 olim
967 5571 1503 5646 celeberrimi-“mentio
1536 5568 1947 5646 frequenshahe:

348 5631 437 5693 ιιε
470 5631 938 5706 ξιυιιᾶδωίριοτεδ,
973 5639 1217 5696 Plautum,
1261 5634 1490 5694 Plinium,
1537 5631 1850 5691 Athenaeum,
1895 5636 1948 5679 et

351 5706 486 5767 alios.

1357 255 1421 311 IN
1459 256 1865 314 MATTIUEUM
1908 256 2136 313 HOMIL.
2182 260 2414 319 XLVIII.
2454 267 2525 321 al.
2567 268 2755 327 XLIX.

3573 290 3674 348 496

2095 387 2273 431 csscut
2302 381 2541 436 convivia
2571 392 2677 448 tua,
2703 394 2876 443 tamen
2905 388 3028 444 ideo
3051 390 3307 463 ﬂagitiosa
3351 408 3510 468 sunt,
3535 406 3677 474 quod

2095 476 2149 520 tu
2188 482 2348 540 supra
2401 478 2771 533 necessitatem
2830 482 3007 538 omnia
3064 484 3260 555 facias,
3307 489 3380 545 illi
3434 507 3559 547 vero
3609 513 3676 551 no

2091 558 2306 627 quidem
2335 567 2630 621 necessaria
2664 568 2923 638 praebeas,
2952 588 3072 629 cum
3124 591 3186 630 ex
3236 579 3400 648 ipsius
3428 582 3581 640 bonis
3622 585 3675 642 in

2090 649 2299 707 deliciis
2328 656 2492 711 vivas.
2522 657 2683 715 Certe
2723 663 2765 716 si
2797 666 2947 737 pueri
2977 668 3270 741 cujuspiam
3313 684 3458 732 tutor
3483 694 3631 734 esses
3654 722 3675 746 ,

2091 741 2328 813 etipsius
2359 746 2496 805 bona
2516 753 2914 819 administrans,
2942 759 3112 829 ipsum
3141 764 3191 818 in
3227 769 3487 823 extremis
3526 741 3672 840 posi;

2090 843 2201 889 tum
2248 838 2586 910 despicieres,
2637 861 2921 906 sexcentos
2968 854 3193 912 haberes
3218 838 3578 929 accusatores,
3611 880 3674 921 ac

2089 932 2382 1026 secundum
2432 934 2578 1006 leges
2624 954 2809 1009 pmuas
2853 943 3011 1000 dares
3043 964 3057 1001 :
3089 962 3210 1004 cum
3244 963 3424 1008 autem
3447 970 3512 1010 ea
3552 971 3671 1026 quae

2087 1018 2286 1077 Christi
2317 1035 2439 1080 sunt
2459 1031 2756 1099 acceperis,
2785 1041 2839 1087 et
2870 1035 2951 1090 sic
2976 1034 3169 1093 frustra
3195 1040 3431 1099 insumus
3450 1086 3466 1112 ,
3489 1018 3668 1102 annon

2089 1125 2243 1184 putas
2266 1124 2323 1173 te
2352 1121 2614 1177 rationem
2646 1125 2983 1182 redditurum
3008 1144 3134 1187 esse
3155 1131 3180 1185 ἲ
3198 1133 3333 1191 Haec
3377 1152 3538 1208 porro
3561 1155 3667 1197 non

2085 1205 2153 1262 de
2201 1207 2305 1263 illis
2330 1210 2472 1279 dico,
2522 1214 2611 1284 qui
2649 1218 2961 1275 meretrices
2998 1222 3066 1276 ad
3121 1205 3669 1290 mensam'iuducunt

2086 1298 2213 1369 (illis
2231 1301 2448 1396 quippe
2474 1319 2579 1359 non
2624 1306 2793 1379 magis
2820 1326 2985 1381 quam
3020 1316 3240 1371 canibus
3284 1319 3660 1396 loquendum),

2086 1407 2183 1443 nee
2212 1391 2280 1446 de
2308 1396 2610 1462 raptoribus
2630 1401 2719 1468 qni
2745 1401 2971 1457 aliorum
3013 1415 3227 1463 ventres
3253 1408 3511 1483 implent(
3534 1391 3667 1472 nihil

2082 1483 2225 1536 enim
2257 1499 2542 1542 commune
2585 1504 2705 1544 cum
2749 1492 2853 1548 illis
2885 1493 3056 1551 habeo
3079 1539 3094 1563 ,
3122 1507 3303 1557 utnec
3338 1518 3461 1559 cum
3487 1508 3666 1576 porcis

2079 1572 2164 1629 vel
2185 1574 2378 1647 lupis),
2412 1577 2507 1632 sed
2536 1577 2603 1634 de
2622 1579 2727 1636 illis
2746 1584 2922 1655 agitur
2944 1589 3036 1656 qui
3063 1589 3216 1646 bonis
3241 1572 3618 1655 fruuntur-suis
3644 1639 3661 1665 ,

2080 1682 2180 1722 nec
2204 1669 2325 1725 aliis
2369 1669 2692 1743 largiuntur;
2735 1676 2805 1732 de
2828 1676 2894 1733 iis
2913 1681 3002 1750 qui
3031 1692 3251 1752 paterna
3289 1685 3428 1741 bona
3469 1688 3661 1748 frustra

2077 1772 2418 1818 consumunt.
2445 1763 2629 1836 Neque
2651 1768 2793 1824 enim
2822 1769 2875 1824 hi
2916 1772 3140 1831 crimine
3164 1777 3315 1833 vacui
3345 1789 3490 1836 sunt.
3528 1782 3661 1840 Nam

2077 1853 2367 1922 quomodo,
2401 1872 2606 1926 quicso,
2643 1863 3010 1919 accusationes
3044 1873 3104 1922 et
3151 1868 3362 1939 culpam
3410 1872 3657 1944 eﬁ‘ugias,

2076 1947 2291 2015 quando
2337 1951 2600 2017 parasitus
2630 1962 2870 2009 ventrem
2913 1957 3116 2028 implet,
3162 1970 3220 2015 ut
3262 1975 3317 2017 et
3350 1967 3520 2032 canis,
3562 1972 3655 2036 qui

2074 2037 2280 2104 adstat;
2303 2039 2428 2095 dum
2455 2040 2699 2098 Christus
2727 2061 2795 2100 ne
2822 2045 2926 2103 hoc
2946 2049 3158 2119 quidem
3181 2052 3439 2111 beneﬁcio
3466 2056 3658 2129 dignus

2073 2134 2214 2204 apud
2245 2143 2295 2189 te
2320 2133 2544 2190 habetur
2562 2135 2586 2178 9
2611 2139 2823 2208 quando
2851 2140 2914 2206 is,
2939 2143 3028 2212 qui
3052 2145 3219 2200 risum
3248 2158 3427 2204 movet
3454 2192 3470 2215 ,
3512 2160 3655 2207 tama

2071 2227 2294 2297 accipit;
2324 2227 2413 2283 ille
2431 2239 2630 2297 autem,
2659 2230 2751 2300 qui
2771 2248 2992 2302 regnum
3007 2236 3260 2294 caelorum
3279 2239 3329 2294 in
3356 2244 3655 2298 mercedem

2072 2318 2246 2384 offert,
2276 2335 2343 2375 ne
2396 2321 2670 2376 minimam
2712 2324 2926 2392 quidem
2956 2325 3143 2383 horum
3195 2332 3443 2399 partem?
3479 2335 3569 2389 ille
3599 2347 3657 2391 ut

2071 2410 2241 2466 facete
2280 2412 2479 2482 aliquid
2520 2413 2681 2478 dicat,
2726 2416 2951 2472 satiatus
2989 2418 3125 2484 abit;
3159 2420 3246 2477 hic
3287 2438 3419 2479 vero
3458 2426 3550 2493 qui
3586 2444 3654 2481 ea

2071 2501 2245 2566 docet,
2278 2518 2397 2571 qua:
2427 2504 2531 2557 nisi
2561 2502 2940 2574 didicerimus,
2972 2509 3099 2562 nihil
3134 2527 3162 2565 ti
3194 2513 3415 2567 cantibus
3440 2514 3656 2572 differe-

2068 2610 2210 2655 mus.
2240 2610 2347 2649 non
2377 2594 2564 2650 eodem
2602 2614 2708 2664 quo
2736 2599 2825 2653 ille
2855 2600 3114 2657 beneﬁcio
3141 2603 3420 2672 dignatur?
3451 2607 3651 2665 Horre-

2068 2688 2174 2741 scis
2202 2685 2316 2742 haec
2330 2685 2636 2743 audiendo?
2660 2689 2922 2745 limresce
2941 2706 3070 2762 ergo
3095 2692 3163 2748 de
3191 2693 3362 2751 factis.
3386 2697 3532 2768 Ejice
3552 2716 3648 2770 pa-

2068 2779 2285 2846 rasitos,
2312 2790 2368 2834 et
2386 2778 2472 2835 fac
2496 2791 2669 2837 tecum
2693 2782 3015 2839 accumbere
3044 2785 3334 2844 Christum.
3374 2790 3429 2846 Si
3461 2793 3572 2849 sale
3597 2805 3651 2850 et

2068 2886 2252 2926 mensa
2282 2882 2454 2928 tecum
2481 2875 2979 2943 communicaverit,
3008 2890 3317 2935 mansuetus
3363 2883 3457 2938 tibi
3483 2883 3648 2953 judex

2066 2962 2170 3017 erit
2198 2981 2212 3017 :
2245 2964 2384 3020 solet
2405 2967 2639 3021 revereri
2686 2981 2947 3022 mensam.
2977 2968 3035 3023 Si
3075 2986 3304 3041 namque
3334 2973 3386 3028 id
3414 2975 3649 3032 latrones

2065 3054 2299 3120 faciant,
2332 3067 2529 3127 quanto
2559 3061 2727 3130 magis
2764 3061 3062 3117 Dominus?
3098 3062 3283 3134 Cogita
3320 3067 3462 3127 enim
3509 3085 3646 3137 quu-

2067 3149 2226 3204 modo
2243 3152 2578 3207 meretricem
2606 3153 2747 3207 illam
2769 3169 2798 3208 a
2815 3168 2998 3209 mensa
3019 3164 3075 3209 ut
3082 3154 3280 3224 justam
3300 3158 3643 3228 laudaverit‘,

2064 3254 2127 3294 ac
2148 3239 2350 3295 Simoni
2391 3242 2796 3312 exprobraverit
2841 3245 3028 3301 dicens
3064 3265 3077 3301 :
3111 3246 3361 3303 Osculum
3388 3251 3515 3307 milii
3542 3269 3645 3306 non

2065 3332 2247 3387 dctlisli
2274 3331 2294 3405 (
2325 3332 2449 3387 Luc.
2485 3335 2535 3388 7.
2564 3336 2634 3392 i5
2661 3336 2700 3405 ).
2725 3336 2875 3403 Quod
2903 3337 2947 3392 si
2977 3346 3028 3392 te
3055 3336 3170 3392 hare
3209 3355 3316 3394 non
3363 3339 3642 3397 facientem

2065 3425 2251 3487 nutrit,
2289 3427 2456 3478 multo
2488 3428 2655 3497 magis
2700 3427 2984 3499 facientem
3015 3429 3263 3486 mercede
3301 3431 3541 3489 donabit.
3569 3433 3646 3491 Ne

2064 3517 2275 3587 inopem
2295 3519 2580 3587 despicias,
2604 3518 2746 3590 quod
2771 3519 3018 3576 sordidus
3034 3532 3088 3576 et
3109 3522 3380 3591 squalidus
3394 3524 3644 3591 accedat;

2062 3609 2157 3663 sed
2185 3610 2381 3680 cogita,
2408 3610 2679 3665 Chrismm
2710 3627 2805 3680 per
2831 3612 3001 3680 ipSum
3030 3611 3247 3667 domum
3284 3622 3425 3669 tuam
3454 3614 3602 3670 adire
3624 3659 3642 3683 ,

2064 3717 2131 3756 ne
2161 3718 2349 3773 pergas
2378 3703 2521 3756 illum
2555 3703 2860 3758 inhumanis
2903 3706 3079 3759 verbis
3118 3705 3385 3761 incessere
3406 3748 3420 3773 ,
3451 3708 3644 3776 quibus

2061 3795 2377 3850 accedentes
2424 3796 2688 3851 lacessere
2744 3799 2922 3860 solcs,
2973 3797 3305 3865 importunus
3362 3799 3641 3866 vocando,

2062 3887 2264 3941 otiosos
2288 3928 2300 3949 ,
2330 3887 2775 3958 gravioribusque
2819 3889 2939 3943 aliis
2966 3889 3270 3943 nominibus
3300 3891 3641 3959 appellando.

2061 3978 2271 4046 Cogites
2302 3979 2458 4033 velim
2490 3978 2702 4049 quando
2726 3979 2842 4033 haec
2869 3979 3023 4043 dicis,
3050 3995 3168 4049 qua:
3197 3981 3285 4034 tibi
3305 3998 3465 4049 opera
3495 3998 3646 4050 para-

2058 4074 2144 4126 siti
2170 4072 2383 4137 i'aciant,
2414 4088 2480 4124 an
2510 4070 2561 4125 in
2600 4071 2778 4140 aliquo
2817 4070 3059 4124 familiari
3096 4072 3169 4125 rei
3205 4082 3305 4125 tmc
3329 4074 3437 4127 sint
3465 4074 3640 4128 utiles.

2059 4163 2369 4227 Prandium,
2425 4163 2653 4232 inquies,
2700 4162 2916 4216 suavius
2965 4161 3210 4217 reddunt.
3261 4163 3327 4217 Et
3377 4165 3642 4232 quomodo

2058 4254 2292 4317 suavius,
2317 4253 2441 4308 dum
2465 4252 2632 4322 alapis
2655 4251 2933 4307 caeduntur
2947 4267 3010 4306 ae
3036 4252 3206 4320 turpia
3227 4253 3552 4323 loquuntur?
3579 4255 3644 4309 [ﬁt

2057 4347 2181 4414 quid
2214 4345 2309 4398 hac
2339 4360 2396 4398 re
2425 4344 2697 4399 insuavius
2725 4385 2738 4407 ,
2784 4343 2999 4413 quando
3037 4341 3082 4396 is
3120 4344 3207 4412 qui
3251 4346 3315 4397 ad
3358 4345 3640 4414 imaginem

2057 4438 2150 4492 Dei
2185 4437 2352 4490 factus
2382 4446 2464 4489 est
2483 4436 2723 4499 caeditur,
2750 4444 2883 4489 etcx
2904 4435 3001 4489 hac
3017 4435 3339 4489 contumelia
3369 4437 3640 4506 voluptate

2057 4526 2308 4593 afﬁceris,
2340 4526 2483 4581 aedes
2502 4535 2618 4579 tuas
2640 4526 2688 4578 in
2723 4524 2982 4578 theatrum
3010 4535 3349 4589 convertens,
3373 4543 3434 4579 ac
3462 4529 3641 4579 mimis

2060 4616 2367 4670 convivium
2384 4614 2613 4681 replens,
2629 4613 2980 4681 sccoicosque
2994 4628 3149 4666 rasos
3162 4612 3533 4675 illiilai‘is,0tllll
3550 4627 3638 4666 no-

2062 4704 2186 4758 bilis
2200 4704 2439 4770 liberque
2460 4704 2531 4755 εἰ,
2547 4701 2709 4754 ?Nam
2729 4702 2800 4754 ibi
2820 4702 2963 4755 risus
2976 4703 3206 4771 etalapae
3221 4702 3481 4756 visuntur.
3497 4701 3642 4756 llaec-

2060 4795 2201 4859 cine,
2226 4809 2431 4863 quaeso,
2462 4793 2787 4861 voluptatem
2819 4794 3078 4862 appellas,
3107 4809 3228 4863 quia:
3262 4792 3445 4846 multis
3476 4794 3635 4862 digna

2063 4895 2192 4939 sunt
2216 4886 2485 4955 laeryniis,
2503 4884 2744 4948 ﬂetibus,
2764 4886 3222 4953 gemitibus‘irum
3247 4895 3520 4954 oporteret
3542 4901 3635 4939 eos

2054 4987 2119 5040 ad
2150 4987 2306 5038 vitam
2340 4981 2560 5051 probam
2592 4993 2864 5044 revocare,
2892 4977 2956 5031 ad
2983 4976 3216 5032 ofﬁcium
3248 4976 3467 5042 hortari,
3494 4989 3546 5030 ιιι
3570 4978 3636 5032 ad

2057 5081 2310 5149 perjuria,
2344 5078 2614 5144 verbaque
2655 5073 2825 5140 turpia
2874 5085 3152 5142 provocas,
3181 5080 3236 5125 ct
3266 5069 3369 5125 hoc
3394 5070 3639 5139 volupta-

2057 5183 2159 5226 tem
2186 5169 2459 5240 appellas?
2484 5167 2731 5237 quodque
2751 5164 2817 5218 ad
2844 5163 3141 5235 gehennam
3160 5162 3323 5228 ducit,
3356 5159 3641 5229 voluptatis

2054 5271 2423 5332 argumentum
2446 5276 2564 5314 esse
2593 5258 2784 5328 putas?
2804 5257 2933 5310 Cum
2953 5255 3094 5310 enim
3125 5254 3295 5308 facete
3314 5252 3439 5322 quid
3461 5252 3642 5306 dicere

2057 5354 2271 5422 parasiti
2316 5369 2419 5405 non
2454 5361 2706 5420 possunt,
2749 5346 3068 5416 juramentis
3116 5358 3178 5399 ac
3224 5342 3472 5413 perjuriis
3521 5358 3641 5396 sese

2057 5445 2180 5497 hinc
2204 5442 2509 5512 expediunt.
2557 5439 2799 5495 llmccinc
2849 5437 2957 5490 risu
3004 5433 3204 5504 digna?
3244 5449 3423 5487 annon
3469 5431 3643 5503 potius

2125 5686 2134 5714 '
2159 5690 2300 5733 Juxta
2318 5680 2457 5732 savii.
2481 5679 2741 5744 legendum
2768 5686 2921 5738 esset,
2940 5689 2970 5725 (ι
2987 5687 3150 5725 mensa
3172 5683 3333 5724 mutem
3355 5669 3605 5722 reddidrr.
