4028 6152
442 288 543 340 J93

437 496 560 549 tur?

508 587 559 639 7.
602 587 728 644 11100
753 607 910 661 porro
954 594 1094 661 dieo,
1139 612 1243 653 non
1268 614 1375 671 quo
1416 602 1723 671 prohibeam
1768 609 2018 666 alimenta

437 677 564 744 ipsis
589 682 934 750 suppeditari,
964 687 1057 741 sed
1086 704 1152 744 ne
1174 689 1272 745 hac
1300 692 1368 748 de
1388 709 1547 751 causa
1573 699 2013 768 suppeditentur:

434 764 796 837 humanitatis,
818 788 921 828 non
952 776 1293 837 immanitatis
1312 798 1470 840 causa
1500 788 1832 857 nutriantur;
1858 795 2016 849 mise-

433 858 659 915 ricordia
690 862 848 931 adsit,
877 883 981 921 non
1012 874 1355 927 contumelia.
1390 877 1653 935 Alimenta
1686 880 1783 950 ipsi
1814 885 2010 954 praebe,

425 954 548 1022 quia
592 970 792 1025 panper
824 968 906 1014 est
929 1000 946 1027 ,
996 971 1052 1017 et
1080 966 1200 1033 quia
1241 967 1292 1021 in
1325 967 1416 1024 illo
1456 970 1727 1029 Christum
1751 976 1875 1043 alis,
1906 994 2010 1034 non

425 1055 602 1100 autem
642 1050 763 1117 quia
811 1056 1048 1110 satanica
1078 1056 1278 1113 inducit
1320 1063 1502 1129 verba,
1552 1082 1810 1140 suamque
1847 1072 2008 1128 vitam

422 1135 688 1206 detnrpat.
716 1140 833 1195 Noli
859 1147 1172 1214 conspicere
1201 1150 1484 1220 ridentem,
1511 1158 1605 1212 sed
1627 1162 2006 1220 conscientiam

420 1225 536 1292 ejus
567 1229 805 1297 explora,
834 1241 888 1286 et
911 1242 1034 1290 tunc
1060 1237 1262 1295 videbis
1284 1243 1464 1318 ipsum
1496 1262 1615 1303 sese
1630 1251 1822 1308 millies
1842 1256 2007 1312 maleo

417 1315 704 1384 dicentem,
735 1336 1035 1392 gementem
1057 1338 1213 1399 atque
1235 1315 1593 1406 plangentem.
1627 1343 1795 1410 Quam
1827 1362 1936 1402 rem
1960 1349 2006 1404 si

417 1411 667 1478 Oeenltat,
693 1426 906 1483 propter
935 1430 983 1473 te
1001 1424 1248 1479 occultat.
1283 1425 1543 1486 Convivas
1578 1434 1832 1491 adhibeto
1861 1440 2005 1496 viros

422 1514 682 1568 pauperes
728 1506 1052 1581 liberosque,
1104 1530 1209 1570 non
1256 1520 1501 1589 perjuros
1556 1527 1636 1579 vel
1688 1529 1901 1585 mimos.
1945 1534 2001 1588 Si

416 1589 549 1645 velis
572 1602 746 1650 autem
776 1608 832 1653 ut
855 1600 1086 1671 aliquam
1110 1606 1206 1662 tibi
1232 1610 1400 1666 vicem
1424 1617 1718 1684 rependant
1738 1661 1750 1685 ,
1770 1622 1919 1689 jube,
1954 1626 1999 1679 si

414 1684 539 1751 quid
566 1686 794 1743 viderint
820 1691 1153 1763 indecorum,
1194 1700 1491 1772 increpare,
1524 1724 1747 1766 monere
1769 1753 1782 1777 ,
1813 1728 1999 1770 curam

413 1774 1158 1842 110111118οι101011110111111010.
1199 1791 1362 1848 Filios
1406 1795 1613 1853 habes?
1654 1774 1779 1857 Sinti
1822 1812 1994 1861 tecum

412 1880 588 1935 patres
620 1869 876 1938 ipsorum,
906 1884 962 1929 ct
983 1880 1241 1949 magistri,
1262 1884 1406 1940 lucra
1441 1888 1531 1943 tibi
1575 1903 1849 1962 reportent
1886 1898 1997 1953 Dco

409 1961 621 2028 placita.
670 1964 727 2018 lu
779 1970 1187 2038 negotiationem
1219 1978 1546 2045 spiritualem
1593 1961 1713 2041 illos
1744 1988 1988 2047 immitte.

407 2050 463 2104 Si
495 2064 737 2119 egentem
789 2061 1086 2126 patrocinio
1118 2066 1335 2136 videris,
1382 2072 1583 2142 impera
1628 2088 1684 2131 ut
1736 2083 1990 2138 auxilium

406 2155 660 2210 praestent
695 2158 749 2203 et
775 2151 1199 2212 subministrent.
1232 2159 1432 2217 [lorum
1465 2166 1763 2224 ministerio
1795 2188 1991 2230 venare

406 2235 732 2305 peregrinos,
762 2242 932 2297 nudos
963 2245 1124 2302 indue
1148 2288 1164 2315 ,
1200 2250 1252 2304 111
1276 2268 1544 2310 carcerem
1574 2260 1724 2315 mitte
1750 2305 1762 2327 ,
1788 2265 1990 2323 alienas

402 2326 551 2381 solve
580 2332 946 2388 necessitates.
980 2335 1129 2395 llanc
1152 2340 1244 2395 tibi
1275 2344 1343 2398 ob
1373 2349 1765 2417 suppeditatam
1802 2357 1988 2411 alimo-

402 2416 543 2471 niam
574 2420 742 2475 vicem
775 2427 1090 2497 rependant,
1124 2447 1241 2502 quae
1284 2445 1339 2490 et
1368 2437 1461 2492 tibi
1482 2416 1542 2494 et
1566 2442 1669 2497 illis
1699 2448 1903 2513 prosit,
1935 2460 1989 2505 et

400 2522 519 2576 qua:
548 2509 835 2581 improbari
869 2533 1153 2588 numquam
1183 2535 1376 2593 potest.
1409 2528 1543 2586 111110
1567 2536 1832 2592 strictiore
1854 2542 1987 2594 ami-

397 2601 538 2655 citiae
566 2606 774 2660 vinculo
796 2608 1113 2680 jungemini.
1137 2614 1287 2673 Nunc
1307 2621 1470 2689 enim,
1495 2626 1701 2682 etiamsi
1725 2639 1910 2698 putent
1927 2649 1984 2690 se

396 2695 587 2760 amari,
618 2706 851 2754 attamen
883 2703 1207 2762 erubescunt
1242 2712 1392 2780 quasi
1422 2717 1588 2784 gratis
1634 2720 1773 2789 apud
1822 2732 1875 2778 te
1906 2726 1984 2778 vi-

400 2795 621 2855 ventes;
653 2791 698 2845 si
725 2804 903 2849 antem
927 2797 1042 2853 hazc
1069 2800 1414 2873 perfecerint,
1452 2809 1673 2867 liberius
1701 2826 1857 2884 agent
1883 2858 1896 2882 ,
1927 2830 1980 2873 et

395 2885 453 2932 tu
481 2879 736 2938 libentius
767 2901 1005 2944 mensam
1037 2895 1333 2963 praebebis,
1379 2908 1560 2970 utpote
1596 2906 1684 2973 qui
1735 2879 1979 2978 sumptus

394 2984 499 3024 non
538 2973 657 3028 sine
703 2975 877 3033 fructu
921 2983 1254 3050 profundas:
1285 2989 1361 3045 illi
1404 3006 1523 3046 cum
1557 2994 1745 3051 ﬁducia
1801 2973 1975 3056 tecum

392 3062 593 3131 vivent,
619 3075 819 3124 etcum
843 3071 1051 3129 decenti
1083 3076 1349 3147 libertate,
1376 3080 1672 3156 domusque
1701 3098 1786 3144 tua
1810 3134 1823 3158 ,
1857 3108 1975 3163 qua:

394 3151 658 3210 theatrum
689 3169 829 3226 erat,
851 3165 1078 3221 ecclesia
1101 3170 1324 3237 evadet,
1353 3151 1603 3232 diabolus
1621 3151 1892 3252 aufugiet,
1922 3186 1974 3241 in

388 3259 505 3299 eam
526 3245 768 3304 Christus
796 3267 915 3307 cum
943 3259 1253 3327 angelorum
1278 3263 1443 3321 choro
1474 3267 1707 3325 intrabit.
1734 3245 1864 3328 ﬁam
1884 3276 1973 3333 ubi

387 3336 655 3407 Christus,
697 3342 767 3397 ibi
794 3349 966 3416 angeli
999 3351 1015 3381 ¹
1051 3370 1065 3406 :
1097 3352 1182 3408 ubi
1214 3372 1340 3412 vero
1375 3357 1616 3418 Christus
1668 3377 1723 3422 et
1761 3370 1968 3440 angeli,

387 3427 457 3481 ibi
485 3430 696 3496 cmlum,
727 3433 796 3489 ibi
828 3436 915 3491 lux
943 3440 1103 3496 solari
1132 3446 1482 3514 splendidior.
1514 3452 1571 3508 Si
1598 3466 1774 3512 autem
1811 3461 1968 3527 aliam

384 3516 453 3571 ab
480 3518 544 3573 iis
573 3520 701 3590 ipsis
739 3528 1156 3589 consolationem
1196 3538 1274 3593 vis
1302 3540 1395 3595 tibi
1419 3559 1626 3612 parere,
1669 3563 1765 3617 per
1801 3553 1966 3608 otium

380 3605 507 3676 jube
534 3609 653 3667 illos
673 3614 904 3672 divinam
933 3619 1102 3691 legent
1132 3624 1184 3679 in
1216 3627 1351 3685 libro
1386 3605 1584 3705 legere.
1613 3605 1965 3700 Libentiusiii

446 3803 1165 3893 intueri,inpiabis/tristris,
1199 3821 1271 3893 ibi
1306 3828 1484 3893 angeli,
1521 3831 1700 3887 desunt
1730 3850 1780 3885 in
1819 3840 1960 3891 Savil.

374 3872 538 3927 atque,
565 3878 618 3919 ut
642 3871 849 3935 videtur,
873 3891 961 3940 per
984 3871 1416 3939 hommotelcutotat:

373 3998 1667 4037 Ἢ

371 4217 499 4273 Car.
552 4224 632 4277 l-i.
679 4241 728 4278 v.
763 4228 851 4281 15.
896 4230 962 4283 Et
992 4248 1106 4285 cum
1147 4237 1368 4290 audisset
1395 4239 1564 4307 Iesus,
1608 4252 1807 4303 recessit
1845 4254 1965 4307 inde

445 4312 495 4362 in
522 4313 757 4367 navicula
781 4358 793 4378 ,
823 4318 875 4370 in
904 4319 1153 4374 desertum
1177 4325 1342 4379 locum
1362 4346 1585 4384 seorsum
1616 4350 1635 4387 :
1660 4347 1842 4392 etcum
1871 4360 1963 4395 au-

438 4402 626 4456 dissent
654 4406 842 4472 tiu-bat,
873 4426 1093 4480 sequuta:
1140 4426 1256 4469 sunt
1298 4434 1412 4473 eum
1458 4424 1667 4491 pedibus
1700 4429 1761 4483 de
1789 4433 1963 4486 civita-

442 4493 591 4549 tibus.

444 4589 493 4641 l.
527 4588 660 4647 Vide
703 4592 851 4649 illum
891 4611 1037 4667 saepe
1083 4602 1460 4673 secedentem,
1489 4620 1687 4667 etcum
1734 4617 1958 4673 traditus

364 4691 445 4733 est
466 4680 720 4751 Joannes,
744 4696 798 4740 et
825 4702 945 4742 cum
985 4692 1192 4748 occisus
1230 4704 1330 4759 cst,
1355 4706 1408 4751 et
1431 4714 1553 4754 cum
1576 4701 1744 4759 Judaei
1774 4708 1957 4764 audie-

366 4780 504 4837 runt,
535 4773 707 4843 ipsum
742 4777 999 4847 plurimos
1030 4782 1204 4840 facere
1246 4788 1553 4859 discipulos.
1612 4795 1772 4851 Multa
1811 4814 1951 4854 enim

368 4863 579 4918 volebat
629 4868 863 4925 humano
891 4889 1041 4929 more
1086 4893 1359 4949 peragere,
1393 4900 1513 4939 cum
1547 4889 1779 4944 nondmn
1815 4902 1950 4947 tem-

361 4969 457 5020 pus
490 4956 796 5015 advenisset
820 4980 927 5032 quo
967 4966 1217 5023 deitatem
1250 4988 1396 5027 suam
1426 4977 1620 5034 clarius
1665 4984 1946 5039 revelaret.

362 5045 486 5100 Iuleo
514 5047 788 5119 discipulis
815 5052 1027 5111 dicebat
1050 5099 1064 5121 ,
1096 5062 1295 5116 nemini
1341 5073 1399 5117 ut
1435 5066 1693 5135 dicerent,
1725 5089 1784 5127 se
1830 5090 1949 5131 esse

358 5137 630 5193 Christum
658 5158 670 5193 :
702 5156 823 5195 nam
864 5156 979 5212 post
1008 5154 1453 5209 resurrectionem
1489 5174 1639 5214 suam
1683 5163 1733 5217 id
1763 5174 1943 5221 notum

363 5228 476 5282 ticri
503 5229 714 5286 volebat
745 5250 759 5286 :
793 5246 1115 5306 quapropter
1144 5256 1249 5296 non
1272 5259 1489 5302 severus
1520 5249 1612 5305 fuit
1650 5253 1701 5306 in
1731 5255 1944 5312 Judaeos

357 5320 444 5387 qui
476 5330 599 5376 ante
630 5324 756 5380 illud
779 5334 989 5397 tempus
1018 5345 1122 5385 non
1143 5334 1441 5403 crederent,
1468 5343 1561 5396 sed
1592 5345 1639 5399 id
1664 5347 1768 5403 illis
1790 5350 1944 5406 facile

359 5409 713 5469 condonabat.
737 5414 1005 5475 Secedens
1035 5437 1196 5491 porro
1223 5440 1326 5479 non
1356 5427 1406 5483 in
1433 5431 1700 5490 civitatem
1728 5452 1787 5493 se
1812 5455 1942 5495 con-

355 5500 473 5563 l'crt,
491 5502 583 5555 sed
606 5503 655 5557 in
673 5504 966 5575 desertum,
983 5516 1209 5581 atquein
1229 5518 1465 5574 navicula
1482 5524 1692 5593 trajicit,
1710 5539 1765 5583 ut
1781 5546 1939 5587 nemo

352 5604 685 5659 sequeretur.
709 5597 788 5653 'l'u
819 5616 944 5657 vero
970 5606 1094 5659 mihi
1121 5610 1395 5666 c0usidcra
1427 5619 1693 5684 quomodo
1717 5622 1937 5681 Joannis

351 5679 597 5754 discipuli
627 5687 881 5762 deinceps
910 5693 1034 5751 Jesu
1063 5701 1227 5771 magis
1260 5701 1530 5760 laeserint.
1580 5708 1678 5780 Ipsi
1708 5728 1935 5786 namque

1185 296 1235 352 8.
1279 298 1555 356 JOANNIS
1590 304 2066 362 cnnvsosront
2104 312 2418 378 ARCtllEP.
2460 326 2989 399 coxsraumor.
3037 307 3039 309 ’

440 402 574 474 lacr}
588 404 688 458 mis
713 415 763 459 ct
783 407 1030 463 fletibus?
1057 410 1120 465 Et
1151 413 1267 481 quis
1305 427 1484 473 mente
1520 420 1704 476 valens
1732 423 1811 479 sic
1839 422 2024 495 loqua-

3612 371 3718 425 ὅηῦ

2131 429 2213 487 1118
2244 436 2335 490 tibi
2364 456 2567 501 morem
2589 464 2793 520 gerent,
2816 474 2973 528 quam
3005 463 3056 518 in
3085 467 3222 524 aliis.
3251 471 3376 531 11ωο
3401 482 3542 537 0111111
3587 496 3641 539 et
3667 498 3717 542 te

2127 534 2181 579 et
2212 526 2327 584 illos
2367 531 2703 599 honestiores
2746 526 3014 623 efficiunt;
3058 558 3146 614 illa
3192 578 3339 631 vero,
3390 587 3508 641 qua:
3552 592 3714 645 supra

2127 616 2351 645 .I:..:.....-_
2427 642 2499 645 .___
2680 635 2691 645 .
2792 638 2806 645 -
2866 641 2879 645 _
2935 643 2946 645 _

2126 616 2352 677 diximus
2374 664 2389 688 ,
2418 642 2606 685 omnes
2648 635 2806 693 simul
2847 641 3175 706 dedecorant
3207 674 3220 709 :
3254 663 3304 712 te
3337 616 3712 725 111Ίο0111111110-

2124 709 2313 769 liosum
2335 727 2390 773 et
2421 725 2785 799 temulentum,
2812 733 2933 793 illos
2965 750 3022 795 ut
3050 746 3274 804 miseros
3302 762 3356 807 et
3388 761 3554 813 ventri
3588 778 3710 817 ser-

2121 802 2345 863 vientes.
2374 809 2505 867 Nam
2549 818 2594 871 si
2643 820 2708 874 ad
2736 832 3110 925 contumean
3142 843 3342 899 nutrias
3364 887 3378 909 ,
3402 848 3452 902 id
3493 855 3713 920 gravius

2119 906 2219 963 es"
2251 916 2406 969 quam
2429 905 2474 960 Si
2498 911 2803 982 οθοῖάεΐθδτζ
2860 922 2940 976 Sin
3088 930 3367 990 utilitatem
3396 948 3449 993 et
3475 941 3707 1013 lucrum,

2120 985 2168 1013 ζιΙ
2198 987 2449 1013 θ....-ι----ο
2609 1010 2618 1013 -
2884 1011 2895 1013 _

2118 985 2169 1040 id
2195 987 2516 1052 fructuosius
2542 1010 2643 1067 est,
2675 1021 2834 1074 quam
2851 1011 2898 1066 si
2925 1014 2990 1068 ad
3017 1029 3245 1077 mortem
3275 1027 3532 1087 abductos
3564 989 3705 1093 libe:

2115 1094 2282 1136 rares.
2312 1084 2462 1142 Nunc
2478 1100 2655 1147 autem
2684 1096 2803 1154 illos
2817 1106 2988 1174 magis
3005 1124 3161 1178 quam
3175 1130 3366 1174 servos
3386 1121 3701 1194 dedecoras,

2114 1179 2167 1224 et
2193 1175 2331 1229 servi
2360 1179 2547 1248 majori
2576 1186 2714 1253 apud
2746 1197 2798 1246 te
2826 1175 3104 1256 fiducia—ac
3140 1204 3385 1266 libertate
3426 1175 3698 1284 fruuntur;

2115 1262 2198 1284 ει.-
2235 1281 2249 1284 -
2303 1278 2313 1284 .
2542 1275 2553 1284 -

2113 1262 2204 1318 1110
2229 1278 2404 1324 autem
2432 1275 2591 1330 modo
2620 1279 2737 1335 illos
2761 1288 2965 1355 angelis
2992 1307 3147 1361 pares
3175 1296 3331 1356 facis.
3365 1303 3431 1358 Et
3460 1316 3511 1361 te
3537 1262 3700 1378 igitur

2111 1364 2165 1409 et
2194 1357 2313 1414 illos
2341 1360 2506 1418 libera
2532 1407 2547 1432 ,
2591 1374 2942 1437 parasitorum
2975 1357 3167 1441 nomen
3219 1389 3287 1446 de
3327 1396 3505 1450 medio
3533 1357 3699 1469 t:l!e,

2108 1450 2365 1507 convivas
2394 1458 2621 1525 appella,
2650 1472 2705 1516 et
2732 1467 2883 1532 pulso
2912 1472 3246 1535 adulatorum
3275 1488 3522 1557 nomine,
3550 1494 3690 1548 ami-

2107 1555 2291 1598 corum
2322 1547 2480 1606 induc
2499 1555 2928 1621 appellationem.
2960 1566 3082 1624 Ideo
3097 1574 3357 1632 amicitias
3379 1580 3503 1637 fecit
3528 1585 3693 1652 Deus,

2106 1649 2211 1688 non
2258 1636 2309 1690 in
2344 1638 2595 1699 damnum
2648 1648 2961 1711 dilectorum
3007 1670 3061 1714 et
3101 1663 3453 1739 diligentiam,
3483 1659 3578 1731 sed
3617 1636 3690 1733 ad

2104 1738 2288 1781 eorum
2320 1728 2516 1789 bonum
2540 1746 2700 1808 atque
2723 1745 3021 1803 utilitatem.
3070 1752 3178 1809 11110
3196 1728 3398 1817 vautem
3441 1768 3693 1825 amicitia

2106 1817 2379 1878 inimicitia
2417 1830 2561 1883 omni
2604 1843 2727 1888 sunt
2755 1840 3030 1906 graviores
3060 1861 3073 1897 :
3106 1863 3225 1904 nam
3265 1853 3333 1907 ab
3362 1857 3610 1928 inimicis,
3644 1864 3690 1917 si

2102 1913 2350 1982 velimus,
2371 1918 2566 1990 aliquid
2590 1924 2722 1980 lucri
2745 1929 2945 1987 referre
2963 1950 3275 2009 possumus;
3302 1945 3371 2000 ab
3399 1947 3480 2003 his
3508 1960 3688 2007 autem

2100 2009 2405 2063 necessario
2429 2011 2697 2072 laedimur.
2715 2019 2791 2075 Ne
2819 2025 3053 2084 retineas
3072 2032 3272 2089 amicos
3302 2036 3480 2095 damni
3514 2045 3684 2113 magi-

2100 2102 2269 2160 stros;
2300 2114 2367 2155 ne
2394 2102 2625 2161 retineas
2648 2111 2872 2181 amicos,
2904 2118 2993 2186 qni
3021 2136 3258 2179 mensam
3286 2130 3454 2200 magis
3489 2145 3683 2191 curant

2098 2200 2254 2255 quam
2284 2192 2589 2251 amicitiam.
2614 2199 2678 2255 Hi
2698 2203 2891 2274 quippe
2917 2223 3122 2278 omnes,
3155 2216 3198 2269 si
3226 2192 3424 2276 mensa:
3455 2223 3677 2282 delicias

2098 2281 2295 2348 solvas,
2323 2286 2611 2345 aniicitiam
2648 2295 2882 2352 solvunt.
2917 2302 3015 2366 Qui
3052 2316 3227 2362 autem
3268 2313 3480 2370 virtutis
3523 2333 3683 2376 causa

2098 2382 2268 2429 tecum
2300 2391 2598 2451 versantur,
2632 2401 2847 2445 manent
2880 2406 3156 2465 perpetuo,
3208 2418 3422 2461 omnem
3451 2408 3686 2468 ferentes

2095 2467 2824 2542 fortuna:inmquabilitatem.
2857 2484 3217 2549 Parasitorum
3260 2513 3386 2552 vero
3420 2516 3589 2571 genus
3630 2515 3685 2559 te

2093 2574 2235 2630 smpe
2255 2565 2411 2619 etiam
2437 2569 2727 2638 ulciscitur,
2753 2586 2807 2630 et
2834 2580 3022 2634 malam
3050 2584 3117 2639 de
3146 2595 3197 2642 te
3232 2590 3681 2651 existimationem

2091 2656 2310 2724 spargit.
2339 2657 2470 2713 Novi
2502 2672 2646 2718 certe
2668 2668 2861 2722 multos
2890 2670 3147 2742 ingenuos
3173 2677 3335 2744 viros,
3368 2684 3454 2752 qui
3481 2686 3678 2740 malam

2092 2746 2213 2802 inde
2234 2748 2426 2804 famam
2456 2753 2554 2807 sibi
2601 2772 2944 2827 pepererunt,
2975 2774 3029 2819 ct
3055 2767 3142 2821 alii
3167 2769 3233 2823 de
3262 2773 3518 2829 maleficis
3541 2779 3678 2831 arti-

2089 2837 2207 2903 bus,
2254 2842 2342 2895 alii
2376 2844 2443 2898 dc
2489 2846 2771 2916 adulterio,
2802 2853 2891 2906 alii
2934 2855 3001 2911 de
3050 2873 3333 2925 puerorum
3373 2870 3675 2936 corruptela

2086 2932 2315 2984 accusati
2344 2943 2486 2988 sunt.
2516 2935 2648 2991 Cum
2682 2941 2824 2995 enim
2870 2943 2998 2998 nihil
3037 2949 3216 3018 operis
3258 2952 3340 3007 vel
3379 2932 3548 3017 officii.
3574 2958 3677 3013 ha-

2085 3019 2265 3089 beant,
2294 3024 2389 3078 scd
2416 3035 2473 3080 ut
2504 3043 2659 3084 casus
2690 3032 2790 3086 fert
2814 3035 2976 3090 vitam
3006 3050 3188 3109 agant,
3222 3044 3272 3098 in
3313 3049 3670 3117 suspicionem

2085 3114 2322 3182 veniunt,
2352 3118 2494 3187 quod
2539 3118 2677 3172 idem
2705 3136 2769 3175 ac
2792 3127 2948 3191 pueri
2975 3128 3339 3189 ministerium
3360 3138 3671 3196 exhibeant.

2081 3202 2264 3261 Talem
2295 3222 2422 3277 ergo
2444 3209 2635 3263 famam
2676 3220 2731 3265 ut
2779 3216 3170 3285 propulsemus,
3196 3222 3246 3273 in
3285 3224 3468 3291 primis
3492 3235 3547 3279 nt
3590 3230 3670 3282 fu-

2083 3302 2257 3349 turam
2304 3297 2601 3366 gehennam
2633 3302 2882 3369 vitemus,
2915 3316 2969 3361 et
3000 3308 3109 3365 Deo
3156 3311 3347 3379 placita
3385 3313 3665 3383 faciamus,

2080 3383 2219 3439 hanc
2248 3384 2562 3444 diabolicam
2604 3395 3047 3451 consuetudinem
3092 3400 3388 3469 solvamus;
3423 3414 3479 3459 ut
3512 3422 3669 3462 man-

2077 3476 2335 3534 ducantes
2356 3489 2411 3534 et
2439 3482 2681 3539 bibentes
2702 3489 2875 3541 omnia
2899 3489 2965 3544 ad
2994 3491 3216 3561 gloriam
3260 3496 3351 3551 Dei
3385 3496 3667 3568 faciamus,

2076 3578 2131 3624 et
2152 3570 2319 3639 ipsius
2342 3572 2528 3643 gloriae
2580 3576 2747 3632 simus
2781 3592 3058 3639 consortes
3103 3584 3201 3656 (2.
3232 3586 3349 3642 Cor.
3387 3590 3471 3643 10.
3499 3591 3559 3645 3t
3596 3592 3615 3661 )
3649 3611 3663 3645 :

2075 3678 2233 3732 quam
2260 3680 2357 3719 nos
2381 3680 2568 3722 omnes
2596 3672 2804 3739 assequi
2833 3675 3118 3746 contingat,
3150 3679 3315 3747 gratia
3340 3680 3664 3752 0111011181ιί-

2077 3763 2182 3809 tate
2210 3755 2418 3811 Domini
2452 3759 2622 3813 nostri
2654 3760 2782 3817 Jesu
2828 3764 3059 3831 Christi,
3082 3769 3166 3823 cui
3194 3771 3365 3841 gloria
3404 3782 3459 3827 et
3487 3774 3660 3844 impe-

2073 3849 2206 3903 rium
2232 3867 2371 3907 nunc
2399 3863 2453 3909 et
2469 3869 2704 3925 semper,
2724 3866 2776 3912 et
2804 3857 2855 3913 in
2881 3861 3075 3916 sazcula
3100 3864 3438 3921 szeculorum.
3459 3870 3661 3923 Amen.

1568 4104 1910 4171 HOMILIA
1961 4115 2191 4177 XLIX.
2241 4121 2327 4180 al.
2382 4122 2456 4181 L.

2076 4263 2385 4319 inuniarnnt
2433 4267 2504 4330 ei,
2547 4272 2671 4337 quid
2724 4274 2865 4331 circa
2907 4276 3168 4335 Joannem
3212 4293 3422 4352 gestum
3459 4297 3603 4343 esset
3639 4307 3654 4341 :

2070 4357 2424 4428 otnnibusque
2468 4364 2669 4419 relictis
2695 4368 2763 4423 ad
2792 4371 2964 4439 ipsum
3004 4374 3178 4430 solum
3207 4379 3537 4449 confugiunt.
3568 4384 3657 4439 Sic

2070 4463 2179 4500 rem
2203 4466 2305 4504 11011
2327 4453 2586 4509 modicam
2607 4472 2723 4526 post
2742 4461 3093 4520 calamitatem
3114 4468 3277 4535 illam,
3300 4483 3351 4525 et
3374 4486 3652 4545 postquam

2066 4556 2129 4592 ex
2163 4545 2505 4612 responsione
2536 4565 2693 4619 supra
2723 4555 2880 4609 allata
2908 4566 3073 4613 totum
3100 4572 3244 4618 recte
3265 4563 3601 4635 disposuerat
3628 4612 3643 4633 ,

2065 4641 2314 4699 operatus
2343 4645 2443 4689 est.
2476 4637 2581 4693 Sed
2620 4656 2715 4695 cur
2741 4659 2845 4698 non
2879 4650 3102 4704 recessit
3140 4662 3421 4724 antequam
3471 4658 3522 4711 id
3573 4660 3648 4714 illi

2064 4721 2389 4790 nuntiarent,
2416 4729 2506 4796 qui
2546 4744 2658 4784 rem
2691 4734 2925 4790 nondum
2977 4721 3478 4814 nuntiatam‘probe
3505 4750 3646 4804 scie-

2062 4809 2151 4864 bat
2175 4812 2196 4865 ?
2224 4812 2292 4869 Ut
2319 4831 2413 4884 per
2440 4820 2617 4873 omnia
2646 4828 2960 4882 oeconomiae
2994 4832 3270 4888 veritatem
3312 4836 3647 4893 demonstra-

2060 4911 2161 4955 ret.
2188 4902 2302 4958 Non
2330 4906 2471 4961 enim
2502 4924 2567 4964 ex
2598 4913 2711 4967 visu
2741 4925 2967 4983 tantum,
2999 4918 3090 4975 sed
3117 4923 3274 4977 etiam
3300 4943 3361 4979 ex
3394 4930 3645 4997 operibus

2059 4991 2108 5045 id
2141 4993 2443 5051 confirmari
2476 5001 2707 5067 volebat,
2728 5007 2868 5073 quod
2898 5010 3093 5065 diaboli
3127 5016 3412 5069 versutiam
3438 5030 3638 5088 nosset,

2055 5083 2142 5151 qui
2168 5086 2297 5139 nihil
2325 5104 2427 5141 non
2451 5092 2641 5160 agebat
2666 5104 2720 5148 ut
2748 5096 2885 5153 hanc
2918 5100 3126 5157 tolleret
3151 5106 3474 5173 opinionem.
3520 5109 3647 5166 Ideo

2055 5172 2211 5240 igitur
2232 5176 2320 5231 ille
2340 5181 2580 5235 secessit.
2607 5183 2798 5241 Turba:
2828 5198 3004 5244 autem
3036 5209 3207 5263 neque
3228 5197 3305 5251 sic
3323 5198 3638 5267 abscedunt,

2051 5264 2147 5318 sed
2173 5279 2467 5336 sequuntur
2495 5272 2757 5331 limreutes
2786 5278 2907 5347 ipsi,
2942 5296 3112 5351 neque
3143 5287 3333 5341 terruit
3360 5305 3455 5344 eos
3478 5290 3640 5345 Joan-

2050 5354 2133 5409 nis
2164 5356 2428 5415 interitus.
2457 5361 2600 5417 Talis
2621 5376 2701 5419 est
2726 5367 2961 5436 dilectio,
2987 5373 3105 5426 talis
3129 5388 3303 5443 amor,
3327 5380 3416 5448 qui
3459 5383 3636 5438 omnia

2047 5445 2227 5514 gravia
2268 5461 2485 5519 superet
2516 5464 2569 5508 et
2611 5460 2873 5527 expulset.
2932 5463 3056 5518 ldco
3103 5467 3282 5522 statim
3336 5472 3636 5527 mercedem

2047 5551 2366 5607 acceperunt
2392 5560 2405 5595 ;
2430 5543 2515 5597 M.
2541 5544 2666 5599 Cum
2688 5550 2828 5603 enim
2853 5553 3051 5621 emisset,
3077 5557 3167 5619 ait,
3196 5556 3365 5623 Iesus,
3394 5562 3514 5613 cidit
3535 5573 3636 5615 tur-

2045 5628 2160 5682 bant
2209 5631 2417 5685 multam
2443 5675 2458 5697 ,
2486 5644 2533 5687 It
2576 5638 2804 5693 misertus
2838 5652 2908 5695 cst
2940 5645 3029 5708 eis,
3056 5656 3101 5699 et
3145 5652 3335 5703 curavit
3367 5653 3634 5722 languidos

2043 5737 2234 5774 cwttm.
2292 5725 2510 5781 Etiamsi
2559 5730 2701 5785 cnim
2755 5749 2949 5804 magno
2992 5737 3067 5792 illi
3120 5741 3296 5797 studio
3343 5744 3631 5813 haererent,
