4028 6152
204 297 282 352 ΜΠ

207 423 408 469 attamen
434 419 500 461 ea
526 418 686 478 quam
713 417 744 457 a
772 400 989 456 Christo
1011 397 1348 468 excipiebant
1378 410 1605 463 merces,
1650 402 1761 450 stu-

210 508 328 561 dimu
365 513 548 555 eorum
581 496 738 566 longe
760 492 1062 562 superabat.
1096 488 1299 545 Idcirco
1330 488 1487 558 hujus
1531 486 1766 543 curatio-

209 600 274 653 nis
299 605 499 647 causam
533 588 682 659 [tinuit
705 628 719 648 ,
751 599 945 654 nempe
995 581 1393 638 miserationem
1420 621 1435 645 ,
1461 577 1763 633 miseratio-

210 703 326 749 uetn,
353 685 562 752 inquam
591 721 605 745 ,
636 677 1007 733 vehementem
1056 694 1069 729 :
1113 686 1407 742 omnesque
1455 679 1625 725 curat.
1671 669 1767 724 llic

206 781 336 832 tidem
361 790 461 829 non
489 772 709 842 expetit.
740 769 868 823 Nam
887 764 1028 837 quod
1060 763 1336 826 accedant,
1360 760 1500 833 quod
1523 761 1765 814 civitates

208 869 491 938 relinquant,
520 862 662 933 quod
691 860 971 930 diligenter
993 858 1164 926 ipsum
1191 863 1453 924 quierant,
1475 853 1614 923 quod
1644 868 1762 906 eum

205 963 282 1018 illo
306 965 560 1021 maneant,
595 953 873 1023 ingruente
897 948 1057 1013 fame,
1094 947 1249 1001 fidem
1276 946 1485 1000 illorum
1511 944 1763 1001 declarat.

208 1054 436 1110 Alimenta
469 1061 628 1117 porro
662 1045 765 1097 illis
807 1040 1240 1110 suppeditaturus
1266 1047 1366 1091 est.
1400 1035 1457 1090 Id
1498 1050 1627 1089 vero
1656 1049 1762 1088 non

207 1145 400 1212 aseipso
422 1139 565 1201 facit,
589 1137 682 1190 sed
712 1141 983 1203 exspectat
1005 1130 1178 1185 donec
1205 1137 1443 1199 rogetur,
1476 1125 1606 1181 illud
1627 1140 1769 1179 sem.

207 1254 283 1308 per
307 1236 605 1293 uhserrans,
645 1238 699 1281 ut
725 1228 833 1296 jam
863 1224 993 1288 dixi,
1028 1237 1095 1276 ne
1116 1221 1262 1291 prior
1290 1219 1356 1273 ad
1388 1215 1642 1272 miracula
1673 1232 1766 1285 pa-

208 1325 450 1383 trandase
480 1322 738 1381 conferat,
766 1316 858 1371 sed
888 1324 1105 1386 rogatus
1132 1321 1354 1366 tantum.
1392 1310 1462 1364 At
1485 1325 1581 1363 cur
1611 1323 1769 1363 nemo

203 1434 260 1473 ex
288 1415 421 1471 turba
443 1411 706 1468 accedens
732 1407 1002 1462 Christum
1028 1420 1124 1474 pro
1150 1403 1277 1472 ipsis
1304 1400 1556 1471 rogavit?
1578 1400 1767 1454 Mirum

208 1511 251 1562 in
294 1505 494 1561 modum
522 1498 906 1556 reverebantur
946 1496 1139 1565 ipsum,
1170 1505 1328 1562 atque
1355 1507 1431 1545 ex-
1464 1491 1632 1560 ipsius
1674 1506 1769 1544 au-

201 1599 351 1655 diendi
373 1606 419 1650 et
439 1591 697 1664 sequendi
714 1588 1001 1652 desiderio,
1026 1603 1093 1642 ne
1112 1585 1304 1639 famem
1324 1584 1538 1654 quidem
1567 1584 1766 1638 sentic-

206 1698 329 1746 bant.
352 1689 532 1759 Neque
558 1685 801 1755 discipuli
829 1698 926 1752 pro
950 1681 1102 1735 turba
1128 1680 1327 1750 precati
1359 1687 1501 1741 sunt,
1527 1687 1584 1731 ut
1608 1678 1773 1731 aleret

200 1801 297 1848 eos,
320 1781 434 1853 quia
459 1778 639 1835 adhuc
673 1772 1092 1846 impcrfectiores
1146 1780 1318 1825 erant.
1371 1768 1509 1837 Quid
1560 1768 1764 1836 igitur?

205 1878 277 1931 l5.
315 1873 522 1944 Vespere
547 1880 715 1924 autem
742 1871 878 1939 facto
901 1906 917 1928 ,
947 1863 1156 1934 inquit,
1185 1869 1500 1915 accesserunt
1530 1858 1768 1924 discipuli

200 1970 289 2039 (jus
312 1966 522 2020 dicentes
549 1978 569 2017 :
597 1961 833 2016 Desertus
860 1967 932 2012 est
960 1957 1122 2021 locus,
1160 1964 1208 2010 et
1247 1955 1373 2008 hora
1402 1954 1519 2024 jam
1549 1962 1765 2022 printer-

203 2060 247 2111 iit
274 2074 287 2111 :
311 2057 493 2110 dimitte
552 2052 748 2117 turbas,
779 2059 831 2103 ut
864 2059 1037 2104 euntes
1078 2056 1243 2100 emant
1289 2045 1387 2099 sibi
1425 2060 1583 2098 escas.
1641 2043 1771 2098 Nam

202 2153 238 2206 si
279 2161 384 2221 post
424 2148 622 2203 factum
678 2142 991 2199 miraculum
1040 2139 1157 2210 ejus
1200 2137 1352 2192 obliti
1391 2146 1535 2200 sunt,
1566 2134 1610 2189 si
1658 2146 1775 2203 post

202 2256 382 2315 spat-tas
407 2244 521 2298 illas
572 2239 826 2311 putabant
877 2237 1026 2291 illum
1079 2234 1147 2289 de
1191 2231 1416 2303 panibus
1448 2228 1613 2298 loqui,
1649 2240 1771 2281 cum

203 2336 462 2389 duetriuam
487 2332 882 2387 Pharismorum
908 2325 1228 2381 fermentum
1255 2320 1539 2391 appellavit
1559 2316 1771 2389 (Matth.

204 2428 276 2482 lii.
303 2429 350 2496 6)
383 2426 595 2481 :multo
641 2423 815 2476 minus
841 2462 855 2485 ,
885 2433 1008 2473 cum
1066 2416 1172 2470 tale
1220 2415 1429 2484 signum
1486 2425 1771 2479 numquam

203 2521 425 2576 ridissent
455 2559 471 2586 ,
522 2514 816 2587 quidquam
868 2508 1170 2581 hujusmodi
1223 2503 1543 2576 suspicaturi
1597 2508 1773 2556 erant.

202 2610 395 2666 Etiamsi
440 2610 608 2678 prius.
637 2606 837 2660 multos
871 2609 1113 2658 curasset
1147 2598 1420 2663 infirmos,
1443 2609 1554 2649 non
1599 2602 1775 2647 tamen

202 2706 301 2761 ideo
326 2703 457 2774 quod
485 2704 554 2760 de
587 2700 811 2771 panibus
841 2699 1074 2750 futurum
1103 2700 1221 2748 erat
1248 2686 1669 2759 exspectabant:
1703 2685 1774 2737 ita

201 2804 331 2851 erant
348 2796 520 2851 adhuc
543 2788 862 2860 imperfecti.
881 2786 960 2841 Tu
981 2801 1109 2838 vero
1134 2782 1261 2836 mihi
1293 2778 1535 2834 Doctoris
1560 2774 1774 2845 sapien-

202 2889 307 2942 tiam
343 2885 634 2958 perpende,
668 2879 935 2952 quomodo
962 2878 1107 2946 ipsos
1136 2876 1282 2929 clare
1309 2872 1374 2926 ad
1403 2869 1558 2925 fidem
1598 2873 1774 2922 vocet.

197 2979 357 3048 Neque
382 2978 525 3032 enim
552 2974 737 3031 statim
759 2971 914 3035 dixit,
940 2970 1090 3024 Alam
1117 2981 1211 3021 eos
1240 2982 1253 3017 :
1281 2979 1456 3033 neque
1476 2961 1618 3016 enim
1651 2958 1779 3014 illud

198 3070 332 3127 facile
358 3068 619 3125 credituri
660 3074 834 3121 erant.
866 3059 969 3114 Sed
1003 3056 1130 3126 quid
1163 3056 1333 3109 dl\i!?
1366 3051 1453 3104 lli.
1487 3047 1641 3103 Jesns
1673 3061 1770 3098 au-

198 3153 788 3224 mn,iuquit,diriteis:
814 3147 936 3203 Non
967 3144 1148 3198 habent
1180 3156 1377 3199 necesse
1405 3140 1494 3202 ire,
1525 3137 1640 3190 date
1677 3134 1780 3188 illis

198 3266 269 3304 ras
290 3250 618 3304 mamlmre.
661 3245 778 3300 Non
805 3242 970 3307 dixit,
1003 3238 1153 3294 Dabo
1197 3237 1307 3299 eis;
1336 3233 1428 3289 sed
1451 3275 1464 3299 ,
1497 3230 1605 3285 Vos
1632 3229 1777 3284 date.

195 3341 309 3396 Nam
333 3342 481 3396 illum
519 3339 704 3394 adhuc
740 3346 798 3390 ut
823 3332 1096 3388 hominem
1125 3327 1411 3383 habebant.
1443 3321 1522 3377 Illi
1556 3336 1683 3375 vero
1712 3333 1781 3374 ne

199 3444 305 3489 tunc
327 3433 539 3505 quidem
561 3429 635 3485 ad
655 3429 845 3484 altiora
872 3425 1166 3494 eriguntur,
1193 3417 1287 3473 sed
1308 3415 1482 3470 adhuc
1509 3424 1564 3467 ut
1579 3409 1780 3466 homini

194 3526 506 3597 respondent
544 3542 559 3578 :
608 3524 701 3578 Π.
735 3518 857 3574 Non
884 3516 1124 3570 habemus
1150 3510 1248 3565 nisi
1272 3508 1490 3579 quinque
1514 3520 1669 3577 panes
1690 3544 1705 3568 ,
1735 3511 1784 3556 et

196 3595 306 3671 duos
333 3620 506 3686 pisces.
539 3616 670 3671 Ideo
696 3611 902 3666 Marcus
927 3607 1074 3679 (Cap.
1094 3604 1146 3659 8.
1166 3599 1253 3673 i7)
1276 3599 1369 3661 ait,
1401 3598 1544 3667 ipsos
1576 3612 1681 3650 non
1705 3595 1784 3648 iu-

196 3708 442 3763 tellexisse
481 3708 535 3761 id
567 3703 726 3776 quod.
769 3699 1075 3760 dicebatur,
1105 3701 1221 3748 erat
1269 3690 1411 3745 enim
1465 3703 1559 3741 cor
1597 3700 1783 3741 eorum

196 3809 523 3855 occatcatum.
580 3797 722 3866 Quia
771 3793 929 3863 igitur
972 3788 1147 3843 adhuc
1172 3784 1317 3839 hutni
1362 3780 1636 3852 repebant,
1668 3793 1786 3848 qme

195 3905 276 3946 sua
326 3902 477 3945 erant
508 3888 628 3959 jam
680 3883 881 3941 inducit
908 3891 960 3935 et
987 3882 1102 3933 ait:
1138 3877 1224 3932 18.
1270 3872 1461 3942 Alfene
1499 3872 1616 3926 illos
1657 3869 1781 3923 mihi

199 3983 303 4038 huc.
322 3984 546 4039 Etiamsi
578 3980 732 4037 enim
758 3978 1001 4032 desertus
1027 3981 1110 4027 est
1133 3971 1303 4031 lucus.
1334 3966 1427 4021 sed
1473 3965 1518 4019 is
1566 3964 1654 4034 qui
1698 3978 1788 4017 or.

196 4075 307 4130 hem
328 4076 417 4131 alit
446 4075 536 4129 hic
559 4074 765 4136 adest;
803 4067 902 4124 etsi
955 4080 1081 4119 vero
1124 4061 1254 4116 hora
1305 4058 1548 4121 transiit,
1581 4054 1675 4111 scd
1706 4056 1748 4108 is
1768 4093 1784 4120 ,

198 4167 274 4234 qui
302 4167 443 4220 hora:
464 4164 755 4233 subjectus
782 4173 888 4213 non
912 4165 1013 4219 est,
1033 4154 1141 4224 jam
1169 4166 1262 4205 vos
1291 4148 1598 4218 alloquitur.
1617 4145 1787 4200 Joan-

202 4258 327 4330 nes(
356 4258 485 4328 Cap.
516 4257 572 4312 6.
605 4255 683 4325 9)
744 4264 876 4306 vero
903 4248 977 4301 ait
1020 4259 1183 4316 panes
1219 4240 1544 4296 hordeaceos
1591 4236 1790 4302 fuisse;

199 4327 356 4418 neque
382 4351 500 4402 sine
521 4361 694 4400 causa
726 4340 945 4410 adjicit,
973 4337 1065 4394 sed
1095 4345 1153 4389 ut
1177 4348 1275 4389 nos
1302 4332 1541 4386 instituat
1578 4327 1643 4381 ad
1675 4327 1793 4381 lau-

200 4449 293 4496 tam
318 4454 564 4497 mensam
599 4430 1051 4492 conculcandam.
1091 4427 1237 4482 Talis
1284 4438 1476 4492 nempe
1513 4427 1630 4475 erat
1670 4434 1788 4489 pro-

197 4533 467 4601 phetarum
515 4546 740 4588 mensa.
772 4526 859 4584 19.
915 4524 1042 4581 Cmn
1067 4523 1219 4591 igitur
1263 4519 1535 4586 accepisset
1578 4515 1796 4585 quinque

198 4642 372 4694 panes,
403 4635 449 4680 et
480 4625 617 4679 duos
650 4622 820 4690 pisces
843 4658 860 4683 ,
890 4624 935 4671 et
973 4613 1209 4686 jussisset
1236 4609 1404 4664 turbas
1432 4606 1717 4662 recumbere
1744 4604 1798 4658 in

198 4717 345 4783 Ῑωιιοε
369 4714 761 4785 respiciens-iu
783 4710 961 4765 calum
991 4703 1238 4760 benedixit
1270 4718 1288 4755 :
1316 4716 1526 4769 cumque
1549 4698 1798 4768 fregisset,

198 4807 322 4862 dedit
365 4807 643 4880 discipulis
686 4804 796 4859 suis
821 4841 835 4866 ,
867 4797 1104 4865 discipuli
1151 4803 1317 4848 autem
1361 4792 1517 4846 turbis
1558 4807 1576 4845 :
1623 4790 1713 4845 20.
1754 4798 1802 4843 et

198 4900 620 4954 manducaverunt
649 4909 851 4956 omnes,
877 4900 922 4945 et
945 4887 1160 4945 saturati
1185 4895 1300 4939 sunt
1331 4900 1350 4938 :
1369 4893 1415 4937 et
1443 4881 1659 4936 tulerunt
1679 4881 1803 4934 r‘eli-

199 4992 355 5054 quias.
384 4996 808 5065 fragmentorum
860 4981 1124 5036 duodecim
1170 4977 1418 5046 mphinos
1473 4974 1667 5042 plenos.
1709 4971 1801 5025 2|.

206 5062 619 5139 Ilertducaittiuttt
652 5087 830 5133 autem
874 5074 967 5146 fuit
994 5086 1228 5125 numerus
1251 5069 1408 5137 ferme
1433 5065 1647 5134 quinque
1684 5062 1800 5115 mil-

206 5175 266 5229 lia
289 5178 510 5231 virorunt
535 5217 552 5242 ,
584 5168 820 5239 exceptis
867 5163 1157 5218 mulieribus
1183 5171 1228 5213 et
1260 5158 1447 5228 pueris.

265 5269 314 5322 ἓ.
336 5269 573 5322 Christus
602 5262 768 5317 modo
795 5275 908 5322 suo,
938 5256 1088 5309 modo
1118 5251 1291 5305 Patris
1320 5250 1520 5303 nomine
1547 5262 1699 5319 agens
1720 5286 1733 5306 ,
1761 5255 1808 5298 et

208 5371 382 5421 natura
416 5370 465 5416 et
496 5352 776 5414 missionis
803 5349 1112 5404 divinitatem
1139 5342 1384 5415 probavit.
1418 5342 1546 5393 Ante
1587 5354 1807 5392 mensam

211 5456 366 5521 gratias
404 5451 652 5525 agendae.
690 5443 887 5499 Contra
919 5438 1229 5494 Marcionem
1265 5445 1311 5488 et
1356 5432 1715 5487 Manichwmn.
1740 5459 1811 5471 —-

211 5543 304 5598 Cur
320 5544 559 5616 respexit
588 5542 645 5595 in
682 5535 960 5592 callum-et
987 5528 1257 5583 benedixit
1281 5527 1304 5580 ?
1335 5525 1402 5581 Ut
1427 5524 1756 5586 crederetur,
1782 5538 1808 5573 a

213 5636 348 5693 Patre
391 5640 572 5707 ipsum
620 5628 900 5689 cxivisse,
943 5623 1148 5693 ipsique
1190 5619 1448 5689 aqualem
1487 5633 1625 5672 essv.
1668 5616 1813 5681 Qua-

216 5745 314 5788 rum
352 5747 532 5790 rcrum
578 5722 949 5800 probationes
985 5730 1223 5787 pugnare
1267 5723 1451 5767 mutuo
1474 5710 1810 5771 ridebantur.

1205 282 1268 336 IN
1306 278 1709 336 ΜΔΤΤΙῙΛΞΙῘΜ
1753 280 1962 339 IIOiIlL
2028 284 2210 340 XLIX.
2264 286 2333 340 al.
2376 284 2438 341 L.

3348 291 3452 346 «£08

1868 396 2243 469 Aiquaiitatem
2266 402 2683 465 demonstrabat,
2714 403 2854 474 quod
2876 405 3450 475 oumia-cum-pmesta-

1871 501 1921 548 te
1948 491 2177 557 faceret;
2203 509 2233 549 a
2260 493 2418 549 Patre
2445 509 2573 550 vero
2603 495 2775 565 ipsum
2808 511 2926 553 esse
2945 538 2962 565 ,
2991 513 3102 553 non
3144 496 3261 553 alio
3294 499 3453 556 modo

1867 586 2240 652 credidissent,
2269 604 2428 658 quam
2456 590 2502 643 si
2527 605 2646 643 cum
2679 590 2977 647 humilitate
3000 591 3167 647 multa
3196 601 3253 648 et
3274 595 3454 648 omnia

1866 678 1933 733 ad
1965 679 2134 750 ipsum
2180 679 2417 736 referens
2453 693 2769 752 operaretur
2790 726 2803 748 ,
2837 694 2892 739 et
2937 694 3156 740 vocaret
3187 686 3254 740 ad
3293 699 3456 757 opera

1867 786 1986 840 quae
2004 770 2220 829 hebant.
2248 772 2375 828 Ideo.
2390 788 2560 842 neque
2582 773 2703 841 hoc,
2733 790 2905 845 neque
2927 775 3056 830 illud
3079 784 3282 831 tantum
3308 776 3456 842 facit,

1867 873 1927 918 ut
1957 875 2237 935 utrumque
2276 866 2663 932 confirmetur;
2690 866 2786 921 sed
2824 868 2984 922 modo
3020 884 3143 923 cum
3173 879 3462 938 potestate,

1867 958 2028 1013 modo
2057 959 2268 1015 Patrem
2313 961 2588 1026 invocans,
2617 960 3028 1018 miraculaedit.
3058 961 3260 1017 Deinde
3285 978 3352 1017 ne
3381 962 3464 1015 vi-

1867 1049 2086 1105 deretur
2106 1050 2203 1105 hac
2223 1050 2275 1104 in
2299 1067 2356 1105 re
2376 1066 2550 1121 pugna
2579 1050 2820 1120 qua‘dam
2837 1066 2978 1116 esse,
2998 1051 3049 1106 in
3066 1051 3363 1107 minoribus
3394 1049 3462 1109 ad

1868 1143 2055 1196 emtum
2083 1142 2317 1211 respicit;
2333 1143 2383 1195 in
2403 1142 2691 1211 majoribus
2712 1157 2837 1197 vero
2857 1156 2977 1197 cum
3004 1150 3267 1211 potestate
3280 1139 3464 1198 omnia

1871 1235 2014 1297 facit,
2050 1244 2104 1291 ut
2128 1235 2305 1291 discas
2330 1236 2488 1290 etiam
2523 1236 2576 1289 in
2607 1235 2901 1290 minoribus
2931 1235 3080 1290 illum
3110 1251 3219 1290 non
3244 1234 3463 1290 aliunde

1873 1337 2187 1394 petestatem
2213 1327 2476 1397 accipere,
2496 1328 2588 1383 sed
2612 1327 2877 1383 honorare
2894 1328 3104 1383 Patrem
3125 1341 3303 1387 suum.
3325 1325 3463 1381 Cum

1870 1420 2013 1474 enim
2046 1428 2260 1489 peccata
2288 1419 2508 1485 dimisit,
2537 1428 2590 1474 et
2620 1419 2919 1489 paradisum
2949 1419 3178 1490 aperuit,
3206 1428 3263 1473 ut
3287 1432 3354 1475 eo
3382 1418 3464 1473 la.

1874 1523 2080 1567 trnnem
2106 1512 2487 1579 introduceret,
2519 1521 2576 1567 et
2598 1527 2718 1566 eum
2749 1512 2917 1582 legem
2944 1520 3181 1567 veterem
3208 1510 3460 1566 cuin-inr-

1873 1603 2019 1672 perio
2041 1602 2333 1671 abrogavit,
2353 1617 2580 1672 cumque
2598 1611 3146 1657 sexcentosmortuos
3162 1601 3462 1669 suscitavit,
3545 1605 3552 1612 ’

1872 1713 2020 1752 mare
2066 1696 2330 1761 frenavit,
2376 1705 2583 1751 secreta
2635 1694 2908 1751 hominum
2952 1694 3208 1766 aperuit,
3244 1692 3459 1749 oculum

1873 1787 2074 1843 creavit
2092 1830 2107 1851 ,
2134 1804 2252 1858 qua:
2282 1788 2374 1842 Dei
2413 1787 2578 1841 solius
2607 1800 2769 1856 opera
2795 1794 2921 1840 sunt
2946 1824 2964 1852 ,
2990 1795 3045 1840 et
3070 1799 3179 1840 non
3200 1783 3420 1839 alterius
3441 1822 3459 1850 ,

1876 1894 2161 1947 numquam
2192 1891 2417 1947 precans
2443 1876 2747 1932 inducitur:
2770 1891 2889 1931 cum
2918 1890 3047 1931 vero
3080 1888 3462 1944 panesisuper-

1874 1969 2146 2025 abundare
2169 1969 2394 2033 curarit,
2422 1967 2563 2038 quod
2592 1966 2656 2022 iis
2679 1966 2933 2021 omnibus
2958 1965 3114 2036 longe
3140 1966 3323 2019 minus
3340 1973 3461 2034 est,

1876 2072 2000 2118 tunc
2030 2063 2081 2117 in
2107 2062 2297 2117 caelum
2329 2061 2581 2131 respicit:
2605 2059 2762 2114 simul
2793 2058 2907 2113 haec
2922 2073 3042 2128 quae
3067 2057 3174 2112 dixi
3206 2056 3463 2126 probans,

1875 2156 2139 2225 simulque
2168 2153 2421 2209 erudiens
2444 2167 2571 2217 nos,
2595 2166 2664 2206 ne
2686 2160 2811 2205 ante
2837 2163 3079 2204 mensam
3104 2150 3423 2219 attingamus
3443 2186 3463 2215 ,

1875 2260 2033 2316 quam
2053 2244 2255 2314 gratias
2280 2242 2548 2313 egerimus
2575 2241 2624 2295 ei
2651 2240 2742 2311 qui
2774 2239 2929 2295 nobis
2948 2253 3126 2295 escam
3153 2238 3374 2305 praebet.
3397 2236 3467 2293 Et

1875 2352 1972 2392 cur
2000 2352 2162 2406 panes
2193 2351 2298 2391 non
2326 2334 2449 2390 fecit
2473 2349 2539 2388 ex
2560 2347 2663 2388 non
2691 2330 3067 2387 exstantibus?
3088 2329 3157 2386 Ut
3184 2329 3466 2386 Marcionis

1876 2441 1931 2485 et
1960 2429 2235 2485 Manichaei
2265 2442 2357 2482 ora
2380 2426 2699 2490 Obstrueret,
2724 2425 2813 2494 qui
2833 2439 2955 2479 eum
2978 2438 3085 2477 non
3109 2436 3229 2477 esse
3252 2430 3467 2477 creato-

1879 2534 1985 2579 tem
2013 2520 2423 2587 asseverabant,
2455 2527 2510 2573 et
2540 2532 2633 2586 per
2662 2516 2776 2586 ipsa
2805 2530 2970 2586 opera
2998 2514 3251 2580 doceret,
3278 2511 3465 2567 visam.

1879 2616 1948 2669 lia
1974 2614 2150 2669 omnia
2177 2611 2440 2681 ejusesse
2464 2619 2518 2664 et
2550 2623 2715 2678 opera
2750 2615 2806 2662 et
2837 2614 3114 2661 creaturas
3135 2605 3152 2637 ¹
3179 2646 3193 2671 ,
3219 2602 3470 2659 ostende-

1878 2714 2066 2773 retque
2095 2718 2154 2757 se
2184 2701 2387 2756 fructus
2402 2699 2554 2766 dare,
2578 2698 2666 2768 qui
2692 2697 2760 2752 ab
2787 2696 2939 2752 initio
2965 2694 3192 2751 dixerit:
3214 2693 3468 2748 Cerutinet

1878 2803 2021 2846 terra
2044 2790 2256 2846 herbam
2281 2789 2406 2858 [teni
2422 2805 2441 2853 ;
2471 2795 2543 2848 et,
2573 2785 2816 2839 Educant
2837 2797 2988 2851 aqua:
3004 2780 3218 2850 reptilia
3240 2777 3456 2830 anima—

1881 2901 1999 2939 rum
2020 2883 2301 2938 viventium
2320 2882 2336 2912 ί
2363 2878 2514 2944 (Cen.
2542 2879 2593 2932 I.
2616 2879 2676 2932 11
2698 2888 2747 2931 et
2770 2876 2887 2945 20).
2903 2874 3092 2943 Neque
3111 2870 3256 2926 enim
3275 2866 3460 2922 minus
3480 2915 3505 2933 ,

1882 2977 1987 3032 hoc
2014 2985 2096 3030 est
2135 2974 2246 3028 illo.
2276 2971 2408 3026 Nam
2437 2969 2537 3025 etsi
2568 2967 2655 3022 illa
2694 2967 2801 3021 sint
2836 2980 2904 3020 ex
2944 2978 3053 3018 non
3093 2960 3425 3017 exstantibus
3446 2995 3468 3026 ,

1882 3079 2113 3123 attamen
2141 3082 2208 3121 ex
2235 3080 2371 3134 aqua
2396 3071 2558 3128 sunt;
2587 3074 2758 3130 neque
2801 3057 2979 3112 minus
3017 3064 3193 3111 estex
3232 3053 3470 3124 quinque

1884 3159 2108 3230 panibus
2134 3166 2210 3211 tot
2238 3169 2402 3225 panes
2432 3153 2744 3223 producere,
2768 3156 2823 3204 ct
2846 3149 3020 3219 pisces
3044 3144 3227 3199 itidem
3252 3156 3470 3211 augere,

1884 3266 2042 3322 quam
2083 3265 2146 3304 ex
2175 3258 2315 3303 terra
2344 3243 2587 3317 proferre
2618 3240 2877 3308 fructum,
2907 3247 2961 3294 et
2986 3251 3053 3293 ex
3084 3237 3236 3307 aquis
3261 3232 3471 3305 reptilia

1882 3343 2146 3405 viventia;
2175 3340 2315 3412 quod
2360 3339 2568 3408 signum
2603 3343 2726 3389 .erat
2754 3334 2926 3403 ipsum
2962 3339 3018 3386 et
3047 3340 3203 3385 terra:
3243 3336 3299 3382 ει
3337 3325 3473 3382 mari

1885 3437 2165 3506 imperare.
2190 3432 2320 3502 Quia
2349 3432 2488 3487 enim
2517 3430 2571 3484 in
2602 3428 2826 3482 infirmis
2845 3438 3058 3495 semper
3084 3422 3232 3493 signa
3260 3419 3473 3488 edebat,

1884 3531 2090 3586 confert
2114 3538 2168 3584 ct
2190 3526 2487 3582 universale
2516 3522 2850 3585 beneficium,
2876 3534 2945 3574 ne
2972 3516 3124 3573 multi
3150 3522 3477 3586 spectatores

1890 3631 2092 3677 tantum
2133 3627 2315 3673 essent
2338 3631 2523 3671 eorum
2564 3629 2682 3683 quso
2711 3611 2828 3666 aliis
2856 3606 3272 3679 contingebant,
3301 3603 3396 3659 sed
3422 3610 3479 3658 et

1888 3713 1990 3783 ipsi
2015 3710 2157 3767 dono
2180 3708 2501 3763 fruerentur.
2530 3705 2598 3758 Et
2621 3702 2762 3774 quod
2787 3699 3029 3756 mirabile
3053 3696 3252 3753 Judaeis
3271 3693 3481 3750 videba-

1892 3813 1976 3858 tur
2004 3803 2056 3856 iu
2082 3801 2295 3856 deserto
2318 3838 2335 3865 ,
2361 3813 2482 3853 cum
2509 3794 2750 3851 dicerent
2772 3809 2787 3846 :
2813 3789 3078 3859 Numquid
3098 3797 3149 3842 et
3174 3801 3357 3855 panem
3387 3800 3480 3853 po-

1890 3896 2002 3949 terit
2030 3895 2173 3958 dare,
2200 3899 2287 3945 aut
2308 3904 2490 3960 parare
2509 3901 2733 3940 mensam
2757 3884 2809 3937 in
2835 3883 3030 3937 deserto
3049 3876 3220 3950 (Psal.
3240 3877 3326 3931 77.
3347 3871 3480 3946 εον

1893 3988 1995 4041 Ιιοε
2018 3986 2132 4054 ipse
2157 3981 2410 4052 Operibus
2439 3975 2700 4032 exhibuit.
2726 3972 2955 4042 Ideoque
2982 3970 3034 4024 in
3063 3967 3334 4024 desertum
3361 3964 3481 4019 illos

1892 4053 2152 4138 adduxit,
2182 4082 2237 4126 ut
2266 4071 2382 4126 sine
2421 4067 2527 4122 ulla
2572 4077 2791 4136 prorsus
2831 4059 3137 4131 suspicione
3167 4053 3481 4111 miraculum

1893 4167 2063 4229 fieret,
2089 4176 2351 4233 nemoque
2378 4165 2606 4229 putaret,
2630 4152 2912 4226 quemdam
2938 4149 3168 4205 vicinum
3192 4147 3368 4202 vicum
3393 4157 3484 4215 pa-

1896 4274 2017 4314 nem
2044 4258 2095 4311 in
2137 4269 2376 4311 mensam
2419 4247 2679 4305 intulisse.
2710 4244 2913 4300 Idcirco
2939 4257 3043 4296 non
3086 4241 3267 4295 locum
3286 4234 3483 4304 modo,

1897 4350 1991 4406 sed
2037 4349 2197 4404 etiam
2244 4345 2428 4400 horam
2478 4348 2758 4397 memorat.
2789 4335 2948 4392 Aliud
2991 4334 3150 4389 etiam
3195 4330 3484 4394 discimus,

1900 4458 2091 4514 nempe
2119 4439 2497 4509 discipulorum
2522 4431 2936 4505 philosophiam,
2967 4443 3125 4499 quam
3146 4425 3228 4481 vel
3255 4425 3308 4479 in
3328 4423 3488 4478 rebus

1901 4534 2218 4593 necessariis
2241 4528 2566 4587 exhibebant
2591 4569 2604 4592 ,
2634 4536 2687 4581 et
2713 4533 2968 4595 quantum
3002 4519 3219 4575 delicias
3265 4531 3488 4586 sperne-

1900 4639 2040 4686 rent.
2069 4628 2201 4683 Nam
2226 4623 2503 4680 duodecim
2529 4635 2648 4675 cum
2679 4625 2880 4682 essent,
2912 4615 3145 4684 quinque
3175 4625 3338 4680 panes
3368 4617 3489 4662 tan-

1907 4734 2017 4777 tum
2045 4721 2282 4787 duosque
2314 4716 2485 4784 pisces
2528 4710 2822 4772 habebant;
2851 4722 3017 4774 usuue
3060 4704 3195 4758 adeo
3230 4716 3486 4771 corporea

1904 4811 2301 4882 despiciebant,
2329 4803 2727 4876 spiritualiaque
2754 4800 2926 4855 solum
2958 4796 3246 4860 curabant;
3273 4795 3379 4848 imo
3422 4808 3491 4848 ne

1905 4921 2070 4976 pauca
2100 4904 2184 4957 illa
2220 4916 2342 4971 qua:
2369 4895 2634 4951 habebant
2661 4893 2966 4955 retinuere,
2996 4889 3089 4944 sed
3122 4887 3286 4958 rogati
3325 4883 3492 4941 dede.

1908 5010 2052 5055 runt.
2084 4996 2214 5052 Inde
2241 4995 2506 5049 discamus
2531 5031 2546 5055 ,
2574 4988 2673 5043 etsi
2704 4999 2868 5057 pauca
2901 4984 3054 5051 nobis
3073 4982 3178 5036 sint
3200 5023 3216 5048 ,
3245 4980 3332 5035 illa
3361 4993 3489 5049 ege-

1909 5095 1992 5148 nis
2030 5105 2151 5146 essc
2196 5083 2535 5157 proferenda.
2562 5080 2705 5135 .lussi
2745 5092 2872 5147 ergo
2919 5084 3123 5146 septem
3168 5074 3285 5127 illos
3332 5085 3496 5141 panes

1909 5183 2130 5247 efferre,
2160 5197 2265 5234 non
2295 5178 2476 5232 dicunt
2499 5192 2513 5227 :
2536 5173 2655 5241 Quo
2695 5171 2852 5241 igitur
2880 5168 2999 5223 cibo
3031 5174 3213 5236 postea
3241 5163 3495 5219 utemur?

1913 5277 2056 5331 unde
2084 5273 2275 5328 famem
2304 5268 2492 5324 sedare
2508 5261 2839 5336 poterimus?
2863 5260 2954 5316 sed
2984 5259 3159 5313 statim
3184 5262 3492 5326 paruerunt.

1912 5367 2115 5421 Prmter
2148 5377 2209 5417 ea
2251 5376 2369 5431 qua:
2405 5371 2562 5426 supra
2589 5354 2819 5410 diximus
2841 5392 2855 5416 ,
2880 5351 2999 5405 ideo
3023 5347 3229 5402 videtur
3252 5343 3499 5399 Christus

1981 5651 1999 5684 ¹
2035 5647 2233 5707 Quidam
2257 5655 2365 5693 cum
2389 5639 2576 5698 March,
2599 5644 2644 5688 et
2667 5648 2815 5706 opera
2833 5641 2880 5685 et
2899 5630 3254 5707 possessionem.
3287 5687 3320 5707 ⁸.

1981 5713 2003 5743 ι
2035 5695 2247 5768 Quidam,
2271 5706 2475 5756 educant
2495 5695 2633 5764 unita:
2652 5697 2864 5748 animum
2887 5695 3125 5759 reptiiinm
3149 5695 3405 5740 virentium
