4028 6152
601 264 704 319 899

597 396 658 430 Μ
687 378 768 430 his
786 374 1010 447 panibus
1028 376 1232 445 signum
1256 374 1435 437 cdere,
1455 386 1512 428 ut
1532 374 1675 444 ipsos
1692 374 1758 429 ad
1778 373 1934 429 fidem
1950 372 2183 430 deduce-

597 479 679 523 ret
703 489 715 523 :
738 471 909 523 adlute
935 469 1075 523 enim
1105 468 1423 522 infirmiores
1443 477 1614 522 erant.
1636 469 1973 539 QuaprOpter
2003 470 2053 523 in
2080 485 2184 522 rae-

598 563 703 614 lunt
731 561 961 630 rcSpicit.
989 562 1225 614 Aliorum
1248 560 1442 630 quippe
1467 562 1737 631 signorum
1756 564 1921 618 multa
1938 564 2179 632 exempla

596 651 878 716 habebant;
901 652 1055 720 hujus
1084 660 1258 705 autem
1289 653 1510 706 nullum.
1541 654 1803 722 Acceptos
1830 654 1989 724 igitur
2018 672 2180 726 panes

594 742 776 810 fregit,
796 751 850 795 et
878 757 973 811 per
998 742 1288 811 discipulos
1312 742 1486 804 dedit,
1513 744 1613 798 hoc
1640 744 1834 799 collato
1860 746 1987 815 ipsis
2014 746 2179 801 hono-

594 848 677 891 te:
706 848 803 887 nec
829 832 1048 887 honoris
1083 841 1286 887 tantum
1320 848 1477 888 eausa
1508 834 1657 897 fecit,
1688 835 1779 890 sed
1814 844 1887 902 ut,
1931 852 2049 891 cum
2076 838 2180 892 mi-

591 926 824 979 raeulum
851 936 1151 991 cernerent,
1177 941 1349 996 neque
1375 925 1531 981 ﬁdem
1562 938 1835 996 negarem,
1869 928 1952 983 vel
1995 940 2175 998 postea

590 1016 754 1083 ipsius
784 1016 1247 1080 obliviscerentur,
1278 1032 1399 1071 cum
1430 1017 1557 1088 ipsa:
1584 1034 1773 1073 manus
1796 1035 1982 1074 eorum
2016 1031 2177 1075 testes

586 1117 785 1162 essent.
830 1109 1164 1178 Quapmpter
1206 1109 1351 1179 prius
1405 1109 1643 1177 permisit
1695 1118 1754 1164 ut
1806 1112 1971 1167 turba:
2021 1113 2174 1167 famis

586 1215 745 1254 sensu
769 1201 1097 1266 laborarent,
1129 1202 1558 1270 exspectavitque
1586 1212 1641 1256 ut
1672 1202 1744 1257 illi
1775 1204 2095 1260 accederent
2121 1215 2175 1261 et

588 1293 997 1362 interrogarent.
1012 1293 1272 1362 Peripsos
1294 1294 1416 1348 item
1434 1294 1595 1363 jussit
1614 1295 1815 1363 plebem
1837 1297 2165 1363 recmnbere,

589 1400 685 1451 per
706 1385 850 1453 ipsos
877 1401 1087 1454 quoque
1112 1385 1411 1452 distribuit,
1442 1386 1680 1456 singulos
1706 1389 1917 1457 propria
1956 1390 2170 1444 confes-

585 1477 735 1531 sione
763 1487 818 1532 et
844 1478 1093 1544 Operibus
1121 1480 1303 1532 volens
1327 1495 1721 1549 prmoccupare.
1752 1480 1951 1536 Idcirco
1977 1483 2170 1538 abillis

587 1585 747 1639 panes
775 1571 983 1639 accipit,
1012 1579 1068 1625 ut
1087 1573 1250 1627 multa
1280 1574 1352 1625 rei
1382 1573 1677 1627 testimonia
1702 1584 1900 1639 essent,
1925 1591 1988 1630 ac
2012 1576 2169 1630 mira-

582 1662 686 1715 culi
734 1671 1075 1717 monumenta
1117 1662 1395 1718 haberent.
1419 1663 1551 1718 Nam
1581 1665 1622 1718 si
1657 1664 1737 1719 ltis
1778 1667 1847 1719 ita
1889 1668 2051 1736 gestis
2089 1668 2164 1720 rei

581 1752 730 1807 obliti
758 1762 900 1819 sunt,
930 1754 1053 1824 quid
1084 1755 1352 1819 fecissent,
1380 1756 1422 1809 si
1452 1771 1564 1810 rem
1593 1771 1696 1810 non
1726 1757 1795 1811 ita
1822 1757 2167 1812 adornasset?

578 1844 736 1899 .lubet
763 1847 921 1900 etiam
954 1847 1071 1901 illos
1100 1847 1152 1901 in
1185 1849 1328 1903 faeno
1352 1847 1708 1915 discumbere,
1737 1849 1919 1904 turbas
1945 1849 2010 1903 ad
2045 1850 2163 1918 phi-

578 1937 963 2006 losophandum
992 1939 1065 2010 (a)
1090 1940 1391 1995 instituens.
1417 1941 1530 1995 Non
1553 1942 1693 1996 enim
1726 1950 1929 1996 tantum
1955 1943 2165 1999 volebat

574 2028 643 2095 ali
675 2044 919 2097 corpora,
953 2031 1043 2085 sed
1073 2031 1303 2085 animam
1333 2048 1541 2101 quoque
1572 2032 1793 2087 institui.

648 2121 702 2173 5.
747 2122 820 2175 lix
860 2122 978 2175 loco
1028 2123 1221 2192 igitur,
1252 2140 1316 2179 ex
1362 2140 1426 2178 eo
1457 2125 1595 2194 quod
1642 2127 1850 2181 nonnisi
1901 2142 2064 2196 panes
2108 2138 2161 2183 et

578 2209 750 2277 pisces
794 2210 984 2277 daret,
1013 2212 1258 2281 quodque
1301 2214 1485 2267 eadem
1532 2225 1586 2268 et
1637 2216 1687 2268 in
1733 2219 2001 2271 comnmni
2047 2218 2159 2273 dari

574 2303 808 2369 jusserit,
835 2319 932 2359 nec
957 2305 1089 2359 alius
1114 2306 1229 2373 plus
1258 2322 1414 2376 quam
1441 2306 1577 2360 alius
1604 2309 1867 2374 habuerit,
1897 2310 2160 2367 humilita-

574 2406 703 2461 tem,
731 2397 1155 2466 temperantiam,
1183 2400 1566 2469 caritatemque
1586 2400 1785 2467 docuit,
1813 2403 2080 2473 voluitque
2103 2413 2159 2458 ut

575 2487 685 2554 pari
710 2497 888 2541 essent
904 2503 1091 2544 omnes
1111 2504 1234 2559 erga
1258 2490 1389 2544 alios
1408 2490 1621 2557 atl‘eetu,
1638 2502 1689 2547 et
1713 2495 1888 2548 omnia
1911 2497 2158 2551 omnibus

571 2582 870 2633 communia
916 2596 1039 2635 esse
1085 2589 1350 2650 putarent.
1385 2583 1449 2637 Et
1492 2584 1672 2639 fractis
1720 2586 1980 2654 panibus,
2010 2586 2158 2642 dedit

570 2687 663 2724 eos
701 2671 1007 2740 discipulis,
1038 2672 1282 2745 discipuli
1334 2690 1458 2729 vero
1499 2676 1657 2745 plebi.
1702 2677 1946 2748 Quinque
1992 2694 2157 2748 panes

572 2761 764 2816 fractos
790 2762 956 2828 dedit,
986 2774 1038 2818 et
1068 2765 1138 2819 illi
1164 2768 1396 2837 quinque
1429 2768 1477 2821 in
1510 2770 1751 2823 manibus
1773 2771 2151 2840 discipulorum

570 2856 620 2907 in
651 2855 807 2911 tomis
835 2873 1036 2913 morem
1068 2860 1444 2915 scaturiebant.
1475 2861 1655 2932 Neque
1683 2861 1767 2917 hic
1804 2865 1950 2918 stetit
1994 2866 2156 2918 mira-

565 2949 744 3002 culum
770 2966 783 3001 :
808 2948 900 3003 scd
943 2950 991 3003 id
1039 2951 1160 3005 fecit
1201 2962 1254 3005 ut
1285 2953 1444 3006 etiam
1478 2953 2008 3022 stupet-abundarent,
2044 2971 2148 3010 non

567 3041 725 3095 modo
757 3057 938 3111 panes,
970 3042 1061 3096 sed
1093 3053 1145 3097 et
1179 3042 1500 3113 fragmenta;
1535 3053 1591 3097 ut
1618 3044 1916 3100 osmnderct
1943 3048 2147 3101 illorum

567 3151 759 3203 panum
808 3136 902 3189 has
939 3150 1057 3189 esse
1107 3136 1389 3206 reliquias,
1422 3145 1582 3207 utque
1622 3138 1869 3193 absentes
1889 3155 2100 3210 quoque
2132 3142 2145 3173 ¹

567 3235 784 3296 possent
822 3227 871 3280 id
902 3227 1039 3295 quod
1073 3235 1275 3297 gestum
1307 3238 1421 3282 erat
1447 3228 1705 3283 ediscere.
1743 3229 1942 3284 Idcirco
1969 3232 2149 3285 turbas

564 3320 769 3373 esurire
819 3319 1095 3388 permisit,
1126 3336 1192 3374 ne
1222 3321 1338 3390 quis
1383 3330 1629 3389 putaret,
1657 3322 1705 3376 id
1752 3323 1890 3391 quod
1936 3333 2144 3393 gestum

563 3410 1167 3481 eratesSephantasiam.
1192 3411 1417 3479 Ideoque
1438 3412 1717 3467 duodecim
1748 3414 2003 3482 cophinos
2028 3416 2149 3471 red-

565 3504 765 3558 undare
797 3504 1065 3572 permisit,
1101 3512 1158 3557 ul
1201 3514 1252 3559 et
1294 3504 1456 3559 Judas
1497 3522 1650 3559 suum
1686 3518 1933 3574 portaret.
1971 3508 2148 3563 Potuit

562 3598 719 3646 etiam
750 3595 916 3662 ipsam
943 3593 1131 3649 sedare
1161 3595 1349 3649 famem
1376 3638 1387 3658 ,
1422 3596 1512 3650 sed
1541 3598 1656 3665 ejus
1684 3601 1970 3666 potentiam
2010 3615 2143 3671 apo-

561 3688 681 3741 stoli
731 3703 835 3742 non
882 3688 1190 3742 novissent:
1225 3704 1343 3741 nam
1389 3701 1442 3743 et
1492 3690 1591 3743 sub
1637 3690 1746 3744 Elia
1798 3690 1898 3744 hoc
1946 3690 2140 3747 factum

562 3784 750 3837 fuerat.
779 3784 854 3837 De
884 3782 979 3837 hac
1008 3784 1077 3837 ita
1098 3782 1377 3853 stupefacti
1410 3794 1532 3838 sunt
1562 3784 1760 3848 Jud:ei,
1794 3795 1851 3840 ttt
1878 3786 2022 3840 illum
2056 3804 2141 3842 re-

555 3893 675 3946 gem
704 3878 1028 3932 constituere
1057 3878 1287 3943 vellem;
1318 3879 1405 3947 qui
1449 3890 1622 3933 tamen
1656 3880 1706 3933 in
1748 3880 1865 3934 aliis
1900 3881 2064 3950 signis
2091 3882 2140 3936 id

557 3987 842 4040 numquam
880 3980 1231 4026 tentaverant.
1260 3971 1386 4039 Quis
1418 3988 1545 4042 ergo
1587 3973 1763 4027 verbis
1791 3974 2137 4043 expresserit,

555 4077 661 4130 quo
702 4070 853 4130 pacto
880 4078 1044 4131 panes
1080 4062 1239 4115 fontis
1265 4078 1412 4115 more
1452 4064 1810 4117 scaturirent?
1835 4079 1941 4133 quo
1987 4074 2140 4133 pacto

557 4154 607 4206 in
648 4152 934 4207 solitudine
972 4152 1229 4207 ﬂuerent?
1259 4151 1526 4221 quomodo
1570 4161 1647 4206 tot
1691 4152 1993 4207 hominibus
2022 4153 2139 4209 lue-

556 4246 660 4299 rint
685 4246 858 4299 satis?
884 4246 1011 4299 Nam
1040 4244 1318 4315 quinquies
1349 4244 1490 4298 mille
1516 4255 1684 4309 erant,
1716 4261 1819 4301 non
1850 4249 2140 4302 numeratis

556 4336 867 4391 mulieribus
895 4346 948 4390 et
972 4337 1227 4407 parvulis,
1248 4350 1365 4405 qure
1390 4335 1617 4389 maxima
1645 4336 1821 4405 populi
1842 4337 1976 4401 laus,
1995 4340 2137 4408 quod

552 4437 605 4480 et
622 4428 873 4482 mulieres
888 4438 941 4482 et
964 4427 1055 4481 viri
1080 4427 1290 4480 Christo
1308 4425 1593 4480 luererent.
1609 4426 1884 4493 Quomodo
1902 4428 2137 4498 reliquiae

554 4521 741 4576 fuere?
769 4521 979 4577 Etenim
1007 4519 1109 4575 hoc
1130 4520 1305 4589 priore
1328 4535 1433 4573 non
1460 4520 1635 4574 minus
1661 4530 1761 4573 est.
1793 4520 1860 4575 Et
1885 4531 1959 4576 t0t
1989 4520 2136 4578 fuere

551 4611 843 4681 fragmenta
863 4653 879 4679 ,
912 4620 969 4665 ut
998 4609 1212 4682 cophini
1252 4609 1526 4679 discipulis
1567 4625 1719 4678 pares
1747 4626 1968 4665 numero
1992 4653 2007 4679 ,
2039 4629 2136 4668 uec

551 4704 751 4773 plures,
770 4720 868 4759 nec
886 4704 1162 4775 pauciores
1182 4713 1379 4758 essent.
1396 4705 1624 4773 Accepta
1645 4703 1801 4773 igitur
1818 4703 2132 4775 fragmenta,

547 4813 651 4851 non
682 4798 869 4863 turbis,
904 4798 994 4851 sed
1025 4798 1296 4868 discipulis
1324 4797 1468 4852 dedit
1488 4815 1502 4852 :
1522 4797 1717 4853 etenim
1752 4798 1918 4854 turba:
1946 4799 2136 4869 imper-

549 4891 792 4946 ft'clinres
819 4900 971 4945 erant.
998 4890 1274 4959 discipulis

618 4983 804 5037 Christi
840 4986 890 5037 in
920 4985 1167 5039 miraculo
1197 4984 1629 5052 multiplicatiouis
1658 5000 1842 5051 panum
1872 4984 2131 5038 sinceritas

545 5086 590 5128 et
632 5076 892 5128 modestia.
925 5075 1203 5129 Ostentalto
1253 5075 1510 5147 fugienda.
1545 5078 1621 5128 Ad
1670 5094 1866 5131 sacram
1909 5095 2129 5132 mensam

544 5184 643 5236 quo
693 5176 839 5235 pacto
886 5166 1245 5220 accedendum.
1278 5198 1348 5207 —
1385 5166 1546 5237 Signo
1595 5178 1769 5223 autem
1827 5170 2003 5232 facto,
2034 5170 2123 5223 32.

544 5258 730 5311 Statim
762 5260 919 5328 coegit
949 5257 1223 5326 discipulos
1248 5258 1438 5311 intrare
1466 5260 1515 5311 in
1546 5260 1797 5327 navigium
1823 5302 1837 5325 ,
1867 5271 1912 5311 et
1937 5278 2126 5327 νιπτο-

541 5356 657 5405 (ire
698 5370 811 5407 eum
854 5352 922 5405 ad
970 5351 1253 5405 ulteriorem
1302 5352 1509 5419 ripam,
1541 5353 1697 5405 (lance
1727 5354 1831 5422 ipse
1861 5353 2129 5406 dimitteret

606 5540 619 5569 ¹
654 5535 734 5585 alii
760 5536 937 5595 ferunt,
963 5548 1140 5594 onmes,
1167 5548 1270 5597 pro,
1293 5533 1506 5598 absentes
1528 5547 1743 5598 quoque;
1769 5534 1928 5583 minus
1942 5542 2102 5598 recte.

602 5602 672 5661 (α)
709 5613 937 5659 asperum
960 5599 1151 5647 vivendi
1171 5595 1363 5661 genus,
1394 5595 1549 5659 quale
1581 5595 1656 5661 est
1683 5597 1730 5644 in
1773 5598 1901 5645 foeno
1923 5596 2127 5661 discum-

539 5657 680 5719 bere,
705 5657 799 5708 cibi
820 5661 1042 5709 sumendi
1068 5657 1229 5719 causa,
1257 5657 1603 5723 philosophiam
1630 5660 1725 5713 hic,
1752 5666 1803 5707 ut
1833 5669 1965 5720 saepe
1988 5657 2122 5717 alias,

542 5733 675 5773 vorat
698 5724 1075 5785 Cinymstonnts.

1310 257 1390 313 ‘S.
1418 255 1697 314 JOANNIS
1730 253 2207 312 CIIRYSOSTOMI
2238 254 2553 311 Alillllllil‘.
2594 256 3127 317 CONSTANTINOP.

3780 269 3885 321 {.170

2295 372 2483 427 turbas.
2516 373 2646 428 Nam
2686 376 2729 429 si
2761 392 2994 445 prtesens
3022 378 3294 432 videretur
3321 380 3370 434 id
3412 394 3508 449 per
3544 381 3881 450 phantasiam

2290 462 2513 527 fecisse,
2544 479 2647 518 non
2692 468 2982 522 secundum
3025 470 3101 523 rei
3150 472 3464 537 veritatem,
3495 472 3691 525 absens
3730 485 3882 529 certe

2287 569 2391 606 non
2422 555 2569 608 item.
2604 556 2833 627 Ideoque
2869 568 3118 613 accurato
3148 562 3378 615 examini
3423 562 3615 616 factum
3650 568 3881 633 permit-

2288 654 2403 698 tens
2423 687 2436 711 ,
2468 662 2591 711 eos,
2621 648 2711 717 qui
2744 662 3090 704 monumenta
3121 661 3174 705 et
3203 652 3569 720 probationem
3600 656 3877 724 signorum

2282 747 2615 807 acceperant,
2642 738 2801 807 jussit
2831 740 2897 793 ab
2924 756 2981 795 se
3007 743 3262 811 separari.
3292 744 3540 814 Alioquin
3571 762 3724 813 vero,
3754 762 3876 801 cum

2283 844 2470 898 magna
2515 842 2766 898 operatus
2815 833 3018 899 fuerat,
3055 834 3235 888 turbas
3274 845 3328 889 et
3368 837 3660 907 discipulos
3704 839 3777 891 ab
3819 854 3876 894 se

2283 921 2629 986 removebat,
2675 932 2734 976 ut
2784 924 2937 978 nobis
2987 925 3234 980 suaderet
3277 942 3535 996 nusquam
3582 930 3872 986 humanam

2279 1011 2500 1078 gloriam
2523 1022 2573 1065 et
2596 1029 2779 1067 auram
2810 1029 2930 1069 esse
2956 1017 3399 1086 persequendam,
3437 1035 3610 1089 neque
3639 1023 3871 1075 multitu-

2278 1102 2456 1157 dinem
2487 1106 2875 1161 attrabcndam.
2895 1109 3027 1163 Cum
3051 1121 3227 1164 :nttem
3247 1112 3393 1178 dicit,
3418 1112 3610 1185 Coegit,
3631 1116 3871 1172 declarat

2277 1196 2567 1267 discipulos
2604 1199 2719 1269 ejus
2749 1217 3043 1269 prtesenux.
3072 1204 3293 1259 multum
3341 1204 3580 1261 hatsisse.
3615 1207 3682 1263 Et
3723 1212 3869 1265 misit

2277 1301 2369 1341 eos
2394 1330 2409 1353 ,
2439 1289 2608 1344 turba:
2636 1300 2693 1345 ut
2720 1292 2931 1347 videtur
2958 1294 3186 1349 vitanda:
3223 1310 3377 1351 causa
3404 1339 3419 1364 ,
3451 1299 3561 1368 ipse
3589 1313 3771 1357 autem
3816 1305 3865 1358 in

2278 1390 2511 1435 montem
2528 1383 2738 1438 volebat
2753 1386 3060 1453 ascendere,
3082 1397 3139 1440 ut
3166 1402 3263 1442 nos
3279 1388 3514 1457 doceret,
3535 1394 3744 1448 turbam
3767 1412 3864 1451 nec

2274 1472 2485 1528 assidue
2502 1474 2955 1544 frequentandam,
2982 1493 3153 1548 neque
3169 1494 3381 1549 semper
3398 1481 3698 1552 fugiendam
3716 1501 3859 1554 esse,

2273 1565 2365 1618 sed
2398 1575 2679 1638 utrumque
2704 1569 2768 1622 ad
2793 1571 3067 1624 utilitatem
3100 1570 3418 1640 faciendum,
3450 1583 3502 1629 et
3530 1577 3858 1643 alternatim,

2274 1668 2430 1724 prout
2458 1658 2642 1725 decet,
2666 1661 2947 1730 agendum.
2978 1662 3251 1718 Discamus
3278 1674 3332 1719 et
3357 1681 3452 1720 nos
3479 1682 3691 1736 quoque
3732 1669 3859 1724 .Iesu

2270 1750 2487 1804 Christo
2518 1751 2741 1819 haerere,
2772 1770 2876 1808 non
2910 1770 3004 1823 pro
3034 1755 3381 1824 impetrandis
3409 1759 3739 1815 sensibilium
3770 1777 3859 1817 re-

2270 1859 2386 1898 rum
2429 1844 2584 1899 donis
2608 1888 2623 1913 ,
2656 1862 2723 1901 ne
2767 1847 2817 1900 id
2848 1848 3000 1902 nobis
3040 1848 3236 1917 probro
3274 1849 3430 1904 detur
3455 1850 3592 1906 sicut
3632 1851 3855 1909 Judzeis.

2273 1935 2508 2000 Quteritis
2534 1953 2613 1989 me
2635 1980 2650 2005 ,
2684 1937 2853 2008 inquit
2877 1981 2892 2005 ,
2926 1956 3025 1993 non
3052 1940 3170 2010 quia
3195 1941 3340 2011 signa
3367 1942 3558 1996 ridistis
3577 1984 3589 2008 ,
3623 1945 3714 1998 sed
3737 1947 3857 2014 quia

2268 2044 2329 2079 ex
2374 2028 2588 2097 panibus
2635 2030 2915 2083 comedislis
2961 2040 3005 2083 et
3049 2034 3262 2085 saturati
3291 2035 3408 2087 estis
3441 2033 3614 2103 (Joan.
3648 2036 3703 2090 6.
3734 2036 3854 2106 26).

2268 2118 2390 2174 Ideo
2415 2136 2517 2174 non
2546 2120 2849 2191 frequenter
2879 2125 2977 2177 hoc
3002 2124 3208 2193 signum
3238 2125 3378 2187 facit,
3405 2128 3495 2181 sed
3522 2128 3599 2182 bis
3625 2139 3853 2197 coitum,

2265 2221 2324 2264 ut
2361 2212 2625 2267 discerent
2659 2229 2763 2267 non
2792 2216 2962 2268 ventri
2994 2230 3113 2270 esse
3155 2217 3529 2284 serviendum,
3558 2220 3649 2273 sed
3690 2222 3856 2288 spiri-

2267 2302 2497 2357 tnalibns
2535 2304 2745 2358 assidue
2785 2305 3113 2360 Ita-rendam.
3147 2306 3237 2361 llis
3265 2322 3363 2361 nos
3389 2324 3599 2379 quoque
3642 2310 3853 2364 hau-ea-

2266 2410 2422 2461 tnns,
2450 2404 2503 2449 ct
2549 2412 2849 2465 quaeramus
2898 2414 3087 2467 panem
3132 2400 3397 2455 caelestem
3424 2443 3439 2468 ,
3486 2418 3590 2471 quo
3630 2417 3854 2473 accepto

2263 2504 2477 2543 omnem
2514 2490 2821 2544 surcularem
2868 2507 3050 2546 curam
3096 2492 3387 2562 ejicianms.
3419 2494 3549 2550 Nam
3593 2496 3635 2549 si
3682 2497 3756 2551 iili
3800 2508 3854 2551 et

2261 2580 2448 2633 domos
2469 2592 2519 2636 et
2560 2581 2803 2635 civitates
2828 2591 2881 2636 et
2906 2591 3157 2652 cognatos
3198 2594 3251 2637 et
3288 2587 3464 2639 omnia
3495 2585 3847 2652 dimiserunt,

2260 2680 2418 2742 atque
2463 2673 2512 2725 in
2557 2673 2843 2728 solitudine
2889 2675 3270 2741 versabantur,
3320 2677 3657 2747 instanthue
3708 2678 3853 2733 fame

2260 2780 2364 2817 non
2393 2764 2709 2818 recedebant
2732 2783 2746 2822 :
2771 2765 2935 2818 multo
2958 2766 3123 2836 magis
3150 2781 3246 2819 nos
3271 2781 3390 2820 cum
3416 2766 3481 2820 ad
3512 2767 3667 2821 talem
3697 2784 3851 2821 men-

2258 2872 2371 2911 sam
2404 2858 2707 2913 accedimus
2732 2901 2745 2920 ,
2780 2858 3033 2927 majorem
3063 2859 3317 2914 exhibere
3356 2869 3566 2927 oportet
3611 2861 3851 2929 philoso—

2257 2949 2435 3019 phiam
2468 2958 2521 3003 et
2559 2950 2910 3020 spiritualium
2939 2965 3174 3004 antorem
3197 2992 3210 3014 ,
3246 2948 3622 3021 se'nsibiliaque
3662 2964 3848 3021 postea

2256 3057 2515 3111 quzercre.
2550 3042 2680 3095 Nam
2712 3052 2765 3095 et
2794 3042 2864 3095 illi
2894 3042 3298 3107 accusabantur,
3334 3060 3436 3097 non
3465 3044 3604 3113 quod
3632 3061 3849 3112 qua-re-

2255 3145 2376 3189 rent
2401 3135 2573 3203 ipsum
2604 3145 2818 3204 propter
2847 3151 3066 3205 panem;
3097 3135 3189 3189 sed
3217 3134 3357 3204 quod
3373 3145 3652 3204 propterea
3668 3136 3846 3191 soium

2253 3235 2572 3294 quaererent,
2600 3237 2654 3280 et
2684 3236 2898 3295 propter
2927 3225 3025 3279 hoc
3053 3226 3337 3295 praecipue.
3362 3226 3491 3278 Nam
3517 3226 3560 3279 si
3590 3227 3708 3296 quis
3730 3243 3846 3280 ma-

2253 3334 2353 3385 gna
2381 3318 2518 3373 dona
2549 3318 2824 3387 deSpiciat,
2853 3321 3027 3386 parvis
3053 3327 3226 3371 autem
3256 3316 3474 3381 haereat,
3498 3333 3616 3387 qua:
3639 3318 3845 3387 despici

2252 3414 2363 3465 vult
2389 3412 2433 3467 is
2464 3412 2550 3481 qui
2582 3410 2690 3476 dat,
2718 3411 2785 3464 ab
2808 3412 2907 3463 illis
2936 3412 3093 3464 etiam
3125 3409 3321 3463 excidit
3346 3427 3357 3462 :
3384 3417 3441 3462 ut
3468 3411 3723 3471 contra,si
3752 3410 3845 3465 illa

2251 3505 2635 3566 desideremus,
2666 3504 2777 3557 lucc
2801 3504 2957 3557 etiam
2986 3502 3163 3569 adjicit
3185 3519 3196 3550 :
3218 3518 3336 3555 nam
3362 3501 3474 3555 ha-c
3500 3502 3550 3555 in
3578 3504 3847 3557 accessio-

2251 3613 2372 3651 nem
2402 3596 2627 3661 dantur;
2654 3596 2723 3650 ita
2756 3610 2945 3662 nempe
2973 3594 3094 3647 vilia
3134 3603 3257 3647 sunt
3281 3633 3294 3657 ,
3325 3594 3367 3647 si
3394 3608 3514 3646 cum
3548 3593 3650 3646 illis
3693 3609 3845 3647 com-

2251 3696 2541 3757 parentur,
2575 3687 2785 3741 ctiamsi
2835 3701 3021 3756 magna
3069 3685 3368 3740 videantur.
3416 3685 3530 3741 Non
3576 3702 3706 3756 ergo
3757 3686 3844 3742 his

2249 3779 2577 3844 Studeamus,
2611 3788 2767 3848 atque
2796 3794 2982 3833 eorum
3012 3778 3123 3831 sive
3154 3778 3565 3846 possessionem,
3600 3781 3713 3833 sive
3740 3781 3847 3848 pri-

2248 3874 2513 3928 vationem
2564 3872 2954 3927 indifferentem
3006 3872 3363 3926 arbitremur:
3388 3871 3841 3942 quemadmodum

2246 3976 2301 4021 et
2339 3967 2478 4031 Job,
2521 3964 2608 4034 qui
2656 3980 2752 4019 nec
2798 3962 3149 4034 prmsentibus
3202 3963 3469 4029 h:erebat,
3517 3978 3617 4019 nec
3662 3965 3842 4019 ablata

2247 4058 2539 4126 quaerebat.
2570 4056 2699 4111 Nam
2734 4068 2961 4125 χρήματα
2989 4070 3091 4108 nou
3118 4055 3194 4109 sic
3220 4064 3493 4118 vocantur,
3525 4065 3581 4109 ut
3608 4070 3670 4109 ea
3697 4055 3845 4111 defo-

2246 4152 2454 4204 diamus
2479 4191 2494 4215 ,
2522 4150 2613 4203 sed
2646 4157 2701 4202 ut
2733 4150 2795 4202 iis
2837 4156 3090 4217 quantum
3133 4146 3288 4201 decet
3320 4156 3549 4201 utamur.
3579 4148 3657 4201 Ac
3701 4148 3845 4203 sicut

2245 4243 2436 4296 artifex
2458 4241 2681 4311 quisque
2708 4255 2855 4293 suam
2881 4239 3034 4292 habet
3054 4249 3243 4303 artem,
3263 4238 3339 4293 sic
3357 4238 3526 4303 dives,
3551 4238 3638 4307 qui
3668 4241 3846 4295 nescit

2246 4334 2489 4388 a-rariam
2509 4342 2702 4395 artem,
2733 4346 2829 4385 nec
2861 4331 3033 4383 navim
3065 4328 3347 4391 fabricari,
3377 4344 3477 4383 nec
3506 4339 3709 4393 texere,
3739 4345 3843 4383 nec.

2245 4427 2530 4493 :edilieare,
2554 4442 2652 4482 nec
2681 4426 2820 4481 aliud
2852 4425 3027 4480 simile
3053 4424 3345 4494 quidpiam,
3368 4423 3536 4478 discat
3560 4424 3761 4479 divitiis
3787 4438 3843 4480 ut

2243 4522 2394 4576 decet
2415 4522 2508 4586 uti,
2539 4531 2592 4575 et
2619 4520 2800 4591 egenis
2823 4520 3019 4589 largiri,
3046 4519 3427 4589 melioremque
3452 4518 3558 4574 illis
3585 4520 3843 4575 omnibus

2242 4628 2411 4671 artem
2443 4614 2673 4670 callebit.

2300 4712 2351 4765 4.
2370 4708 2718 4763 Misericordia
2736 4708 2785 4759 in
2802 4723 3044 4778 pauperes
3064 4722 3147 4759 ars
3165 4705 3522 4774 pretiosissima
3537 4713 3627 4759 est.
3645 4702 3842 4759 Contra

2240 4802 2545 4871 voluptatem
2590 4799 2812 4852 ciborum
2857 4807 2900 4850 et
2943 4797 3141 4850 luxum.
3172 4795 3397 4849 —Nam
3446 4795 3559 4849 hmc
3600 4806 3683 4849 est
3733 4797 3841 4851 illis

2240 4894 2486 4948 omnibus
2536 4891 2738 4946 artibus
2783 4890 3081 4943 sublimior.
3132 4888 3296 4956 Ilujns
3338 4887 3549 4942 oflicina
3603 4888 3655 4942 in
3701 4890 3843 4943 cmlo

2239 4993 2439 5040 structa
2463 4990 2563 5038 est.
2595 4982 2718 5037 llaec
2754 4997 2860 5034 non
2892 4995 2955 5034 ex
3007 4980 3147 5033 ferro
3183 4979 3266 5033 vel
3311 4994 3420 5033 tere
3455 4978 3713 5034 adornata
3742 4995 3843 5034 or-

2237 5092 2372 5148 gana
2410 5076 2609 5141 habet,
2638 5074 2730 5128 sed
2774 5088 2837 5127 ex
2868 5073 3188 5141 benignitate
3214 5081 3266 5125 et
3296 5072 3567 5125 voluntate
3596 5073 3638 5123 ¹.
3664 5071 3842 5141 llujns

2239 5169 2367 5223 artis
2391 5168 2636 5223 Christus
2665 5165 2851 5220 doctor
2871 5173 2971 5225 est,
2993 5178 3199 5217 necnon
3223 5163 3338 5230 ejus
3366 5162 3540 5217 Pater.
3574 5161 3710 5217 Nam
3739 5165 3839 5228 ait,

2242 5261 2412 5315 Iis-tote
2439 5258 2784 5313 misericordes
2810 5259 2935 5310 sicut
2961 5266 3006 5308 et
3042 5254 3195 5307 l’ater
3221 5265 3376 5307 vester
3398 5255 3483 5323 qui
3510 5263 3584 5307 est
3615 5254 3667 5307 in
3696 5257 3843 5309 cretis

2240 5351 2389 5422 (Luc.
2415 5350 2470 5404 6.
2502 5348 2616 5416 56).
2645 5347 2901 5416 Quodque
2929 5346 3170 5401 mirabile
3199 5354 3280 5400 est
3300 5386 3313 5406 ,
3344 5360 3463 5398 cum
3505 5344 3575 5397 ita
3607 5352 3842 5399 exteras

2238 5444 2557 5508 antecellat,
2605 5458 2710 5496 non
2756 5440 2938 5495 labore
2982 5438 3065 5492 vel
3120 5448 3359 5507 tempore
3402 5451 3537 5506 Opus
3576 5436 3745 5492 habet
3782 5448 3839 5491 ut

2238 5543 2586 5593 exerceatur:
2611 5531 2807 5588 sufficit
2844 5531 2985 5585 enim
3025 5528 3160 5585 velle
3183 5569 3197 5594 ,
3233 5539 3286 5585 et
3319 5538 3485 5583 totmn
3529 5527 3838 5600 perlectum

2305 5721 2320 5747 ³
2359 5715 2469 5765 Duo
2493 5724 2619 5775 stss.,
2644 5714 2729 5763 sed
2750 5726 2813 5762 ex
2837 5711 2958 5763 bona
2982 5710 3231 5761 voluntate.
