4028 6152
349 402 444 466 ml

347 534 452 579 est.
489 522 773 579 Videamus
797 533 1041 592 quoque.
1072 519 1189 592 quis
1223 519 1341 574 finis
1367 521 1508 575 illius
1533 521 1622 574 sit.
1651 520 1781 588 Quis
1811 529 1930 574 tan-

347 620 471 671 dem
501 615 620 670 finis
649 614 793 670 illius
819 613 939 670 est?
963 613 1162 669 Gaulum
1180 653 1199 682 ,
1229 623 1282 668 et
1309 612 1539 668 caelestia
1567 611 1704 667 bona
1729 629 1744 667 :
1765 611 1937 682 gloria

349 707 437 761 illa
461 705 765 769 ineﬂ‘abilis,
784 704 1086 776 spirituales
1102 704 1340 768 thalami,
1360 702 1621 775 fulgentes
1637 701 1931 774 lampades,

347 797 606 852 habitatio
643 812 766 851 cum
801 810 1033 865 Sponso;
1065 795 1166 850 alia
1195 810 1314 864 quae
1345 794 1520 849 ttullus
1548 809 1748 859 sermo,
1790 793 1933 848 nulla

346 903 502 943 mens
517 887 791 942 declarare
808 897 1003 957 potest;
1020 886 1088 940 ita
1111 897 1169 941 ut
1191 887 1289 940 hac
1308 885 1359 939 in
1378 893 1529 955 parte
1551 885 1708 955 longe
1722 883 1791 939 ab
1816 883 1936 939 aliis

342 980 576 1036 differat.
589 979 719 1034 Nam
744 979 935 1033 artium
961 979 1228 1050 pleneque
1246 976 1315 1032 ad
1341 992 1577 1048 praesens
1601 977 1772 1033 solum
1795 984 1934 1032 tem-

344 1088 442 1141 pus
455 1071 609 1126 utiles
623 1080 745 1126 sunt
767 1069 939 1133 nobis,
964 1070 1077 1124 haec
1098 1085 1226 1124 vero
1241 1070 1400 1124 etiam
1415 1069 1481 1123 ad
1497 1067 1728 1122 futuram
1749 1067 1930 1123 vitam.

339 1163 399 1220 Si
429 1175 609 1220 autem
633 1164 704 1218 ita
735 1161 914 1218 diﬂ‘ert
940 1161 1009 1217 ab
1039 1162 1102 1216 iis
1126 1161 1329 1216 artibus
1366 1177 1486 1231 qua:
1519 1159 1674 1215 nobis
1702 1159 1756 1215 in
1788 1176 1932 1228 prte-

339 1254 481 1310 senti
510 1254 618 1309 vita
642 1261 770 1308 sunt
793 1251 1132 1319 necessariae,
1157 1260 1272 1306 uta
1298 1250 1574 1312 medicina,
1605 1250 1931 1306 architecto-

340 1347 460 1401 nica
487 1355 542 1401 et
573 1346 836 1401 similibus
857 1386 873 1407 ,
899 1345 1068 1400 multo
1106 1344 1276 1414 magis
1300 1343 1368 1400 ab
1392 1343 1511 1399 aliis
1532 1385 1546 1407 ,
1575 1359 1709 1414 quas
1738 1343 1782 1399 si
1809 1345 1930 1414 quis

338 1446 590 1494 accurate
634 1439 914 1508 exploret,
945 1451 1118 1506 neque
1157 1447 1301 1491 artes
1349 1451 1470 1491 esse
1511 1435 1723 1492 dixerit.
1754 1437 1931 1505 Quare

332 1544 439 1599 ego
467 1529 602 1582 alias
630 1527 925 1598 superﬂuas
954 1543 1060 1582 non
1105 1543 1199 1596 pro
1227 1527 1430 1582 artibus
1466 1525 1658 1581 habeo.
1688 1528 1767 1582 Ad
1799 1529 1925 1598 qttid

329 1619 480 1674 enim
523 1618 830 1686 coquinaria
872 1627 930 1671 et
967 1616 1366 1672 salsamentaria
1411 1618 1564 1671 nobis
1609 1617 1806 1672 utiles?
1844 1619 1926 1673 Ad

334 1712 466 1766 nihil
491 1721 637 1767 certe
663 1728 676 1764 :
703 1711 810 1764 imo
838 1709 992 1765 valde
1021 1709 1236 1764 inutiles
1265 1719 1319 1766 et
1344 1713 1518 1765 noxizc
1545 1719 1697 1772 sunt,
1725 1726 1844 1781 quae
1873 1720 1928 1766 et

327 1819 531 1872 corpus
559 1813 612 1858 et
634 1802 867 1858 animant
898 1801 1234 1870 labefactant,
1266 1803 1406 1874 quod
1434 1803 1742 1859 morborum
1771 1805 1926 1875 :egri-

329 1896 683 1966 tndinumque
710 1897 944 1950 omnium
972 1904 1198 1950 matrem
1229 1894 1554 1965 voluptatem
1579 1911 1698 1950 cum
1731 1912 1923 1967 pompa

329 2001 523 2058 magna
553 1987 822 2042 inducant.
840 1984 950 2040 Into
971 2000 1070 2041 nec
1095 1985 1379 2055 picturam,
1395 2000 1496 2041 nec
1523 1985 1922 2057 phrygionicam

326 2089 476 2134 artes
521 2079 735 2148 proprie
774 2078 1021 2133 dixerim.
1066 2074 1202 2132 Nam
1252 2079 1304 2132 in
1346 2076 1646 2146 superﬂuos
1681 2085 1924 2148 sumptus

329 2187 431 2226 nos
478 2171 785 2241 conjiciunt.
815 2171 974 2226 Artes
1012 2185 1142 2225 vero
1187 2170 1516 2226 necessarias
1539 2212 1555 2234 ,
1598 2186 1718 2240 qua:
1758 2170 1920 2226 vitam

329 2272 572 2319 nostram
590 2271 911 2329 sustentant,
934 2261 1086 2318 nobis
1117 2263 1416 2318 necessaria
1446 2262 1718 2332 prmbcant
1744 2272 1798 2318 et
1822 2280 1922 2334 ap-

326 2364 520 2424 parent
541 2362 770 2424 oportet.
801 2352 928 2409 ldeo
953 2367 1182 2424 namque
1206 2354 1516 2424 sapientiam
1550 2353 1739 2408 indidit
1766 2354 1922 2410 nobis

329 2446 491 2510 Deus,
515 2454 571 2500 ut
596 2444 926 2500 inveniamus
956 2443 1260 2509 metltodos,
1288 2444 1441 2516 queis
1467 2445 1732 2514 possimus
1758 2447 1919 2501 vitam

322 2554 644 2595 conservare
662 2549 899 2594 nostram
925 2538 1279 2595 :animalcula
1301 2555 1428 2593 vero
1449 2549 1539 2594 aut
1559 2539 1610 2594 in
1630 2538 1919 2610 parietibus

319 2643 416 2688 aut
440 2634 495 2688 in
515 2633 752 2688 vestibus
777 2641 1163 2702 teprwsentare
1178 2632 1243 2687 ad
1259 2631 1407 2702 quid,
1429 2647 1632 2702 (ιιιωεο,
1652 2632 1778 2688 utile
1798 2632 1919 2687 est?

323 2725 450 2781 Ideo
474 2739 539 2780 ex
569 2723 950 2780 caieeariomnt
993 2733 1048 2778 et
1094 2738 1159 2778 ex
1205 2731 1470 2778 textorum
1510 2724 1714 2778 artibus
1752 2722 1915 2778 multa

321 2817 616 2874 resecanda
647 2827 830 2872 essent
853 2834 868 2870 τ
892 2831 1014 2871 nam
1041 2815 1110 2871 ad
1146 2815 1332 2872 luxum
1363 2815 1526 2870 multa
1555 2814 1914 2883 deduxerunt,

317 2920 378 2966 et
411 2910 556 2982 quod
589 2911 950 2965 necessarium
972 2918 1092 2964 erat
1130 2907 1522 2963 labefactarunt
1545 2950 1561 2972 ,
1586 2909 1687 2962 arti
1719 2907 1914 2962 malum

316 3004 605 3059 artificium
649 3001 1041 3064 admiscentes;
1091 3000 1233 3072 quod
1281 3001 1442 3056 etiam
1489 3000 1916 3056 architectonica:

314 3094 532 3151 accidit.
561 3092 666 3148 Sed
695 3103 755 3146 ut
780 3093 946 3155 hanc,
979 3091 1150 3147 donec
1176 3091 1340 3156 aades,
1368 3107 1473 3147 non
1503 3100 1680 3147 autent
1707 3091 1913 3146 theatra

318 3193 708 3254 :ediﬁcaverit,
754 3206 816 3246 ac
873 3189 1213 3256 necessaria,
1264 3203 1369 3246 non
1419 3198 1596 3243 autem
1647 3188 1913 3258 superﬂua

313 3286 596 3352 struxerit,
624 3293 797 3340 artem
829 3282 1033 3338 vocabo
1057 3300 1070 3337 :
1092 3281 1172 3339 sic
1198 3291 1252 3338 et
1280 3282 1560 3339 textoriam
1582 3324 1594 3343 ,
1625 3281 1797 3337 donec
1822 3298 1913 3336 vc-

314 3379 569 3433 stimenta
611 3374 794 3432 fecerit
821 3385 876 3431 et
909 3384 1252 3437 assumenta,
1287 3389 1385 3429 nec
1412 3388 1638 3429 araneas
1670 3375 1868 3430 imitata
1892 3416 1909 3441 ,

315 3469 542 3523 multum
571 3467 737 3524 risum
763 3466 1077 3523 excitaverit
1095 3474 1162 3521 ac
1188 3466 1464 3522 mollitiem
1494 3468 1762 3537 ingentem
1781 3509 1794 3531 ,
1818 3482 1909 3521 ar-

313 3569 421 3615 tem
461 3574 618 3615 voco.
646 3557 861 3615 Necnon
897 3557 1213 3614 calceariam
1252 3567 1420 3613 artem
1443 3599 1458 3621 ,
1487 3558 1659 3613 donec
1701 3558 1911 3612 calceos

313 3652 539 3717 fecerit,
562 3652 694 3707 artis
724 3652 939 3707 nomine
968 3668 1074 3707 non
1120 3651 1369 3722 privabo;
1392 3665 1512 3707 cum
1543 3661 1721 3707 autetn
1767 3651 1911 3706 viros

313 3747 365 3801 in
393 3747 676 3801 mulierum
709 3747 931 3800 formant
965 3743 1256 3800 traduxerit
1286 3785 1300 3808 ,
1333 3743 1520 3798 molles
1546 3753 1601 3799 et
1629 3743 1907 3799 effemina—

313 3849 397 3893 tos
419 3853 490 3893 ex
518 3837 822 3893 calceorum
850 3836 1018 3891 forma
1049 3835 1231 3892 fecerit
1249 3876 1262 3898 ,
1289 3850 1411 3891 cum
1441 3835 1614 3890 noxiis
1637 3843 1693 3890 et
1719 3849 1908 3904 super-

314 3929 433 3985 ﬂuis
460 3929 604 3984 illam
635 3929 949 3984 locabimus.
980 3928 1104 3984 Scio
1133 3943 1220 3984 me
1244 3927 1426 3983 multis
1456 3927 1621 3982 videri
1663 3927 1715 3980 in
1745 3927 1907 3980 mini-

313 4024 412 4078 mis
427 4024 653 4080 nimium
671 4024 942 4078 immorari
960 4041 972 4076 :
990 4038 1161 4094 neque
1175 4031 1349 4078 tamen
1364 4021 1637 4078 absistam.
1657 4009 1906 4076 Ontuium

311 4115 510 4185 quippe
539 4115 805 4170 malorum
832 4129 992 4170 causa
1039 4113 1154 4169 hare
1181 4122 1265 4169 est
1291 4155 1306 4178 ,
1333 4129 1399 4169 eo
1439 4112 1580 4184 quod
1627 4112 1772 4183 parvi
1819 4112 1904 4167 illa

315 4216 528 4273 peccata
556 4208 815 4262 momenti
846 4221 967 4262 esse
998 4206 1295 4268 videantur,
1320 4215 1371 4260 et
1398 4204 1518 4260 ideo
1550 4204 1903 4273 negligantur.

315 4299 382 4352 Et
406 4297 538 4367 quid
568 4296 672 4352 hoc
698 4297 904 4361 levius,
937 4297 1174 4367 inquies,
1203 4305 1478 4366 peccatum
1507 4310 1758 4365 umquam
1789 4294 1904 4350 fuc-

310 4391 399 4450 rit.
431 4405 555 4445 cunt
585 4389 706 4461 quis
733 4390 945 4446 calceos
971 4389 1132 4444 habet
1158 4399 1378 4444 ornatos
1402 4403 1466 4444 ac
1492 4387 1777 4458 fulgentes,
1807 4401 1904 4454 pe-

307 4481 466 4537 dibus
493 4490 728 4552 aptatos,
755 4481 800 4536 si
823 4491 1000 4538 tamen
1029 4480 1130 4537 hoc
1160 4489 1433 4550 peccatum
1457 4478 1753 4534 vocandum
1781 4477 1906 4533 est?

310 4573 484 4630 Vultis
531 4572 691 4642 igitur
731 4571 876 4628 illum
921 4571 1237 4643 aggrediar,
1286 4573 1374 4641 qui
1419 4572 1498 4626 sic
1550 4571 1780 4641 loquitur
1806 4611 1822 4635 ,
1851 4577 1906 4624 et

307 4673 508 4735 quanta
542 4663 622 4718 rei
658 4663 786 4718 insit
824 4662 1100 4731 turpitudo
1127 4662 1451 4718 ostendam?
1491 4677 1667 4717 annon
1700 4662 1901 4717 irasce-

309 4753 436 4808 mini
461 4753 624 4810 ?Imo
648 4752 855 4808 etiamsi
899 4752 1200 4808 irascamini
1231 4795 1248 4817 ,
1281 4769 1386 4808 nott
1415 4753 1638 4806 multum
1680 4751 1900 4806 curabo.

304 4843 438 4899 Nam
479 4857 578 4898 vos
618 4851 776 4898 tanta:
805 4842 1122 4910 insipientia:
1163 4857 1323 4897 causa
1361 4843 1492 4897 estis
1515 4884 1530 4905 ,
1559 4842 1648 4912 qui
1678 4857 1789 4896 rem
1835 4857 1904 4897 ne

304 4943 586 5004 peceatum
621 4931 837 5002 quidem
881 4948 1001 4987 esse
1038 4935 1274 5003 putatis,
1306 4948 1510 5004 nosque
1553 4931 1674 4988 ideo
1713 4933 1904 5004 cogitis

303 5026 356 5080 in
384 5024 694 5094 hujusmodi
725 5023 905 5078 luxum
938 5025 1139 5079 invehi.

372 5117 430 5172 5.
473 5115 667 5170 Contra
692 5115 868 5169 luxum
894 5116 948 5169 in
975 5113 1180 5171 calceis.
1205 5147 1272 5157 —
1299 5117 1410 5189 Age
1441 5118 1600 5188 igitur
1630 5117 1682 5172 id
1713 5118 1898 5186 explo.

301 5222 483 5263 remus
507 5247 524 5271 ,
556 5205 942 5277 videamusque
969 5217 1224 5278 quantum
1251 5209 1319 5263 sit
1345 5208 1564 5262 ntalum.
1595 5208 1729 5263 Cum
1759 5208 1900 5262 enim

303 5299 477 5354 serica
527 5295 615 5351 ﬂla
643 5335 660 5360 ,
691 5312 811 5367 quin
849 5313 916 5352 tte
955 5297 1008 5352 in
1049 5298 1382 5354 vestimentis
1411 5299 1625 5367 quidem
1666 5299 1902 5353 inserere

305 5390 594 5444 honestum
617 5397 722 5450 est,
749 5389 802 5442 in
829 5387 1024 5443 calceis
1050 5388 1316 5454 inseratis,
1341 5399 1535 5459 quanta
1557 5389 1899 5454 contumelia,

301 5493 500 5553 quanto
526 5481 641 5538 risu
666 5482 781 5535 haec
799 5480 956 5550 digna
977 5485 1142 5536 sunt?
1165 5482 1220 5537 Si
1243 5497 1368 5538 vero
1387 5483 1704 5537 sententiam
1727 5497 1902 5537 meam

302 5574 560 5649 despiCts,
587 5574 712 5629 audi
741 5574 963 5630 Paulum
990 5589 1111 5630 cum
1135 5590 1324 5646 magna
1346 5575 1678 5631 vehementia
1701 5575 1751 5628 id
1779 5589 1903 5645 pro-

303 5667 577 5724 bibentem
603 5708 619 5731 ,
664 5677 714 5720 et
764 5675 890 5721 tunc
931 5667 1208 5722 ridiculam
1255 5683 1365 5721 rem
1413 5682 1534 5722 es~e
1579 5665 1895 5731 comperies.

299 5760 432 5828 Quid
463 5777 599 5833 ergo
634 5761 710 5814 ait
748 5759 882 5814 ille?
921 5757 1039 5813 Non
1072 5760 1127 5812 in
1157 5760 1299 5813 tortis
1326 5761 1548 5814 crinibus
1567 5801 1581 5821 ,
1613 5769 1703 5812 aut
1733 5775 1857 5811 auro
1877 5800 1892 5822 ,

303 5863 388 5907 aut
409 5851 711 5926 margaritis
734 5893 750 5916 ,
783 5850 861 5904 vel
886 5859 1016 5904 veste
1039 5849 1258 5918 pretiosa
1278 5849 1298 5920 (
1322 5850 1372 5904 1.
1409 5849 1541 5904 Tim.
1568 5849 1621 5904 '2.
1657 5850 1690 5906 9
1713 5851 1752 5922 ).
1786 5847 1899 5916 Qua

667 5965 939 6024 PATItOL
975 5962 1094 6021 Gn.
1143 5959 1354 6020 LVIII.

1344 402 1410 461 IN
1449 401 1854 462 ΜΛΤΤΗΑΞΙΣΜ
1897 403 2125 461 IIOMIL.
2171 406 2352 464 XLIX.
2400 409 2465 466 al.
2513 409 2570 466 I..

3533 416 3638 473 ΜΒ

2051 522 2207 594 igitur
2236 524 2390 577 venia
2415 523 2604 594 dignus
2645 522 2808 578 fueris
2833 567 2846 588 ,
2889 525 3100 596 quando
3131 525 3322 582 Paulus
3349 529 3500 584 uxori
3533 537 3637 583 tua:

2046 629 2153 670 non
2194 616 2449 686 permittit
2476 624 2625 672 veste
2654 617 2882 686 pretiosa
2913 617 2988 671 uti
3013 657 3028 681 ,
3067 618 3112 673 si
3143 629 3197 673 ιιι
3235 619 3416 674 luxum
3446 619 3635 690 hujus-

2043 709 2187 766 modi
2237 710 2289 765 in
2337 710 2546 766 calceos
2591 710 2850 778 inducas,
2899 711 3150 782 milleque
3193 713 3366 768 modis
3407 729 3636 784 appares

2041 816 2157 856 rem
2201 802 2273 856 ita
2309 801 2752 857 contumeliosam
2782 812 2839 858 et
2866 803 3190 860 ridiculam?
3229 799 3536 861 Nam'illant
3563 807 3635 860 ob

2040 909 2258 951 causam
2287 895 2438 950 navis
2463 895 2808 960 construitur,
2839 896 3067 967 remiges
3092 897 3480 963 conducuntur,
3510 915 3635 968 prn-

2039 1003 2114 1042 τω
2134 988 2325 1043 ductor
2349 993 2405 1043 et
2426 987 2751 1058 gubernator
2771 987 3137 1054 instituuntur,
3170 992 3346 1046 velum
3374 991 3633 1062 expandi-

2038 1087 2147 1146 tur,
2171 1081 2384 1151 pelagus
2408 1080 2687 1149 trajicitur,
2712 1079 2912 1136 relictis
2934 1095 3121 1145 uxore,
3147 1081 3328 1136 liberis
3348 1093 3402 1137 et
3421 1085 3591 1154 patria
3608 1125 3624 1145 ,

2038 1180 2306 1227 mercator
2344 1173 2504 1226 vitam
2551 1171 2796 1226 ﬂuctibus
2829 1172 3150 1238 committit,
3182 1173 3342 1243 inque
3378 1175 3630 1230 barbaro-

2038 1281 2155 1320 rum
2187 1265 2455 1336 regionem
2486 1264 2837 1334 proficiscitur
2858 1305 2875 1329 ,
2901 1263 3050 1318 mille
3077 1262 3327 1333 periculis
3355 1266 3629 1335 expositus

2035 1357 2104 1413 ad
2150 1357 2264 1412 haec
2311 1357 2394 1410 fila
2431 1355 2786 1426 comparanda
2812 1396 2827 1420 ,
2861 1362 2920 1409 ut
2954 1365 3075 1422 post
3114 1356 3229 1410 haec
3253 1357 3433 1412 omnia
3478 1367 3532 1412 tu
3574 1359 3627 1414 itt

2034 1448 2230 1503 calceis
2256 1447 2343 1502 illa
2371 1461 2554 1501 assttas
2573 1455 2629 1502 et
2649 1446 2854 1502 corium
2876 1460 3058 1504 ornes.
3087 1445 3290 1518 Ecquid
3313 1456 3459 1503 tanta
3485 1449 3629 1504 insa-

2035 1539 2120 1593 nia
2148 1537 2426 1594 deterius?
2452 1538 2517 1592 At
2552 1545 2794 1593 veterum
2821 1539 2985 1594 calcei
3025 1553 3130 1593 non
3168 1538 3302 1594 tales
3329 1548 3500 1604 erant,
3529 1540 3625 1593 sed

2031 1630 2218 1702 quales
2254 1629 2482 1685 decebat
2513 1629 2677 1684 viros.
2707 1628 3066 1697 Quamobrem
3093 1644 3304 1694 vereor,
3334 1645 3404 1684 ne
3433 1643 3625 1700 procc-

2031 1719 2193 1776 dente
2221 1728 2492 1790 tempore,
2518 1720 2887 1776 adolescentes
2913 1719 3054 1790 apud
3082 1734 3178 1775 vos
3207 1720 3489 1776 mulierum
3515 1721 3628 1776 cal-

2029 1814 2141 1869 ceis
2164 1823 2404 1880 utantur,
2427 1814 2588 1884 idque
2607 1813 2723 1868 sine
2749 1813 2971 1883 pudore.
2993 1814 3256 1886 Quodque
3279 1814 3496 1884 gravius
3518 1824 3622 1878 est,

2031 1905 2146 1961 haec
2173 1905 2416 1962 videntes
2444 1915 2623 1976 patres
2652 1921 2757 1960 non
2787 1905 3153 1976 indignantur,
3186 1905 3280 1962 sed
3310 1923 3423 1962 rem
3447 1918 3506 1962 ut
3536 1908 3622 1962 in-

2027 1997 2360 2054 ditferentem
2405 1998 2620 2054 habent.
2667 1998 2908 2054 Vultisne
2939 2009 3000 2054 ut
3029 1999 3155 2070 quid
3199 2000 3360 2055 etiam
3406 1999 3624 2070 gravius

2026 2088 2279 2144 afferam?
2301 2089 2426 2144 Haec
2452 2089 2522 2144 ita
2549 2089 2681 2143 ﬂttttt
2698 2088 2826 2144 dum
2851 2089 3000 2144 multi
3021 2098 3258 2161 egestate
3278 2101 3614 2160 premuntur.

2026 2179 2199 2235 Vultis
2227 2180 2280 2234 in
2309 2180 2541 2234 medium
2567 2180 2826 2236 adducam
2845 2179 3120 2236 Christum
3144 2183 3492 2248 esurientem,
3519 2198 3621 2236 nn-

2025 2270 2174 2334 dum,
2203 2269 2438 2342 undique
2464 2283 2675 2341 captum
2698 2314 2712 2330 .
2747 2272 2980 2327 vinctum
3000 2273 3026 2326 ?
3055 2271 3124 2327 Et
3151 2282 3279 2344 quot
3307 2273 3620 2328 fulminibus

2025 2361 2169 2432 digni
2195 2375 2301 2416 non
2327 2362 2496 2426 eritis,
2519 2361 2643 2416 dum
2668 2361 2817 2416 illum
2841 2363 3104 2433 negligitis
3130 2364 3435 2418 necessario
3455 2379 3620 2434 egen-

2025 2465 2132 2510 tem
2160 2453 2285 2510 cibo
2307 2495 2323 2520 ,
2352 2463 2407 2509 et
2441 2453 2612 2523 pelles
2639 2469 2760 2510 cum
2790 2462 2940 2510 tanto
2966 2455 3144 2510 studio
3167 2457 3481 2511 exornatis?
3523 2456 3619 2512 Ille

2021 2546 2237 2616 quidem
2267 2561 2389 2601 cunt
2417 2545 2692 2616 discipulis
2733 2545 2904 2616 legem
2934 2546 3086 2601 daret
3108 2589 3122 2611 ,
3157 2562 3224 2601 ne
3252 2547 3614 2602 calceamenta

2021 2637 2235 2707 quidem
2277 2636 2478 2692 habere
2503 2636 2750 2707 permisit
2792 2654 2805 2691 :
2847 2651 2946 2691 nos
2970 2652 3100 2692 vero
3124 2653 3228 2692 non
3271 2638 3431 2692 modo
3458 2639 3615 2693 nudis

2021 2729 2247 2800 pedibus
2270 2728 2520 2784 incedere
2540 2743 2646 2783 non
2667 2729 3016 2792 sustinemus,
3044 2729 3137 2785 sed
3163 2743 3340 2800 neque
3361 2730 3615 2785 calceatis

2021 2821 2114 2876 illo
2137 2836 2246 2891 quo
2266 2828 2540 2890 oporteret
2568 2818 2747 2874 modo.
2771 2819 2908 2888 Quid
2937 2819 3036 2875 ltac
3059 2819 3388 2876 absurditate
3418 2821 3568 2890 pejus
3588 2825 3614 2874 ?

2018 2915 2144 2985 qttid
2193 2914 2362 2985 magis
2405 2912 2726 2968 ridiculum?
2770 2911 2903 2968 Illud
2941 2922 3091 2969 certe
3128 2913 3291 2969 animi
3318 2914 3609 2971 eﬂ‘eminati

2019 3016 2120 3069 est,
2155 3005 2452 3070 inhumani,
2483 3003 2643 3060 nimis
2669 3003 2866 3060 curiosi
2886 3045 2902 3068 ,
2931 3005 3229 3061 vanissimi.
3259 3006 3612 3073 Quandonant

2018 3098 2211 3170 poterit
2243 3098 2557 3153 necessariae
2584 3097 2660 3152 rei
2685 3097 2993 3153 incumbere
3012 3138 3028 3164 ,
3060 3097 3148 3167 qui
3179 3099 3260 3151 his
3285 3111 3607 3167 supervaca-

2018 3189 2136 3247 neis
2173 3189 2383 3245 deditus
2419 3189 2544 3245 est?
2591 3189 2804 3259 quando
2841 3189 3056 3256 juvenis
3083 3190 3386 3258 hujusmodi
3416 3193 3610 3248 anime

2014 3295 2200 3336 curam
2224 3279 2461 3346 habebit,
2480 3279 2562 3336 vel
2584 3280 2836 3351 cogitabit
2856 3282 3016 3336 etiam
3037 3296 3098 3337 se
3119 3282 3350 3336 animam
3376 3281 3610 3340 habere?

2015 3374 2146 3429 Nam
2175 3375 2494 3430 vanissimus
2518 3378 2739 3430 cumino
2767 3376 2871 3431 erit
2894 3375 2982 3445 qui
3012 3376 3127 3431 bare
3153 3376 3335 3430 mirari
3366 3376 3606 3446 compcl-

2018 3469 2192 3532 letttr,
2225 3478 2282 3524 et
2324 3468 2739 3523 immanissimus
2763 3510 2779 3534 ,
2810 3469 2899 3540 qui
2947 3468 3032 3523 bis
3073 3469 3309 3525 intentus
3349 3484 3610 3540 pauperes

2017 3561 2282 3632 negliget;
2311 3561 2504 3616 virtute
2528 3574 2746 3620 vacuus.
2779 3560 2870 3631 qui
2898 3568 3064 3616 totam
3090 3561 3251 3616 vitam
3281 3562 3332 3616 in
3365 3562 3466 3617 hoc
3490 3571 3609 3616 stu-

2013 3655 2105 3708 dio
2132 3653 2408 3724 impendit.
2441 3652 2572 3708 Nam
2597 3653 2688 3724 qui
2717 3653 2926 3709 ﬂlorum
2956 3655 3340 3724 praestantiam,
3363 3655 3605 3709 colorum

2014 3745 2199 3800 ﬂorem
2225 3785 2242 3811 ,
2289 3744 2606 3815 hederisque
2645 3745 2878 3814 speciem
2921 3759 2952 3799 a
2992 3746 3084 3800 tali
3115 3755 3326 3803 textura
3354 3747 3606 3800 emissam

2013 3840 2224 3892 curiose
2251 3835 2530 3907 perquirit,
2559 3835 2898 3906 quandonam
2929 3836 3128 3907 poterit
3157 3838 3343 3891 caelum
3372 3836 3606 3906 respice-

2014 3929 2109 3984 re?
2137 3929 2350 3998 quando
2373 3942 2663 3999 supernam
2689 3927 2832 3982 illam
2856 3926 3308 3998 pulchritudinem
3326 3927 3608 3981 mirabitur

2013 4024 2091 4087 is,
2142 4022 2230 4093 qui
2287 4035 2487 4092 pronus
2539 4019 2592 4074 itt
2643 4029 2839 4075 terram
2889 4017 3106 4089 pellium
3159 4017 3603 4088 pulchritudinem

2011 4113 2275 4170 tniratur?
2302 4114 2442 4169 Deus
2467 4111 2682 4184 quidem
2712 4111 2956 4168 extendit
2983 4110 3195 4176 caelum,
3221 4111 3388 4166 solent
3413 4126 3604 4165 accen-

2009 4207 2122 4270 dit,
2153 4207 2441 4274 oculosque
2470 4214 2589 4262 tuos
2618 4219 2829 4260 sursum
2862 4203 3023 4258 trahit
3043 4246 3058 4270 ,
3100 4211 3157 4258 tu
3190 4218 3317 4258 vero
3346 4212 3398 4258 te
3429 4203 3603 4273 ipsum

2009 4298 2156 4369 cogis
2195 4310 2386 4353 versus
2426 4307 2622 4352 terram
2658 4311 2942 4366 porcorum
2981 4295 3150 4350 instar
3174 4295 3460 4364 respicere,
3489 4293 3605 4348 dia-

2010 4390 2240 4461 boloque
2289 4405 2490 4444 morem
2535 4388 2700 4459 geris.
2749 4387 2880 4443 Nam
2927 4387 3042 4456 ipse
3082 4385 3347 4457 malignus
3391 4385 3602 4441 daemon

2009 4477 2148 4536 itane
2173 4479 2552 4548 turpitudinem
2577 4479 2928 4548 excogitavit,
2953 4486 3012 4532 ut
3049 4484 3101 4532 te
3137 4476 3206 4532 ab
3245 4477 3330 4532 illa
3368 4475 3606 4546 pulchri-

2010 4571 2192 4626 tudine
2216 4579 2514 4636 averteret;
2557 4571 2677 4625 ideo
2707 4580 2760 4624 te
2795 4571 2930 4625 istuc
2958 4569 3176 4624 attraxit
3195 4609 3210 4632 ,
3240 4570 3605 4640 postponitur-

2007 4677 2112 4732 que
2131 4662 2292 4727 Deus,
2309 4663 2496 4716 czelum
2515 4661 2824 4725 ostendens,
2839 4659 3054 4714 diabolo
3070 4660 3236 4730 pelles
3250 4663 3599 4725 monstranti;

2010 4751 2120 4807 imo
2145 4767 2251 4807 non
2280 4751 2470 4822 pelles,
2503 4750 2585 4805 ha:
2608 4751 2805 4821 quippe
2831 4759 2957 4804 sunt
2985 4749 3076 4805 Dei
3103 4764 3274 4820 opus;
3306 4751 3400 4806 sed
3429 4751 3604 4806 molli-

2009 4845 2136 4901 tiem
2156 4844 2439 4916 quamdam
2461 4851 2516 4897 et
2537 4843 2826 4912 pessimum
2847 4841 3154 4896 artificium.
3177 4841 3270 4897 Sic
3289 4843 3602 4898 adolescens
3692 4872 3699 4876 —

2008 4949 2208 5005 pronus
2232 4950 2417 4990 versus
2447 4943 2643 4989 terram
2671 4933 2913 4988 circumit
2937 4973 2952 4996 ,
2979 4933 3068 5002 qui
3095 4933 3325 4988 caelestia
3359 4932 3600 5004 philoso-

2011 5027 2160 5097 phari
2188 5026 2368 5096 jussus
2396 5034 2479 5080 est
2499 5067 2514 5088 ,
2549 5025 2823 5095 magisque
2848 5023 2915 5079 de
2947 5023 3030 5078 his
3053 5024 3342 5094 gloriatur,
3369 5040 3528 5096 quam
3555 5026 3600 5079 si

2009 5116 2136 5186 qttid
2173 5131 2422 5186 magnum
2453 5125 2704 5185 operatus
2739 5124 2918 5179 esset,
2949 5116 3133 5185 sicque
3163 5116 3394 5170 molliter
3421 5128 3476 5169 et
3503 5115 3598 5170 de-

2011 5207 2166 5264 licate
2192 5225 2288 5279 per
2313 5209 2482 5263 forum
2520 5207 2717 5263 incedit
2741 5249 2756 5270 ,
2783 5224 3072 5264 maerorem
3114 5209 3214 5263 sibi
3249 5210 3599 5278 doloremque

2007 5303 2334 5364 concilians,
2375 5317 2443 5357 ne
2486 5301 2662 5356 hieme
2702 5303 2912 5357 calceos
2957 5302 3070 5356 luto
3108 5301 3496 5363 commaculet,
3529 5315 3599 5355 nc

2008 5404 2192 5451 aestate
2215 5396 2430 5466 pulvere
2453 5395 2681 5464 operiat.
2708 5394 2843 5461 Quid
2869 5393 3024 5458 dicis,
3050 5409 3084 5445 o
3112 5394 3311 5447 homo?
3337 5393 3598 5447 animam-

2009 5507 2077 5545 ne
2108 5499 2271 5544 totam
2314 5489 2364 5544 itt
2405 5489 2573 5543 lutum
2604 5487 2880 5554 conjecisti
2913 5501 3008 5556 per
3038 5485 3341 5555 hujusmodi
3372 5486 3552 5541 luxum
3578 5530 3595 5551 ,

2009 5597 2134 5636 num
2179 5582 2320 5636 illam
2367 5581 2509 5634 humi
2553 5580 2855 5635 devolutatn
2898 5580 3160 5650 negligis,
3205 5588 3260 5634 et
3298 5579 3366 5634 de
3403 5581 3600 5634 calceis

2011 5683 2115 5728 tam
2147 5674 2302 5729 anxie
2330 5673 2575 5743 Cogitas?
2618 5672 2774 5727 Disce
2813 5689 2966 5727 usum
3003 5689 3187 5727 eorum
3213 5715 3226 5736 ,
3257 5681 3313 5727 et
3338 5674 3600 5729 erubesco.

2010 5764 2150 5834 quod
2183 5765 2310 5820 tanti
2337 5764 2423 5818 illa
2455 5763 2637 5818 facias.
2681 5761 2812 5818 Nam
2841 5765 3004 5818 calcei
3048 5763 3168 5818 ideo
3206 5764 3404 5819 inventi
3433 5775 3553 5817 sunt
3580 5802 3595 5819 .

2014 5859 2069 5903 ut
2100 5848 2266 5903 lutum
2295 5856 2347 5903 et
2376 5862 2585 5903 cantum
2614 5847 2815 5903 calcent
2845 5889 2858 5914 ,
2893 5863 2988 5902 nec
3021 5865 3123 5903 non
3153 5849 3385 5903 maculas
3409 5859 3594 5901 omnes

3267 5955 3306 6014 3
