4028 6152
389 369 500 424 505

393 495 511 550 qua:
559 476 611 531 iu
660 470 960 543 pavimento
1002 461 1260 517 visuntur.
1306 452 1365 506 Si
1404 458 1585 502 autem
1621 442 1671 497 id
1703 439 1843 495 ferre
1873 449 1981 491 non

401 527 551 640 potes
575 608 590 632 ,
621 527 770 620 solve
798 559 918 614 illos
946 565 998 610 et
1026 571 1055 605 a
1083 550 1220 606 collo
1248 540 1514 616 suspende
1537 580 1557 607 ,
1581 537 1664 592 vel
1689 531 1846 603 capiti
1877 527 1984 586 cir-

398 673 684 728 cumpone.

469 727 541 808 6.7
568 750 674 805 Vos
699 744 912 817 quidem
940 737 1124 796 ridetis
1157 733 1273 788 haec
1301 727 1610 788 audientes;
1658 733 1758 789 ego
1782 730 1908 770 vero
1933 728 1988 766 ιιι

399 847 663 914 lacrymas
685 850 910 906 erumpo
939 831 1122 887 videns
1159 827 1374 882 illorum
1399 816 1661 876 insaniam
1684 854 1700 880 ,
1729 821 1784 866 et
1809 805 1990 878 hujus-

403 908 549 992 tnodi
575 947 780 990 curam.
805 928 938 985 Nam
964 921 1216 979 libentius
1243 917 1317 972 illi
1345 924 1540 982 corpus
1559 908 1671 970 luto
1693 915 1993 960 commacu-

404 1033 574 1086 larent
599 1069 614 1092 ,
643 1041 801 1097 quam
830 1016 1133 1090 huiusmodi
1163 1013 1392 1068 calceos.
1442 1005 1576 1060 Hinc
1608 1000 1683 1056 illi
1714 994 1996 1053 levissimis

404 1124 568 1178 dediti
613 1086 784 1183 finiit,
815 1086 976 1188 atq-ue
1013 1110 1113 1164 alia
1145 1105 1351 1161 ratione
1383 1097 1621 1170 pecunia:
1659 1089 1822 1147 avidi.
1865 1086 1996 1142 Nam

405 1216 498 1286 qui
529 1216 583 1268 in
613 1213 729 1268 [nec
762 1178 951 1264 insano
977 1201 1152 1259 studio
1180 1198 1306 1253 ferri
1335 1191 1530 1248 assueti
1557 1195 1682 1243 sunt
1705 1226 1720 1249 ,
1753 1184 1806 1238 in
1834 1178 2000 1234 vesti-

409 1271 513 1364 bus
537 1305 590 1360 in
617 1303 843 1370 aliisque
861 1294 1107 1352 omnibus
1129 1289 1294 1346 multa
1320 1286 1590 1340 insumant
1615 1287 1670 1332 et
1696 1271 2004 1346 impendant

415 1404 647 1468 Oportet.
691 1393 794 1462 Qui
837 1390 882 1445 si
926 1385 1263 1443 ambitiosum
1293 1385 1496 1448 patrem
1524 1371 1718 1426 habeat
1741 1408 1755 1430 ,
1782 1371 2005 1434 augetur

415 1458 532 1560 eius
559 1458 788 1544 absurda
815 1481 1110 1553 cupiditas;
1142 1477 1188 1532 si
1213 1485 1456 1535 avarum,
1483 1465 1691 1540 cogitur
1714 1462 1815 1516 alia
1843 1458 2009 1528 turpi-

421 1592 504 1637 ter
548 1577 798 1651 aggredi,
832 1585 890 1629 ut
929 1587 1116 1630 aurum
1157 1568 1222 1624 ad
1270 1566 1410 1620 hunc
1446 1569 1712 1630 sumptum
1743 1553 2010 1614 corradat.

418 1675 555 1730 Hinc
583 1649 734 1727 multi
761 1669 1006 1739 juvenes,
1038 1673 1094 1720 et
1117 1662 1342 1716 formam
1369 1669 1522 1711 suam
1547 1649 1931 1710 vendiderunt,
1959 1654 2013 1704 et

422 1765 640 1837 parasiti
666 1737 888 1817 divitum
930 1755 1104 1813 eﬂ‘ecti
1137 1761 1296 1815 sunt,
1326 1749 1535 1816 aliaque
1563 1741 1784 1800 servilia.
1803 1737 2015 1793 subiere

424 1857 759 1921 ministeria,
807 1863 864 1907 ut
906 1851 992 1906 his
1039 1847 1342 1904 facultatem
1392 1837 1669 1910 explenda:
1713 1830 2018 1902 cupiditatis

424 1957 688 2008 emerent.
727 1945 878 2013 Quod
911 1945 1072 2014 igitur
1102 1940 1191 1995 hic
1229 1933 1468 2007 pecunia:
1494 1946 1679 1986 amans
1718 1928 1924 1984 futurus
1949 1925 2020 1980 sit

428 2054 483 2099 et
527 2041 828 2098 levissimus
868 2048 1028 2106 atque
1071 2033 1136 2088 ad
1187 2026 1486 2086 necessaria
1534 2022 1755 2078 omnino
1796 2032 2018 2081 socors;

433 2137 665 2205 hincque
697 2135 926 2186 futurum
965 2129 1038 2183 sit
1072 2134 1133 2180 ut
1167 2123 1270 2178 alia
1309 2120 1591 2176 admittere
1621 2122 1834 2186 peccata
1867 2125 2025 2181 coga-

434 2238 543 2290 tur,
572 2241 639 2282 ex
667 2223 828 2280 dictis
855 2218 1194 2277 manifestum
1221 2223 1305 2270 est
1335 2230 1349 2267 :
1375 2211 1520 2282 quod
1549 2210 1677 2264 item
1705 2206 2027 2261 inhumanus

437 2321 510 2375 sit
533 2320 741 2374 futurus
766 2324 822 2370 et
845 2329 993 2368 vana:
1013 2310 1198 2381 gloriae
1222 2305 1475 2376 cupidus,
1503 2316 1662 2367 nemo
1689 2299 1896 2356 inficias
1921 2304 2026 2352 eat.

441 2413 766 2468 lnhumanus
809 2421 968 2470 cum,
1008 2405 1126 2459 viso
1163 2413 1431 2470 paupere,
1471 2408 1655 2450 amore
1689 2399 1910 2448 ornatus
1948 2388 2030 2445 sui

443 2506 648 2568 ductus,
676 2516 743 2556 ne
767 2498 1036 2568 respicere
1061 2493 1275 2564 quidem
1301 2487 1626 2560 dignabitur,
1657 2483 1752 2540 sed
1774 2482 1900 2537 dum
1926 2479 2034 2534 cal-

445 2613 573 2654 ceos
599 2611 732 2651 auro
759 2600 982 2649 exornat
1007 2631 1022 2654 ,
1065 2587 1212 2642 illum
1241 2584 1383 2640 fame
1414 2589 1727 2652 pereuntem
1755 2574 2034 2647 despiciet.

447 2685 612 2744 Vana:
659 2686 845 2758 gloria:
887 2680 1150 2752 cupidus,
1199 2677 1326 2732 dum
1370 2675 1424 2730 in
1466 2670 1702 2728 minimis
1745 2665 2039 2722 videntium

449 2779 896 2838 existimationem
927 2774 1106 2832 ven-ari
1147 2771 1336 2828 doctus
1368 2764 1820 2838 deprehendetur.
1861 2759 2042 2830 Neque

452 2875 594 2930 enim
626 2882 754 2943 puto
781 2869 972 2926 ducem
1002 2867 1073 2922 de
1109 2862 1432 2920 exercitibus
1471 2866 1526 2914 et
1569 2855 1790 2925 trepaeis
1822 2854 1934 2909 suis
1971 2851 2043 2906 ita

453 2965 710 3035 gloriari,
749 2971 804 3017 ut
839 2962 1091 3031 juvenem
1135 2956 1284 3013 illum
1333 2951 1597 3023 perditum
1636 2947 1706 3004 de
1742 2947 2044 3002 calceorum

457 3066 674 3122 ornatu,
703 3055 770 3111 de
798 3050 1128 3109 vesdmentis
1153 3044 1530 3108 defluentibus,
1553 3042 1624 3096 de
1647 3053 1798 3095 coma
1824 3036 2046 3106 capitis:

458 3163 779 3219 quamquam
819 3145 933 3200 hazc
957 3143 1135 3198 omnia
1173 3139 1435 3196 artificum
1462 3137 1688 3192 aliorum
1715 3147 1884 3203 opera
1905 3140 2047 3186 sunt.

460 3239 615 3306 Quod
641 3240 684 3294 si
708 3237 774 3292 de
800 3237 988 3291 alienis
1008 3249 1114 3289 non
1141 3231 1394 3288 desinunt
1417 3244 1552 3283 vane
1573 3226 1815 3298 gloriari,
1838 3224 2052 3294 quando

465 3335 532 3388 de
560 3334 673 3388 suis
699 3326 988 3385 desinent?
1013 3325 1131 3380 Alia
1161 3336 1373 3394 quoque
1399 3321 1632 3375 dicerem
1662 3317 1744 3372 his
1765 3316 2053 3388 graviora:

467 3435 522 3480 at
547 3425 664 3478 haec
691 3420 841 3476 vobis
868 3419 998 3474 satis
1031 3427 1172 3473 sunt.
1206 3413 1302 3470 llic
1329 3427 1458 3481 ergo
1481 3412 1642 3466 tinem
1666 3407 1851 3463 orandi
1878 3405 2058 3461 facere

469 3523 724 3586 oportet:
756 3511 875 3568 bzec
908 3510 1105 3580 quippe
1147 3504 1258 3562 dixi
1296 3514 1482 3560 contra
1527 3499 1926 3565 contentiosos,
1967 3500 2057 3567 qui

473 3623 588 3663 rem
626 3603 764 3660 nihil
800 3600 1016 3660 abeundi
1062 3598 1261 3655 habere
1296 3595 1563 3652 dicebant.
1604 3593 1670 3648 Et
1705 3591 1817 3648 scio
1845 3588 2059 3660 quidem

477 3701 672 3757 multos
700 3713 769 3754 ex
803 3694 1095 3767 juvenibus
1120 3707 1188 3751 ne
1215 3690 1372 3745 dictis
1398 3687 1613 3758 quidem
1640 3682 1920 3741 attendere
1941 3723 1956 3747 ,
1990 3682 2062 3736 ita

475 3803 600 3850 sunt
636 3791 771 3850 ebrii
795 3833 810 3858 ,
842 3799 898 3846 et
937 3786 1062 3848 huic
1097 3783 1288 3842 morbo
1316 3780 1510 3836 addicti
1536 3796 1551 3845 ;
1581 3793 1752 3849 neque
1781 3786 1957 3832 tamen
1987 3774 2056 3828 si-

477 3886 692 3944 lendum
727 3891 862 3940 erat.
897 3880 1030 3938 Nam
1066 3887 1244 3949 patres
1271 3883 1450 3930 mente
1473 3872 1588 3929 sani
1616 3913 1631 3936 ,
1679 3871 1825 3940 ipsos
1853 3865 1919 3921 ad
1947 3879 2063 3920 mo-

478 3981 703 4036 destiam
752 3975 1005 4032 inducere
1049 3980 1320 4042 poterunt.
1381 3967 1459 4022 Ne
1503 3966 1648 4021 dicas
1688 3962 1884 4033 igitur,
1925 3957 2067 4013 Nihil

484 4073 625 4136 hinc,
659 4068 789 4122 nihil
816 4067 938 4122 inde
963 4063 1042 4135 (α)
1067 4083 1078 4117 :
1104 4063 1206 4117 hoc
1231 4062 1426 4130 quippe
1445 4098 1460 4125 ,
1489 4057 1592 4112 hoc
1616 4054 1792 4110 omnia
1821 4065 2066 4122 pessum-

547 4203 619 4264 (a)
657 4201 840 4264 uictum
862 4199 924 4245 ab
954 4193 1349 4262 adolescentibus
1384 4187 1508 4264 illis,
1531 4199 1654 4260 quos
1684 4183 2073 4264 'calrpLitPhryso-

484 4245 799 4322 striditis-{qui
812 4245 984 4308 luxum
1008 4268 1242 4316 maguum
1263 4255 1312 4301 in
1329 4251 1510 4300 calceis
1530 4245 1647 4311 ipsis
1670 4245 1988 4296 exhibebant.

1110 348 1164 399 S.
1194 337 1472 400 JOANNIS
1509 320 1981 392 CIIRYSOSTOMI
2025 316 2345 375 ARCHIEP.
2388 300 2918 401 CONSTM\"T|NOP.

3570 291 3671 348 5M

2088 430 2253 485 dedit.
2285 408 2576 498 Oportebat
2603 423 2746 480 enim
2776 420 2895 475 illos
2927 415 3238 472 instituere.
3265 420 3316 465 et
3344 408 3395 464 in
3423 409 3488 463 iis
3509 447 3525 473 ,
3558 423 3678 476 qnze

2090 520 2310 576 minima
2336 517 2650 571 videbantur
2672 525 2797 567 esse
2821 551 2837 575 ,
2872 509 3125 562 honestos
3161 501 3390 557 reddere
3414 541 3428 565 ,
3461 511 3680 566 magna-

2091 613 2268 666 nimos
2292 653 2306 678 ,
2339 614 2773 662 ornamentorum
2803 605 3235 667 contemptores;
3281 592 3358 647 sic
3387 590 3530 644 enim
3563 586 3683 641 illos

2094 707 2150 761 in
2189 703 2394 773 magnis
2430 703 2588 755 etiam
2622 695 2911 767 prarclaros
2952 697 3337 745 inveniremus.
3369 680 3506 750 Quid
3538 679 3682 733 enim

2095 769 2484 853 elementorum
2511 787 2785 858 disciplina
2812 781 3012 837 vilius?
3040 780 3287 834 Attamen
3319 789 3385 827 ex
3414 787 3476 826 ea
3504 769 3690 826 rheto-

2097 903 2204 954 res,
2227 885 2500 956 SOpiliSltD,
2525 890 2578 936 et
2602 875 2901 950 philosophi
2923 871 3173 928 evadunt.
3197 868 3253 924 Si
3279 867 3393 920 hanc
3417 863 3687 934 ignorent,

2099 977 2186 1034 illa
2214 989 2500 1046 numquam
2534 971 2721 1025 scient.
2757 967 2880 1021 Ihee
2906 972 3082 1018 autem
3113 959 3344 1013 diximus
3375 970 3479 1009 non
3510 951 3692 1022 pueris

2103 1078 2305 1125 tantum
2328 1109 2343 1134 ,
2361 1043 2467 1120 sed
2495 1063 2656 1118 etiam
2683 1056 2992 1114 mulieribus
3018 1061 3070 1108 et
3101 1049 3314 1122 puellis.
3359 1045 3466 1099 Illae
3493 1043 3693 1112 quippe

2103 1172 2228 1220 sunt
2274 1159 2460 1214 iisdem
2509 1154 2754 1210 obnoxiae
2797 1149 3067 1222 peccatis;
3131 1146 3238 1197 imo
3285 1150 3432 1196 tanto
3481 1135 3692 1205 magis,

2105 1263 2306 1326 quanto
2333 1250 2712 1306 modestiorem
2741 1245 2895 1299 decet
2921 1255 3041 1295 csse
3068 1237 3346 1306 virginem.
3379 1233 3509 1296 Qua:
3535 1227 3698 1298 igitur

2107 1350 2214 1406 illis
2248 1349 2386 1406 dicta
2421 1354 2574 1410 sunt,
2604 1343 2753 1398 vobis
2783 1339 2941 1394 etiam
2978 1334 3116 1390 dicta
3155 1339 3368 1402 putate,
3405 1340 3472 1380 ne
3505 1321 3695 1379 eadem

2111 1451 2433 1513 repetamus.
2480 1439 2612 1493 Nam
2655 1446 2862 1503 tempus
2898 1439 2982 1483 est
3021 1437 3079 1482 ut
3113 1436 3415 1482 sermonem
3451 1415 3701 1489 precibus

2116 1523 2571 1588 clattdamus.Vos
2584 1537 2712 1590 ergo
2729 1519 3011 1572 nobiscum
3034 1513 3193 1566 simul
3211 1517 3379 1570 orate,
3398 1514 3454 1555 ut
3470 1509 3701 1568 iuvenes

2119 1625 2213 1696 qui
2238 1623 2302 1676 ad
2331 1617 2634 1679 Ecclesiam
2661 1612 2954 1684 pertinent,
2993 1603 3240 1658 modeste
3260 1598 3442 1651 vivere
3461 1590 3705 1646 maxime

2124 1715 2358 1788 possint,
2397 1719 2452 1765 et
2482 1709 2549 1764 ad
2594 1712 2931 1763 senectutem
2977 1693 3364 1757 condecentem
3400 1683 3704 1757 pervenire.

2119 1807 2250 1863 Nam
2277 1805 2356 1860 eis
2379 1803 2465 1874 qui
2511 1817 2616 1857 non
2650 1803 3006 1867 temperanter
3031 1793 3214 1845 vivunt
3239 1829 3252 1852 ,
3282 1801 3386 1840 non
3414 1779 3708 1852 optandum

2121 1909 2175 1955 ut
2217 1904 2548 1953 senectutem
2577 1898 2930 1960 asscquantur
2949 1929 2964 1952 ,
3006 1885 3125 1939 illos
3159 1893 3288 1936 vero
3316 1875 3406 1948 qui
3437 1875 3491 1928 in
3517 1873 3712 1942 juven-

2125 1999 2238 2046 tute
2263 2002 2419 2043 senes
2445 1986 2718 2040 imitantur
2740 2025 2756 2048 ,
2789 1993 2979 2050 precor
3003 1985 3296 2031 extremam
3327 1967 3590 2034 attingere
3617 1975 3711 2014 ca-

2127 2083 2332 2147 nitiem,
2352 2089 2407 2135 et
2427 2077 2714 2148 praeclaros
2737 2073 2871 2127 filios
2891 2070 3127 2140 gignere,
3150 2063 3241 2141 qui
3264 2059 3499 2132 patribus
3518 2052 3716 2125 gaudio

2129 2181 2278 2243 sint,
2323 2177 2379 2230 in
2417 2172 2709 2246 primisque
2752 2167 2862 2222 Deo
2900 2161 3137 2218 omnium
3178 2153 3482 2218 conditori,
3526 2161 3719 2219 precor

2132 2272 2260 2331 item
2300 2277 2360 2322 ut
2399 2263 2645 2320 morbum
2687 2258 2848 2314 animi
2893 2268 3111 2310 omnem
3149 2249 3366 2319 abigat,
3410 2258 3516 2298 non
3556 2239 3721 2294 modo

2135 2377 2257 2420 eum
2287 2358 2379 2430 qui
2406 2358 2462 2413 in
2485 2353 2678 2410 calceis
2704 2360 2759 2408 et
2784 2346 3115 2405 vesdmentis
3143 2335 3559 2410 deprehenditur
3581 2375 3596 2396 .
3625 2330 3723 2388 sed

2137 2463 2193 2511 et
2232 2453 2394 2508 alium
2441 2457 2849 2519 quemcumque.
2899 2438 3033 2495 Nam
3075 2431 3434 2490 adolescentia
3482 2425 3726 2496 neglecta

2139 2544 2328 2602 similis
2354 2549 2438 2597 est
2460 2517 2675 2594 inculta:
2707 2545 2882 2597 terrm,
2911 2544 3030 2602 quae
3059 2526 3256 2582 multas
3285 2521 3517 2591 undique
3541 2517 3728 2588 spinas

2140 2641 2324 2712 gignit.
2377 2634 2728 2691 lmmittamus
2766 2642 2891 2698 ergo
2930 2623 3099 2679 sancti
3140 2618 3370 2690 Spiritus
3414 2616 3588 2685 ignem
3617 2653 3632 2678 ,
3675 2617 3730 2666 et

2146 2733 2313 2788 malas
2356 2727 2516 2784 hasce
2555 2723 2869 2794 cupiditates
2901 2729 3146 2778 uramus;
3189 2710 3383 2765 inculta
3411 2722 3535 2760 arva
3565 2718 3732 2758 exco-

2147 2828 2338 2891 lamus,
2359 2833 2418 2878 ut
2434 2835 2618 2876 semen
2641 2815 2846 2888 possint
2866 2810 3166 2878 suscipere;
3190 2816 3244 2860 et
3257 2803 3499 2874 juniores
3521 2806 3736 2853 nostros

2150 2917 2337 2973 alienis
2363 2913 2580 2971 senibus
2619 2905 2968 2978 sapientiores
2998 2898 3363 2955 exbibeamus.
3410 2890 3542 2946 Nam
3571 2887 3740 2942 mira-

2153 3011 2260 3066 bile
2291 3007 2447 3078 plane
2475 3002 2601 3059 illud
2632 3008 2748 3064 est,
2781 3010 2901 3051 cum
2930 2993 2982 3047 in
3014 2990 3292 3061 juventute
3320 2981 3569 3054 splendet
3601 2987 3738 3033 tem-

2157 3102 2394 3177 perantia
2415 3141 2430 3166 ,
2457 3111 2578 3152 cum
2607 3103 2793 3149 contra
2825 3091 2870 3143 is
2891 3130 2904 3154 ,
2933 3084 3019 3156 qui
3051 3085 3106 3140 in
3137 3088 3410 3137 senectute
3437 3085 3742 3143 temperans

2156 3207 2239 3253 est
2261 3238 2277 3262 ,
2319 3211 2423 3249 non
2465 3191 2537 3246 ita
2577 3199 2821 3258 magnam
2853 3179 3048 3236 referat
3077 3171 3380 3231 mercedem
3402 3211 3417 3236 ,
3451 3165 3541 3237 qui
3572 3162 3746 3219 aetatis

2159 3252 2450 3344 subsidium
2473 3252 2690 3335 habeat:
2717 3272 2844 3329 illud
2874 3279 3050 3326 autem
3076 3265 3267 3321 mirum
3290 3269 3392 3325 est,
3421 3259 3474 3312 in
3497 3252 3748 3311 ﬂuetibus

2162 3379 2539 3451 tranquillitate
2566 3371 2665 3426 frui
2691 3411 2706 3436 ,
2743 3377 2797 3422 et
2828 3366 2881 3420 in
2908 3363 3123 3418 fornace
3149 3371 3254 3411 non
3282 3349 3561 3412 comburi,
3588 3356 3751 3415 atque

2165 3475 2216 3530 in
2237 3473 2514 3542 juventute
2537 3480 2645 3521 non
2674 3458 2936 3516 lascivire.
2961 3453 3086 3508 Haec
3110 3449 3286 3518 itaque
3310 3445 3489 3499 animo
3510 3437 3754 3494 recolen-

2168 3576 2286 3628 tes,
2326 3562 2595 3616 imitemur
2633 3556 2843 3610 beatum
2890 3549 3038 3603 illum
3076 3539 3364 3610 Josephum
3393 3575 3409 3600 ,
3447 3532 3536 3602 qui
3576 3530 3631 3584 in
3669 3527 3755 3582 his

2167 3655 2415 3715 omnibus
2443 3649 2758 3720 compicuus
2783 3643 2902 3708 fuit,
2931 3649 2990 3695 ut
3017 3635 3231 3694 easdem
3259 3643 3392 3701 quas
3415 3625 3504 3681 ille
3527 3632 3755 3678 coronas

2170 3760 2515 3821 assequamur
2544 3761 2558 3799 :
2589 3741 2780 3813 quibus
2807 3737 3006 3790 utinam
3035 3740 3224 3786 omnes
3256 3723 3522 3794 potiamur
3541 3757 3556 3782 ,
3587 3711 3758 3784 gratia

2171 3854 2227 3902 et
2270 3807 2844 3911 benignitate—Domini
2888 3824 3057 3882 nostri
3093 3821 3219 3876 Jesu
3259 3811 3498 3875 Christi,
3541 3807 3759 3879 quicum

2173 3936 2319 3994 Patri
2342 3933 2508 4006 gloria
2535 3937 2594 3986 et
2616 3926 2772 3982 simul
2800 3917 3018 3992 Spiritui
3045 3922 3249 3977 sancto,
3278 3922 3418 3963 nunc
3444 3913 3501 3961 ct
3525 3913 3758 3970 semper,

2174 4041 2230 4088 et
2263 4031 2316 4084 in
2345 4024 2538 4083 saecula
2568 4019 2902 4076 satculorum.
2931 4013 3118 4067 Amen.

489 4337 3756 4422 ________________________________————————-

1721 4516 2066 4581 HOMILIA
2115 4514 2186 4574 L.
2219 4509 2304 4572 al.
2339 4505 2440 4566 LI.

497 4708 624 4762 Car.
667 4705 754 4759 Η.
802 4717 854 4756 v.
895 4699 985 4756 2⁸5.
1022 4696 1091 4753 Et
1129 4696 1338 4750 dimissa
1378 4691 1544 4756 turba,
1577 4687 1800 4743 ascendit
1837 4687 1891 4739 in
1939 4701 2083 4739 mon-

569 4810 666 4851 tem
693 4796 836 4849 solus
857 4807 1023 4848 orare.
1058 4787 1274 4859 Vespere
1303 4795 1478 4840 autent.
1501 4786 1657 4854 facta,
1688 4779 1830 4834 solus
1859 4785 1970 4832 erat
1992 4775 2082 4830 ibi.

568 4889 658 4944 ει.
694 4884 948 4940 Navicuta
976 4891 1146 4937 autem
1183 4881 1299 4950 jam
1336 4877 1392 4930 in
1435 4874 1599 4929 medio
1627 4871 1758 4925 mari
1794 4866 2087 4940 jactabatur

571 4978 809 5050 ﬂuetibus
838 4993 857 5032 :
885 4984 992 5030 erat
1024 4973 1154 5028 enim
1175 4969 1459 5024 contrarius
1487 4974 1679 5021 ventus.

576 5077 626 5129 1.
662 5068 898 5128 Solitudo
926 5064 1303 5135 tranquillitatis
1345 5069 1520 5114 mater.
1549 5056 1748 5112 —Cur
1773 5055 1830 5110 in
1852 5059 2089 5108 montem

506 5164 779 5224 ascendit?
821 5160 891 5217 Ut
917 5175 1014 5214 nos
1040 5157 1250 5221 doceat,
1285 5149 1624 5208 commodum
1652 5163 1771 5204 esse
1795 5146 2088 5206 desertum,

507 5254 842 5314 commodam
871 5247 1234 5309 solitudinem,
1265 5259 1385 5298 cum
1415 5243 1523 5295 Deo
1549 5235 1951 5309 supplicandum
1991 5240 2091 5288 est.

509 5349 633 5406 Ideo
657 5361 800 5417 saepe
828 5343 1040 5398 deserta
1085 5338 1234 5408 petit,
1281 5334 1458 5404 ibique
1496 5336 1770 5401 pernoctat
1811 5341 1993 5392 orans,
2041 5334 2097 5378 ut

512 5457 610 5496 nos
634 5444 874 5498 moneat,
903 5442 960 5490 et
999 5441 1209 5500 tempus
1243 5435 1298 5481 et
1335 5425 1506 5479 locum
1548 5421 1612 5475 ad
1653 5417 1934 5488 tranquille
1974 5431 2098 5485 pre-

513 5531 740 5590 caudam
760 5537 1119 5599 opportunum
1144 5535 1263 5578 esse
1290 5513 1659 5589 quzerendum.
1690 5507 1932 5567 Solitudo
1956 5507 2100 5563 enim

512 5595 909 5695 tranquillitatis
948 5625 1121 5672 mater
1149 5621 1252 5680 est,
1283 5608 1586 5681 quietisque
1621 5611 1823 5674 portus,
1853 5600 1920 5654 ab
1955 5595 2101 5653 omni

519 5731 617 5776 nos
645 5687 873 5772 tumultu
895 5709 1149 5765 liberans.
1179 5701 1270 5757 Ille
1299 5698 1512 5771 quidem
1556 5695 1639 5748 bis
1671 5692 1738 5747 de
1776 5691 1952 5746 causis
1981 5687 2106 5741 illuc

520 5811 758 5868 ascendit
787 5824 801 5859 :
831 5800 1074 5872 discipuli
1121 5812 1246 5853 vero
1285 5805 1497 5850 rursum
1533 5784 1782 5843 ﬂuctibus
1815 5782 2101 5853 agitantur,

2188 4687 2244 4734 et
2268 4677 2582 4740 tempestate
2621 4673 2678 4718 ut
2709 4669 2832 4715 ante
2871 4657 3158 4728 iactantur.
3205 4647 3311 4704 Sed
3357 4655 3482 4700 tunc
3527 4641 3680 4697 illum
3723 4638 3777 4691 in

2187 4767 2428 4826 navicula
2462 4762 2716 4817 habentes
2743 4755 2858 4809 haec
2889 4749 3254 4822 patiebantur;
3296 4755 3437 4794 nunc
3463 4748 3640 4790 autem
3682 4735 3780 4790 soli

2191 4871 2316 4916 sunt
2341 4867 2395 4912 ct
2418 4852 2642 4910 seorsim
2671 4845 2848 4918 positi.
2896 4840 3104 4898 Etenim
3139 4835 3257 4890 illos
3297 4829 3551 4904 paulatim
3591 4835 3646 4882 et
3688 4841 3784 4896 per

2189 4954 2385 5026 gradus
2436 4943 2741 5013 adimajora
2787 4935 3004 4996 inducit,
3034 4940 3093 4986 ut
3119 4927 3298 4984 omnia
3341 4923 3548 4979 fortiter
3588 4920 3781 4973 ferant.

2195 5047 2415 5106 Idcirco,
2444 5055 2565 5095 cum
2610 5027 2953 5106 periclitaturi
2984 5025 3213 5095 primum
3251 5025 3424 5081 erant,
3452 5012 3639 5066 aderat
3663 5009 3787 5079 qui-

2194 5137 2339 5202 dem,
2369 5104 2462 5188 sed
2484 5104 2803 5188 dormiebat,
2836 5131 2892 5173 ut
2912 5124 3108 5188 przesto
3127 5121 3268 5166 esset
3287 5107 3351 5162 ad
3373 5104 3628 5160 auxilium
3651 5117 3790 5170 pra--

2197 5225 2444 5283 standum
2482 5241 2494 5276 :
2526 5232 2668 5274 nunc
2696 5228 2822 5268 vero
2851 5219 2909 5264 ut
2951 5204 3139 5273 majori
3181 5201 3300 5255 illos
3343 5194 3596 5269 patientia
3627 5206 3793 5246 exer-

2198 5328 2338 5382 ceat,
2390 5329 2497 5368 non
2543 5310 2595 5365 id
2650 5306 2808 5370 facit,
2857 5299 2950 5356 sed
2997 5297 3182 5356 abest,
3242 5301 3294 5346 ct
3335 5290 3386 5343 iu
3435 5284 3613 5342 medio
3653 5281 3793 5336 mari

2202 5377 2461 5478 permittit
2485 5406 2854 5469 tempestatem
2887 5388 3128 5453 excitari,
3159 5392 3215 5438 ut
3237 5380 3379 5436 nulla
3414 5377 3523 5434 fere
3553 5387 3677 5444 spes
3700 5387 3794 5426 sa-

2204 5463 2329 5554 iutis
2354 5463 2680 5566 superesset,
2713 5496 2769 5543 et
2793 5494 2899 5540 tota
2929 5490 3087 5536 nocte
3119 5473 3240 5532 sinit
3279 5486 3373 5527 eos
3405 5465 3655 5524 fluctibus
3683 5463 3800 5532 agi-

2205 5590 2328 5656 tari,
2362 5597 2422 5642 ut
2447 5597 2655 5647 eorum,
2684 5586 2832 5648 puto,
2864 5578 3187 5629 excaecatum
3228 5579 3322 5618 cor
3359 5559 3622 5614 incitaret.
3649 5551 3800 5607 Talis

2207 5642 2402 5750 quippe
2424 5690 2511 5732 res
2531 5681 2614 5730 est
2642 5642 2824 5736 tiinor,
2853 5679 3012 5736 quem
3039 5671 3092 5716 et
3118 5663 3405 5726 tempestas
3432 5657 3489 5704 et
3526 5662 3629 5702 nox
3662 5642 3804 5699 infe—

2208 5729 2294 5750 -,.-.
2378 5729 2552 5734 ---η
2658 5731 2661 5733 _
2810 5729 2886 5736 ,-

2208 5729 2418 5830 vehant.
2438 5766 2573 5825 Cum
2613 5758 3020 5833 compunctioue
3056 5760 3230 5806 autem
3274 5745 3358 5800 illa
3404 5741 3484 5796 sui
3529 5729 3810 5793 desiderio
