  <div class='ocr_page' id='page_1' title='image "/cluster/home/n/w/nwhite01/storage/ocr_20150623/58/mdp.39015008622634/047.png"; bbox 0 0 4028 6152; ppageno 0'>
   <div class='ocr_carea' id='block_1_1' title="bbox 334 374 440 431">
    <p class='ocr_par' dir='ltr' id='par_1_1' title="bbox 334 374 440 431">
     <span class='ocr_line' id='line_1_1' title="bbox 334 374 440 431; baseline 0.019 -2"><span class='ocrx_word' id='word_1_1' title='bbox 334 374 440 431; x_wconf 82' lang='grc'>505</span> 
     </span>
    </p>
   </div>
   <div class='ocr_carea' id='block_1_2' title="bbox 332 487 2007 561">
    <p class='ocr_par' dir='ltr' id='par_1_2' title="bbox 332 487 2007 561">
     <span class='ocr_line' id='line_1_2' title="bbox 332 487 2007 561; baseline 0.001 -19"><span class='ocrx_word' id='word_1_2' title='bbox 332 491 548 561; x_wconf 82' lang='grc' dir='ltr'>πρῶτον</span> <span class='ocrx_word' id='word_1_3' title='bbox 580 487 914 543; x_wconf 76' lang='grc' dir='ltr'>κινδυνεύειν</span> <span class='ocrx_word' id='word_1_4' title='bbox 944 488 1201 559; x_wconf 70' lang='grc' dir='ltr'>ἔμελλον,</span> <span class='ocrx_word' id='word_1_5' title='bbox 1246 490 1430 561; x_wconf 86' lang='grc' dir='ltr'>παρῆν</span> <span class='ocrx_word' id='word_1_6' title='bbox 1465 490 1585 561; x_wconf 79' lang='grc' dir='ltr'>μὲν,</span> <span class='ocrx_word' id='word_1_7' title='bbox 1640 491 1895 545; x_wconf 75' lang='grc' dir='ltr'>ἐκάθευδε</span> <span class='ocrx_word' id='word_1_8' title='bbox 1928 492 2007 556; x_wconf 81' lang='grc' dir='ltr'>δὲ,</span> 
     </span>
    </p>
   </div>
   <div class='ocr_carea' id='block_1_3' title="bbox 331 575 2009 648">
    <p class='ocr_par' dir='ltr' id='par_1_3' title="bbox 331 575 2009 648">
     <span class='ocr_line' id='line_1_3' title="bbox 331 575 2009 648; baseline 0.002 -18"><span class='ocrx_word' id='word_1_9' title='bbox 331 579 473 631; x_wconf 83' lang='grc' dir='ltr'>ὥστε</span> <span class='ocrx_word' id='word_1_10' title='bbox 495 577 553 643; x_wconf 87' lang='grc' dir='ltr'>ἐξ</span> <span class='ocrx_word' id='word_1_11' title='bbox 585 578 803 646; x_wconf 77' lang='grc' dir='ltr'><strong>ἑτοίμου</strong></span> <span class='ocrx_word' id='word_1_12' title='bbox 837 575 1019 629; x_wconf 89' lang='grc' dir='ltr'>δοῦναι</span> <span class='ocrx_word' id='word_1_13' title='bbox 1045 576 1145 646; x_wconf 78' lang='grc' dir='ltr'>τὴν</span> <span class='ocrx_word' id='word_1_14' title='bbox 1173 577 1530 648; x_wconf 78' lang='grc' dir='ltr'>παραμυθίαν</span> <span class='ocrx_word' id='word_1_15' title='bbox 1551 578 1736 642; x_wconf 82' lang='grc' dir='ltr'>αὐτοῖς</span> <span class='ocrx_word' id='word_1_16' title='bbox 1757 595 1771 609; x_wconf 78' lang='grc' dir='ltr'><strong>ο</strong></span> <span class='ocrx_word' id='word_1_17' title='bbox 1813 578 1930 633; x_wconf 70' lang='grc' dir='ltr'>νυνὶ</span> <span class='ocrx_word' id='word_1_18' title='bbox 1952 580 2009 633; x_wconf 86' lang='grc' dir='ltr'>δὲ</span> 
     </span>
    </p>
   </div>
   <div class='ocr_carea' id='block_1_4' title="bbox 329 663 2007 735">
    <p class='ocr_par' dir='ltr' id='par_1_4' title="bbox 329 663 2007 735">
     <span class='ocr_line' id='line_1_4' title="bbox 329 663 2007 735; baseline 0.002 -18"><span class='ocrx_word' id='word_1_19' title='bbox 329 664 422 717; x_wconf 80' lang='grc' dir='ltr'>ἐπὶ</span> <span class='ocrx_word' id='word_1_20' title='bbox 470 664 690 734; x_wconf 84' lang='grc' dir='ltr'>μείζονα</span> <span class='ocrx_word' id='word_1_21' title='bbox 729 664 878 733; x_wconf 85' lang='grc' dir='ltr'>ἀγων</span> <span class='ocrx_word' id='word_1_22' title='bbox 919 664 1117 727; x_wconf 77' lang='grc' dir='ltr'>αὐτοὺς</span> <span class='ocrx_word' id='word_1_23' title='bbox 1142 663 1441 735; x_wconf 76' lang='grc' dir='ltr'>ὑπομονὴν,</span> <span class='ocrx_word' id='word_1_24' title='bbox 1488 666 1608 718; x_wconf 73' lang='grc' dir='ltr'>οὐδὲ</span> <span class='ocrx_word' id='word_1_25' title='bbox 1651 666 1809 720; x_wconf 92' lang='grc' dir='ltr'>τοῦτο</span> <span class='ocrx_word' id='word_1_26' title='bbox 1841 670 2007 732; x_wconf 87' lang='grc' dir='ltr'>ποιεῖ,</span> 
     </span>
    </p>
   </div>
   <div class='ocr_carea' id='block_1_5' title="bbox 327 750 2011 825">
    <p class='ocr_par' dir='ltr' id='par_1_5' title="bbox 327 750 2011 825">
     <span class='ocr_line' id='line_1_5' title="bbox 327 750 2011 825; baseline 0.001 -18"><span class='ocrx_word' id='word_1_27' title='bbox 327 750 445 807; x_wconf 85' lang='grc' dir='ltr'>ἀλλ’</span> <span class='ocrx_word' id='word_1_28' title='bbox 485 754 691 816; x_wconf 81' lang='grc' dir='ltr'>ἄπεισι,</span> <span class='ocrx_word' id='word_1_29' title='bbox 736 752 830 806; x_wconf 72' lang='grc' dir='ltr'>καὶ</span> <span class='ocrx_word' id='word_1_30' title='bbox 859 752 917 805; x_wconf 90' lang='grc' dir='ltr'>ἐν</span> <span class='ocrx_word' id='word_1_31' title='bbox 963 751 1107 823; x_wconf 86' lang='grc' dir='ltr'>μέσῃ</span> <span class='ocrx_word' id='word_1_32' title='bbox 1163 750 1407 823; x_wconf 76' lang='grc' dir='ltr'>θαλάσσῃ</span> <span class='ocrx_word' id='word_1_33' title='bbox 1453 757 1728 824; x_wconf 86' lang='grc' dir='ltr'>συγχωρεῖ</span> <span class='ocrx_word' id='word_1_34' title='bbox 1768 754 1862 807; x_wconf 80' lang='grc' dir='ltr'>τὸν</span> <span class='ocrx_word' id='word_1_35' title='bbox 1898 772 2011 825; x_wconf 85' lang='grc' dir='ltr'>χει-</span> 
     </span>
    </p>
   </div>
   <div class='ocr_carea' id='block_1_6' title="bbox 332 839 2010 911">
    <p class='ocr_par' dir='ltr' id='par_1_6' title="bbox 332 839 2010 911">
     <span class='ocr_line' id='line_1_6' title="bbox 332 839 2010 911; baseline 0.002 -18"><span class='ocrx_word' id='word_1_36' title='bbox 332 840 484 911; x_wconf 86' lang='grc' dir='ltr'>μῶνα</span> <span class='ocrx_word' id='word_1_37' title='bbox 521 839 886 911; x_wconf 87' lang='grc' dir='ltr'>διεγερθῆναι,</span> <span class='ocrx_word' id='word_1_38' title='bbox 927 839 1003 902; x_wconf 86' lang='grc' dir='ltr'>ὡς</span> <span class='ocrx_word' id='word_1_39' title='bbox 1044 839 1181 910; x_wconf 86' lang='grc' dir='ltr'>μηδέ</span> <span class='ocrx_word' id='word_1_40' title='bbox 1218 840 1585 911; x_wconf 87' lang='grc' dir='ltr'>προσδοκῆσαί</span> <span class='ocrx_word' id='word_1_41' title='bbox 1625 842 1790 896; x_wconf 88' lang='grc' dir='ltr'>ποθεν</span> <span class='ocrx_word' id='word_1_42' title='bbox 1821 843 2010 897; x_wconf 86' lang='grc' dir='ltr'>ἐλπίδα</span> 
     </span>
    </p>
   </div>
   <div class='ocr_carea' id='block_1_7' title="bbox 332 926 1977 999">
    <p class='ocr_par' dir='ltr' id='par_1_7' title="bbox 332 926 1977 999">
     <span class='ocr_line' id='line_1_7' title="bbox 332 926 1977 999; baseline 0.002 -20"><span class='ocrx_word' id='word_1_43' title='bbox 332 929 627 999; x_wconf 88' lang='grc' dir='ltr'>σωτηρίας,</span> <span class='ocrx_word' id='word_1_44' title='bbox 661 928 754 980; x_wconf 73' lang='grc' dir='ltr'>καὶ</span> <span class='ocrx_word' id='word_1_45' title='bbox 783 927 910 998; x_wconf 84' lang='grc' dir='ltr'>ὃλην</span> <span class='ocrx_word' id='word_1_46' title='bbox 935 927 1037 996; x_wconf 79' lang='grc' dir='ltr'>τὴν</span> <span class='ocrx_word' id='word_1_47' title='bbox 1062 926 1237 980; x_wconf 85' lang='grc' dir='ltr'>νύκτα</span> <span class='ocrx_word' id='word_1_48' title='bbox 1270 927 1495 996; x_wconf 85' lang='grc' dir='ltr'>ἀφίησιν</span> <span class='ocrx_word' id='word_1_49' title='bbox 1522 928 1721 993; x_wconf 73' lang='grc' dir='ltr'>αὐτοὺς</span> <span class='ocrx_word' id='word_1_50' title='bbox 1748 929 1977 985; x_wconf 88' lang='grc' dir='ltr'>κλυδωνί</span> 
     </span>
    </p>
   </div>
   <div class='ocr_carea' id='block_1_8' title="bbox 328 1007 2008 1085">
    <p class='ocr_par' dir='ltr' id='par_1_8' title="bbox 328 1007 2008 1085">
     <span class='ocr_line' id='line_1_8' title="bbox 328 1007 2008 1085; baseline 0 -18"><span class='ocrx_word' id='word_1_51' title='bbox 328 1012 536 1075; x_wconf 83' lang='grc' dir='ltr'>ζεσθαι,</span> <span class='ocrx_word' id='word_1_52' title='bbox 567 1012 851 1084; x_wconf 77' lang='grc' dir='ltr'>διεγείρων</span> <span class='ocrx_word' id='word_1_53' title='bbox 875 1010 1027 1083; x_wconf 64' lang='grc' dir='ltr'>[51ιῆ</span> <span class='ocrx_word' id='word_1_54' title='bbox 1048 1011 1249 1072; x_wconf 77' lang='grc' dir='ltr'>αὐτῶν,</span> <span class='ocrx_word' id='word_1_55' title='bbox 1277 1012 1352 1074; x_wconf 87' lang='grc' dir='ltr'>ὼς</span> <span class='ocrx_word' id='word_1_56' title='bbox 1381 1007 1557 1081; x_wconf 84' lang='grc' dir='ltr'>οἶμαι,</span> <span class='ocrx_word' id='word_1_57' title='bbox 1593 1015 2008 1085; x_wconf 78' lang='grc' dir='ltr'>πεπωρωμένην</span> 
     </span>
    </p>
   </div>
   <div class='ocr_carea' id='block_1_9' title="bbox 326 1093 2007 1168">
    <p class='ocr_par' dir='ltr' id='par_1_9' title="bbox 326 1093 2007 1168">
     <span class='ocr_line' id='line_1_9' title="bbox 326 1093 2007 1168; baseline 0.001 -20"><span class='ocrx_word' id='word_1_58' title='bbox 326 1096 422 1168; x_wconf 84' lang='grc' dir='ltr'>τὴν</span> <span class='ocrx_word' id='word_1_59' title='bbox 471 1096 721 1167; x_wconf 88' lang='grc' dir='ltr'>καρδίαν.</span> <span class='ocrx_word' id='word_1_60' title='bbox 764 1095 875 1147; x_wconf 88' lang='lat' dir='ltr'>Kal</span> <span class='ocrx_word' id='word_1_61' title='bbox 909 1094 1018 1165; x_wconf 82' lang='grc' dir='ltr'>γὰρ</span> <span class='ocrx_word' id='word_1_62' title='bbox 1055 1093 1293 1147; x_wconf 84' lang='grc' dir='ltr'>τοιοῦτον</span> <span class='ocrx_word' id='word_1_63' title='bbox 1332 1093 1369 1145; x_wconf 38' lang='grc' dir='ltr'>γὸ</span> <span class='ocrx_word' id='word_1_64' title='bbox 1402 1094 1585 1164; x_wconf 86' lang='grc' dir='ltr'>φόϐος,</span> <span class='ocrx_word' id='word_1_65' title='bbox 1629 1096 1693 1148; x_wconf 80' lang='grc' dir='ltr'>δν</span> <span class='ocrx_word' id='word_1_66' title='bbox 1737 1098 1875 1167; x_wconf 88' lang='grc' dir='ltr'>μετά</span> <span class='ocrx_word' id='word_1_67' title='bbox 1913 1098 2007 1150; x_wconf 86' lang='grc' dir='ltr'>τοῦ</span> 
     </span>
    </p>
   </div>
   <div class='ocr_carea' id='block_1_10' title="bbox 327 1177 2008 1249">
    <p class='ocr_par' dir='ltr' id='par_1_10' title="bbox 327 1177 2008 1249">
     <span class='ocr_line' id='line_1_10' title="bbox 327 1177 2008 1249; baseline 0.002 -18"><span class='ocrx_word' id='word_1_68' title='bbox 327 1179 592 1249; x_wconf 81' lang='grc' dir='ltr'>χειμῶνος</span> <span class='ocrx_word' id='word_1_69' title='bbox 629 1179 722 1231; x_wconf 75' lang='grc' dir='ltr'>καὶ</span> <span class='ocrx_word' id='word_1_70' title='bbox 754 1181 783 1230; x_wconf 87' lang='lat'>6</span> <span class='ocrx_word' id='word_1_71' title='bbox 816 1177 1005 1249; x_wconf 83' lang='grc' dir='ltr'>καιρὸς</span> <span class='ocrx_word' id='word_1_72' title='bbox 1039 1178 1201 1230; x_wconf 80' lang='grc' dir='ltr'>ποιεῖ.</span> <span class='ocrx_word' id='word_1_73' title='bbox 1248 1178 1400 1229; x_wconf 85' lang='grc' dir='ltr'>Μετά</span> <span class='ocrx_word' id='word_1_74' title='bbox 1440 1178 1497 1231; x_wconf 84' lang='grc' dir='ltr'>δέ</span> <span class='ocrx_word' id='word_1_75' title='bbox 1528 1180 1627 1248; x_wconf 85' lang='grc' dir='ltr'>τῆς</span> <span class='ocrx_word' id='word_1_76' title='bbox 1667 1180 2008 1244; x_wconf 75' lang='grc' dir='ltr'>κατανύξεως</span> 
     </span>
    </p>
   </div>
   <div class='ocr_carea' id='block_1_11' title="bbox 328 1259 2006 1333">
    <p class='ocr_par' dir='ltr' id='par_1_11' title="bbox 328 1259 2006 1333">
     <span class='ocr_line' id='line_1_11' title="bbox 328 1259 2006 1333; baseline 0.001 -19"><span class='ocrx_word' id='word_1_77' title='bbox 328 1264 422 1315; x_wconf 75' lang='grc' dir='ltr'>καὶ</span> <span class='ocrx_word' id='word_1_78' title='bbox 466 1265 547 1326; x_wconf 89' lang='grc' dir='ltr'>εἰς</span> <span class='ocrx_word' id='word_1_79' title='bbox 593 1261 886 1331; x_wconf 79' lang='grc' dir='ltr'>ἐπιθυμίαν</span> <span class='ocrx_word' id='word_1_80' title='bbox 941 1259 1159 1330; x_wconf 87' lang='grc' dir='ltr'>μείζονα</span> <span class='ocrx_word' id='word_1_81' title='bbox 1194 1259 1389 1323; x_wconf 79' lang='grc' dir='ltr'>αὐτοὺς</span> <span class='ocrx_word' id='word_1_82' title='bbox 1421 1260 1639 1313; x_wconf 82' lang='grc' dir='ltr'>ἐνέϐαλε</span> <span class='ocrx_word' id='word_1_83' title='bbox 1683 1263 1782 1333; x_wconf 86' lang='grc' dir='ltr'>τὴν</span> <span class='ocrx_word' id='word_1_84' title='bbox 1819 1262 2006 1326; x_wconf 81' lang='grc' dir='ltr'>αὑτοῦ,</span> 
     </span>
    </p>
   </div>
   <div class='ocr_carea' id='block_1_12' title="bbox 328 1342 2010 1414">
    <p class='ocr_par' dir='ltr' id='par_1_12' title="bbox 328 1342 2010 1414">
     <span class='ocr_line' id='line_1_12' title="bbox 328 1342 2010 1414; baseline 0.001 -17"><span class='ocrx_word' id='word_1_85' title='bbox 328 1346 423 1398; x_wconf 74' lang='grc' dir='ltr'>καὶ</span> <span class='ocrx_word' id='word_1_86' title='bbox 491 1346 571 1407; x_wconf 84' lang='grc' dir='ltr'>εἰς</span> <span class='ocrx_word' id='word_1_87' title='bbox 633 1346 854 1414; x_wconf 78' lang='grc' dir='ltr'>μνήμην</span> <span class='ocrx_word' id='word_1_88' title='bbox 896 1343 1140 1413; x_wconf 82' lang='grc' dir='ltr'>διηνεκῆ.</span> <span class='ocrx_word' id='word_1_89' title='bbox 1197 1342 1295 1396; x_wconf 90' lang='grc' dir='ltr'>Διά</span> <span class='ocrx_word' id='word_1_90' title='bbox 1346 1343 1409 1413; x_wconf 85' lang='grc' dir='ltr'>δὴ</span> <span class='ocrx_word' id='word_1_91' title='bbox 1460 1342 1614 1397; x_wconf 85' lang='grc' dir='ltr'>τοῦτο</span> <span class='ocrx_word' id='word_1_92' title='bbox 1652 1344 1749 1397; x_wconf 79' lang='grc' dir='ltr'>οὐκ</span> <span class='ocrx_word' id='word_1_93' title='bbox 1809 1345 2010 1409; x_wconf 83' lang='grc' dir='ltr'>εὐθέως</span> 
     </span>
    </p>
   </div>
   <div class='ocr_carea' id='block_1_13' title="bbox 326 1424 2009 1497">
    <p class='ocr_par' dir='ltr' id='par_1_13' title="bbox 326 1424 2009 1497">
     <span class='ocr_line' id='line_1_13' title="bbox 326 1424 2009 1497; baseline 0 -17"><span class='ocrx_word' id='word_1_94' title='bbox 326 1429 511 1490; x_wconf 74' lang='grc' dir='ltr'>αὐτοῖς</span> <span class='ocrx_word' id='word_1_95' title='bbox 561 1426 801 1495; x_wconf 82' lang='grc' dir='ltr'>ἐπέστη’</span> <span class='ocrx_word' id='word_1_96' title='bbox 865 1425 1117 1493; x_wconf 77' lang='grc' dir='ltr'>Τετάρτῃ</span> <span class='ocrx_word' id='word_1_97' title='bbox 1169 1424 1278 1493; x_wconf 75' lang='grc' dir='ltr'>γὰρ</span> <span class='ocrx_word' id='word_1_98' title='bbox 1340 1424 1608 1493; x_wconf 71' lang='grc' dir='ltr'>φυλακῇ,</span> <span class='ocrx_word' id='word_1_99' title='bbox 1678 1426 1834 1497; x_wconf 74' lang='grc' dir='ltr'>φησὶ,</span> <span class='ocrx_word' id='word_1_100' title='bbox 1898 1426 2009 1496; x_wconf 85' lang='grc' dir='ltr'>τῆς</span> 
     </span>
    </p>
   </div>
   <div class='ocr_carea' id='block_1_14' title="bbox 324 1504 2009 1579">
    <p class='ocr_par' dir='ltr' id='par_1_14' title="bbox 324 1504 2009 1579">
     <span class='ocr_line' id='line_1_14' title="bbox 324 1504 2009 1579; baseline 0 -16"><span class='ocrx_word' id='word_1_101' title='bbox 324 1509 548 1573; x_wconf 80' lang='grc' dir='ltr'>νυκτὸς</span> <span class='ocrx_word' id='word_1_102' title='bbox 576 1504 724 1579; x_wconf 80' lang='grc' dir='ltr'>ἦλθε</span> <span class='ocrx_word' id='word_1_103' title='bbox 747 1506 899 1577; x_wconf 81' lang='grc' dir='ltr'>πρὸς</span> <span class='ocrx_word' id='word_1_104' title='bbox 916 1507 1139 1573; x_wconf 86' lang='grc' dir='ltr'>αὐτοὺς</span> <span class='ocrx_word' id='word_1_105' title='bbox 1169 1506 1509 1572; x_wconf 77' lang='grc' dir='ltr'>περιπατῶν</span> <span class='ocrx_word' id='word_1_106' title='bbox 1529 1508 1626 1561; x_wconf 80' lang='grc' dir='ltr'>ἐπὶ</span> <span class='ocrx_word' id='word_1_107' title='bbox 1651 1508 1761 1575; x_wconf 80' lang='grc' dir='ltr'>τῆς</span> <span class='ocrx_word' id='word_1_108' title='bbox 1782 1508 2009 1566; x_wconf 75' lang='grc' dir='ltr'>θαλάσ-</span> 
     </span>
    </p>
   </div>
   <div class='ocr_carea' id='block_1_15' title="bbox 325 1592 2007 1665">
    <p class='ocr_par' dir='ltr' id='par_1_15' title="bbox 325 1592 2007 1665">
     <span class='ocr_line' id='line_1_15' title="bbox 325 1592 2007 1665; baseline 0.001 -17"><span class='ocrx_word' id='word_1_109' title='bbox 325 1610 444 1661; x_wconf 89' lang='grc' dir='ltr'>σης</span> <span class='ocrx_word' id='word_1_110' title='bbox 465 1611 479 1624; x_wconf 86' lang='grc'><strong>·</strong></span> <span class='ocrx_word' id='word_1_111' title='bbox 521 1592 792 1647; x_wconf 76' lang='grc' dir='ltr'>παιδεύων</span> <span class='ocrx_word' id='word_1_112' title='bbox 820 1592 1018 1654; x_wconf 78' lang='grc' dir='ltr'>αὐτοὺς</span> <span class='ocrx_word' id='word_1_113' title='bbox 1046 1592 1122 1664; x_wconf 87' lang='grc' dir='ltr'>μὴ</span> <span class='ocrx_word' id='word_1_114' title='bbox 1162 1593 1372 1662; x_wconf 86' lang='grc' dir='ltr'>ταχέως</span> <span class='ocrx_word' id='word_1_115' title='bbox 1418 1592 1570 1647; x_wconf 80' lang='grc' dir='ltr'>λύσιν</span> <span class='ocrx_word' id='word_1_116' title='bbox 1597 1593 1876 1665; x_wconf 77' lang='grc' dir='ltr'>ἐπιζητεῖν</span> <span class='ocrx_word' id='word_1_117' title='bbox 1900 1596 2007 1649; x_wconf 84' lang='grc' dir='ltr'>τῶν</span> 
     </span>
    </p>
   </div>
   <div class='ocr_carea' id='block_1_16' title="bbox 328 1674 2005 1747">
    <p class='ocr_par' dir='ltr' id='par_1_16' title="bbox 328 1674 2005 1747">
     <span class='ocr_line' id='line_1_16' title="bbox 328 1674 2005 1747; baseline 0.002 -18"><span class='ocrx_word' id='word_1_118' title='bbox 328 1676 661 1747; x_wconf 85' lang='grc' dir='ltr'>συνεχόντων</span> <span class='ocrx_word' id='word_1_119' title='bbox 692 1675 901 1740; x_wconf 82' lang='grc' dir='ltr'>δεινῶν,</span> <span class='ocrx_word' id='word_1_120' title='bbox 942 1675 1079 1729; x_wconf 87' lang='grc' dir='ltr'>ἀλλά</span> <span class='ocrx_word' id='word_1_121' title='bbox 1119 1674 1306 1746; x_wconf 85' lang='grc' dir='ltr'>φέρειν</span> <span class='ocrx_word' id='word_1_122' title='bbox 1357 1675 1426 1728; x_wconf 88' lang='grc' dir='ltr'>τά</span> <span class='ocrx_word' id='word_1_123' title='bbox 1470 1678 1854 1746; x_wconf 79' lang='grc' dir='ltr'>συμπίπτοντα</span> <span class='ocrx_word' id='word_1_124' title='bbox 1892 1695 2005 1746; x_wconf 87' lang='grc' dir='ltr'>γεν-</span> 
     </span>
    </p>
   </div>
   <div class='ocr_carea' id='block_1_17' title="bbox 326 1758 2005 1831">
    <p class='ocr_par' dir='ltr' id='par_1_17' title="bbox 326 1758 2005 1831">
     <span class='ocr_line' id='line_1_17' title="bbox 326 1758 2005 1831; baseline 0.002 -19"><span class='ocrx_word' id='word_1_125' title='bbox 326 1760 513 1824; x_wconf 86' lang='grc' dir='ltr'>ναίως.</span> <span class='ocrx_word' id='word_1_126' title='bbox 545 1760 676 1812; x_wconf 86' lang='grc' dir='ltr'>Ὅτε</span> <span class='ocrx_word' id='word_1_127' title='bbox 724 1758 853 1828; x_wconf 91' lang='grc' dir='ltr'>γοῦν</span> <span class='ocrx_word' id='word_1_128' title='bbox 894 1758 1301 1831; x_wconf 82' lang='grc' dir='ltr'>προσεδόκησαν</span> <span class='ocrx_word' id='word_1_129' title='bbox 1342 1758 1852 1831; x_wconf 80' lang='grc' dir='ltr'>ἀπαλλαγήσεσθαι,</span> <span class='ocrx_word' id='word_1_130' title='bbox 1885 1763 2005 1815; x_wconf 88' lang='grc' dir='ltr'>τότε</span> 
     </span>
    </p>
   </div>
   <div class='ocr_carea' id='block_1_18' title="bbox 325 1841 2008 1918">
    <p class='ocr_par' dir='ltr' id='par_1_18' title="bbox 325 1841 2008 1918">
     <span class='ocr_line' id='line_1_18' title="bbox 325 1841 2008 1918; baseline 0.001 -21"><span class='ocrx_word' id='word_1_131' title='bbox 325 1843 563 1918; x_wconf 75' lang='grc' dir='ltr'>ἐπετάθη</span> <span class='ocrx_word' id='word_1_132' title='bbox 594 1842 756 1896; x_wconf 89' lang='grc' dir='ltr'>πάλιν</span> <span class='ocrx_word' id='word_1_133' title='bbox 783 1845 810 1896; x_wconf 88' lang='lat'>6</span> <span class='ocrx_word' id='word_1_134' title='bbox 845 1842 1026 1911; x_wconf 85' lang='grc' dir='ltr'>φόϐος.</span> <span class='ocrx_word' id='word_1_135' title='bbox 1079 1841 1326 1907; x_wconf 83' lang='grc' dir='ltr'>Ἰδόντες</span> <span class='ocrx_word' id='word_1_136' title='bbox 1352 1841 1459 1913; x_wconf 85' lang='grc' dir='ltr'>γὰρ</span> <span class='ocrx_word' id='word_1_137' title='bbox 1495 1844 1702 1905; x_wconf 79' lang='grc' dir='ltr'>αὺτὸν,</span> <span class='ocrx_word' id='word_1_138' title='bbox 1746 1844 1930 1915; x_wconf 78' lang='grc' dir='ltr'>φησὶν,</span> <span class='ocrx_word' id='word_1_139' title='bbox 1955 1848 2008 1900; x_wconf 80' lang='grc' dir='ltr'>οι</span> 
     </span>
    </p>
   </div>
   <div class='ocr_carea' id='block_1_19' title="bbox 318 1922 2009 1996">
    <p class='ocr_par' dir='ltr' id='par_1_19' title="bbox 318 1922 2009 1996">
     <span class='ocr_line' id='line_1_19' title="bbox 318 1922 2009 1996; baseline 0 -16"><span class='ocrx_word' id='word_1_140' title='bbox 318 1926 574 1996; x_wconf 79' lang='grc' dir='ltr'>μαθηταὶ</span> <span class='ocrx_word' id='word_1_141' title='bbox 594 1924 1036 1992; x_wconf 79' lang='grc' dir='ltr'>περιπατοῦντα</span> <span class='ocrx_word' id='word_1_142' title='bbox 1057 1924 1154 1978; x_wconf 75' lang='grc' dir='ltr'>ἐπὶ</span> <span class='ocrx_word' id='word_1_143' title='bbox 1181 1924 1291 1991; x_wconf 81' lang='grc' dir='ltr'>τῆς</span> <span class='ocrx_word' id='word_1_144' title='bbox 1312 1924 1653 1992; x_wconf 77' lang='grc' dir='ltr'>θαλάσσης,</span> <span class='ocrx_word' id='word_1_145' title='bbox 1686 1922 2009 1995; x_wconf 77' lang='grc' dir='ltr'>ἐταράχθη-</span> 
     </span>
    </p>
   </div>
   <div class='ocr_carea' id='block_1_20' title="bbox 322 2003 2007 2078">
    <p class='ocr_par' dir='ltr' id='par_1_20' title="bbox 322 2003 2007 2078">
     <span class='ocr_line' id='line_1_20' title="bbox 322 2003 2007 2078; baseline 0.001 -16"><span class='ocrx_word' id='word_1_146' title='bbox 322 2027 462 2071; x_wconf 84' lang='grc' dir='ltr'>σαν,</span> <span class='ocrx_word' id='word_1_147' title='bbox 501 2009 783 2078; x_wconf 71' lang='grc' dir='ltr'>λέγοντες</span> <span class='ocrx_word' id='word_1_148' title='bbox 814 2007 1138 2077; x_wconf 71' lang='grc' dir='ltr'>φάντασμα</span> <span class='ocrx_word' id='word_1_149' title='bbox 1167 2003 1343 2070; x_wconf 73' lang='grc' dir='ltr'>εἶναι,</span> <span class='ocrx_word' id='word_1_150' title='bbox 1386 2007 1486 2059; x_wconf 76' lang='grc' dir='ltr'>καὶ</span> <span class='ocrx_word' id='word_1_151' title='bbox 1533 2008 1651 2061; x_wconf 81' lang='grc' dir='ltr'>ἀπὸ</span> <span class='ocrx_word' id='word_1_152' title='bbox 1684 2009 1788 2062; x_wconf 86' lang='grc' dir='ltr'>τοῦ</span> <span class='ocrx_word' id='word_1_153' title='bbox 1817 2009 2007 2077; x_wconf 70' lang='grc' dir='ltr'>φόϐου</span> 
     </span>
    </p>
   </div>
   <div class='ocr_carea' id='block_1_21' title="bbox 322 2090 2008 2164">
    <p class='ocr_par' dir='ltr' id='par_1_21' title="bbox 322 2090 2008 2164">
     <span class='ocr_line' id='line_1_21' title="bbox 322 2090 2008 2164; baseline 0.002 -19"><span class='ocrx_word' id='word_1_154' title='bbox 322 2092 606 2160; x_wconf 78' lang='grc' dir='ltr'>ἔκραξαν.</span> <span class='ocrx_word' id='word_1_155' title='bbox 665 2093 774 2143; x_wconf 80' lang='grc' dir='ltr'>Καὶ</span> <span class='ocrx_word' id='word_1_156' title='bbox 822 2091 932 2162; x_wconf 91' lang='grc' dir='ltr'>γάρ</span> <span class='ocrx_word' id='word_1_157' title='bbox 962 2092 1049 2143; x_wconf 79' lang='grc' dir='ltr'>ἀεὶ</span> <span class='ocrx_word' id='word_1_158' title='bbox 1077 2090 1235 2143; x_wconf 85' lang='grc' dir='ltr'>τοῦτο</span> <span class='ocrx_word' id='word_1_159' title='bbox 1274 2092 1451 2142; x_wconf 74' lang='grc' dir='ltr'>ποιεῖ’</span> <span class='ocrx_word' id='word_1_160' title='bbox 1498 2092 1626 2143; x_wconf 79' lang='grc' dir='ltr'>ὅταν</span> <span class='ocrx_word' id='word_1_161' title='bbox 1668 2090 1836 2164; x_wconf 77' lang='grc' dir='ltr'>μέλλῃ</span> <span class='ocrx_word' id='word_1_162' title='bbox 1858 2092 2008 2147; x_wconf 88' lang='grc' dir='ltr'>λύειν</span> 
     </span>
    </p>
   </div>
   <div class='ocr_carea' id='block_1_22' title="bbox 322 2173 2009 2246">
    <p class='ocr_par' dir='ltr' id='par_1_22' title="bbox 322 2173 2009 2246">
     <span class='ocr_line' id='line_1_22' title="bbox 322 2173 2009 2246; baseline 0.001 -18"><span class='ocrx_word' id='word_1_163' title='bbox 322 2178 392 2230; x_wconf 76' lang='grc' dir='ltr'>τὰ</span> <span class='ocrx_word' id='word_1_164' title='bbox 418 2176 589 2237; x_wconf 85' lang='grc' dir='ltr'>δεινὰ,</span> <span class='ocrx_word' id='word_1_165' title='bbox 621 2175 787 2244; x_wconf 72' lang='grc' dir='ltr'>ἕτερα</span> <span class='ocrx_word' id='word_1_166' title='bbox 808 2173 1168 2244; x_wconf 84' lang='grc' dir='ltr'>χαλεπώτερα</span> <span class='ocrx_word' id='word_1_167' title='bbox 1201 2174 1399 2241; x_wconf 82' lang='grc' dir='ltr'>ἐπάγει</span> <span class='ocrx_word' id='word_1_168' title='bbox 1439 2175 1534 2226; x_wconf 76' lang='grc' dir='ltr'>καὶ</span> <span class='ocrx_word' id='word_1_169' title='bbox 1562 2175 1944 2246; x_wconf 68' lang='grc' dir='ltr'>φοϐερώτεραυ</span> <span class='ocrx_word' id='word_1_170' title='bbox 1977 2176 2009 2230; x_wconf 80' lang='grc' dir='ltr'>δ</span> 
     </span>
    </p>
   </div>
   <div class='ocr_carea' id='block_1_23' title="bbox 323 2255 2008 2331">
    <p class='ocr_par' dir='ltr' id='par_1_23' title="bbox 323 2255 2008 2331">
     <span class='ocr_line' id='line_1_23' title="bbox 323 2255 2008 2331; baseline 0 -19"><span class='ocrx_word' id='word_1_171' title='bbox 323 2260 389 2331; x_wconf 83' lang='grc' dir='ltr'>δὴ</span> <span class='ocrx_word' id='word_1_172' title='bbox 421 2260 514 2312; x_wconf 73' lang='grc' dir='ltr'>καὶ</span> <span class='ocrx_word' id='word_1_173' title='bbox 540 2259 661 2311; x_wconf 87' lang='grc' dir='ltr'>τότε</span> <span class='ocrx_word' id='word_1_174' title='bbox 693 2257 913 2328; x_wconf 86' lang='grc' dir='ltr'>συνέϐη.</span> <span class='ocrx_word' id='word_1_175' title='bbox 949 2257 1104 2309; x_wconf 78' lang='grc' dir='ltr'>Μετὰ</span> <span class='ocrx_word' id='word_1_176' title='bbox 1132 2256 1241 2326; x_wconf 86' lang='grc' dir='ltr'>γάρ</span> <span class='ocrx_word' id='word_1_177' title='bbox 1268 2255 1361 2308; x_wconf 89' lang='grc' dir='ltr'>τοῦ</span> <span class='ocrx_word' id='word_1_178' title='bbox 1394 2257 1663 2327; x_wconf 85' lang='grc' dir='ltr'>χειμῶνος</span> <span class='ocrx_word' id='word_1_179' title='bbox 1697 2260 1788 2310; x_wconf 77' lang='grc' dir='ltr'>καὶ</span> <span class='ocrx_word' id='word_1_180' title='bbox 1828 2258 2008 2329; x_wconf 76' lang='grc' dir='ltr'>ήδψις</span> 
     </span>
    </p>
   </div>
   <div class='ocr_carea' id='block_1_24' title="bbox 324 2335 2008 2413">
    <p class='ocr_par' dir='ltr' id='par_1_24' title="bbox 324 2335 2008 2413">
     <span class='ocr_line' id='line_1_24' title="bbox 324 2335 2008 2413; baseline -0.001 -16"><span class='ocrx_word' id='word_1_181' title='bbox 324 2345 521 2406; x_wconf 78' lang='grc' dir='ltr'>αὐτοὺς</span> <span class='ocrx_word' id='word_1_182' title='bbox 564 2342 865 2413; x_wconf 82' lang='grc' dir='ltr'>ἐθορύϐησε</span> <span class='ocrx_word' id='word_1_183' title='bbox 899 2341 993 2394; x_wconf 88' lang='grc' dir='ltr'>τοῦ</span> <span class='ocrx_word' id='word_1_184' title='bbox 1039 2340 1307 2411; x_wconf 86' lang='grc' dir='ltr'>χειμῶνος</span> <span class='ocrx_word' id='word_1_185' title='bbox 1341 2340 1441 2410; x_wconf 79' lang='grc' dir='ltr'>οὐχ</span> <span class='ocrx_word' id='word_1_186' title='bbox 1481 2335 1663 2411; x_wconf 82' lang='grc' dir='ltr'>ἦττον.</span> <span class='ocrx_word' id='word_1_187' title='bbox 1714 2341 1811 2394; x_wconf 87' lang='grc' dir='ltr'>Διά</span> <span class='ocrx_word' id='word_1_188' title='bbox 1850 2341 2008 2395; x_wconf 85' lang='grc' dir='ltr'>τοῦτο</span> 
     </span>
    </p>
   </div>
   <div class='ocr_carea' id='block_1_25' title="bbox 324 2423 2008 2494">
    <p class='ocr_par' dir='ltr' id='par_1_25' title="bbox 324 2423 2008 2494">
     <span class='ocr_line' id='line_1_25' title="bbox 324 2423 2008 2494; baseline -0.001 -14"><span class='ocrx_word' id='word_1_189' title='bbox 324 2427 443 2480; x_wconf 77' lang='grc' dir='ltr'>οὐδὲ</span> <span class='ocrx_word' id='word_1_190' title='bbox 485 2427 547 2480; x_wconf 80' lang='grc' dir='ltr'>τὸ</span> <span class='ocrx_word' id='word_1_191' title='bbox 596 2426 783 2488; x_wconf 84' lang='grc' dir='ltr'>σκότος</span> <span class='ocrx_word' id='word_1_192' title='bbox 849 2424 1057 2490; x_wconf 75' lang='grc' dir='ltr'>ἔλυσεν,</span> <span class='ocrx_word' id='word_1_193' title='bbox 1114 2424 1235 2477; x_wconf 84' lang='grc' dir='ltr'>οὑδέ</span> <span class='ocrx_word' id='word_1_194' title='bbox 1278 2423 1510 2494; x_wconf 83' lang='grc' dir='ltr'>φανερὸν</span> <span class='ocrx_word' id='word_1_195' title='bbox 1556 2423 1749 2478; x_wconf 80' lang='grc' dir='ltr'>ἑαυτὸν</span> <span class='ocrx_word' id='word_1_196' title='bbox 1804 2424 2008 2489; x_wconf 74' lang='grc' dir='ltr'>εὐθέως</span> 
     </span>
    </p>
   </div>
   <div class='ocr_carea' id='block_1_26' title="bbox 323 2505 2009 2582">
    <p class='ocr_par' dir='ltr' id='par_1_26' title="bbox 323 2505 2009 2582">
     <span class='ocr_line' id='line_1_26' title="bbox 323 2505 2009 2582; baseline -0.001 -19"><span class='ocrx_word' id='word_1_197' title='bbox 323 2510 602 2582; x_wconf 86' lang='grc' dir='ltr'>ἐποίησεν,</span> <span class='ocrx_word' id='word_1_198' title='bbox 637 2509 877 2577; x_wconf 81' lang='grc' dir='ltr'>ἀλείφων</span> <span class='ocrx_word' id='word_1_199' title='bbox 901 2509 1119 2572; x_wconf 81' lang='grc' dir='ltr'>αὐτοὺς,</span> <span class='ocrx_word' id='word_1_200' title='bbox 1164 2508 1299 2579; x_wconf 82' lang='grc' dir='ltr'>ὅπερ</span> <span class='ocrx_word' id='word_1_201' title='bbox 1340 2505 1514 2571; x_wconf 81' lang='grc' dir='ltr'>εἷπον,</span> <span class='ocrx_word' id='word_1_202' title='bbox 1552 2511 1609 2563; x_wconf 87' lang='grc' dir='ltr'>ἐν</span> <span class='ocrx_word' id='word_1_203' title='bbox 1640 2511 1709 2580; x_wconf 77' lang='grc' dir='ltr'>τῇ</span> <span class='ocrx_word' id='word_1_204' title='bbox 1758 2509 2009 2582; x_wconf 80' lang='grc' dir='ltr'>συνεχείᾳ</span> 
     </span>
    </p>
   </div>
   <div class='ocr_carea' id='block_1_27' title="bbox 322 2588 2003 2663">
    <p class='ocr_par' dir='ltr' id='par_1_27' title="bbox 322 2588 2003 2663">
     <span class='ocr_line' id='line_1_27' title="bbox 322 2588 2003 2663; baseline -0.001 -16"><span class='ocrx_word' id='word_1_205' title='bbox 322 2594 431 2648; x_wconf 84' lang='grc' dir='ltr'>τῶν</span> <span class='ocrx_word' id='word_1_206' title='bbox 472 2592 653 2661; x_wconf 85' lang='grc' dir='ltr'>φόϐων</span> <span class='ocrx_word' id='word_1_207' title='bbox 691 2589 920 2654; x_wconf 89' lang='grc' dir='ltr'>τούτων,</span> <span class='ocrx_word' id='word_1_208' title='bbox 972 2592 1066 2644; x_wconf 76' lang='grc' dir='ltr'>καὶ</span> <span class='ocrx_word' id='word_1_209' title='bbox 1116 2590 1388 2645; x_wconf 85' lang='grc' dir='ltr'>παιδεύων</span> <span class='ocrx_word' id='word_1_210' title='bbox 1438 2588 1577 2644; x_wconf 74' lang='grc' dir='ltr'>εἶναι</span> <span class='ocrx_word' id='word_1_211' title='bbox 1623 2592 2003 2663; x_wconf 85' lang='grc' dir='ltr'>καρτερικούς.</span> 
     </span>
    </p>
   </div>
   <div class='ocr_carea' id='block_1_28' title="bbox 322 2673 2005 2745">
    <p class='ocr_par' dir='ltr' id='par_1_28' title="bbox 322 2673 2005 2745">
     <span class='ocr_line' id='line_1_28' title="bbox 322 2673 2005 2745; baseline 0.001 -16"><span class='ocrx_word' id='word_1_212' title='bbox 322 2676 494 2729; x_wconf 86' lang='grc' dir='ltr'>Τοῦτο</span> <span class='ocrx_word' id='word_1_213' title='bbox 526 2677 620 2729; x_wconf 78' lang='grc' dir='ltr'>καὶ</span> <span class='ocrx_word' id='word_1_214' title='bbox 645 2676 739 2727; x_wconf 75' lang='grc' dir='ltr'>ἐπὶ</span> <span class='ocrx_word' id='word_1_215' title='bbox 780 2673 873 2727; x_wconf 92' lang='grc' dir='ltr'>τοῦ</span> <span class='ocrx_word' id='word_1_216' title='bbox 912 2673 1032 2727; x_wconf 88' lang='grc' dir='ltr'>Ἰὼϐ</span> <span class='ocrx_word' id='word_1_217' title='bbox 1061 2674 1339 2745; x_wconf 79' lang='grc' dir='ltr'>ἐποίησεν⁹</span> <span class='ocrx_word' id='word_1_218' title='bbox 1378 2676 1466 2729; x_wconf 83' lang='grc' dir='ltr'>ὅτε</span> <span class='ocrx_word' id='word_1_219' title='bbox 1496 2674 1604 2745; x_wconf 89' lang='grc' dir='ltr'>γάρ</span> <span class='ocrx_word' id='word_1_220' title='bbox 1635 2674 1826 2745; x_wconf 79' lang='grc' dir='ltr'>ἔμελλε</span> <span class='ocrx_word' id='word_1_221' title='bbox 1860 2675 2005 2730; x_wconf 89' lang='grc' dir='ltr'>λύειν</span> 
     </span>
    </p>
   </div>
   <div class='ocr_carea' id='block_1_29' title="bbox 326 2756 2007 2831">
    <p class='ocr_par' dir='ltr' id='par_1_29' title="bbox 326 2756 2007 2831">
     <span class='ocr_line' id='line_1_29' title="bbox 326 2756 2007 2831; baseline -0.002 -16"><span class='ocrx_word' id='word_1_222' title='bbox 326 2760 437 2831; x_wconf 80' lang='grc' dir='ltr'>[τὸν</span> <span class='ocrx_word' id='word_1_223' title='bbox 478 2759 641 2828; x_wconf 87' lang='grc' dir='ltr'>φόϐον</span> <span class='ocrx_word' id='word_1_224' title='bbox 683 2756 859 2829; x_wconf 75' lang='grc' dir='ltr'>καὶ⁸³1</span> <span class='ocrx_word' id='word_1_225' title='bbox 900 2757 990 2811; x_wconf 76' lang='grc' dir='ltr'>τὸν</span> <span class='ocrx_word' id='word_1_226' title='bbox 1034 2758 1362 2829; x_wconf 78' lang='grc' dir='ltr'>πειρασμὸν,</span> <span class='ocrx_word' id='word_1_227' title='bbox 1402 2758 1523 2811; x_wconf 87' lang='grc' dir='ltr'>τότε</span> <span class='ocrx_word' id='word_1_228' title='bbox 1553 2758 1614 2811; x_wconf 76' lang='grc' dir='ltr'>τὸ</span> <span class='ocrx_word' id='word_1_229' title='bbox 1650 2758 1803 2822; x_wconf 82' lang='grc' dir='ltr'>τέλος</span> <span class='ocrx_word' id='word_1_230' title='bbox 1850 2758 2007 2829; x_wconf 84' lang='grc' dir='ltr'>χαλε-</span> 
     </span>
    </p>
   </div>
   <div class='ocr_carea' id='block_1_30' title="bbox 323 2839 2003 2911">
    <p class='ocr_par' dir='ltr' id='par_1_30' title="bbox 323 2839 2003 2911">
     <span class='ocr_line' id='line_1_30' title="bbox 323 2839 2003 2911; baseline -0.001 -16"><span class='ocrx_word' id='word_1_231' title='bbox 323 2841 569 2911; x_wconf 84' lang='grc' dir='ltr'>πώτερον</span> <span class='ocrx_word' id='word_1_232' title='bbox 591 2842 742 2894; x_wconf 82' lang='grc' dir='ltr'>εἴασε</span> <span class='ocrx_word' id='word_1_233' title='bbox 766 2839 1018 2908; x_wconf 85' lang='grc' dir='ltr'>γενέσθαι</span> <span class='ocrx_word' id='word_1_234' title='bbox 1046 2858 1058 2871; x_wconf 90' lang='grc'><strong>·</strong></span> <span class='ocrx_word' id='word_1_235' title='bbox 1092 2841 1153 2893; x_wconf 82' lang='grc' dir='ltr'>ού</span> <span class='ocrx_word' id='word_1_236' title='bbox 1176 2841 1264 2894; x_wconf 85' lang='grc' dir='ltr'>διὰ</span> <span class='ocrx_word' id='word_1_237' title='bbox 1284 2841 1376 2893; x_wconf 82' lang='grc' dir='ltr'>τὸν</span> <span class='ocrx_word' id='word_1_238' title='bbox 1400 2841 1510 2894; x_wconf 86' lang='grc' dir='ltr'>τῶν</span> <span class='ocrx_word' id='word_1_239' title='bbox 1542 2841 1749 2895; x_wconf 85' lang='grc' dir='ltr'>παίδων</span> <span class='ocrx_word' id='word_1_240' title='bbox 1772 2841 2003 2895; x_wconf 85' lang='grc' dir='ltr'>θάνατον</span> 
     </span>
    </p>
   </div>
   <div class='ocr_carea' id='block_1_31' title="bbox 322 2919 2002 2992">
    <p class='ocr_par' dir='ltr' id='par_1_31' title="bbox 322 2919 2002 2992">
     <span class='ocr_line' id='line_1_31' title="bbox 322 2919 2002 2992; baseline -0.002 -16"><span class='ocrx_word' id='word_1_241' title='bbox 322 2924 485 2991; x_wconf 86' lang='grc' dir='ltr'>λέγω,</span> <span class='ocrx_word' id='word_1_242' title='bbox 513 2922 608 2976; x_wconf 78' lang='grc' dir='ltr'>καὶ</span> <span class='ocrx_word' id='word_1_243' title='bbox 630 2922 697 2974; x_wconf 81' lang='grc' dir='ltr'>τὰ</span> <span class='ocrx_word' id='word_1_244' title='bbox 731 2922 952 2992; x_wconf 73' lang='grc' dir='ltr'>ῥήματα</span> <span class='ocrx_word' id='word_1_245' title='bbox 979 2921 1081 2989; x_wconf 75' lang='grc' dir='ltr'>τῆς</span> <span class='ocrx_word' id='word_1_246' title='bbox 1112 2921 1393 2989; x_wconf 77' lang='grc' dir='ltr'>γυναικὸς,</span> <span class='ocrx_word' id='word_1_247' title='bbox 1424 2920 1563 2975; x_wconf 88' lang='grc' dir='ltr'>ἀλλά</span> <span class='ocrx_word' id='word_1_248' title='bbox 1597 2921 1687 2974; x_wconf 83' lang='grc' dir='ltr'>διὰ</span> <span class='ocrx_word' id='word_1_249' title='bbox 1718 2919 1789 2973; x_wconf 86' lang='grc' dir='ltr'>τά</span> <span class='ocrx_word' id='word_1_250' title='bbox 1823 2920 2002 2987; x_wconf 81' lang='grc' dir='ltr'>ὀνείδη</span> 
     </span>
    </p>
   </div>
   <div class='ocr_carea' id='block_1_32' title="bbox 321 3002 2000 3073">
    <p class='ocr_par' dir='ltr' id='par_1_32' title="bbox 321 3002 2000 3073">
     <span class='ocr_line' id='line_1_32' title="bbox 321 3002 2000 3073; baseline -0.001 -15"><span class='ocrx_word' id='word_1_251' title='bbox 321 3007 389 3059; x_wconf 73' lang='grc' dir='ltr'>τὰ</span> <span class='ocrx_word' id='word_1_252' title='bbox 431 3005 536 3057; x_wconf 80' lang='grc' dir='ltr'>τῶν</span> <span class='ocrx_word' id='word_1_253' title='bbox 580 3004 842 3067; x_wconf 80' lang='grc' dir='ltr'>οἰκετῶν,</span> <span class='ocrx_word' id='word_1_254' title='bbox 880 3007 949 3057; x_wconf 91' lang='grc' dir='ltr'>τά</span> <span class='ocrx_word' id='word_1_255' title='bbox 984 3004 1094 3057; x_wconf 84' lang='grc' dir='ltr'>τῶν</span> <span class='ocrx_word' id='word_1_256' title='bbox 1148 3005 1335 3073; x_wconf 86' lang='grc' dir='ltr'>φίλων.</span> <span class='ocrx_word' id='word_1_257' title='bbox 1384 3005 1493 3057; x_wconf 85' lang='grc' dir='ltr'>Καὶ</span> <span class='ocrx_word' id='word_1_258' title='bbox 1535 3005 1621 3056; x_wconf 86' lang='grc' dir='ltr'>ὅτε</span> <span class='ocrx_word' id='word_1_259' title='bbox 1663 3002 1757 3057; x_wconf 81' lang='grc' dir='ltr'>τὸν</span> <span class='ocrx_word' id='word_1_260' title='bbox 1807 3003 2000 3057; x_wconf 88' lang='grc' dir='ltr'>Ἰακὼϐ</span> 
     </span>
    </p>
   </div>
   <div class='ocr_carea' id='block_1_33' title="bbox 321 3086 2000 3161">
    <p class='ocr_par' dir='ltr' id='par_1_33' title="bbox 321 3086 2000 3161">
     <span class='ocr_line' id='line_1_33' title="bbox 321 3086 2000 3161; baseline 0.002 -20"><span class='ocrx_word' id='word_1_261' title='bbox 321 3089 648 3161; x_wconf 75' lang='grc' dir='ltr'>ἐξαρπάζειν</span> <span class='ocrx_word' id='word_1_262' title='bbox 682 3088 872 3159; x_wconf 72' lang='grc' dir='ltr'>ἔμελλε</span> <span class='ocrx_word' id='word_1_263' title='bbox 903 3088 1006 3158; x_wconf 86' lang='grc' dir='ltr'>τῆς</span> <span class='ocrx_word' id='word_1_264' title='bbox 1049 3090 1107 3142; x_wconf 88' lang='grc' dir='ltr'>ἐν</span> <span class='ocrx_word' id='word_1_265' title='bbox 1139 3090 1205 3159; x_wconf 77' lang='grc' dir='ltr'>τῇ</span> <span class='ocrx_word' id='word_1_266' title='bbox 1252 3086 1375 3159; x_wconf 80' lang='grc' dir='ltr'>ξένῃ</span> <span class='ocrx_word' id='word_1_267' title='bbox 1405 3088 1796 3159; x_wconf 81' lang='grc' dir='ltr'>ταλαιπωρίας.</span> <span class='ocrx_word' id='word_1_268' title='bbox 1819 3090 2000 3160; x_wconf 83' lang='grc' dir='ltr'>ἀφῆκε</span> 
     </span>
    </p>
   </div>
   <div class='ocr_carea' id='block_1_34' title="bbox 320 3170 2000 3244">
    <p class='ocr_par' dir='ltr' id='par_1_34' title="bbox 320 3170 2000 3244">
     <span class='ocr_line' id='line_1_34' title="bbox 320 3170 2000 3244; baseline 0.001 -19"><span class='ocrx_word' id='word_1_269' title='bbox 320 3172 667 3242; x_wconf 86' lang='grc' dir='ltr'>διεγερθῆναι</span> <span class='ocrx_word' id='word_1_270' title='bbox 695 3172 788 3224; x_wconf 77' lang='grc' dir='ltr'>καὶ</span> <span class='ocrx_word' id='word_1_271' title='bbox 813 3171 1035 3241; x_wconf 84' lang='grc' dir='ltr'>μείζονα</span> <span class='ocrx_word' id='word_1_272' title='bbox 1058 3170 1313 3238; x_wconf 86' lang='grc' dir='ltr'>γενέσθαι</span> <span class='ocrx_word' id='word_1_273' title='bbox 1338 3170 1431 3223; x_wconf 79' lang='grc' dir='ltr'>τὸν</span> <span class='ocrx_word' id='word_1_274' title='bbox 1460 3170 1708 3242; x_wconf 83' lang='grc' dir='ltr'>θόρυϐον.</span> <span class='ocrx_word' id='word_1_275' title='bbox 1760 3174 1868 3226; x_wconf 81' lang='grc' dir='ltr'>Καὶ</span> <span class='ocrx_word' id='word_1_276' title='bbox 1891 3175 2000 3244; x_wconf 84' lang='grc' dir='ltr'>γάρ</span> 
     </span>
    </p>
   </div>
   <div class='ocr_carea' id='block_1_35' title="bbox 321 3250 2000 3324">
    <p class='ocr_par' dir='ltr' id='par_1_35' title="bbox 321 3250 2000 3324">
     <span class='ocr_line' id='line_1_35' title="bbox 321 3250 2000 3324; baseline 0.001 -18"><span class='ocrx_word' id='word_1_277' title='bbox 321 3256 350 3306; x_wconf 85' lang='grc' dir='ltr'>ό</span> <span class='ocrx_word' id='word_1_278' title='bbox 373 3252 640 3324; x_wconf 80' lang='grc' dir='ltr'>κηδεστὴς</span> <span class='ocrx_word' id='word_1_279' title='bbox 671 3250 997 3305; x_wconf 87' lang='grc' dir='ltr'>καταλαϐὼν</span> <span class='ocrx_word' id='word_1_280' title='bbox 1029 3252 1258 3305; x_wconf 85' lang='grc' dir='ltr'>θάνατον</span> <span class='ocrx_word' id='word_1_281' title='bbox 1298 3251 1532 3322; x_wconf 86' lang='grc' dir='ltr'>ὴπείλει,</span> <span class='ocrx_word' id='word_1_282' title='bbox 1568 3255 1665 3306; x_wconf 71' lang='grc' dir='ltr'>καὶ</span> <span class='ocrx_word' id='word_1_283' title='bbox 1697 3257 1820 3323; x_wconf 79' lang='grc' dir='ltr'>μετ’</span> <span class='ocrx_word' id='word_1_284' title='bbox 1854 3258 2000 3309; x_wconf 86' lang='grc' dir='ltr'>ἐκεῖ-</span> 
     </span>
    </p>
   </div>
   <div class='ocr_carea' id='block_1_36' title="bbox 321 3333 2002 3408">
    <p class='ocr_par' dir='ltr' id='par_1_36' title="bbox 321 3333 2002 3408">
     <span class='ocr_line' id='line_1_36' title="bbox 321 3333 2002 3408; baseline 0.002 -19"><span class='ocrx_word' id='word_1_285' title='bbox 321 3353 410 3389; x_wconf 93' lang='grc' dir='ltr'>νον</span> <span class='ocrx_word' id='word_1_286' title='bbox 432 3336 478 3368; x_wconf 84' lang='grc'><strong>⁸⁸</strong></span> <span class='ocrx_word' id='word_1_287' title='bbox 503 3338 532 3389; x_wconf 86' lang='lat'>6</span> <span class='ocrx_word' id='word_1_288' title='bbox 563 3335 791 3404; x_wconf 79' lang='grc' dir='ltr'>ἀδελφὸς</span> <span class='ocrx_word' id='word_1_289' title='bbox 812 3333 1150 3405; x_wconf 83' lang='grc' dir='ltr'>διαδέχεσθαι</span> <span class='ocrx_word' id='word_1_290' title='bbox 1176 3334 1407 3405; x_wconf 83' lang='grc' dir='ltr'>μέλλων,</span> <span class='ocrx_word' id='word_1_291' title='bbox 1437 3335 1527 3388; x_wconf 72' lang='grc' dir='ltr'>τὸν</span> <span class='ocrx_word' id='word_1_292' title='bbox 1562 3335 1815 3407; x_wconf 76' lang='grc' dir='ltr'>περὶτῶν</span> <span class='ocrx_word' id='word_1_293' title='bbox 1842 3339 2002 3408; x_wconf 86' lang='grc' dir='ltr'>ἐσχά-</span> 
     </span>
    </p>
   </div>
   <div class='ocr_carea' id='block_1_37' title="bbox 318 3416 1999 3491">
    <p class='ocr_par' dir='ltr' id='par_1_37' title="bbox 318 3416 1999 3491">
     <span class='ocr_line' id='line_1_37' title="bbox 318 3416 1999 3491; baseline 0.001 -17"><span class='ocrx_word' id='word_1_294' title='bbox 318 3438 428 3474; x_wconf 83' lang='grc' dir='ltr'>των</span> <span class='ocrx_word' id='word_1_295' title='bbox 461 3420 813 3491; x_wconf 84' lang='grc' dir='ltr'>ἐπεκρέμασε</span> <span class='ocrx_word' id='word_1_296' title='bbox 841 3417 1106 3472; x_wconf 87' lang='grc' dir='ltr'>κίνδυνον.</span> <span class='ocrx_word' id='word_1_297' title='bbox 1151 3416 1371 3489; x_wconf 78' lang='grc' dir='ltr'>Ἐπειδὴ</span> <span class='ocrx_word' id='word_1_298' title='bbox 1410 3418 1520 3491; x_wconf 85' lang='grc' dir='ltr'>γὰρ</span> <span class='ocrx_word' id='word_1_299' title='bbox 1566 3420 1665 3472; x_wconf 78' lang='grc' dir='ltr'>οὐκ</span> <span class='ocrx_word' id='word_1_300' title='bbox 1695 3419 1773 3472; x_wconf 81' lang='grc' dir='ltr'>ἕνι</span> <span class='ocrx_word' id='word_1_301' title='bbox 1812 3421 1908 3475; x_wconf 71' lang='grc' dir='ltr'>καὶ</span> <span class='ocrx_word' id='word_1_302' title='bbox 1941 3425 1999 3476; x_wconf 92' lang='grc' dir='ltr'>ἐν</span> 
     </span>
    </p>
   </div>
   <div class='ocr_carea' id='block_1_38' title="bbox 323 3500 1997 3576">
    <p class='ocr_par' dir='ltr' id='par_1_38' title="bbox 323 3500 1997 3576">
     <span class='ocr_line' id='line_1_38' title="bbox 323 3500 1997 3576; baseline 0.002 -20"><span class='ocrx_word' id='word_1_303' title='bbox 323 3502 519 3574; x_wconf 81' lang='grc' dir='ltr'>μακρῷ</span> <span class='ocrx_word' id='word_1_304' title='bbox 548 3502 728 3576; x_wconf 81' lang='grc' dir='ltr'>χρόνῳ</span> <span class='ocrx_word' id='word_1_305' title='bbox 756 3502 848 3555; x_wconf 79' lang='grc' dir='ltr'>καὶ</span> <span class='ocrx_word' id='word_1_306' title='bbox 881 3500 1126 3573; x_wconf 82' lang='grc' dir='ltr'>σφοδρῶς</span> <span class='ocrx_word' id='word_1_307' title='bbox 1153 3501 1533 3572; x_wconf 79' lang='grc' dir='ltr'>πειράζεσθαι,</span> <span class='ocrx_word' id='word_1_308' title='bbox 1567 3503 1696 3556; x_wconf 87' lang='grc' dir='ltr'>ὅταν</span> <span class='ocrx_word' id='word_1_309' title='bbox 1726 3504 1997 3574; x_wconf 74' lang='grc' dir='ltr'>μέλλωσιν</span> 
     </span>
    </p>
   </div>
   <div class='ocr_carea' id='block_1_39' title="bbox 319 3587 1999 3660">
    <p class='ocr_par' dir='ltr' id='par_1_39' title="bbox 319 3587 1999 3660">
     <span class='ocr_line' id='line_1_39' title="bbox 319 3587 1999 3660; baseline 0.002 -17"><span class='ocrx_word' id='word_1_310' title='bbox 319 3590 594 3643; x_wconf 83' lang='grc' dir='ltr'>ἐκϐαίνειν</span> <span class='ocrx_word' id='word_1_311' title='bbox 637 3589 763 3652; x_wconf 78' lang='grc' dir='ltr'>τοὺς</span> <span class='ocrx_word' id='word_1_312' title='bbox 814 3587 1032 3657; x_wconf 85' lang='grc' dir='ltr'>ἀγῶνας</span> <span class='ocrx_word' id='word_1_313' title='bbox 1081 3589 1132 3640; x_wconf 85' lang='grc' dir='ltr'>οί</span> <span class='ocrx_word' id='word_1_314' title='bbox 1176 3587 1395 3651; x_wconf 85' lang='grc' dir='ltr'>δίκαιοι,</span> <span class='ocrx_word' id='word_1_315' title='bbox 1431 3588 1753 3660; x_wconf 86' lang='grc' dir='ltr'>βουλόμενος</span> <span class='ocrx_word' id='word_1_316' title='bbox 1804 3593 1999 3657; x_wconf 76' lang='grc' dir='ltr'>αὐτοὺς</span> 
     </span>
    </p>
   </div>
   <div class='ocr_carea' id='block_1_40' title="bbox 320 3670 2000 3743">
    <p class='ocr_par' dir='ltr' id='par_1_40' title="bbox 320 3670 2000 3743">
     <span class='ocr_line' id='line_1_40' title="bbox 320 3670 2000 3743; baseline 0.001 -17"><span class='ocrx_word' id='word_1_317' title='bbox 320 3673 482 3726; x_wconf 88' lang='grc' dir='ltr'>πλέον</span> <span class='ocrx_word' id='word_1_318' title='bbox 528 3672 853 3743; x_wconf 86' lang='grc' dir='ltr'>κερδαίνειν,</span> <span class='ocrx_word' id='word_1_319' title='bbox 904 3670 1165 3725; x_wconf 86' lang='grc' dir='ltr'>ἐπιτείνει</span> <span class='ocrx_word' id='word_1_320' title='bbox 1214 3671 1281 3723; x_wconf 76' lang='grc' dir='ltr'>τὰ</span> <span class='ocrx_word' id='word_1_321' title='bbox 1319 3674 1615 3743; x_wconf 87' lang='grc' dir='ltr'>γυμνάσια.</span> <span class='ocrx_word' id='word_1_322' title='bbox 1668 3675 1737 3727; x_wconf 89' lang='grc' dir='ltr'>Ὅ</span> <span class='ocrx_word' id='word_1_323' title='bbox 1778 3676 1871 3728; x_wconf 81' lang='grc' dir='ltr'>καὶ</span> <span class='ocrx_word' id='word_1_324' title='bbox 1906 3676 2000 3729; x_wconf 73' lang='grc' dir='ltr'>ἐπὶ</span> 
     </span>
    </p>
   </div>
   <div class='ocr_carea' id='block_1_41' title="bbox 316 3752 2001 3827">
    <p class='ocr_par' dir='ltr' id='par_1_41' title="bbox 316 3752 2001 3827">
     <span class='ocr_line' id='line_1_41' title="bbox 316 3752 2001 3827; baseline 0.002 -17"><span class='ocrx_word' id='word_1_325' title='bbox 316 3755 413 3810; x_wconf 88' lang='grc' dir='ltr'>τοῦ</span> <span class='ocrx_word' id='word_1_326' title='bbox 452 3755 705 3827; x_wconf 79' lang='grc' dir='ltr'>Ἀϐραὰμ</span> <span class='ocrx_word' id='word_1_327' title='bbox 732 3755 978 3826; x_wconf 83' lang='grc' dir='ltr'>ἐποίησε.</span> <span class='ocrx_word' id='word_1_328' title='bbox 1014 3756 1104 3808; x_wconf 75' lang='grc' dir='ltr'>τὸν</span> <span class='ocrx_word' id='word_1_329' title='bbox 1131 3754 1175 3786; x_wconf 81' lang='grc'>⁸⁸</span> <span class='ocrx_word' id='word_1_330' title='bbox 1202 3755 1429 3825; x_wconf 74' lang='grc' dir='ltr'>ἔσχατον</span> <span class='ocrx_word' id='word_1_331' title='bbox 1462 3752 1622 3810; x_wconf 84' lang='grc' dir='ltr'>ἆθλον</span> <span class='ocrx_word' id='word_1_332' title='bbox 1646 3758 1737 3810; x_wconf 74' lang='grc' dir='ltr'>τὸν</span> <span class='ocrx_word' id='word_1_333' title='bbox 1762 3757 1855 3810; x_wconf 85' lang='grc' dir='ltr'>τοῦ</span> <span class='ocrx_word' id='word_1_334' title='bbox 1883 3778 2001 3813; x_wconf 85' lang='grc' dir='ltr'>παι-</span> 
     </span>
    </p>
   </div>
   <div class='ocr_carea' id='block_1_42' title="bbox 317 3841 1997 3915">
    <p class='ocr_par' dir='ltr' id='par_1_42' title="bbox 317 3841 1997 3915">
     <span class='ocr_line' id='line_1_42' title="bbox 317 3841 1997 3915; baseline -0.001 -16"><span class='ocrx_word' id='word_1_335' title='bbox 317 3842 408 3908; x_wconf 81' lang='grc' dir='ltr'>δδς</span> <span class='ocrx_word' id='word_1_336' title='bbox 463 3843 595 3907; x_wconf 79' lang='grc' dir='ltr'>θείς.</span> <span class='ocrx_word' id='word_1_337' title='bbox 656 3842 814 3895; x_wconf 73' lang='grc' dir='ltr'>Οὕτω</span> <span class='ocrx_word' id='word_1_338' title='bbox 849 3843 960 3914; x_wconf 84' lang='grc' dir='ltr'>γὰρ</span> <span class='ocrx_word' id='word_1_339' title='bbox 989 3842 1081 3895; x_wconf 77' lang='grc' dir='ltr'>καὶ</span> <span class='ocrx_word' id='word_1_340' title='bbox 1123 3844 1333 3913; x_wconf 84' lang='grc' dir='ltr'>φορητά</span> <span class='ocrx_word' id='word_1_341' title='bbox 1386 3841 1537 3895; x_wconf 74' lang='grc' dir='ltr'>ἔσται</span> <span class='ocrx_word' id='word_1_342' title='bbox 1595 3842 1662 3897; x_wconf 78' lang='grc' dir='ltr'>τὰ</span> <span class='ocrx_word' id='word_1_343' title='bbox 1727 3845 1997 3915; x_wconf 80' lang='grc' dir='ltr'>ἀφόρητα,</span> 
     </span>
    </p>
   </div>
   <div class='ocr_carea' id='block_1_43' title="bbox 318 3930 1996 4003">
    <p class='ocr_par' dir='ltr' id='par_1_43' title="bbox 318 3930 1996 4003">
     <span class='ocr_line' id='line_1_43' title="bbox 318 3930 1996 4003; baseline -0.001 -17"><span class='ocrx_word' id='word_1_344' title='bbox 318 3932 449 3986; x_wconf 80' lang='grc' dir='ltr'>ὅταν</span> <span class='ocrx_word' id='word_1_345' title='bbox 480 3931 573 3986; x_wconf 70' lang='grc' dir='ltr'>ἐπὶ</span> <span class='ocrx_word' id='word_1_346' title='bbox 628 3930 821 4002; x_wconf 80' lang='grc' dir='ltr'>θύραις</span> <span class='ocrx_word' id='word_1_347' title='bbox 865 3932 1138 4002; x_wconf 86' lang='grc' dir='ltr'>ἐπάγηται</span> <span class='ocrx_word' id='word_1_348' title='bbox 1192 3933 1361 4000; x_wconf 83' lang='grc' dir='ltr'>ἐγγὺς</span> <span class='ocrx_word' id='word_1_349' title='bbox 1420 3930 1609 4002; x_wconf 76' lang='grc' dir='ltr'>έχοντα</span> <span class='ocrx_word' id='word_1_350' title='bbox 1657 3931 1754 4003; x_wconf 79' lang='grc' dir='ltr'>τὴν</span> <span class='ocrx_word' id='word_1_351' title='bbox 1820 3933 1996 3987; x_wconf 82' lang='grc' dir='ltr'>ἀπαλ-</span> 
     </span>
    </p>
   </div>
   <div class='ocr_carea' id='block_1_44' title="bbox 321 4013 1998 4087">
    <p class='ocr_par' dir='ltr' id='par_1_44' title="bbox 321 4013 1998 4087">
     <span class='ocr_line' id='line_1_44' title="bbox 321 4013 1998 4087; baseline 0.002 -21"><span class='ocrx_word' id='word_1_352' title='bbox 321 4016 511 4085; x_wconf 77' lang='grc' dir='ltr'>λαγὴν.</span> <span class='ocrx_word' id='word_1_353' title='bbox 561 4013 733 4067; x_wconf 89' lang='grc' dir='ltr'>Τοῦτο</span> <span class='ocrx_word' id='word_1_354' title='bbox 788 4014 851 4082; x_wconf 83' lang='grc' dir='ltr'>δὴ</span> <span class='ocrx_word' id='word_1_355' title='bbox 903 4015 997 4067; x_wconf 71' lang='grc' dir='ltr'>καὶ</span> <span class='ocrx_word' id='word_1_356' title='bbox 1030 4014 1149 4066; x_wconf 85' lang='grc' dir='ltr'>τότε</span> <span class='ocrx_word' id='word_1_357' title='bbox 1199 4015 1442 4084; x_wconf 86' lang='grc' dir='ltr'>ἐποίησε,</span> <span class='ocrx_word' id='word_1_358' title='bbox 1492 4017 1585 4068; x_wconf 75' lang='grc' dir='ltr'>καὶ</span> <span class='ocrx_word' id='word_1_359' title='bbox 1618 4016 1679 4067; x_wconf 86' lang='grc' dir='ltr'>ού</span> <span class='ocrx_word' id='word_1_360' title='bbox 1734 4017 1998 4087; x_wconf 90' lang='grc' dir='ltr'>πρότερον</span> 
     </span>
    </p>
   </div>
   <div class='ocr_carea' id='block_1_45' title="bbox 320 4096 1997 4170">
    <p class='ocr_par' dir='ltr' id='par_1_45' title="bbox 320 4096 1997 4170">
     <span class='ocr_line' id='line_1_45' title="bbox 320 4096 1997 4170; baseline 0.001 -17"><span class='ocrx_word' id='word_1_361' title='bbox 320 4096 672 4166; x_wconf 77' lang='grc' dir='ltr'>ἀπεκάλυψεν</span> <span class='ocrx_word' id='word_1_362' title='bbox 732 4096 923 4148; x_wconf 80' lang='grc' dir='ltr'>ἐαυτὸν</span> <span class='ocrx_word' id='word_1_363' title='bbox 983 4098 1013 4148; x_wconf 92' lang='lat'>6</span> <span class='ocrx_word' id='word_1_364' title='bbox 1076 4097 1343 4168; x_wconf 82' lang='grc' dir='ltr'>Χριστὸς,</span> <span class='ocrx_word' id='word_1_365' title='bbox 1399 4098 1505 4161; x_wconf 69' lang='grc' dir='ltr'>ἕως</span> <span class='ocrx_word' id='word_1_366' title='bbox 1571 4099 1659 4150; x_wconf 83' lang='grc' dir='ltr'>ὅτε</span> <span class='ocrx_word' id='word_1_367' title='bbox 1736 4099 1997 4170; x_wconf 76' lang='grc' dir='ltr'>ἔκραξαν.</span> 
     </span>
    </p>
   </div>
   <div class='ocr_carea' id='block_1_46' title="bbox 323 4178 1999 4251">
    <p class='ocr_par' dir='ltr' id='par_1_46' title="bbox 323 4178 1999 4251">
     <span class='ocr_line' id='line_1_46' title="bbox 323 4178 1999 4251; baseline 0 -17"><span class='ocrx_word' id='word_1_368' title='bbox 323 4182 476 4251; x_wconf 86' lang='grc' dir='ltr'>Ὅσῳ</span> <span class='ocrx_word' id='word_1_369' title='bbox 504 4180 614 4249; x_wconf 84' lang='grc' dir='ltr'>γὰρ</span> <span class='ocrx_word' id='word_1_370' title='bbox 658 4178 969 4231; x_wconf 83' lang='grc' dir='ltr'>ἐπετείνετο</span> <span class='ocrx_word' id='word_1_371' title='bbox 997 4178 1069 4231; x_wconf 74' lang='grc' dir='ltr'>τὰ</span> <span class='ocrx_word' id='word_1_372' title='bbox 1108 4178 1209 4249; x_wconf 83' lang='grc' dir='ltr'>τῆς</span> <span class='ocrx_word' id='word_1_373' title='bbox 1237 4179 1499 4245; x_wconf 83' lang='grc' dir='ltr'>ἀγωνίας,</span> <span class='ocrx_word' id='word_1_374' title='bbox 1528 4180 1767 4251; x_wconf 86' lang='grc' dir='ltr'>τοσούτῳ</span> <span class='ocrx_word' id='word_1_375' title='bbox 1799 4182 1999 4251; x_wconf 76' lang='grc' dir='ltr'>μᾶλλον</span> 
     </span>
    </p>
   </div>
   <div class='ocr_carea' id='block_1_47' title="bbox 321 4259 1999 4336">
    <p class='ocr_par' dir='ltr' id='par_1_47' title="bbox 321 4259 1999 4336">
     <span class='ocr_line' id='line_1_47' title="bbox 321 4259 1999 4336; baseline 0 -19"><span class='ocrx_word' id='word_1_376' title='bbox 321 4263 615 4335; x_wconf 76' lang='grc' dir='ltr'>ἠσμένιζον</span> <span class='ocrx_word' id='word_1_377' title='bbox 666 4262 779 4304; x_wconf 63' lang='grc' dir='ltr'>¹⁸ο⁹¹</span> <span class='ocrx_word' id='word_1_378' title='bbox 834 4260 1000 4314; x_wconf 78' lang='grc' dir='ltr'>αὑτοῦ</span> <span class='ocrx_word' id='word_1_379' title='bbox 1048 4262 1145 4332; x_wconf 89' lang='grc' dir='ltr'>τὴν</span> <span class='ocrx_word' id='word_1_380' title='bbox 1193 4262 1515 4331; x_wconf 88' lang='grc' dir='ltr'>παρουσίαν.</span> <span class='ocrx_word' id='word_1_381' title='bbox 1575 4259 1750 4327; x_wconf 77' lang='grc' dir='ltr'>Εἶτα,</span> <span class='ocrx_word' id='word_1_382' title='bbox 1810 4264 1999 4336; x_wconf 88' lang='grc' dir='ltr'>ἐπειδὴ</span> 
     </span>
    </p>
   </div>
   <div class='ocr_carea' id='block_1_48' title="bbox 323 4343 1999 4418">
    <p class='ocr_par' dir='ltr' id='par_1_48' title="bbox 323 4343 1999 4418">
     <span class='ocr_line' id='line_1_48' title="bbox 323 4343 1999 4418; baseline 0.004 -21"><span class='ocrx_word' id='word_1_383' title='bbox 323 4348 579 4418; x_wconf 82' lang='grc' dir='ltr'>ἐϐόησαν,</span> <span class='ocrx_word' id='word_1_384' title='bbox 630 4345 814 4415; x_wconf 75' lang='grc' dir='ltr'>φησὶν,</span> <span class='ocrx_word' id='word_1_385' title='bbox 874 4343 1113 4409; x_wconf 79' lang='grc' dir='ltr'>Εὐθέως</span> <span class='ocrx_word' id='word_1_386' title='bbox 1184 4343 1493 4411; x_wconf 73' lang='grc' dir='ltr'>ἐλάλησεν</span> <span class='ocrx_word' id='word_1_387' title='bbox 1542 4346 1749 4411; x_wconf 82' lang='grc' dir='ltr'>αὐτοῖς</span> <span class='ocrx_word' id='word_1_388' title='bbox 1806 4350 1840 4401; x_wconf 87' lang='grc' dir='ltr'>ό</span> <span class='ocrx_word' id='word_1_389' title='bbox 1895 4349 1999 4416; x_wconf 80' lang='grc' dir='ltr'>Ἰη-</span> 
     </span>
    </p>
   </div>
   <div class='ocr_carea' id='block_1_49' title="bbox 321 4425 1994 4498">
    <p class='ocr_par' dir='ltr' id='par_1_49' title="bbox 321 4425 1994 4498">
     <span class='ocr_line' id='line_1_49' title="bbox 321 4425 1994 4498; baseline 0.001 -14"><span class='ocrx_word' id='word_1_390' title='bbox 321 4430 475 4494; x_wconf 87' lang='grc' dir='ltr'>σοῦς</span> <span class='ocrx_word' id='word_1_391' title='bbox 534 4428 727 4497; x_wconf 75' lang='grc' dir='ltr'>λέγων</span> <span class='ocrx_word' id='word_1_392' title='bbox 755 4441 769 4454; x_wconf 91' lang='grc'><strong>·</strong></span> <span class='ocrx_word' id='word_1_393' title='bbox 831 4425 1133 4494; x_wconf 83' lang='grc' dir='ltr'>Θαρσεῖτε,</span> <span class='ocrx_word' id='word_1_394' title='bbox 1344 4430 1461 4496; x_wconf 80' lang='grc' dir='ltr'>ειμι</span> <span class='ocrx_word' id='word_1_395' title='bbox 1488 4444 1501 4458; x_wconf 73' lang='grc'><strong><em>⁸</em></strong></span> <span class='ocrx_word' id='word_1_396' title='bbox 1547 4428 1635 4496; x_wconf 82' lang='grc' dir='ltr'>μὴ</span> <span class='ocrx_word' id='word_1_397' title='bbox 1694 4430 1994 4498; x_wconf 79' lang='grc' dir='ltr'>φοϐεῖσθε.</span> 
     </span>
    </p>
   </div>
   <div class='ocr_carea' id='block_1_50' title="bbox 320 4508 1998 4587">
    <p class='ocr_par' dir='ltr' id='par_1_50' title="bbox 320 4508 1998 4587">
     <span class='ocr_line' id='line_1_50' title="bbox 320 4508 1998 4587; baseline -0.001 -19"><span class='ocrx_word' id='word_1_398' title='bbox 320 4509 492 4568; x_wconf 88' lang='grc' dir='ltr'>Τοῦτο</span> <span class='ocrx_word' id='word_1_399' title='bbox 523 4510 584 4563; x_wconf 78' lang='grc' dir='ltr'>τὸ</span> <span class='ocrx_word' id='word_1_400' title='bbox 623 4509 776 4582; x_wconf 81' lang='grc' dir='ltr'>ῥῆμα</span> <span class='ocrx_word' id='word_1_401' title='bbox 826 4509 916 4563; x_wconf 81' lang='grc' dir='ltr'>τὸν</span> <span class='ocrx_word' id='word_1_402' title='bbox 952 4508 1115 4578; x_wconf 88' lang='grc' dir='ltr'>φόϐον</span> <span class='ocrx_word' id='word_1_403' title='bbox 1166 4509 1343 4572; x_wconf 78' lang='grc' dir='ltr'>ἔλυσε,</span> <span class='ocrx_word' id='word_1_404' title='bbox 1395 4512 1490 4565; x_wconf 75' lang='grc' dir='ltr'>καὶ</span> <span class='ocrx_word' id='word_1_405' title='bbox 1545 4511 1817 4584; x_wconf 79' lang='grc' dir='ltr'>θαρρῆσαι</span> <span class='ocrx_word' id='word_1_406' title='bbox 1856 4530 1998 4587; x_wconf 90' lang='grc' dir='ltr'>παρ-</span> 
     </span>
    </p>
   </div>
   <div class='ocr_carea' id='block_1_51' title="bbox 320 4593 1998 4667">
    <p class='ocr_par' dir='ltr' id='par_1_51' title="bbox 320 4593 1998 4667">
     <span class='ocr_line' id='line_1_51' title="bbox 320 4593 1998 4667; baseline 0.001 -17"><span class='ocrx_word' id='word_1_407' title='bbox 320 4595 636 4651; x_wconf 82' lang='grc' dir='ltr'>εσκεύασεν.</span> <span class='ocrx_word' id='word_1_408' title='bbox 682 4593 897 4665; x_wconf 78' lang='grc' dir='ltr'>Ἐπειδὴ</span> <span class='ocrx_word' id='word_1_409' title='bbox 920 4594 1027 4664; x_wconf 82' lang='grc' dir='ltr'>γὰρ</span> <span class='ocrx_word' id='word_1_410' title='bbox 1059 4594 1166 4646; x_wconf 84' lang='grc' dir='ltr'>ἀπὸ</span> <span class='ocrx_word' id='word_1_411' title='bbox 1194 4593 1294 4665; x_wconf 87' lang='grc' dir='ltr'>τῆς</span> <span class='ocrx_word' id='word_1_412' title='bbox 1335 4593 1511 4664; x_wconf 72' lang='grc' dir='ltr'>ὂψεως</span> <span class='ocrx_word' id='word_1_413' title='bbox 1559 4596 1719 4649; x_wconf 77' lang='grc' dir='ltr'>αὑτὸν</span> <span class='ocrx_word' id='word_1_414' title='bbox 1743 4598 1843 4652; x_wconf 86' lang='grc' dir='ltr'>οὐκ</span> <span class='ocrx_word' id='word_1_415' title='bbox 1886 4599 1998 4667; x_wconf 88' lang='grc' dir='ltr'>ἐγί-</span> 
     </span>
    </p>
   </div>
   <div class='ocr_carea' id='block_1_52' title="bbox 321 4676 1997 4750">
    <p class='ocr_par' dir='ltr' id='par_1_52' title="bbox 321 4676 1997 4750">
     <span class='ocr_line' id='line_1_52' title="bbox 321 4676 1997 4750; baseline 0.001 -16"><span class='ocrx_word' id='word_1_416' title='bbox 321 4696 549 4742; x_wconf 88' lang='grc' dir='ltr'>νωσκον,</span> <span class='ocrx_word' id='word_1_417' title='bbox 598 4677 691 4731; x_wconf 82' lang='grc' dir='ltr'>καὶ</span> <span class='ocrx_word' id='word_1_418' title='bbox 744 4677 831 4729; x_wconf 82' lang='grc' dir='ltr'>διὰ</span> <span class='ocrx_word' id='word_1_419' title='bbox 884 4676 944 4730; x_wconf 80' lang='grc' dir='ltr'>τὸ</span> <span class='ocrx_word' id='word_1_420' title='bbox 985 4677 1288 4750; x_wconf 85' lang='grc' dir='ltr'>παράδοξον</span> <span class='ocrx_word' id='word_1_421' title='bbox 1329 4680 1426 4748; x_wconf 83' lang='grc' dir='ltr'>τῆς</span> <span class='ocrx_word' id='word_1_422' title='bbox 1472 4679 1733 4749; x_wconf 74' lang='grc' dir='ltr'>βαδίσεως</span> <span class='ocrx_word' id='word_1_423' title='bbox 1768 4683 1861 4734; x_wconf 79' lang='grc' dir='ltr'>καὶ</span> <span class='ocrx_word' id='word_1_424' title='bbox 1909 4683 1997 4737; x_wconf 82' lang='grc' dir='ltr'>διὰ</span> 
     </span>
    </p>
   </div>
   <div class='ocr_carea' id='block_1_53' title="bbox 320 4760 2002 4835">
    <p class='ocr_par' dir='ltr' id='par_1_53' title="bbox 320 4760 2002 4835">
     <span class='ocr_line' id='line_1_53' title="bbox 320 4760 2002 4835; baseline 0.002 -18"><span class='ocrx_word' id='word_1_425' title='bbox 320 4764 410 4817; x_wconf 74' lang='grc' dir='ltr'>τὸν</span> <span class='ocrx_word' id='word_1_426' title='bbox 444 4763 659 4835; x_wconf 68' lang='grc' dir='ltr'>καιρὸν,</span> <span class='ocrx_word' id='word_1_427' title='bbox 704 4760 813 4815; x_wconf 80' lang='grc' dir='ltr'>ἀπὸ</span> <span class='ocrx_word' id='word_1_428' title='bbox 843 4761 945 4831; x_wconf 84' lang='grc' dir='ltr'>τῆς</span> <span class='ocrx_word' id='word_1_429' title='bbox 976 4762 1159 4833; x_wconf 85' lang='grc' dir='ltr'>φωνῆς</span> <span class='ocrx_word' id='word_1_430' title='bbox 1192 4762 1348 4833; x_wconf 85' lang='grc' dir='ltr'>δῆλον</span> <span class='ocrx_word' id='word_1_431' title='bbox 1390 4764 1580 4816; x_wconf 80' lang='grc' dir='ltr'>ἐαυτὸν</span> <span class='ocrx_word' id='word_1_432' title='bbox 1612 4765 1772 4819; x_wconf 89' lang='grc' dir='ltr'>ποιεῖ.</span> <span class='ocrx_word' id='word_1_433' title='bbox 1807 4764 1871 4817; x_wconf 88' lang='grc' dir='ltr'>Τί</span> <span class='ocrx_word' id='word_1_434' title='bbox 1908 4762 2002 4820; x_wconf 81' lang='grc' dir='ltr'>οὖν</span> 
     </span>
    </p>
   </div>
   <div class='ocr_carea' id='block_1_54' title="bbox 321 4844 1996 4921">
    <p class='ocr_par' dir='ltr' id='par_1_54' title="bbox 321 4844 1996 4921">
     <span class='ocr_line' id='line_1_54' title="bbox 321 4844 1996 4921; baseline 0.001 -21"><span class='ocrx_word' id='word_1_435' title='bbox 321 4849 350 4900; x_wconf 86' lang='grc' dir='ltr'>ὀ</span> <span class='ocrx_word' id='word_1_436' title='bbox 378 4848 602 4919; x_wconf 86' lang='grc' dir='ltr'>Πέτρος,</span> <span class='ocrx_word' id='word_1_437' title='bbox 650 4848 680 4899; x_wconf 90' lang='lat'>6</span> <span class='ocrx_word' id='word_1_438' title='bbox 729 4845 1005 4917; x_wconf 80' lang='grc' dir='ltr'>πανταχοῦ</span> <span class='ocrx_word' id='word_1_439' title='bbox 1049 4844 1250 4917; x_wconf 85' lang='grc' dir='ltr'>θερμὸς</span> <span class='ocrx_word' id='word_1_440' title='bbox 1285 4845 1379 4899; x_wconf 73' lang='grc' dir='ltr'>καὶ</span> <span class='ocrx_word' id='word_1_441' title='bbox 1408 4847 1497 4900; x_wconf 75' lang='grc' dir='ltr'>ἀεὶ</span> <span class='ocrx_word' id='word_1_442' title='bbox 1522 4846 1630 4900; x_wconf 85' lang='grc' dir='ltr'>τῶν</span> <span class='ocrx_word' id='word_1_443' title='bbox 1653 4847 1828 4901; x_wconf 83' lang='grc' dir='ltr'>ἄλλων</span> <span class='ocrx_word' id='word_1_444' title='bbox 1868 4866 1996 4921; x_wconf 88' lang='grc' dir='ltr'>προ-</span> 
     </span>
    </p>
   </div>
   <div class='ocr_carea' id='block_1_55' title="bbox 323 4924 2003 5000">
    <p class='ocr_par' dir='ltr' id='par_1_55' title="bbox 323 4924 2003 5000">
     <span class='ocr_line' id='line_1_55' title="bbox 323 4924 2003 5000; baseline 0.001 -17"><span class='ocrx_word' id='word_1_445' title='bbox 323 4931 543 5000; x_wconf 85' lang='grc' dir='ltr'>πηδῶν;</span> <span class='ocrx_word' id='word_1_446' title='bbox 574 4929 772 4996; x_wconf 86' lang='grc' dir='ltr'>Κύριε,</span> <span class='ocrx_word' id='word_1_447' title='bbox 797 4931 850 4983; x_wconf 82' lang='grc' dir='ltr'>εί</span> <span class='ocrx_word' id='word_1_448' title='bbox 868 4929 951 4982; x_wconf 92' lang='grc' dir='ltr'>σὺ</span> <span class='ocrx_word' id='word_1_449' title='bbox 984 4924 1058 4991; x_wconf 82' lang='grc' dir='ltr'>εἷ,</span> <span class='ocrx_word' id='word_1_450' title='bbox 1095 4929 1254 4998; x_wconf 72' lang='grc' dir='ltr'>φησὶ,</span> <span class='ocrx_word' id='word_1_451' title='bbox 1299 4928 1598 4983; x_wconf 82' lang='grc' dir='ltr'>κέλευσόν</span> <span class='ocrx_word' id='word_1_452' title='bbox 1629 4946 1705 5000; x_wconf 86' lang='grc' dir='ltr'>με</span> <span class='ocrx_word' id='word_1_453' title='bbox 1744 4930 1895 4999; x_wconf 83' lang='grc' dir='ltr'>πρὸς</span> <span class='ocrx_word' id='word_1_454' title='bbox 1925 4932 2003 4985; x_wconf 78' lang='grc' dir='ltr'>σὲ</span> 
     </span>
    </p>
   </div>
   <div class='ocr_carea' id='block_1_56' title="bbox 318 5008 1998 5084">
    <p class='ocr_par' dir='ltr' id='par_1_56' title="bbox 318 5008 1998 5084">
     <span class='ocr_line' id='line_1_56' title="bbox 318 5008 1998 5084; baseline -0.001 -17"><span class='ocrx_word' id='word_1_455' title='bbox 318 5013 519 5068; x_wconf 83' lang='grc' dir='ltr'>ἐλθεῖν</span> <span class='ocrx_word' id='word_1_456' title='bbox 539 5012 637 5066; x_wconf 78' lang='grc' dir='ltr'>ἐπὶ</span> <span class='ocrx_word' id='word_1_457' title='bbox 657 5011 729 5065; x_wconf 82' lang='grc' dir='ltr'>τὰ</span> <span class='ocrx_word' id='word_1_458' title='bbox 748 5012 956 5065; x_wconf 83' lang='grc' dir='ltr'>ὕδατα.</span> <span class='ocrx_word' id='word_1_459' title='bbox 984 5013 1098 5065; x_wconf 81' lang='grc' dir='ltr'>Οὐκ</span> <span class='ocrx_word' id='word_1_460' title='bbox 1119 5008 1464 5075; x_wconf 74' lang='grc' dir='ltr'>εἷπεν.Εὗξαι</span> <span class='ocrx_word' id='word_1_461' title='bbox 1485 5013 1578 5066; x_wconf 76' lang='grc' dir='ltr'>καὶ</span> <span class='ocrx_word' id='word_1_462' title='bbox 1598 5014 1998 5084; x_wconf 84' lang='grc' dir='ltr'>παρακάλεσον,</span> 
     </span>
    </p>
   </div>
   <div class='ocr_carea' id='block_1_57' title="bbox 319 5091 2000 5171">
    <p class='ocr_par' dir='ltr' id='par_1_57' title="bbox 319 5091 2000 5171">
     <span class='ocr_line' id='line_1_57' title="bbox 319 5091 2000 5171; baseline -0.006 -19"><span class='ocrx_word' id='word_1_463' title='bbox 319 5098 475 5163; x_wconf 86' lang='grc' dir='ltr'>ἀλλά,</span> <span class='ocrx_word' id='word_1_464' title='bbox 516 5095 847 5151; x_wconf 76' lang='grc' dir='ltr'>Κέλευσον.</span> <span class='ocrx_word' id='word_1_465' title='bbox 889 5091 1045 5158; x_wconf 73' lang='grc' dir='ltr'>Εἶδες</span> <span class='ocrx_word' id='word_1_466' title='bbox 1086 5096 1226 5165; x_wconf 89' lang='grc' dir='ltr'>πόση</span> <span class='ocrx_word' id='word_1_467' title='bbox 1269 5097 1303 5166; x_wconf 83' lang='grc' dir='ltr'>ὴ</span> <span class='ocrx_word' id='word_1_468' title='bbox 1346 5096 1654 5167; x_wconf 86' lang='grc' dir='ltr'>θερμότης;</span> <span class='ocrx_word' id='word_1_469' title='bbox 1680 5097 1819 5171; x_wconf 87' lang='grc' dir='ltr'>πόση</span> <span class='ocrx_word' id='word_1_470' title='bbox 1849 5101 1883 5169; x_wconf 75' lang='grc' dir='ltr'>η</span> <span class='ocrx_word' id='word_1_471' title='bbox 1910 5100 2000 5151; x_wconf 82' lang='grc' dir='ltr'>πί-</span> 
     </span>
    </p>
   </div>
   <div class='ocr_carea' id='block_1_58' title="bbox 322 5178 1991 5249">
    <p class='ocr_par' dir='ltr' id='par_1_58' title="bbox 322 5178 1991 5249">
     <span class='ocr_line' id='line_1_58' title="bbox 322 5178 1991 5249; baseline 0.001 -14"><span class='ocrx_word' id='word_1_472' title='bbox 322 5198 466 5248; x_wconf 87' lang='grc' dir='ltr'>στις;</span> <span class='ocrx_word' id='word_1_473' title='bbox 514 5180 772 5248; x_wconf 81' lang='grc' dir='ltr'>Καίτοιγε</span> <span class='ocrx_word' id='word_1_474' title='bbox 804 5179 869 5233; x_wconf 90' lang='grc' dir='ltr'>ἐκ</span> <span class='ocrx_word' id='word_1_475' title='bbox 909 5178 1100 5232; x_wconf 88' lang='grc' dir='ltr'>τούτου</span> <span class='ocrx_word' id='word_1_476' title='bbox 1143 5179 1409 5249; x_wconf 86' lang='grc' dir='ltr'>πολλαχοῦ</span> <span class='ocrx_word' id='word_1_477' title='bbox 1456 5180 1775 5244; x_wconf 86' lang='grc' dir='ltr'>κινδυνεύει,</span> <span class='ocrx_word' id='word_1_478' title='bbox 1807 5184 1872 5236; x_wconf 90' lang='grc' dir='ltr'>ἐκ</span> <span class='ocrx_word' id='word_1_479' title='bbox 1898 5183 1991 5237; x_wconf 77' lang='grc' dir='ltr'>τοῦ</span> 
     </span>
    </p>
   </div>
   <div class='ocr_carea' id='block_1_59' title="bbox 318 5258 1990 5337">
    <p class='ocr_par' dir='ltr' id='par_1_59' title="bbox 318 5258 1990 5337">
     <span class='ocr_line' id='line_1_59' title="bbox 318 5258 1990 5337; baseline 0 -18"><span class='ocrx_word' id='word_1_480' title='bbox 318 5264 460 5337; x_wconf 87' lang='grc' dir='ltr'>πέρα</span> <span class='ocrx_word' id='word_1_481' title='bbox 489 5264 585 5317; x_wconf 89' lang='grc' dir='ltr'>τοῦ</span> <span class='ocrx_word' id='word_1_482' title='bbox 635 5262 836 5335; x_wconf 83' lang='grc' dir='ltr'>μέτρου</span> <span class='ocrx_word' id='word_1_483' title='bbox 876 5258 1081 5329; x_wconf 82' lang='grc' dir='ltr'>ζητεῖν.</span> <span class='ocrx_word' id='word_1_484' title='bbox 1118 5262 1227 5315; x_wconf 89' lang='lat' dir='ltr'>Kal</span> <span class='ocrx_word' id='word_1_485' title='bbox 1269 5262 1379 5333; x_wconf 86' lang='grc' dir='ltr'>γὰρ</span> <span class='ocrx_word' id='word_1_486' title='bbox 1428 5264 1523 5317; x_wconf 73' lang='grc' dir='ltr'>καὶ</span> <span class='ocrx_word' id='word_1_487' title='bbox 1567 5264 1803 5319; x_wconf 85' lang='grc' dir='ltr'>ἐνταῦθα</span> <span class='ocrx_word' id='word_1_488' title='bbox 1856 5266 1990 5319; x_wconf 80' lang='grc' dir='ltr'>πολὺ</span> 
     </span>
    </p>
   </div>
   <div class='ocr_carea' id='block_1_60' title="bbox 322 5344 1994 5420">
    <p class='ocr_par' dir='ltr' id='par_1_60' title="bbox 322 5344 1994 5420">
     <span class='ocr_line' id='line_1_60' title="bbox 322 5344 1994 5420; baseline 0.001 -19"><span class='ocrx_word' id='word_1_489' title='bbox 322 5348 463 5418; x_wconf 88' lang='grc' dir='ltr'>μέγα</span> <span class='ocrx_word' id='word_1_490' title='bbox 476 5348 731 5418; x_wconf 85' lang='grc' dir='ltr'>ἐζήτησε,</span> <span class='ocrx_word' id='word_1_491' title='bbox 749 5346 1051 5416; x_wconf 86' lang='grc' dir='ltr'>δι’ἀγάπην</span> <span class='ocrx_word' id='word_1_492' title='bbox 1070 5344 1249 5416; x_wconf 88' lang='grc' dir='ltr'>μόνον,</span> <span class='ocrx_word' id='word_1_493' title='bbox 1270 5346 1331 5397; x_wconf 88' lang='grc' dir='ltr'>οὑ</span> <span class='ocrx_word' id='word_1_494' title='bbox 1350 5345 1416 5398; x_wconf 88' lang='grc' dir='ltr'>δι’</span> <span class='ocrx_word' id='word_1_495' title='bbox 1432 5346 1709 5412; x_wconf 87' lang='grc' dir='ltr'>ἐπίδειξιν.</span> <span class='ocrx_word' id='word_1_496' title='bbox 1732 5349 1868 5402; x_wconf 81' lang='grc' dir='ltr'>Οὐδὲ</span> <span class='ocrx_word' id='word_1_497' title='bbox 1886 5352 1994 5420; x_wconf 82' lang='grc' dir='ltr'>γὰρ</span> 
     </span>
    </p>
   </div>
   <div class='ocr_carea' id='block_1_61' title="bbox 318 5427 1993 5506">
    <p class='ocr_par' dir='ltr' id='par_1_61' title="bbox 318 5427 1993 5506">
     <span class='ocr_line' id='line_1_61' title="bbox 318 5427 1993 5506; baseline 0.002 -23"><span class='ocrx_word' id='word_1_498' title='bbox 318 5427 461 5495; x_wconf 74' lang='grc' dir='ltr'>εἰπε,</span> <span class='ocrx_word' id='word_1_499' title='bbox 492 5429 762 5484; x_wconf 76' lang='grc' dir='ltr'>Κέλευσόν</span> <span class='ocrx_word' id='word_1_500' title='bbox 793 5447 859 5500; x_wconf 91' lang='grc' dir='ltr'>με</span> <span class='ocrx_word' id='word_1_501' title='bbox 893 5428 1108 5499; x_wconf 84' lang='grc' dir='ltr'>βαδίσαι</span> <span class='ocrx_word' id='word_1_502' title='bbox 1136 5430 1227 5482; x_wconf 79' lang='grc' dir='ltr'>ἐπὶ</span> <span class='ocrx_word' id='word_1_503' title='bbox 1244 5429 1314 5482; x_wconf 74' lang='grc' dir='ltr'>τὰ</span> <span class='ocrx_word' id='word_1_504' title='bbox 1351 5428 1521 5484; x_wconf 77' lang='grc' dir='ltr'>ὕδατα</span> <span class='ocrx_word' id='word_1_505' title='bbox 1544 5448 1556 5460; x_wconf 93' lang='grc'><strong>·</strong></span> <span class='ocrx_word' id='word_1_506' title='bbox 1587 5430 1877 5506; x_wconf 76' lang='grc' dir='ltr'>ἀλλά[515]</span> <span class='ocrx_word' id='word_1_507' title='bbox 1906 5435 1993 5499; x_wconf 87' lang='grc' dir='ltr'>τί;</span> 
     </span>
    </p>
   </div>
   <div class='ocr_carea' id='block_1_62' title="bbox 320 5511 1997 5587">
    <p class='ocr_par' dir='ltr' id='par_1_62' title="bbox 320 5511 1997 5587">
     <span class='ocr_line' id='line_1_62' title="bbox 320 5511 1997 5587; baseline 0.002 -21"><span class='ocrx_word' id='word_1_508' title='bbox 320 5512 629 5567; x_wconf 82' lang='grc' dir='ltr'>Κέλευσόν</span> <span class='ocrx_word' id='word_1_509' title='bbox 665 5529 742 5581; x_wconf 84' lang='grc' dir='ltr'>με</span> <span class='ocrx_word' id='word_1_510' title='bbox 769 5512 967 5567; x_wconf 79' lang='grc' dir='ltr'>ἐλθεῖν</span> <span class='ocrx_word' id='word_1_511' title='bbox 990 5511 1141 5581; x_wconf 76' lang='grc' dir='ltr'>πρὸς</span> <span class='ocrx_word' id='word_1_512' title='bbox 1168 5511 1261 5566; x_wconf 86' lang='grc' dir='ltr'>σέ.</span> <span class='ocrx_word' id='word_1_513' title='bbox 1307 5512 1497 5577; x_wconf 75' lang='grc' dir='ltr'>υύδεὶς</span> <span class='ocrx_word' id='word_1_514' title='bbox 1529 5514 1637 5586; x_wconf 80' lang='grc' dir='ltr'>γὰρ</span> <span class='ocrx_word' id='word_1_515' title='bbox 1674 5514 1847 5579; x_wconf 76' lang='grc' dir='ltr'>οὕτως</span> <span class='ocrx_word' id='word_1_516' title='bbox 1879 5518 1997 5587; x_wconf 84' lang='grc' dir='ltr'>ἐφί-</span> 
     </span>
    </p>
   </div>
   <div class='ocr_carea' id='block_1_63' title="bbox 318 5595 1999 5672">
    <p class='ocr_par' dir='ltr' id='par_1_63' title="bbox 318 5595 1999 5672">
     <span class='ocr_line' id='line_1_63' title="bbox 318 5595 1999 5672; baseline 0.004 -25"><span class='ocrx_word' id='word_1_517' title='bbox 318 5595 507 5651; x_wconf 82' lang='grc' dir='ltr'>λειτδν</span> <span class='ocrx_word' id='word_1_518' title='bbox 546 5598 776 5669; x_wconf 87' lang='grc' dir='ltr'>Ἰησοῦν.</span> <span class='ocrx_word' id='word_1_519' title='bbox 834 5597 1005 5652; x_wconf 87' lang='grc' dir='ltr'>Τοῦτο</span> <span class='ocrx_word' id='word_1_520' title='bbox 1037 5598 1128 5653; x_wconf 77' lang='grc' dir='ltr'>καὶ</span> <span class='ocrx_word' id='word_1_521' title='bbox 1168 5596 1307 5667; x_wconf 83' lang='grc' dir='ltr'>μετὰ</span> <span class='ocrx_word' id='word_1_522' title='bbox 1355 5596 1455 5669; x_wconf 83' lang='grc' dir='ltr'>τὴν</span> <span class='ocrx_word' id='word_1_523' title='bbox 1483 5598 1779 5653; x_wconf 87' lang='grc' dir='ltr'>ἀνάστασιν</span> <span class='ocrx_word' id='word_1_524' title='bbox 1809 5601 1999 5672; x_wconf 86' lang='grc' dir='ltr'>ἐποίη-</span> 
     </span>
    </p>
   </div>
   <div class='ocr_carea' id='block_1_64' title="bbox 1151 372 3008 436">
    <p class='ocr_par' dir='ltr' id='par_1_64' title="bbox 1151 372 3008 436">
     <span class='ocr_line' id='line_1_64' title="bbox 1151 372 3008 436; baseline 0.003 -5"><span class='ocrx_word' id='word_1_525' title='bbox 1151 375 1207 431; x_wconf 90' lang='lat' dir='ltr'>S.</span> <span class='ocrx_word' id='word_1_526' title='bbox 1248 373 2056 433; x_wconf 70' lang='lat' dir='ltr'>JOANNIS&#39;CIIKYSOS&#39;IOMI</span> <span class='ocrx_word' id='word_1_527' title='bbox 2098 372 2419 432; x_wconf 68' lang='lat' dir='ltr'>ARCIIIEP.</span> <span class='ocrx_word' id='word_1_528' title='bbox 2460 377 3008 436; x_wconf 72' lang='lat' dir='ltr'>CONSTANTINOP.</span> 
     </span>
    </p>
   </div>
   <div class='ocr_carea' id='block_1_65' title="bbox 3680 370 3792 429">
    <p class='ocr_par' dir='ltr' id='par_1_65' title="bbox 3680 370 3792 429">
     <span class='ocr_line' id='line_1_65' title="bbox 3680 370 3792 429; baseline -0.018 0"><span class='ocrx_word' id='word_1_529' title='bbox 3680 370 3792 429; x_wconf 82' lang='lat'>506</span> 
     </span>
    </p>
   </div>
   <div class='ocr_carea' id='block_1_66' title="bbox 2114 488 3793 566">
    <p class='ocr_par' dir='ltr' id='par_1_66' title="bbox 2114 488 3793 566">
     <span class='ocr_line' id='line_1_66' title="bbox 2114 488 3793 566; baseline -0.001 -20"><span class='ocrx_word' id='word_1_530' title='bbox 2114 509 2241 546; x_wconf 89' lang='grc' dir='ltr'>σεν·</span> <span class='ocrx_word' id='word_1_531' title='bbox 2310 496 2409 548; x_wconf 83' lang='grc' dir='ltr'>οὐκ</span> <span class='ocrx_word' id='word_1_532' title='bbox 2466 495 2719 566; x_wconf 78' lang='grc' dir='ltr'>ὴνέσχετο</span> <span class='ocrx_word' id='word_1_533' title='bbox 2782 494 2919 565; x_wconf 82' lang='grc' dir='ltr'>μετά</span> <span class='ocrx_word' id='word_1_534' title='bbox 2972 491 3081 546; x_wconf 85' lang='grc' dir='ltr'>τῶν</span> <span class='ocrx_word' id='word_1_535' title='bbox 3141 489 3315 545; x_wconf 86' lang='grc' dir='ltr'>ἀλλων</span> <span class='ocrx_word' id='word_1_536' title='bbox 3377 488 3592 559; x_wconf 85' lang='grc' dir='ltr'>ἐλθεῖν,</span> <span class='ocrx_word' id='word_1_537' title='bbox 3649 496 3793 551; x_wconf 75' lang='grc' dir='ltr'>ἀλλὰ</span> 
     </span>
    </p>
   </div>
   <div class='ocr_carea' id='block_1_67' title="bbox 2111 572 3792 650">
    <p class='ocr_par' dir='ltr' id='par_1_67' title="bbox 2111 572 3792 650">
     <span class='ocr_line' id='line_1_67' title="bbox 2111 572 3792 650; baseline 0.003 -22"><span class='ocrx_word' id='word_1_538' title='bbox 2111 579 2512 649; x_wconf 73' lang='grc' dir='ltr'>προεπήδησεν.</span> <span class='ocrx_word' id='word_1_539' title='bbox 2553 579 2630 631; x_wconf 87' lang='grc' dir='ltr'>Ού</span> <span class='ocrx_word' id='word_1_540' title='bbox 2662 578 2760 650; x_wconf 83' lang='grc' dir='ltr'>τὴν</span> <span class='ocrx_word' id='word_1_541' title='bbox 2793 578 3013 646; x_wconf 87' lang='grc' dir='ltr'>ἀγάπην</span> <span class='ocrx_word' id='word_1_542' title='bbox 3055 574 3111 627; x_wconf 82' lang='grc' dir='ltr'>δὲ</span> <span class='ocrx_word' id='word_1_543' title='bbox 3144 574 3325 645; x_wconf 87' lang='grc' dir='ltr'>μόνον,</span> <span class='ocrx_word' id='word_1_544' title='bbox 3365 575 3503 630; x_wconf 86' lang='grc' dir='ltr'>ἀλλά</span> <span class='ocrx_word' id='word_1_545' title='bbox 3547 572 3643 633; x_wconf 77' lang='grc' dir='ltr'>καὶ</span> <span class='ocrx_word' id='word_1_546' title='bbox 3682 582 3792 649; x_wconf 84' lang='grc' dir='ltr'>τὴν</span> 
     </span>
    </p>
   </div>
   <div class='ocr_carea' id='block_1_68' title="bbox 2112 657 3791 729">
    <p class='ocr_par' dir='ltr' id='par_1_68' title="bbox 2112 657 3791 729">
     <span class='ocr_line' id='line_1_68' title="bbox 2112 657 3791 729; baseline -0.001 -16"><span class='ocrx_word' id='word_1_547' title='bbox 2112 662 2292 715; x_wconf 89' lang='grc' dir='ltr'>πίστιν</span> <span class='ocrx_word' id='word_1_548' title='bbox 2310 660 2700 715; x_wconf 86' lang='grc' dir='ltr'>ἐπιδείκνυται.</span> <span class='ocrx_word' id='word_1_549' title='bbox 2756 660 2829 713; x_wconf 82' lang='grc' dir='ltr'>Ού</span> <span class='ocrx_word' id='word_1_550' title='bbox 2880 660 2991 729; x_wconf 82' lang='grc' dir='ltr'>γὰρ</span> <span class='ocrx_word' id='word_1_551' title='bbox 3015 658 3173 727; x_wconf 88' lang='grc' dir='ltr'>μόνον</span> <span class='ocrx_word' id='word_1_552' title='bbox 3207 657 3549 723; x_wconf 86' lang='grc' dir='ltr'>ἐπίστευσεν,</span> <span class='ocrx_word' id='word_1_553' title='bbox 3584 663 3667 715; x_wconf 82' lang='grc' dir='ltr'>ὅτι</span> <span class='ocrx_word' id='word_1_554' title='bbox 3694 664 3791 715; x_wconf 73' lang='grc' dir='ltr'>αὑ.</span> 
     </span>
    </p>
   </div>
   <div class='ocr_carea' id='block_1_69' title="bbox 2111 740 3792 816">
    <p class='ocr_par' dir='ltr' id='par_1_69' title="bbox 2111 740 3792 816">
     <span class='ocr_line' id='line_1_69' title="bbox 2111 740 3792 816; baseline 0.002 -19"><span class='ocrx_word' id='word_1_555' title='bbox 2111 745 2199 808; x_wconf 74' lang='grc' dir='ltr'>τὸς</span> <span class='ocrx_word' id='word_1_556' title='bbox 2257 744 2474 799; x_wconf 87' lang='grc' dir='ltr'>δύναται</span> <span class='ocrx_word' id='word_1_557' title='bbox 2515 745 2836 816; x_wconf 87' lang='grc' dir='ltr'>περιπατεῖν</span> <span class='ocrx_word' id='word_1_558' title='bbox 2866 742 2961 795; x_wconf 73' lang='grc' dir='ltr'>ἐπὶ</span> <span class='ocrx_word' id='word_1_559' title='bbox 2990 742 3089 808; x_wconf 87' lang='grc' dir='ltr'>τῆς</span> <span class='ocrx_word' id='word_1_560' title='bbox 3115 740 3410 811; x_wconf 84' lang='grc' dir='ltr'>θαλάσσης,</span> <span class='ocrx_word' id='word_1_561' title='bbox 3441 742 3555 796; x_wconf 83' lang='grc' dir='ltr'>ἀλλ’</span> <span class='ocrx_word' id='word_1_562' title='bbox 3576 746 3658 798; x_wconf 86' lang='grc' dir='ltr'>ὅτι</span> <span class='ocrx_word' id='word_1_563' title='bbox 3691 749 3792 801; x_wconf 69' lang='grc' dir='ltr'>καὶ</span> 
     </span>
    </p>
   </div>
   <div class='ocr_carea' id='block_1_70' title="bbox 2110 822 3791 898">
    <p class='ocr_par' dir='ltr' id='par_1_70' title="bbox 2110 822 3791 898">
     <span class='ocr_line' id='line_1_70' title="bbox 2110 822 3791 898; baseline 0.001 -18"><span class='ocrx_word' id='word_1_564' title='bbox 2110 829 2331 898; x_wconf 84' lang='grc' dir='ltr'>ἐτέρους</span> <span class='ocrx_word' id='word_1_565' title='bbox 2354 828 2593 895; x_wconf 82' lang='grc' dir='ltr'>ἐνάγειν</span> <span class='ocrx_word' id='word_1_566' title='bbox 2636 828 2731 880; x_wconf 70' lang='grc' dir='ltr'>καὶ</span> <span class='ocrx_word' id='word_1_567' title='bbox 2763 824 3021 893; x_wconf 79' lang='grc' dir='ltr'>ἐπιθυμεῖ</span> <span class='ocrx_word' id='word_1_568' title='bbox 3043 822 3255 893; x_wconf 83' lang='grc' dir='ltr'>ταχέως</span> <span class='ocrx_word' id='word_1_569' title='bbox 3284 823 3453 890; x_wconf 79' lang='grc' dir='ltr'>ἐγγὺς</span> <span class='ocrx_word' id='word_1_570' title='bbox 3492 825 3659 880; x_wconf 84' lang='grc' dir='ltr'>αὐτοῦ</span> <span class='ocrx_word' id='word_1_571' title='bbox 3694 846 3791 895; x_wconf 76' lang='grc' dir='ltr'>γε·</span> 
     </span>
    </p>
   </div>
   <div class='ocr_carea' id='block_1_71' title="bbox 2110 904 3792 970">
    <p class='ocr_par' dir='ltr' id='par_1_71' title="bbox 2110 904 3792 970">
     <span class='ocr_line' id='line_1_71' title="bbox 2110 904 3792 970; baseline 0.001 -9"><span class='ocrx_word' id='word_1_572' title='bbox 2110 909 2315 962; x_wconf 84' lang='grc' dir='ltr'>νέσθαι.</span> <span class='ocrx_word' id='word_1_573' title='bbox 2355 910 2417 962; x_wconf 92' lang='lat'>&#39;0</span> <span class='ocrx_word' id='word_1_574' title='bbox 2445 909 2515 962; x_wconf 85' lang='grc' dir='ltr'>δὲ</span> <span class='ocrx_word' id='word_1_575' title='bbox 2562 904 2751 969; x_wconf 76' lang='grc' dir='ltr'>εἶπεν,</span> <span class='ocrx_word' id='word_1_576' title='bbox 2803 905 2996 961; x_wconf 83' lang='grc' dir='ltr'>Ἐλθέ.</span> <span class='ocrx_word' id='word_1_577' title='bbox 3058 904 3165 958; x_wconf 82' lang='grc' dir='ltr'>Καὶ</span> <span class='ocrx_word' id='word_1_578' title='bbox 3217 904 3479 970; x_wconf 75' lang='grc' dir='ltr'>καταϐὰς</span> <span class='ocrx_word' id='word_1_579' title='bbox 3519 907 3636 961; x_wconf 80' lang='grc' dir='ltr'>ἀπὸ</span> <span class='ocrx_word' id='word_1_580' title='bbox 3677 909 3792 963; x_wconf 82' lang='grc' dir='ltr'>τοῦ</span> 
     </span>
    </p>
   </div>
   <div class='ocr_carea' id='block_1_72' title="bbox 2109 987 3791 1060">
    <p class='ocr_par' dir='ltr' id='par_1_72' title="bbox 2109 987 3791 1060">
     <span class='ocr_line' id='line_1_72' title="bbox 2109 987 3791 1060; baseline 0.001 -16"><span class='ocrx_word' id='word_1_581' title='bbox 2109 993 2328 1045; x_wconf 72' lang='grc' dir='ltr'>πλοίου</span> <span class='ocrx_word' id='word_1_582' title='bbox 2354 995 2387 1047; x_wconf 82' lang='grc' dir='ltr'>ό</span> <span class='ocrx_word' id='word_1_583' title='bbox 2416 991 2658 1060; x_wconf 86' lang='grc' dir='ltr'>Πέτρος,</span> <span class='ocrx_word' id='word_1_584' title='bbox 2694 988 3131 1058; x_wconf 76' lang='grc' dir='ltr'>περιεπάτησεν</span> <span class='ocrx_word' id='word_1_585' title='bbox 3173 987 3272 1039; x_wconf 79' lang='grc' dir='ltr'>ἐπὶ</span> <span class='ocrx_word' id='word_1_586' title='bbox 3304 989 3377 1041; x_wconf 88' lang='grc' dir='ltr'>τὰ</span> <span class='ocrx_word' id='word_1_587' title='bbox 3422 988 3632 1052; x_wconf 80' lang='grc' dir='ltr'>ὕδατα,</span> <span class='ocrx_word' id='word_1_588' title='bbox 3687 995 3791 1046; x_wconf 71' lang='grc' dir='ltr'>καί</span> 
     </span>
    </p>
   </div>
   <div class='ocr_carea' id='block_1_73' title="bbox 2108 1070 3789 1145">
    <p class='ocr_par' dir='ltr' id='par_1_73' title="bbox 2108 1070 3789 1145">
     <span class='ocr_line' id='line_1_73' title="bbox 2108 1070 3789 1145; baseline 0.001 -17"><span class='ocrx_word' id='word_1_589' title='bbox 2108 1070 2258 1143; x_wconf 81' lang='grc' dir='ltr'>ἦλθε</span> <span class='ocrx_word' id='word_1_590' title='bbox 2315 1075 2467 1145; x_wconf 74' lang='grc' dir='ltr'>πρὸς</span> <span class='ocrx_word' id='word_1_591' title='bbox 2524 1076 2632 1128; x_wconf 80' lang='grc' dir='ltr'>τὸν</span> <span class='ocrx_word' id='word_1_592' title='bbox 2683 1071 2939 1141; x_wconf 85' lang='grc' dir='ltr'>Ἰησοῦν.</span> <span class='ocrx_word' id='word_1_593' title='bbox 2988 1070 3241 1124; x_wconf 81' lang='grc' dir='ltr'>Βλέπων</span> <span class='ocrx_word' id='word_1_594' title='bbox 3288 1070 3358 1123; x_wconf 74' lang='grc' dir='ltr'>δὲ</span> <span class='ocrx_word' id='word_1_595' title='bbox 3398 1071 3505 1125; x_wconf 85' lang='grc' dir='ltr'>τὸν</span> <span class='ocrx_word' id='word_1_596' title='bbox 3564 1074 3789 1143; x_wconf 74' lang='grc' dir='ltr'>ἄνεμον</span> 
     </span>
    </p>
   </div>
   <div class='ocr_carea' id='block_1_74' title="bbox 2112 1154 3789 1228">
    <p class='ocr_par' dir='ltr' id='par_1_74' title="bbox 2112 1154 3789 1228">
     <span class='ocr_line' id='line_1_74' title="bbox 2112 1154 3789 1228; baseline 0.001 -17"><span class='ocrx_word' id='word_1_597' title='bbox 2112 1160 2387 1228; x_wconf 72' lang='grc' dir='ltr'>ἰσχυρὸν,</span> <span class='ocrx_word' id='word_1_598' title='bbox 2418 1158 2705 1228; x_wconf 72' lang='grc' dir='ltr'>ἐφοϐήθη,</span> <span class='ocrx_word' id='word_1_599' title='bbox 2729 1157 2827 1212; x_wconf 79' lang='grc' dir='ltr'>καὶ</span> <span class='ocrx_word' id='word_1_600' title='bbox 2859 1154 3197 1225; x_wconf 79' lang='grc' dir='ltr'>ἀρξάμενος</span> <span class='ocrx_word' id='word_1_601' title='bbox 3233 1156 3789 1223; x_wconf 61' lang='grc' dir='ltr'>καταποντίζεσθαι,</span> 
     </span>
    </p>
   </div>
   <div class='ocr_carea' id='block_1_75' title="bbox 2109 1236 3786 1311">
    <p class='ocr_par' dir='ltr' id='par_1_75' title="bbox 2109 1236 3786 1311">
     <span class='ocr_line' id='line_1_75' title="bbox 2109 1236 3786 1311; baseline 0.002 -19"><span class='ocrx_word' id='word_1_602' title='bbox 2109 1241 2324 1310; x_wconf 78' lang='grc' dir='ltr'>ἕκραξε</span> <span class='ocrx_word' id='word_1_603' title='bbox 2342 1242 2554 1311; x_wconf 76' lang='grc' dir='ltr'>λέγων·</span> <span class='ocrx_word' id='word_1_604' title='bbox 2588 1242 2787 1309; x_wconf 80' lang='grc' dir='ltr'>Κύριε,</span> <span class='ocrx_word' id='word_1_605' title='bbox 2816 1237 3023 1293; x_wconf 84' lang='grc' dir='ltr'>σῶσόν</span> <span class='ocrx_word' id='word_1_606' title='bbox 3055 1254 3153 1307; x_wconf 83' lang='grc' dir='ltr'>με.</span> <span class='ocrx_word' id='word_1_607' title='bbox 3199 1236 3434 1303; x_wconf 79' lang='grc' dir='ltr'>Εὐθέως</span> <span class='ocrx_word' id='word_1_608' title='bbox 3489 1239 3559 1292; x_wconf 80' lang='grc' dir='ltr'>δὲ</span> <span class='ocrx_word' id='word_1_609' title='bbox 3601 1244 3634 1294; x_wconf 88' lang='lat' dir='ltr'>d</span> <span class='ocrx_word' id='word_1_610' title='bbox 3679 1242 3786 1309; x_wconf 78' lang='grc' dir='ltr'>’1η-</span> 
     </span>
    </p>
   </div>
   <div class='ocr_carea' id='block_1_76' title="bbox 2108 1322 3791 1391">
    <p class='ocr_par' dir='ltr' id='par_1_76' title="bbox 2108 1322 3791 1391">
     <span class='ocr_line' id='line_1_76' title="bbox 2108 1322 3791 1391; baseline -0.001 -11"><span class='ocrx_word' id='word_1_611' title='bbox 2108 1326 2263 1389; x_wconf 87' lang='grc' dir='ltr'>σοῦς</span> <span class='ocrx_word' id='word_1_612' title='bbox 2297 1325 2571 1391; x_wconf 80' lang='grc' dir='ltr'>ἐκτείνας</span> <span class='ocrx_word' id='word_1_613' title='bbox 2596 1323 2712 1390; x_wconf 81' lang='grc' dir='ltr'>τὴν</span> <span class='ocrx_word' id='word_1_614' title='bbox 2753 1322 2921 1391; x_wconf 62' lang='grc' dir='ltr'>χεῷα</span> <span class='ocrx_word' id='word_1_615' title='bbox 2952 1322 3276 1375; x_wconf 79' lang='grc' dir='ltr'>ἐπελάϐετο</span> <span class='ocrx_word' id='word_1_616' title='bbox 3310 1323 3519 1389; x_wconf 85' lang='grc' dir='ltr'>αὐτοῦ,</span> <span class='ocrx_word' id='word_1_617' title='bbox 3564 1325 3663 1378; x_wconf 78' lang='grc' dir='ltr'>καί</span> <span class='ocrx_word' id='word_1_618' title='bbox 3688 1326 3791 1379; x_wconf 80' lang='grc' dir='ltr'>λέ-</span> 
     </span>
    </p>
   </div>
   <div class='ocr_carea' id='block_1_77' title="bbox 2108 1404 3790 1478">
    <p class='ocr_par' dir='ltr' id='par_1_77' title="bbox 2108 1404 3790 1478">
     <span class='ocr_line' id='line_1_77' title="bbox 2108 1404 3790 1478; baseline -0.001 -16"><span class='ocrx_word' id='word_1_619' title='bbox 2108 1426 2196 1478; x_wconf 73' lang='grc' dir='ltr'>γει</span> <span class='ocrx_word' id='word_1_620' title='bbox 2236 1406 2426 1473; x_wconf 82' lang='grc' dir='ltr'>αὐτῷ·</span> <span class='ocrx_word' id='word_1_621' title='bbox 2487 1408 2886 1477; x_wconf 53' lang='grc' dir='ltr'>Ὀλιγόπιστε,</span> <span class='ocrx_word' id='word_1_622' title='bbox 2940 1407 3028 1472; x_wconf 82' lang='grc' dir='ltr'>εις</span> <span class='ocrx_word' id='word_1_623' title='bbox 3097 1406 3155 1458; x_wconf 83' lang='grc' dir='ltr'>τί</span> <span class='ocrx_word' id='word_1_624' title='bbox 3200 1404 3568 1473; x_wconf 82' lang='grc' dir='ltr'>ἐδίστασας;</span> <span class='ocrx_word' id='word_1_625' title='bbox 3615 1406 3790 1461; x_wconf 84' lang='grc' dir='ltr'>Τοῦτο</span> 
     </span>
    </p>
   </div>
   <div class='ocr_carea' id='block_1_78' title="bbox 2109 1487 3789 1563">
    <p class='ocr_par' dir='ltr' id='par_1_78' title="bbox 2109 1487 3789 1563">
     <span class='ocr_line' id='line_1_78' title="bbox 2109 1487 3789 1563; baseline 0.001 -20"><span class='ocrx_word' id='word_1_626' title='bbox 2109 1490 2203 1544; x_wconf 90' lang='grc' dir='ltr'>τοῦ</span> <span class='ocrx_word' id='word_1_627' title='bbox 2261 1491 2529 1563; x_wconf 86' lang='grc' dir='ltr'>προτέρου</span> <span class='ocrx_word' id='word_1_628' title='bbox 2586 1489 3036 1561; x_wconf 84' lang='grc' dir='ltr'>παραδοξότερον.</span> <span class='ocrx_word' id='word_1_629' title='bbox 3102 1490 3202 1541; x_wconf 89' lang='grc' dir='ltr'>Διά</span> <span class='ocrx_word' id='word_1_630' title='bbox 3250 1487 3409 1541; x_wconf 90' lang='grc' dir='ltr'>τοῦτο</span> <span class='ocrx_word' id='word_1_631' title='bbox 3461 1491 3579 1559; x_wconf 84' lang='grc' dir='ltr'>μετ’</span> <span class='ocrx_word' id='word_1_632' title='bbox 3611 1491 3789 1544; x_wconf 79' lang='grc' dir='ltr'>ἐκεῖνο</span> 
     </span>
    </p>
   </div>
   <div class='ocr_carea' id='block_1_79' title="bbox 2106 1572 3789 1644">
    <p class='ocr_par' dir='ltr' id='par_1_79' title="bbox 2106 1572 3789 1644">
     <span class='ocr_line' id='line_1_79' title="bbox 2106 1572 3789 1644; baseline -0.001 -16"><span class='ocrx_word' id='word_1_633' title='bbox 2106 1574 2267 1628; x_wconf 90' lang='grc' dir='ltr'>τοῦτο</span> <span class='ocrx_word' id='word_1_634' title='bbox 2299 1575 2528 1642; x_wconf 85' lang='grc' dir='ltr'>γίνεται.</span> <span class='ocrx_word' id='word_1_635' title='bbox 2554 1574 2685 1627; x_wconf 88' lang='grc' dir='ltr'>Ὅτε</span> <span class='ocrx_word' id='word_1_636' title='bbox 2705 1572 2814 1644; x_wconf 79' lang='grc' dir='ltr'>γάρ</span> <span class='ocrx_word' id='word_1_637' title='bbox 2836 1573 3056 1639; x_wconf 74' lang='grc' dir='ltr'>ἔδειξεν,</span> <span class='ocrx_word' id='word_1_638' title='bbox 3094 1573 3178 1626; x_wconf 85' lang='grc' dir='ltr'>ὅτι</span> <span class='ocrx_word' id='word_1_639' title='bbox 3222 1575 3415 1644; x_wconf 87' lang='grc' dir='ltr'>κρατεῖ</span> <span class='ocrx_word' id='word_1_640' title='bbox 3445 1573 3545 1643; x_wconf 87' lang='grc' dir='ltr'>τῆς</span> <span class='ocrx_word' id='word_1_641' title='bbox 3580 1573 3789 1628; x_wconf 70' lang='grc' dir='ltr'>θαλάσο</span> 
     </span>
    </p>
   </div>
   <div class='ocr_carea' id='block_1_80' title="bbox 2110 1656 3792 1730">
    <p class='ocr_par' dir='ltr' id='par_1_80' title="bbox 2110 1656 3792 1730">
     <span class='ocr_line' id='line_1_80' title="bbox 2110 1656 3792 1730; baseline 0 -19"><span class='ocrx_word' id='word_1_642' title='bbox 2110 1676 2246 1729; x_wconf 90' lang='grc' dir='ltr'>σης,</span> <span class='ocrx_word' id='word_1_643' title='bbox 2290 1658 2411 1711; x_wconf 88' lang='grc' dir='ltr'>τότε</span> <span class='ocrx_word' id='word_1_644' title='bbox 2465 1658 2559 1711; x_wconf 71' lang='grc' dir='ltr'>καὶ</span> <span class='ocrx_word' id='word_1_645' title='bbox 2616 1658 2710 1711; x_wconf 70' lang='grc' dir='ltr'>ἐπὶ</span> <span class='ocrx_word' id='word_1_646' title='bbox 2764 1656 2826 1709; x_wconf 82' lang='grc' dir='ltr'>τὸ</span> <span class='ocrx_word' id='word_1_647' title='bbox 2877 1657 3318 1728; x_wconf 85' lang='grc' dir='ltr'>θαυμαστότερον</span> <span class='ocrx_word' id='word_1_648' title='bbox 3366 1657 3548 1724; x_wconf 83' lang='grc' dir='ltr'>ἐξάγει</span> <span class='ocrx_word' id='word_1_649' title='bbox 3590 1658 3651 1711; x_wconf 81' lang='grc' dir='ltr'>τὸ</span> <span class='ocrx_word' id='word_1_650' title='bbox 3692 1675 3792 1730; x_wconf 87' lang='grc' dir='ltr'>ση-</span> 
     </span>
    </p>
   </div>
   <div class='ocr_carea' id='block_1_81' title="bbox 2114 1740 3788 1812">
    <p class='ocr_par' dir='ltr' id='par_1_81' title="bbox 2114 1740 3788 1812">
     <span class='ocr_line' id='line_1_81' title="bbox 2114 1740 3788 1812; baseline 0.001 -19"><span class='ocrx_word' id='word_1_651' title='bbox 2114 1742 2283 1811; x_wconf 89' lang='grc' dir='ltr'>μεῖον.</span> <span class='ocrx_word' id='word_1_652' title='bbox 2311 1740 2445 1793; x_wconf 87' lang='grc' dir='ltr'>Τότε</span> <span class='ocrx_word' id='word_1_653' title='bbox 2496 1740 2594 1810; x_wconf 84' lang='grc' dir='ltr'>μὲν</span> <span class='ocrx_word' id='word_1_654' title='bbox 2648 1740 2756 1812; x_wconf 84' lang='grc' dir='ltr'>γάρ</span> <span class='ocrx_word' id='word_1_655' title='bbox 2810 1742 2924 1805; x_wconf 88' lang='grc' dir='ltr'>τοῖς</span> <span class='ocrx_word' id='word_1_656' title='bbox 2963 1740 3187 1811; x_wconf 83' lang='grc' dir='ltr'>ἀνέμοις</span> <span class='ocrx_word' id='word_1_657' title='bbox 3235 1740 3538 1809; x_wconf 85' lang='grc' dir='ltr'>ἐπετίμησε</span> <span class='ocrx_word' id='word_1_658' title='bbox 3585 1740 3788 1811; x_wconf 87' lang='grc' dir='ltr'>μόνον·</span> 
     </span>
    </p>
   </div>
   <div class='ocr_carea' id='block_1_82' title="bbox 2109 1822 3791 1895">
    <p class='ocr_par' dir='ltr' id='par_1_82' title="bbox 2109 1822 3791 1895">
     <span class='ocr_line' id='line_1_82' title="bbox 2109 1822 3791 1895; baseline 0 -17"><span class='ocrx_word' id='word_1_659' title='bbox 2109 1824 2229 1878; x_wconf 71' lang='grc' dir='ltr'>νυνὶ</span> <span class='ocrx_word' id='word_1_660' title='bbox 2253 1824 2310 1877; x_wconf 81' lang='grc' dir='ltr'>δὲ</span> <span class='ocrx_word' id='word_1_661' title='bbox 2343 1825 2435 1877; x_wconf 68' lang='grc' dir='ltr'>καὶ</span> <span class='ocrx_word' id='word_1_662' title='bbox 2460 1823 2621 1887; x_wconf 80' lang='grc' dir='ltr'>αὐτὸς</span> <span class='ocrx_word' id='word_1_663' title='bbox 2655 1822 2882 1893; x_wconf 84' lang='grc' dir='ltr'>βαδίζει.</span> <span class='ocrx_word' id='word_1_664' title='bbox 2920 1825 3013 1877; x_wconf 72' lang='grc' dir='ltr'>καὶ</span> <span class='ocrx_word' id='word_1_665' title='bbox 3046 1824 3219 1895; x_wconf 78' lang='grc' dir='ltr'>ἑτέρῳ</span> <span class='ocrx_word' id='word_1_666' title='bbox 3268 1827 3590 1894; x_wconf 84' lang='grc' dir='ltr'>παραχωρεῖ</span> <span class='ocrx_word' id='word_1_667' title='bbox 3629 1824 3791 1878; x_wconf 87' lang='grc' dir='ltr'>τοῦτο</span> 
     </span>
    </p>
   </div>
   <div class='ocr_carea' id='block_1_83' title="bbox 2111 1905 3787 1979">
    <p class='ocr_par' dir='ltr' id='par_1_83' title="bbox 2111 1905 3787 1979">
     <span class='ocr_line' id='line_1_83' title="bbox 2111 1905 3787 1979; baseline 0 -19"><span class='ocrx_word' id='word_1_668' title='bbox 2111 1909 2320 1961; x_wconf 90' lang='grc' dir='ltr'>ποιεῖν·</span> <span class='ocrx_word' id='word_1_669' title='bbox 2349 1907 2485 1978; x_wconf 86' lang='grc' dir='ltr'>ὅπερ</span> <span class='ocrx_word' id='word_1_670' title='bbox 2526 1908 2575 1960; x_wconf 85' lang='grc' dir='ltr'>εί</span> <span class='ocrx_word' id='word_1_671' title='bbox 2629 1907 2779 1977; x_wconf 88' lang='grc' dir='ltr'>παρά</span> <span class='ocrx_word' id='word_1_672' title='bbox 2828 1908 2928 1979; x_wconf 83' lang='grc' dir='ltr'>τὴν</span> <span class='ocrx_word' id='word_1_673' title='bbox 2975 1906 3151 1977; x_wconf 83' lang='grc' dir='ltr'>ἀρχὴν</span> <span class='ocrx_word' id='word_1_674' title='bbox 3210 1905 3460 1975; x_wconf 88' lang='grc' dir='ltr'>γενέσθαι</span> <span class='ocrx_word' id='word_1_675' title='bbox 3509 1905 3787 1970; x_wconf 88' lang='grc' dir='ltr'>ἐκέλευσε,</span> 
     </span>
    </p>
   </div>
   <div class='ocr_carea' id='block_1_84' title="bbox 2108 1989 3790 2062">
    <p class='ocr_par' dir='ltr' id='par_1_84' title="bbox 2108 1989 3790 2062">
     <span class='ocr_line' id='line_1_84' title="bbox 2108 1989 3790 2062; baseline 0 -18"><span class='ocrx_word' id='word_1_676' title='bbox 2108 1992 2210 2045; x_wconf 77' lang='grc' dir='ltr'>οὐκ</span> <span class='ocrx_word' id='word_1_677' title='bbox 2234 1992 2300 2044; x_wconf 88' lang='grc' dir='ltr'>ἂν</span> <span class='ocrx_word' id='word_1_678' title='bbox 2334 1992 2534 2062; x_wconf 86' lang='grc' dir='ltr'>ὁμοίως</span> <span class='ocrx_word' id='word_1_679' title='bbox 2564 1990 2888 2057; x_wconf 81' lang='grc' dir='ltr'>κατεδέξατο</span> <span class='ocrx_word' id='word_1_680' title='bbox 2908 1992 2936 2044; x_wconf 89' lang='grc' dir='ltr'><strong>ὀ</strong></span> <span class='ocrx_word' id='word_1_681' title='bbox 2968 1990 3197 2060; x_wconf 88' lang='grc' dir='ltr'>Πέτρος,</span> <span class='ocrx_word' id='word_1_682' title='bbox 3234 1989 3323 2042; x_wconf 92' lang='grc' dir='ltr'>διά</span> <span class='ocrx_word' id='word_1_683' title='bbox 3354 1989 3415 2042; x_wconf 83' lang='grc' dir='ltr'>τὸ</span> <span class='ocrx_word' id='word_1_684' title='bbox 3452 1990 3679 2061; x_wconf 88' lang='grc' dir='ltr'>μηδέπω</span> <span class='ocrx_word' id='word_1_685' title='bbox 3699 2007 3790 2044; x_wconf 87' lang='grc' dir='ltr'>το-</span> 
     </span>
    </p>
   </div>
   <div class='ocr_carea' id='block_1_85' title="bbox 2108 2074 2910 2144">
    <p class='ocr_par' dir='ltr' id='par_1_85' title="bbox 2108 2074 2910 2144">
     <span class='ocr_line' id='line_1_85' title="bbox 2108 2074 2910 2144; baseline 0 -18"><span class='ocrx_word' id='word_1_686' title='bbox 2108 2075 2323 2139; x_wconf 72' lang='grc' dir='ltr'>’σαύτην</span> <span class='ocrx_word' id='word_1_687' title='bbox 2384 2074 2685 2144; x_wconf 85' lang='grc' dir='ltr'>κεκτῆσθαι</span> <span class='ocrx_word' id='word_1_688' title='bbox 2711 2074 2910 2126; x_wconf 89' lang='grc' dir='ltr'>πίστιν.</span> 
     </span>
    </p>
   </div>
   <div class='ocr_carea' id='block_1_86' title="bbox 2170 2170 3788 2246">
    <p class='ocr_par' dir='ltr' id='par_1_86' title="bbox 2170 2170 3788 2246">
     <span class='ocr_line' id='line_1_86' title="bbox 2170 2170 3788 2246; baseline -0.001 -18"><span class='ocrx_word' id='word_1_689' title='bbox 2277 2174 2434 2238; x_wconf 90' lang='grc' dir='ltr'>Τίνος</span> <span class='ocrx_word' id='word_1_690' title='bbox 2462 2170 2555 2228; x_wconf 79' lang='grc' dir='ltr'>οὖν</span> <span class='ocrx_word' id='word_1_691' title='bbox 2574 2175 2761 2227; x_wconf 74' lang='grc' dir='ltr'>ἕνεκεν</span> <span class='ocrx_word' id='word_1_692' title='bbox 2801 2175 2848 2206; x_wconf 84' lang='grc'>⁹¹</span> <span class='ocrx_word' id='word_1_693' title='bbox 2873 2176 2901 2227; x_wconf 97' lang='lat'>6</span> <span class='ocrx_word' id='word_1_694' title='bbox 2930 2172 3162 2245; x_wconf 79' lang='grc' dir='ltr'>Χριστὸς</span> <span class='ocrx_word' id='word_1_695' title='bbox 3189 2172 3489 2243; x_wconf 74' lang='grc' dir='ltr'>ἐπέτρεψες</span> <span class='ocrx_word' id='word_1_696' title='bbox 3523 2173 3635 2226; x_wconf 90' lang='lat' dir='ltr'>Kal</span> <span class='ocrx_word' id='word_1_697' title='bbox 3679 2172 3788 2243; x_wconf 85' lang='grc' dir='ltr'>γάρ</span> 
     </span>
    </p>
   </div>
   <div class='ocr_carea' id='block_1_87' title="bbox 2110 2254 3789 2329">
    <p class='ocr_par' dir='ltr' id='par_1_87' title="bbox 2110 2254 3789 2329">
     <span class='ocr_line' id='line_1_87' title="bbox 2110 2254 3789 2329; baseline 0 -17"><span class='ocrx_word' id='word_1_698' title='bbox 2110 2260 2157 2313; x_wconf 90' lang='grc' dir='ltr'>εί</span> <span class='ocrx_word' id='word_1_699' title='bbox 2187 2254 2360 2322; x_wconf 72' lang='grc' dir='ltr'>εἶπεν,</span> <span class='ocrx_word' id='word_1_700' title='bbox 2388 2260 2470 2312; x_wconf 78' lang='lat'>06</span> <span class='ocrx_word' id='word_1_701' title='bbox 2490 2259 2736 2323; x_wconf 88' lang='grc' dir='ltr'>δύνασαι,</span> <span class='ocrx_word' id='word_1_702' title='bbox 2768 2258 2931 2311; x_wconf 89' lang='grc' dir='ltr'>πάλιν</span> <span class='ocrx_word' id='word_1_703' title='bbox 2953 2257 3153 2329; x_wconf 80' lang='grc' dir='ltr'>θερμὸς</span> <span class='ocrx_word' id='word_1_704' title='bbox 3185 2255 3263 2309; x_wconf 81' lang='grc' dir='ltr'>ὢν</span> <span class='ocrx_word' id='word_1_705' title='bbox 3281 2257 3533 2310; x_wconf 88' lang='grc' dir='ltr'>ἀντεῖπεν</span> <span class='ocrx_word' id='word_1_706' title='bbox 3570 2258 3656 2312; x_wconf 81' lang='grc' dir='ltr'>ἄν.</span> <span class='ocrx_word' id='word_1_707' title='bbox 3689 2261 3789 2312; x_wconf 76' lang='grc' dir='ltr'>Διά</span> 
     </span>
    </p>
   </div>
   <div class='ocr_carea' id='block_1_88' title="bbox 2108 2341 3790 2414">
    <p class='ocr_par' dir='ltr' id='par_1_88' title="bbox 2108 2341 3790 2414">
     <span class='ocr_line' id='line_1_88' title="bbox 2108 2341 3790 2414; baseline -0.001 -18"><span class='ocrx_word' id='word_1_708' title='bbox 2108 2342 2265 2396; x_wconf 81' lang='grc' dir='ltr'>τοῦτο</span> <span class='ocrx_word' id='word_1_709' title='bbox 2320 2342 2427 2396; x_wconf 80' lang='grc' dir='ltr'>ἀπδ</span> <span class='ocrx_word' id='word_1_710' title='bbox 2476 2342 2585 2396; x_wconf 83' lang='grc' dir='ltr'>τῶν</span> <span class='ocrx_word' id='word_1_711' title='bbox 2632 2343 2974 2414; x_wconf 84' lang='grc' dir='ltr'>πραγμάτων</span> <span class='ocrx_word' id='word_1_712' title='bbox 3030 2341 3193 2394; x_wconf 83' lang='grc' dir='ltr'>αὐτὸν</span> <span class='ocrx_word' id='word_1_713' title='bbox 3241 2341 3442 2404; x_wconf 87' lang='grc' dir='ltr'>πείθει,</span> <span class='ocrx_word' id='word_1_714' title='bbox 3477 2342 3565 2395; x_wconf 90' lang='grc' dir='ltr'>ῖνα</span> <span class='ocrx_word' id='word_1_715' title='bbox 3608 2345 3689 2406; x_wconf 88' lang='grc' dir='ltr'>είς</span> <span class='ocrx_word' id='word_1_716' title='bbox 3726 2343 3790 2395; x_wconf 79' lang='grc' dir='ltr'>τὸ</span> 
     </span>
    </p>
   </div>
   <div class='ocr_carea' id='block_1_89' title="bbox 2113 2421 3785 2495">
    <p class='ocr_par' dir='ltr' id='par_1_89' title="bbox 2113 2421 3785 2495">
     <span class='ocr_line' id='line_1_89' title="bbox 2113 2421 3785 2495; baseline 0.001 -20"><span class='ocrx_word' id='word_1_717' title='bbox 2113 2422 2304 2493; x_wconf 87' lang='grc' dir='ltr'>μέλλον</span> <span class='ocrx_word' id='word_1_718' title='bbox 2332 2423 2696 2495; x_wconf 75' lang='grc' dir='ltr'>σωφρονισθῇ.</span> <span class='ocrx_word' id='word_1_719' title='bbox 2740 2424 2883 2477; x_wconf 69' lang='grc' dir='ltr'><strong>’Ἀλλ’</strong></span> <span class='ocrx_word' id='word_1_720' title='bbox 2910 2422 3030 2476; x_wconf 78' lang='grc' dir='ltr'>οὐδὲ</span> <span class='ocrx_word' id='word_1_721' title='bbox 3062 2421 3236 2485; x_wconf 77' lang='grc' dir='ltr'>οὕτως</span> <span class='ocrx_word' id='word_1_722' title='bbox 3283 2423 3558 2493; x_wconf 87' lang='grc' dir='ltr'>ἀνέχεται.</span> <span class='ocrx_word' id='word_1_723' title='bbox 3594 2426 3785 2477; x_wconf 76' lang='grc' dir='ltr'>Καταο</span> 
     </span>
    </p>
   </div>
   <div class='ocr_carea' id='block_1_90' title="bbox 2110 2505 3789 2577">
    <p class='ocr_par' dir='ltr' id='par_1_90' title="bbox 2110 2505 3789 2577">
     <span class='ocr_line' id='line_1_90' title="bbox 2110 2505 3789 2577; baseline 0.001 -21"><span class='ocrx_word' id='word_1_724' title='bbox 2110 2505 2211 2569; x_wconf 83' lang='grc' dir='ltr'>ϐὰς</span> <span class='ocrx_word' id='word_1_725' title='bbox 2236 2505 2415 2558; x_wconf 88' lang='grc' dir='ltr'>τοίνυν</span> <span class='ocrx_word' id='word_1_726' title='bbox 2453 2505 2866 2571; x_wconf 69' lang='grc' dir='ltr'>κλυδωνίζεταιο</span> <span class='ocrx_word' id='word_1_727' title='bbox 2915 2505 3155 2577; x_wconf 84' lang='grc' dir='ltr'>ἐφοϐήθη</span> <span class='ocrx_word' id='word_1_728' title='bbox 3205 2505 3335 2576; x_wconf 89' lang='grc' dir='ltr'>γάρ.</span> <span class='ocrx_word' id='word_1_729' title='bbox 3384 2506 3495 2559; x_wconf 91' lang='lat' dir='ltr'>Kal</span> <span class='ocrx_word' id='word_1_730' title='bbox 3530 2505 3690 2559; x_wconf 91' lang='grc' dir='ltr'>τοῦτο</span> <span class='ocrx_word' id='word_1_731' title='bbox 3726 2506 3789 2559; x_wconf 79' lang='grc' dir='ltr'>τὸ</span> 
     </span>
    </p>
   </div>
   <div class='ocr_carea' id='block_1_91' title="bbox 2109 2587 3785 2661">
    <p class='ocr_par' dir='ltr' id='par_1_91' title="bbox 2109 2587 3785 2661">
     <span class='ocr_line' id='line_1_91' title="bbox 2109 2587 3785 2661; baseline 0 -20"><span class='ocrx_word' id='word_1_732' title='bbox 2109 2587 2397 2642; x_wconf 79' lang='grc' dir='ltr'>κλυδώνιον</span> <span class='ocrx_word' id='word_1_733' title='bbox 2454 2589 2677 2659; x_wconf 86' lang='grc' dir='ltr'>ἐποίησε</span> <span class='ocrx_word' id='word_1_734' title='bbox 2701 2606 2715 2619; x_wconf 89' lang='grc'><strong>·</strong></span> <span class='ocrx_word' id='word_1_735' title='bbox 2756 2589 2846 2643; x_wconf 83' lang='grc' dir='ltr'>τὸν</span> <span class='ocrx_word' id='word_1_736' title='bbox 2874 2589 2931 2641; x_wconf 83' lang='grc' dir='ltr'>δὲ</span> <span class='ocrx_word' id='word_1_737' title='bbox 2967 2588 3132 2657; x_wconf 88' lang='grc' dir='ltr'>φόϐον</span> <span class='ocrx_word' id='word_1_738' title='bbox 3162 2590 3191 2643; x_wconf 90' lang='lat'>6</span> <span class='ocrx_word' id='word_1_739' title='bbox 3220 2588 3421 2660; x_wconf 76' lang='grc' dir='ltr'>ἄνεμος</span> <span class='ocrx_word' id='word_1_740' title='bbox 3464 2589 3785 2661; x_wconf 78' lang='grc' dir='ltr'>εἰργάσατο.</span> 
     </span>
    </p>
   </div>
   <div class='ocr_carea' id='block_1_92' title="bbox 2119 2671 3789 2743">
    <p class='ocr_par' dir='ltr' id='par_1_92' title="bbox 2119 2671 3789 2743">
     <span class='ocr_line' id='line_1_92' title="bbox 2119 2671 3789 2743; baseline 0 -19"><span class='ocrx_word' id='word_1_741' title='bbox 2119 2672 2179 2724; x_wconf 89' lang='lat'>&#39;0</span> <span class='ocrx_word' id='word_1_742' title='bbox 2199 2672 2255 2724; x_wconf 79' lang='grc' dir='ltr'>δὲ</span> <span class='ocrx_word' id='word_1_743' title='bbox 2304 2671 2558 2743; x_wconf 82' lang='grc' dir='ltr'>Ἰωάννης</span> <span class='ocrx_word' id='word_1_744' title='bbox 2604 2674 2789 2743; x_wconf 81' lang='grc' dir='ltr'>φησὶν,</span> <span class='ocrx_word' id='word_1_745' title='bbox 2836 2673 2918 2725; x_wconf 84' lang='grc' dir='ltr'>ὅτι</span> <span class='ocrx_word' id='word_1_746' title='bbox 2954 2673 3215 2727; x_wconf 86' lang='grc' dir='ltr'>Ἥθελον</span> <span class='ocrx_word' id='word_1_747' title='bbox 3244 2672 3452 2726; x_wconf 82' lang='grc' dir='ltr'>λαϐεῖν</span> <span class='ocrx_word' id='word_1_748' title='bbox 3478 2671 3671 2726; x_wconf 88' lang='grc' dir='ltr'>αὑτὸν</span> <span class='ocrx_word' id='word_1_749' title='bbox 3697 2674 3789 2737; x_wconf 82' lang='grc' dir='ltr'>εις</span> 
     </span>
    </p>
   </div>
   <div class='ocr_carea' id='block_1_93' title="bbox 2108 2754 3788 2825">
    <p class='ocr_par' dir='ltr' id='par_1_93' title="bbox 2108 2754 3788 2825">
     <span class='ocr_line' id='line_1_93' title="bbox 2108 2754 3788 2825; baseline -0.001 -17"><span class='ocrx_word' id='word_1_750' title='bbox 2108 2755 2174 2808; x_wconf 81' lang='grc' dir='ltr'>τὸ</span> <span class='ocrx_word' id='word_1_751' title='bbox 2207 2755 2442 2819; x_wconf 79' lang='grc' dir='ltr'>πλοῖον,</span> <span class='ocrx_word' id='word_1_752' title='bbox 2484 2755 2583 2825; x_wconf 64' lang='grc' dir='ltr'>καὶ</span> <span class='ocrx_word' id='word_1_753' title='bbox 2628 2756 2845 2823; x_wconf 83' lang='grc' dir='ltr'>εὐθέως</span> <span class='ocrx_word' id='word_1_754' title='bbox 2890 2755 2957 2809; x_wconf 83' lang='grc' dir='ltr'>τὸ</span> <span class='ocrx_word' id='word_1_755' title='bbox 3001 2754 3218 2809; x_wconf 77' lang='grc' dir='ltr'>πλοῖον</span> <span class='ocrx_word' id='word_1_756' title='bbox 3260 2755 3500 2825; x_wconf 77' lang='grc' dir='ltr'>ἐγένετο</span> <span class='ocrx_word' id='word_1_757' title='bbox 3544 2758 3633 2821; x_wconf 79' lang='grc' dir='ltr'>είς</span> <span class='ocrx_word' id='word_1_758' title='bbox 3671 2756 3788 2822; x_wconf 73' lang='grc' dir='ltr'>τὴν</span> 
     </span>
    </p>
   </div>
   <div class='ocr_carea' id='block_1_94' title="bbox 2109 2837 3783 2910">
    <p class='ocr_par' dir='ltr' id='par_1_94' title="bbox 2109 2837 3783 2910">
     <span class='ocr_line' id='line_1_94' title="bbox 2109 2837 3783 2910; baseline -0.001 -17"><span class='ocrx_word' id='word_1_759' title='bbox 2109 2839 2253 2909; x_wconf 74' lang='grc' dir='ltr'>γῆν,</span> <span class='ocrx_word' id='word_1_760' title='bbox 2312 2843 2398 2906; x_wconf 75' lang='grc' dir='ltr'>εἰς</span> <span class='ocrx_word' id='word_1_761' title='bbox 2455 2839 2535 2908; x_wconf 86' lang='grc' dir='ltr'>ἣν</span> <span class='ocrx_word' id='word_1_762' title='bbox 2596 2839 2865 2909; x_wconf 74' lang='grc' dir='ltr'>ὑπῆγον·</span> <span class='ocrx_word' id='word_1_763' title='bbox 2914 2840 2976 2892; x_wconf 86' lang='grc' dir='ltr'>τὸ</span> <span class='ocrx_word' id='word_1_764' title='bbox 3041 2839 3175 2891; x_wconf 79' lang='grc' dir='ltr'>αὐτὸ</span> <span class='ocrx_word' id='word_1_765' title='bbox 3229 2838 3292 2910; x_wconf 83' lang='grc' dir='ltr'>δὴ</span> <span class='ocrx_word' id='word_1_766' title='bbox 3363 2838 3521 2893; x_wconf 88' lang='grc' dir='ltr'>τοῦτο</span> <span class='ocrx_word' id='word_1_767' title='bbox 3584 2837 3783 2909; x_wconf 85' lang='grc' dir='ltr'>δηλῶν.</span> 
     </span>
    </p>
   </div>
   <div class='ocr_carea' id='block_1_95' title="bbox 2110 2922 3786 2995">
    <p class='ocr_par' dir='ltr' id='par_1_95' title="bbox 2110 2922 3786 2995">
     <span class='ocr_line' id='line_1_95' title="bbox 2110 2922 3786 2995; baseline -0.001 -18"><span class='ocrx_word' id='word_1_768' title='bbox 2110 2925 2272 2977; x_wconf 84' lang='grc' dir='ltr'>Ὥστε</span> <span class='ocrx_word' id='word_1_769' title='bbox 2323 2924 2622 2995; x_wconf 87' lang='grc' dir='ltr'>μελλόντων</span> <span class='ocrx_word' id='word_1_770' title='bbox 2666 2923 2844 2978; x_wconf 82' lang='grc' dir='ltr'>αὐτῶν</span> <span class='ocrx_word' id='word_1_771' title='bbox 2891 2924 3027 2995; x_wconf 74' lang='grc' dir='ltr'>πρὸς</span> <span class='ocrx_word' id='word_1_772' title='bbox 3068 2925 3136 2993; x_wconf 79' lang='grc' dir='ltr'>τῇ</span> <span class='ocrx_word' id='word_1_773' title='bbox 3180 2925 3251 2994; x_wconf 76' lang='grc' dir='ltr'>γῇ</span> <span class='ocrx_word' id='word_1_774' title='bbox 3300 2923 3566 2991; x_wconf 89' lang='grc' dir='ltr'>γίνεσθαι,</span> <span class='ocrx_word' id='word_1_775' title='bbox 3613 2922 3786 2992; x_wconf 83' lang='grc' dir='ltr'>ἐπέϐη</span> 
     </span>
    </p>
   </div>
   <div class='ocr_carea' id='block_1_96' title="bbox 2108 3005 3787 3076">
    <p class='ocr_par' dir='ltr' id='par_1_96' title="bbox 2108 3005 3787 3076">
     <span class='ocr_line' id='line_1_96' title="bbox 2108 3005 3787 3076; baseline 0 -16"><span class='ocrx_word' id='word_1_776' title='bbox 2108 3006 2201 3060; x_wconf 86' lang='grc' dir='ltr'>τοῦ</span> <span class='ocrx_word' id='word_1_777' title='bbox 2223 3008 2430 3060; x_wconf 91' lang='grc' dir='ltr'>πλοίου.</span> <span class='ocrx_word' id='word_1_778' title='bbox 2473 3006 2732 3070; x_wconf 82' lang='grc' dir='ltr'>Καταϐἀς</span> <span class='ocrx_word' id='word_1_779' title='bbox 2782 3007 2963 3060; x_wconf 89' lang='grc' dir='ltr'>τοίνυν</span> <span class='ocrx_word' id='word_1_780' title='bbox 3000 3005 3109 3060; x_wconf 77' lang='grc' dir='ltr'>ἀπὸ</span> <span class='ocrx_word' id='word_1_781' title='bbox 3142 3006 3235 3060; x_wconf 90' lang='grc' dir='ltr'>τοῦ</span> <span class='ocrx_word' id='word_1_782' title='bbox 3280 3006 3489 3068; x_wconf 87' lang='grc' dir='ltr'>πλοίου,</span> <span class='ocrx_word' id='word_1_783' title='bbox 3522 3006 3662 3076; x_wconf 78' lang='grc' dir='ltr'>πρὸς</span> <span class='ocrx_word' id='word_1_784' title='bbox 3695 3007 3787 3060; x_wconf 83' lang='grc' dir='ltr'>αύ-</span> 
     </span>
    </p>
   </div>
   <div class='ocr_carea' id='block_1_97' title="bbox 2114 3089 3783 3163">
    <p class='ocr_par' dir='ltr' id='par_1_97' title="bbox 2114 3089 3783 3163">
     <span class='ocr_line' id='line_1_97' title="bbox 2114 3089 3783 3163; baseline -0.002 -18"><span class='ocrx_word' id='word_1_785' title='bbox 2114 3092 2205 3146; x_wconf 80' lang='grc' dir='ltr'>τὺν</span> <span class='ocrx_word' id='word_1_786' title='bbox 2244 3092 2330 3163; x_wconf 72' lang='grc' dir='ltr'>ᾔει</span> <span class='ocrx_word' id='word_1_787' title='bbox 2358 3092 2427 3155; x_wconf 83' lang='grc'>⁸³,</span> <span class='ocrx_word' id='word_1_788' title='bbox 2480 3093 2577 3161; x_wconf 83' lang='grc' dir='ltr'>οὑχ</span> <span class='ocrx_word' id='word_1_789' title='bbox 2618 3090 2762 3145; x_wconf 76' lang='grc' dir='ltr'>οὔτω</span> <span class='ocrx_word' id='word_1_790' title='bbox 2806 3090 2885 3161; x_wconf 83' lang='grc' dir='ltr'>τῷ</span> <span class='ocrx_word' id='word_1_791' title='bbox 2920 3092 3245 3160; x_wconf 83' lang='grc' dir='ltr'>περιπατεῖν</span> <span class='ocrx_word' id='word_1_792' title='bbox 3270 3090 3364 3143; x_wconf 85' lang='grc' dir='ltr'>ἐπὶ</span> <span class='ocrx_word' id='word_1_793' title='bbox 3404 3089 3512 3142; x_wconf 84' lang='grc' dir='ltr'>τῶν</span> <span class='ocrx_word' id='word_1_794' title='bbox 3551 3090 3783 3154; x_wconf 79' lang='grc' dir='ltr'>ὑδάτων,</span> 
     </span>
    </p>
   </div>
   <div class='ocr_carea' id='block_1_98' title="bbox 2107 3172 3784 3245">
    <p class='ocr_par' dir='ltr' id='par_1_98' title="bbox 2107 3172 3784 3245">
     <span class='ocr_line' id='line_1_98' title="bbox 2107 3172 3784 3245; baseline -0.001 -18"><span class='ocrx_word' id='word_1_795' title='bbox 2107 3173 2181 3237; x_wconf 85' lang='grc' dir='ltr'>ὡς</span> <span class='ocrx_word' id='word_1_796' title='bbox 2208 3173 2286 3244; x_wconf 86' lang='grc' dir='ltr'>τῷ</span> <span class='ocrx_word' id='word_1_797' title='bbox 2316 3174 2455 3245; x_wconf 81' lang='grc' dir='ltr'>πρὸς</span> <span class='ocrx_word' id='word_1_798' title='bbox 2501 3174 2662 3227; x_wconf 80' lang='grc' dir='ltr'>αὐτὸν</span> <span class='ocrx_word' id='word_1_799' title='bbox 2711 3172 2965 3244; x_wconf 72' lang='grc' dir='ltr'>ἔρχεσθαι</span> <span class='ocrx_word' id='word_1_800' title='bbox 3012 3174 3237 3243; x_wconf 87' lang='grc' dir='ltr'>χαίρων.</span> <span class='ocrx_word' id='word_1_801' title='bbox 3274 3174 3383 3226; x_wconf 85' lang='lat' dir='ltr'>Kal</span> <span class='ocrx_word' id='word_1_802' title='bbox 3411 3172 3505 3225; x_wconf 88' lang='grc' dir='ltr'>τοῦ</span> <span class='ocrx_word' id='word_1_803' title='bbox 3539 3173 3784 3244; x_wconf 76' lang='grc' dir='ltr'>μείζονος</span> 
     </span>
    </p>
   </div>
   <div class='ocr_carea' id='block_1_99' title="bbox 2112 3256 3786 3329">
    <p class='ocr_par' dir='ltr' id='par_1_99' title="bbox 2112 3256 3786 3329">
     <span class='ocr_line' id='line_1_99' title="bbox 2112 3256 3786 3329; baseline 0.002 -20"><span class='ocrx_word' id='word_1_804' title='bbox 2112 3257 2555 3329; x_wconf 86' lang='grc' dir='ltr'>περιγενόμενος,</span> <span class='ocrx_word' id='word_1_805' title='bbox 2582 3256 2690 3310; x_wconf 77' lang='grc' dir='ltr'>ἀπὸ</span> <span class='ocrx_word' id='word_1_806' title='bbox 2728 3256 2823 3310; x_wconf 88' lang='grc' dir='ltr'>τοῦ</span> <span class='ocrx_word' id='word_1_807' title='bbox 2853 3257 3131 3320; x_wconf 86' lang='grc' dir='ltr'>ἐλάττονος</span> <span class='ocrx_word' id='word_1_808' title='bbox 3160 3257 3350 3329; x_wconf 71' lang='grc' dir='ltr'>ἔμελλε</span> <span class='ocrx_word' id='word_1_809' title='bbox 3404 3258 3635 3329; x_wconf 86' lang='grc' dir='ltr'>πάσχειν</span> <span class='ocrx_word' id='word_1_810' title='bbox 3686 3276 3786 3312; x_wconf 85' lang='grc' dir='ltr'>κα-</span> 
     </span>
    </p>
   </div>
   <div class='ocr_carea' id='block_1_100' title="bbox 2110 3339 3782 3413">
    <p class='ocr_par' dir='ltr' id='par_1_100' title="bbox 2110 3339 3782 3413">
     <span class='ocr_line' id='line_1_100' title="bbox 2110 3339 3782 3413; baseline 0.003 -21"><span class='ocrx_word' id='word_1_811' title='bbox 2110 3340 2241 3406; x_wconf 84' lang='grc' dir='ltr'>κῶς,</span> <span class='ocrx_word' id='word_1_812' title='bbox 2281 3340 2383 3409; x_wconf 87' lang='grc' dir='ltr'>τῆς</span> <span class='ocrx_word' id='word_1_813' title='bbox 2415 3339 2509 3394; x_wconf 90' lang='grc' dir='ltr'>τοῦ</span> <span class='ocrx_word' id='word_1_814' title='bbox 2546 3341 2747 3412; x_wconf 85' lang='grc' dir='ltr'>ἀνέμου</span> <span class='ocrx_word' id='word_1_815' title='bbox 2786 3339 2931 3409; x_wconf 90' lang='grc' dir='ltr'>λέγω</span> <span class='ocrx_word' id='word_1_816' title='bbox 2978 3339 3179 3413; x_wconf 79' lang='grc' dir='ltr'>ῥύμης,</span> <span class='ocrx_word' id='word_1_817' title='bbox 3221 3341 3283 3393; x_wconf 87' lang='grc' dir='ltr'>ού</span> <span class='ocrx_word' id='word_1_818' title='bbox 3337 3340 3438 3411; x_wconf 86' lang='grc' dir='ltr'>τῆς</span> <span class='ocrx_word' id='word_1_819' title='bbox 3492 3339 3782 3411; x_wconf 83' lang='grc' dir='ltr'>θαλάττης.</span> 
     </span>
    </p>
   </div>
   <div class='ocr_carea' id='block_1_101' title="bbox 2110 3421 3787 3495">
    <p class='ocr_par' dir='ltr' id='par_1_101' title="bbox 2110 3421 3787 3495">
     <span class='ocr_line' id='line_1_101' title="bbox 2110 3421 3787 3495; baseline 0.003 -20"><span class='ocrx_word' id='word_1_820' title='bbox 2110 3421 2359 3475; x_wconf 89' lang='grc' dir='ltr'>Τοιοῦτον</span> <span class='ocrx_word' id='word_1_821' title='bbox 2382 3423 2491 3495; x_wconf 84' lang='grc' dir='ltr'>γὰρ</span> <span class='ocrx_word' id='word_1_822' title='bbox 2526 3426 2559 3494; x_wconf 77' lang='grc' dir='ltr'><strong>ἡ</strong></span> <span class='ocrx_word' id='word_1_823' title='bbox 2600 3422 2912 3494; x_wconf 86' lang='grc' dir='ltr'>ἀνθρωπίνη</span> <span class='ocrx_word' id='word_1_824' title='bbox 2955 3422 3151 3492; x_wconf 74' lang='grc' dir='ltr'>φύσιςο</span> <span class='ocrx_word' id='word_1_825' title='bbox 3188 3423 3447 3487; x_wconf 88' lang='grc' dir='ltr'>πολλάκις</span> <span class='ocrx_word' id='word_1_826' title='bbox 3469 3426 3539 3478; x_wconf 68' lang='grc' dir='ltr'>τά</span> <span class='ocrx_word' id='word_1_827' title='bbox 3570 3425 3787 3495; x_wconf 84' lang='grc' dir='ltr'>μεγάλα</span> 
     </span>
    </p>
   </div>
   <div class='ocr_carea' id='block_1_102' title="bbox 2108 3504 3361 3578">
    <p class='ocr_par' dir='ltr' id='par_1_102' title="bbox 2108 3504 3361 3578">
     <span class='ocr_line' id='line_1_102' title="bbox 2108 3504 3361 3578; baseline 0.002 -21"><span class='ocrx_word' id='word_1_828' title='bbox 2108 3504 2471 3578; x_wconf 83' lang='grc' dir='ltr'>κατορθοῦσα,</span> <span class='ocrx_word' id='word_1_829' title='bbox 2505 3508 2563 3561; x_wconf 87' lang='grc' dir='ltr'>ἐν</span> <span class='ocrx_word' id='word_1_830' title='bbox 2603 3509 2714 3570; x_wconf 89' lang='grc' dir='ltr'>τοῖς</span> <span class='ocrx_word' id='word_1_831' title='bbox 2748 3506 3024 3559; x_wconf 85' lang='grc' dir='ltr'>ἐλάττοσιν</span> <span class='ocrx_word' id='word_1_832' title='bbox 3056 3506 3361 3577; x_wconf 88' lang='grc' dir='ltr'>ἐλέγχεται.</span> 
     </span>
    </p>
   </div>
   <div class='ocr_carea' id='block_1_103' title="bbox 2177 3604 3785 3680">
    <p class='ocr_par' dir='ltr' id='par_1_103' title="bbox 2177 3604 3785 3680">
     <span class='ocr_line' id='line_1_103' title="bbox 2177 3604 3785 3680; baseline 0.003 -17"><span class='ocrx_word' id='word_1_833' title='bbox 2177 3604 2301 3664; x_wconf 79' lang='grc' dir='ltr'>Οίον</span> <span class='ocrx_word' id='word_1_834' title='bbox 2333 3613 2362 3664; x_wconf 91' lang='lat'>6</span> <span class='ocrx_word' id='word_1_835' title='bbox 2418 3610 2604 3673; x_wconf 82' lang='grc' dir='ltr'>Ἠλίας</span> <span class='ocrx_word' id='word_1_836' title='bbox 2656 3611 2750 3663; x_wconf 74' lang='grc' dir='ltr'>ἐπὶ</span> <span class='ocrx_word' id='word_1_837' title='bbox 2807 3609 2908 3680; x_wconf 86' lang='grc' dir='ltr'>τῆς</span> <span class='ocrx_word' id='word_1_838' title='bbox 2980 3610 3216 3674; x_wconf 83' lang='grc' dir='ltr'>Ἰεζάϐελ</span> <span class='ocrx_word' id='word_1_839' title='bbox 3281 3611 3518 3666; x_wconf 76' lang='grc' dir='ltr'>ἔπαθενο</span> <span class='ocrx_word' id='word_1_840' title='bbox 3580 3608 3697 3667; x_wconf 77' lang='grc' dir='ltr'>οἷον</span> <span class='ocrx_word' id='word_1_841' title='bbox 3755 3616 3785 3668; x_wconf 90' lang='lat'>6</span> 
     </span>
    </p>
   </div>
   <div class='ocr_carea' id='block_1_104' title="bbox 2107 3690 3785 3771">
    <p class='ocr_par' dir='ltr' id='par_1_104' title="bbox 2107 3690 3785 3771">
     <span class='ocr_line' id='line_1_104' title="bbox 2107 3690 3785 3771; baseline 0.002 -23"><span class='ocrx_word' id='word_1_842' title='bbox 2107 3694 2346 3765; x_wconf 70' lang='grc' dir='ltr'>Μωῡσῆς</span> <span class='ocrx_word' id='word_1_843' title='bbox 2369 3695 2463 3747; x_wconf 73' lang='grc' dir='ltr'>ἐπὶ</span> <span class='ocrx_word' id='word_1_844' title='bbox 2485 3693 2580 3748; x_wconf 89' lang='grc' dir='ltr'>τοῦ</span> <span class='ocrx_word' id='word_1_845' title='bbox 2610 3693 2907 3764; x_wconf 72' lang='grc' dir='ltr'>Αἰγυπτίου</span> <span class='ocrx_word' id='word_1_846' title='bbox 2932 3711 2946 3726; x_wconf 81' lang='grc'><em>’</em></span> <span class='ocrx_word' id='word_1_847' title='bbox 2976 3690 3087 3748; x_wconf 77' lang='grc' dir='ltr'>οἷον</span> <span class='ocrx_word' id='word_1_848' title='bbox 3118 3696 3147 3749; x_wconf 88' lang='lat'>6</span> <span class='ocrx_word' id='word_1_849' title='bbox 3181 3695 3343 3750; x_wconf 78' lang='grc' dir='ltr'>Δαυῒδ</span> <span class='ocrx_word' id='word_1_850' title='bbox 3385 3698 3479 3749; x_wconf 82' lang='grc' dir='ltr'>ἐπὶ</span> <span class='ocrx_word' id='word_1_851' title='bbox 3503 3697 3607 3767; x_wconf 84' lang='grc' dir='ltr'>τῆς</span> <span class='ocrx_word' id='word_1_852' title='bbox 3641 3698 3785 3771; x_wconf 76' lang='grc' dir='ltr'>Βηρσ-</span> 
     </span>
    </p>
   </div>
   <div class='ocr_carea' id='block_1_105' title="bbox 2110 3772 3784 3850">
    <p class='ocr_par' dir='ltr' id='par_1_105' title="bbox 2110 3772 3784 3850">
     <span class='ocr_line' id='line_1_105' title="bbox 2110 3772 3784 3850; baseline 0.002 -19"><span class='ocrx_word' id='word_1_853' title='bbox 2110 3776 2291 3831; x_wconf 88' lang='grc' dir='ltr'>σαϐεέ.</span> <span class='ocrx_word' id='word_1_854' title='bbox 2321 3775 2478 3831; x_wconf 79' lang='grc' dir='ltr'>Οῦτω</span> <span class='ocrx_word' id='word_1_855' title='bbox 2496 3777 2561 3847; x_wconf 83' lang='grc' dir='ltr'>δὴ</span> <span class='ocrx_word' id='word_1_856' title='bbox 2591 3778 2685 3831; x_wconf 75' lang='grc' dir='ltr'>καὶ</span> <span class='ocrx_word' id='word_1_857' title='bbox 2716 3772 2869 3840; x_wconf 75' lang='grc' dir='ltr'>οὗτος</span> <span class='ocrx_word' id='word_1_858' title='bbox 2887 3794 2902 3807; x_wconf 86' lang='grc'><strong>·</strong></span> <span class='ocrx_word' id='word_1_859' title='bbox 2936 3776 3015 3830; x_wconf 79' lang='grc' dir='ltr'>ἐτι</span> <span class='ocrx_word' id='word_1_860' title='bbox 3046 3777 3140 3830; x_wconf 89' lang='grc' dir='ltr'>τοῦ</span> <span class='ocrx_word' id='word_1_861' title='bbox 3166 3778 3331 3847; x_wconf 88' lang='grc' dir='ltr'>φόϐου</span> <span class='ocrx_word' id='word_1_862' title='bbox 3381 3780 3784 3850; x_wconf 86' lang='grc' dir='ltr'>ἐνακμάζοντος</span> 
     </span>
    </p>
   </div>
   <div class='ocr_carea' id='block_1_106' title="bbox 2108 3852 3782 3933">
    <p class='ocr_par' dir='ltr' id='par_1_106' title="bbox 2108 3852 3782 3933">
     <span class='ocr_line' id='line_1_106' title="bbox 2108 3852 3782 3933; baseline 0.003 -19"><span class='ocrx_word' id='word_1_863' title='bbox 2108 3862 2363 3933; x_wconf 84' lang='grc' dir='ltr'>ἐπιϐῆναι</span> <span class='ocrx_word' id='word_1_864' title='bbox 2388 3861 2498 3915; x_wconf 85' lang='grc' dir='ltr'>τῶν</span> <span class='ocrx_word' id='word_1_865' title='bbox 2530 3860 2739 3915; x_wconf 80' lang='grc' dir='ltr'>ὑδάτων</span> <span class='ocrx_word' id='word_1_866' title='bbox 2771 3852 3069 3933; x_wconf 72' lang='grc' dir='ltr'>ἐθάρρησε,</span> <span class='ocrx_word' id='word_1_867' title='bbox 3129 3862 3267 3932; x_wconf 75' lang='grc' dir='ltr'>πρὸς</span> <span class='ocrx_word' id='word_1_868' title='bbox 3302 3863 3359 3915; x_wconf 78' lang='grc' dir='ltr'>δέ</span> <span class='ocrx_word' id='word_1_869' title='bbox 3402 3863 3500 3932; x_wconf 81' lang='grc' dir='ltr'>τὴν</span> <span class='ocrx_word' id='word_1_870' title='bbox 3526 3863 3623 3917; x_wconf 89' lang='grc' dir='ltr'>τοῦ</span> <span class='ocrx_word' id='word_1_871' title='bbox 3654 3866 3782 3919; x_wconf 78' lang='grc' dir='ltr'>ἀνέ-</span> 
     </span>
    </p>
   </div>
   <div class='ocr_carea' id='block_1_107' title="bbox 2110 3944 3783 4016">
    <p class='ocr_par' dir='ltr' id='par_1_107' title="bbox 2110 3944 3783 4016">
     <span class='ocr_line' id='line_1_107' title="bbox 2110 3944 3783 4016; baseline 0.001 -18"><span class='ocrx_word' id='word_1_872' title='bbox 2110 3963 2211 4016; x_wconf 85' lang='grc' dir='ltr'>μου</span> <span class='ocrx_word' id='word_1_873' title='bbox 2252 3944 2488 4016; x_wconf 82' lang='grc' dir='ltr'>ἐμϐολὴν</span> <span class='ocrx_word' id='word_1_874' title='bbox 2521 3944 2704 3998; x_wconf 83' lang='grc' dir='ltr'>οὐκέτι</span> <span class='ocrx_word' id='word_1_875' title='bbox 2733 3944 2973 4015; x_wconf 75' lang='grc' dir='ltr'>ἠδυνήθη</span> <span class='ocrx_word' id='word_1_876' title='bbox 3025 3946 3235 4014; x_wconf 86' lang='grc' dir='ltr'>στῆναι.</span> <span class='ocrx_word' id='word_1_877' title='bbox 3273 3947 3367 3998; x_wconf 76' lang='grc' dir='ltr'>καὶ</span> <span class='ocrx_word' id='word_1_878' title='bbox 3406 3946 3579 4001; x_wconf 89' lang='grc' dir='ltr'>ταῦτα</span> <span class='ocrx_word' id='word_1_879' title='bbox 3614 3948 3783 4015; x_wconf 74' lang='grc' dir='ltr'>ἐγγὺς</span> 
     </span>
    </p>
   </div>
   <div class='ocr_carea' id='block_1_108' title="bbox 2106 4024 3781 4099">
    <p class='ocr_par' dir='ltr' id='par_1_108' title="bbox 2106 4024 3781 4099">
     <span class='ocr_line' id='line_1_108' title="bbox 2106 4024 3781 4099; baseline 0.002 -19"><span class='ocrx_word' id='word_1_880' title='bbox 2106 4028 2181 4081; x_wconf 80' lang='grc' dir='ltr'>ὢν</span> <span class='ocrx_word' id='word_1_881' title='bbox 2205 4027 2299 4081; x_wconf 86' lang='grc' dir='ltr'>τοῦ</span> <span class='ocrx_word' id='word_1_882' title='bbox 2331 4027 2590 4099; x_wconf 83' lang='grc' dir='ltr'>Χριστοῦ.</span> <span class='ocrx_word' id='word_1_883' title='bbox 2625 4026 2815 4090; x_wconf 77' lang='grc' dir='ltr'>Οὕτως</span> <span class='ocrx_word' id='word_1_884' title='bbox 2856 4027 3006 4080; x_wconf 77' lang='grc' dir='ltr'>οὐδὲν</span> <span class='ocrx_word' id='word_1_885' title='bbox 3056 4027 3254 4095; x_wconf 87' lang='grc' dir='ltr'>ὠφελεῖ</span> <span class='ocrx_word' id='word_1_886' title='bbox 3300 4030 3465 4096; x_wconf 83' lang='grc' dir='ltr'>ἐγγὺς</span> <span class='ocrx_word' id='word_1_887' title='bbox 3515 4024 3654 4089; x_wconf 79' lang='grc' dir='ltr'>εἶναι</span> <span class='ocrx_word' id='word_1_888' title='bbox 3686 4030 3781 4084; x_wconf 86' lang='grc' dir='ltr'>τοῦ</span> 
     </span>
    </p>
   </div>
   <div class='ocr_carea' id='block_1_109' title="bbox 2108 4108 3781 4184">
    <p class='ocr_par' dir='ltr' id='par_1_109' title="bbox 2108 4108 3781 4184">
     <span class='ocr_line' id='line_1_109' title="bbox 2108 4108 3781 4184; baseline 0.002 -21"><span class='ocrx_word' id='word_1_889' title='bbox 2108 4110 2367 4181; x_wconf 77' lang='grc' dir='ltr'>Χριστοῦ,</span> <span class='ocrx_word' id='word_1_890' title='bbox 2406 4110 2478 4181; x_wconf 80' lang='grc' dir='ltr'>μὴ</span> <span class='ocrx_word' id='word_1_891' title='bbox 2514 4110 2695 4163; x_wconf 87' lang='grc' dir='ltr'>πίστει</span> <span class='ocrx_word' id='word_1_892' title='bbox 2747 4110 2874 4163; x_wconf 86' lang='grc' dir='ltr'>δντα</span> <span class='ocrx_word' id='word_1_893' title='bbox 2903 4108 3088 4179; x_wconf 91' lang='grc' dir='ltr'>ἐγγύς.</span> <span class='ocrx_word' id='word_1_894' title='bbox 3118 4111 3288 4164; x_wconf 90' lang='grc' dir='ltr'>Τοῦτο</span> <span class='ocrx_word' id='word_1_895' title='bbox 3312 4110 3368 4164; x_wconf 79' lang='grc' dir='ltr'>δὲ</span> <span class='ocrx_word' id='word_1_896' title='bbox 3400 4111 3494 4165; x_wconf 77' lang='grc' dir='ltr'>καὶ</span> <span class='ocrx_word' id='word_1_897' title='bbox 3528 4113 3588 4166; x_wconf 85' lang='grc' dir='ltr'>τὸ</span> <span class='ocrx_word' id='word_1_898' title='bbox 3616 4114 3781 4184; x_wconf 83' lang='grc' dir='ltr'>μέσον</span> 
     </span>
    </p>
   </div>
   <div class='ocr_carea' id='block_1_110' title="bbox 2106 4192 3783 4265">
    <p class='ocr_par' dir='ltr' id='par_1_110' title="bbox 2106 4192 3783 4265">
     <span class='ocr_line' id='line_1_110' title="bbox 2106 4192 3783 4265; baseline 0.004 -21"><span class='ocrx_word' id='word_1_899' title='bbox 2106 4193 2313 4246; x_wconf 88' lang='grc' dir='ltr'>ἐδείκνυ</span> <span class='ocrx_word' id='word_1_900' title='bbox 2344 4192 2392 4224; x_wconf 67' lang='grc'>’⁵</span> <span class='ocrx_word' id='word_1_901' title='bbox 2428 4192 2522 4245; x_wconf 91' lang='grc' dir='ltr'>τοῦ</span> <span class='ocrx_word' id='word_1_902' title='bbox 2570 4192 2898 4247; x_wconf 89' lang='grc' dir='ltr'>Διδασκάλου</span> <span class='ocrx_word' id='word_1_903' title='bbox 2929 4194 3023 4245; x_wconf 75' lang='grc' dir='ltr'>καὶ</span> <span class='ocrx_word' id='word_1_904' title='bbox 3065 4193 3156 4246; x_wconf 91' lang='grc' dir='ltr'>τοῦ</span> <span class='ocrx_word' id='word_1_905' title='bbox 3194 4194 3455 4265; x_wconf 84' lang='grc' dir='ltr'>μαθητοῦ,</span> <span class='ocrx_word' id='word_1_906' title='bbox 3505 4197 3600 4248; x_wconf 83' lang='grc' dir='ltr'>καὶ</span> <span class='ocrx_word' id='word_1_907' title='bbox 3656 4199 3783 4261; x_wconf 80' lang='grc' dir='ltr'>τοὺς</span> 
     </span>
    </p>
   </div>
   <div class='ocr_carea' id='block_1_111' title="bbox 2106 4279 3893 4353">
    <p class='ocr_par' dir='ltr' id='par_1_111' title="bbox 2106 4279 3893 4353">
     <span class='ocr_line' id='line_1_111' title="bbox 2106 4279 3893 4353; baseline 0.004 -20"><span class='ocrx_word' id='word_1_908' title='bbox 2106 4279 2294 4342; x_wconf 84' lang='grc' dir='ltr'>ἀλλους</span> <span class='ocrx_word' id='word_1_909' title='bbox 2324 4280 2709 4352; x_wconf 89' lang='grc' dir='ltr'>παρεμυθεῖτο.</span> <span class='ocrx_word' id='word_1_910' title='bbox 2745 4282 2806 4333; x_wconf 75' lang='grc' dir='ltr'>Εἰ</span> <span class='ocrx_word' id='word_1_911' title='bbox 2830 4282 2938 4351; x_wconf 77' lang='grc' dir='ltr'>γὰρ</span> <span class='ocrx_word' id='word_1_912' title='bbox 2974 4281 3198 4334; x_wconf 77' lang='grc' dir='ltr'>ἐπὶτῶν</span> <span class='ocrx_word' id='word_1_913' title='bbox 3224 4280 3318 4334; x_wconf 90' lang='grc' dir='ltr'>δύο</span> <span class='ocrx_word' id='word_1_914' title='bbox 3347 4282 3589 4352; x_wconf 84' lang='grc' dir='ltr'>ἀδελφῶν</span> <span class='ocrx_word' id='word_1_915' title='bbox 3642 4284 3782 4353; x_wconf 74' lang='grc' dir='ltr'>ἡγα-</span> <span class='ocrx_word' id='word_1_916' title='bbox 3888 4316 3893 4325; x_wconf 74' lang='grc' dir='ltr'>ι</span> 
     </span>
    </p>
   </div>
   <div class='ocr_carea' id='block_1_112' title="bbox 2106 4362 3781 4437">
    <p class='ocr_par' dir='ltr' id='par_1_112' title="bbox 2106 4362 3781 4437">
     <span class='ocr_line' id='line_1_112' title="bbox 2106 4362 3781 4437; baseline 0.005 -23"><span class='ocrx_word' id='word_1_917' title='bbox 2106 4363 2403 4432; x_wconf 83' lang='grc' dir='ltr'>νάκτησαν,</span> <span class='ocrx_word' id='word_1_918' title='bbox 2472 4363 2652 4433; x_wconf 83' lang='grc' dir='ltr'>πολλῷ</span> <span class='ocrx_word' id='word_1_919' title='bbox 2710 4364 2910 4435; x_wconf 83' lang='grc' dir='ltr'>μᾶλλον</span> <span class='ocrx_word' id='word_1_920' title='bbox 2960 4362 3193 4418; x_wconf 87' lang='grc' dir='ltr'>ἐνταῦθα</span> <span class='ocrx_word' id='word_1_921' title='bbox 3219 4381 3231 4393; x_wconf 89' lang='grc'><strong>·</strong></span> <span class='ocrx_word' id='word_1_922' title='bbox 3281 4363 3432 4417; x_wconf 79' lang='grc' dir='ltr'>οῦπω</span> <span class='ocrx_word' id='word_1_923' title='bbox 3484 4366 3592 4437; x_wconf 80' lang='grc' dir='ltr'>γὰρ</span> <span class='ocrx_word' id='word_1_924' title='bbox 3642 4363 3781 4435; x_wconf 78' lang='grc' dir='ltr'>ἦσαν</span> 
     </span>
    </p>
   </div>
   <div class='ocr_carea' id='block_1_113' title="bbox 2108 4444 3774 4517">
    <p class='ocr_par' dir='ltr' id='par_1_113' title="bbox 2108 4444 3774 4517">
     <span class='ocr_line' id='line_1_113' title="bbox 2108 4444 3774 4517; baseline 0.004 -19"><span class='ocrx_word' id='word_1_925' title='bbox 2108 4444 2425 4516; x_wconf 86' lang='grc' dir='ltr'>Πνεύματος</span> <span class='ocrx_word' id='word_1_926' title='bbox 2473 4446 2787 4517; x_wconf 73' lang='grc' dir='ltr'>ἠξιωμένοι.</span> <span class='ocrx_word' id='word_1_927' title='bbox 2841 4448 2993 4502; x_wconf 86' lang='grc' dir='ltr'>Μετὰ</span> <span class='ocrx_word' id='word_1_928' title='bbox 3044 4448 3101 4501; x_wconf 85' lang='grc' dir='ltr'>δὲ</span> <span class='ocrx_word' id='word_1_929' title='bbox 3181 4447 3353 4501; x_wconf 84' lang='grc' dir='ltr'>ταῦτα</span> <span class='ocrx_word' id='word_1_930' title='bbox 3406 4448 3465 4500; x_wconf 89' lang='grc' dir='ltr'>ού</span> <span class='ocrx_word' id='word_1_931' title='bbox 3520 4450 3774 4504; x_wconf 87' lang='grc' dir='ltr'>τοιοῦτοι.</span> 
     </span>
    </p>
   </div>
   <div class='ocr_carea' id='block_1_114' title="bbox 2105 4529 3780 4604">
    <p class='ocr_par' dir='ltr' id='par_1_114' title="bbox 2105 4529 3780 4604">
     <span class='ocr_line' id='line_1_114' title="bbox 2105 4529 3780 4604; baseline 0.004 -23"><span class='ocrx_word' id='word_1_932' title='bbox 2105 4529 2388 4600; x_wconf 86' lang='grc' dir='ltr'>Πανταχοῦ</span> <span class='ocrx_word' id='word_1_933' title='bbox 2442 4530 2574 4598; x_wconf 92' lang='grc' dir='ltr'>γοῦν</span> <span class='ocrx_word' id='word_1_934' title='bbox 2614 4530 2724 4584; x_wconf 83' lang='grc' dir='ltr'>τῶν</span> <span class='ocrx_word' id='word_1_935' title='bbox 2780 4532 3061 4602; x_wconf 88' lang='grc' dir='ltr'>πρωτείων</span> <span class='ocrx_word' id='word_1_936' title='bbox 3117 4532 3505 4603; x_wconf 90' lang='grc' dir='ltr'>παραχωροῦσι</span> <span class='ocrx_word' id='word_1_937' title='bbox 3543 4532 3623 4604; x_wconf 80' lang='grc' dir='ltr'>τῷ</span> <span class='ocrx_word' id='word_1_938' title='bbox 3676 4536 3780 4589; x_wconf 87' lang='grc' dir='ltr'>Πέ-</span> 
     </span>
    </p>
   </div>
   <div class='ocr_carea' id='block_1_115' title="bbox 2105 4612 3779 4687">
    <p class='ocr_par' dir='ltr' id='par_1_115' title="bbox 2105 4612 3779 4687">
     <span class='ocr_line' id='line_1_115' title="bbox 2105 4612 3779 4687; baseline 0.005 -22"><span class='ocrx_word' id='word_1_939' title='bbox 2105 4629 2241 4683; x_wconf 88' lang='grc' dir='ltr'>τρῳ,</span> <span class='ocrx_word' id='word_1_940' title='bbox 2299 4612 2395 4666; x_wconf 74' lang='grc' dir='ltr'>καὶ</span> <span class='ocrx_word' id='word_1_941' title='bbox 2447 4614 2505 4665; x_wconf 90' lang='grc' dir='ltr'>ἐν</span> <span class='ocrx_word' id='word_1_942' title='bbox 2563 4617 2683 4676; x_wconf 87' lang='grc' dir='ltr'>ταῖς</span> <span class='ocrx_word' id='word_1_943' title='bbox 2725 4615 3092 4687; x_wconf 85' lang='grc' dir='ltr'>δημηγορίαις</span> <span class='ocrx_word' id='word_1_944' title='bbox 3145 4616 3306 4669; x_wconf 85' lang='grc' dir='ltr'>αὑτὸν</span> <span class='ocrx_word' id='word_1_945' title='bbox 3361 4616 3779 4686; x_wconf 88' lang='grc' dir='ltr'>προϐάλλονται,</span> 
     </span>
    </p>
   </div>
   <div class='ocr_carea' id='block_1_116' title="bbox 2106 4696 3779 4773">
    <p class='ocr_par' dir='ltr' id='par_1_116' title="bbox 2106 4696 3779 4773">
     <span class='ocr_line' id='line_1_116' title="bbox 2106 4696 3779 4773; baseline 0.005 -22"><span class='ocrx_word' id='word_1_946' title='bbox 2106 4696 2255 4769; x_wconf 80' lang='grc'><strong>[516]</strong></span> <span class='ocrx_word' id='word_1_947' title='bbox 2290 4697 2531 4766; x_wconf 87' lang='grc' dir='ltr'>καίτοιγε</span> <span class='ocrx_word' id='word_1_948' title='bbox 2558 4699 2943 4771; x_wconf 87' lang='grc' dir='ltr'>ἀγροικότερον</span> <span class='ocrx_word' id='word_1_949' title='bbox 2966 4701 3074 4753; x_wconf 87' lang='grc' dir='ltr'>τῶν</span> <span class='ocrx_word' id='word_1_950' title='bbox 3095 4700 3269 4755; x_wconf 80' lang='grc' dir='ltr'>ἀλλων</span> <span class='ocrx_word' id='word_1_951' title='bbox 3291 4701 3654 4773; x_wconf 89' lang='grc' dir='ltr'>διακείμενον.</span> <span class='ocrx_word' id='word_1_952' title='bbox 3672 4706 3779 4759; x_wconf 89' lang='lat' dir='ltr'>Kal</span> 
     </span>
    </p>
   </div>
   <div class='ocr_carea' id='block_1_117' title="bbox 2100 4780 3781 4853">
    <p class='ocr_par' dir='ltr' id='par_1_117' title="bbox 2100 4780 3781 4853">
     <span class='ocr_line' id='line_1_117' title="bbox 2100 4780 3781 4853; baseline 0.005 -20"><span class='ocrx_word' id='word_1_953' title='bbox 2100 4780 2243 4834; x_wconf 88' lang='grc' dir='ltr'>διατί</span> <span class='ocrx_word' id='word_1_954' title='bbox 2264 4781 2361 4833; x_wconf 83' lang='grc' dir='ltr'>οὐκ</span> <span class='ocrx_word' id='word_1_955' title='bbox 2396 4782 2625 4846; x_wconf 82' lang='grc' dir='ltr'>ἐπέταξε</span> <span class='ocrx_word' id='word_1_956' title='bbox 2664 4785 2777 4846; x_wconf 89' lang='grc' dir='ltr'>τοῖς</span> <span class='ocrx_word' id='word_1_957' title='bbox 2822 4784 3043 4853; x_wconf 85' lang='grc' dir='ltr'>ἀνέμοις</span> <span class='ocrx_word' id='word_1_958' title='bbox 3077 4785 3410 4846; x_wconf 89' lang='grc' dir='ltr'>παύσασθαι,</span> <span class='ocrx_word' id='word_1_959' title='bbox 3469 4786 3582 4839; x_wconf 86' lang='grc' dir='ltr'>ἀλλ’</span> <span class='ocrx_word' id='word_1_960' title='bbox 3616 4789 3781 4853; x_wconf 72' lang='grc' dir='ltr'>αὐτὸς</span> 
     </span>
    </p>
   </div>
   <div class='ocr_carea' id='block_1_118' title="bbox 2101 4864 3777 4941">
    <p class='ocr_par' dir='ltr' id='par_1_118' title="bbox 2101 4864 3777 4941">
     <span class='ocr_line' id='line_1_118' title="bbox 2101 4864 3777 4941; baseline 0.005 -24"><span class='ocrx_word' id='word_1_961' title='bbox 2101 4864 2346 4927; x_wconf 87' lang='grc' dir='ltr'>ἐκτείνας</span> <span class='ocrx_word' id='word_1_962' title='bbox 2373 4864 2470 4935; x_wconf 85' lang='grc' dir='ltr'>τὴν</span> <span class='ocrx_word' id='word_1_963' title='bbox 2512 4869 2668 4937; x_wconf 84' lang='grc' dir='ltr'>χεῖρα</span> <span class='ocrx_word' id='word_1_964' title='bbox 2694 4866 2992 4921; x_wconf 80' lang='grc' dir='ltr'>ἐπελάϐετο</span> <span class='ocrx_word' id='word_1_965' title='bbox 3021 4869 3224 4935; x_wconf 85' lang='grc' dir='ltr'>αύτοῦ;</span> <span class='ocrx_word' id='word_1_966' title='bbox 3272 4871 3395 4923; x_wconf 85' lang='grc' dir='ltr'>Ὅτι</span> <span class='ocrx_word' id='word_1_967' title='bbox 3423 4872 3525 4941; x_wconf 82' lang='grc' dir='ltr'>τῆς</span> <span class='ocrx_word' id='word_1_968' title='bbox 3564 4874 3777 4927; x_wconf 83' lang='grc' dir='ltr'>ἐκείνου</span> 
     </span>
    </p>
   </div>
   <div class='ocr_carea' id='block_1_119' title="bbox 2101 4947 3778 5025">
    <p class='ocr_par' dir='ltr' id='par_1_119' title="bbox 2101 4947 3778 5025">
     <span class='ocr_line' id='line_1_119' title="bbox 2101 4947 3778 5025; baseline 0.004 -26"><span class='ocrx_word' id='word_1_969' title='bbox 2101 4947 2337 5010; x_wconf 82' lang='grc' dir='ltr'>πίστεως</span> <span class='ocrx_word' id='word_1_970' title='bbox 2368 4947 2493 5001; x_wconf 77' lang='grc' dir='ltr'>ἔδει.</span> <span class='ocrx_word' id='word_1_971' title='bbox 2527 4948 2695 5001; x_wconf 85' lang='grc' dir='ltr'>’Ὀταν</span> <span class='ocrx_word' id='word_1_972' title='bbox 2735 4949 2844 5019; x_wconf 83' lang='grc' dir='ltr'>γάρ</span> <span class='ocrx_word' id='word_1_973' title='bbox 2878 4951 2946 5004; x_wconf 80' lang='grc' dir='ltr'>τὰ</span> <span class='ocrx_word' id='word_1_974' title='bbox 2972 4952 3099 5022; x_wconf 84' lang='grc' dir='ltr'>παρ’</span> <span class='ocrx_word' id='word_1_975' title='bbox 3127 4952 3283 5023; x_wconf 83' lang='grc' dir='ltr'>ἡμῶν</span> <span class='ocrx_word' id='word_1_976' title='bbox 3322 4953 3653 5025; x_wconf 77' lang='grc' dir='ltr'>ἐλλιμπάνη,</span> <span class='ocrx_word' id='word_1_977' title='bbox 3683 4955 3778 5007; x_wconf 73' lang='grc' dir='ltr'>καὶ</span> 
     </span>
    </p>
   </div>
   <div class='ocr_carea' id='block_1_120' title="bbox 2098 5030 3775 5109">
    <p class='ocr_par' dir='ltr' id='par_1_120' title="bbox 2098 5030 3775 5109">
     <span class='ocr_line' id='line_1_120' title="bbox 2098 5030 3775 5109; baseline 0.005 -26"><span class='ocrx_word' id='word_1_978' title='bbox 2098 5030 2168 5083; x_wconf 88' lang='grc' dir='ltr'>τά</span> <span class='ocrx_word' id='word_1_979' title='bbox 2193 5030 2344 5103; x_wconf 87' lang='grc' dir='ltr'>παρά</span> <span class='ocrx_word' id='word_1_980' title='bbox 2370 5030 2464 5084; x_wconf 89' lang='grc' dir='ltr'>τοῦ</span> <span class='ocrx_word' id='word_1_981' title='bbox 2501 5031 2635 5085; x_wconf 88' lang='grc' dir='ltr'>Θεοῦ</span> <span class='ocrx_word' id='word_1_982' title='bbox 2659 5033 2891 5086; x_wconf 73' lang='grc' dir='ltr'>ἵσταται.</span> <span class='ocrx_word' id='word_1_983' title='bbox 2918 5036 3143 5098; x_wconf 84' lang='grc' dir='ltr'>Δεικνὺς</span> <span class='ocrx_word' id='word_1_984' title='bbox 3174 5034 3351 5087; x_wconf 89' lang='grc' dir='ltr'>τοίνυν</span> <span class='ocrx_word' id='word_1_985' title='bbox 3382 5038 3463 5090; x_wconf 85' lang='grc' dir='ltr'>ὅτι</span> <span class='ocrx_word' id='word_1_986' title='bbox 3492 5038 3591 5108; x_wconf 83' lang='grc' dir='ltr'>οὐχ</span> <span class='ocrx_word' id='word_1_987' title='bbox 3623 5039 3656 5109; x_wconf 79' lang='grc' dir='ltr'>ἡ</span> <span class='ocrx_word' id='word_1_988' title='bbox 3682 5038 3775 5091; x_wconf 90' lang='grc' dir='ltr'>τοῦ</span> 
     </span>
    </p>
   </div>
   <div class='ocr_carea' id='block_1_121' title="bbox 2099 5110 3780 5188">
    <p class='ocr_par' dir='ltr' id='par_1_121' title="bbox 2099 5110 3780 5188">
     <span class='ocr_line' id='line_1_121' title="bbox 2099 5110 3780 5188; baseline 0.005 -25"><span class='ocrx_word' id='word_1_989' title='bbox 2099 5110 2299 5181; x_wconf 87' lang='grc' dir='ltr'>ἀνέμου</span> <span class='ocrx_word' id='word_1_990' title='bbox 2323 5110 2549 5180; x_wconf 88' lang='grc' dir='ltr'>ἐμϐολὴ,</span> <span class='ocrx_word' id='word_1_991' title='bbox 2575 5111 2689 5164; x_wconf 86' lang='grc' dir='ltr'>ἀλλ’</span> <span class='ocrx_word' id='word_1_992' title='bbox 2720 5113 2753 5183; x_wconf 85' lang='grc' dir='ltr'><strong>ή</strong></span> <span class='ocrx_word' id='word_1_993' title='bbox 2783 5111 2993 5165; x_wconf 89' lang='grc' dir='ltr'>ἐκείνου</span> <span class='ocrx_word' id='word_1_994' title='bbox 3035 5113 3378 5182; x_wconf 81' lang='grc' dir='ltr'>όλιγοπιστία</span> <span class='ocrx_word' id='word_1_995' title='bbox 3398 5116 3495 5186; x_wconf 88' lang='grc' dir='ltr'>τὴν</span> <span class='ocrx_word' id='word_1_996' title='bbox 3522 5134 3780 5188; x_wconf 85' lang='grc' dir='ltr'>περιτρο-</span> 
     </span>
    </p>
   </div>
   <div class='ocr_carea' id='block_1_122' title="bbox 2104 5194 3777 5271">
    <p class='ocr_par' dir='ltr' id='par_1_122' title="bbox 2104 5194 3777 5271">
     <span class='ocr_line' id='line_1_122' title="bbox 2104 5194 3777 5271; baseline 0.007 -26"><span class='ocrx_word' id='word_1_997' title='bbox 2104 5194 2211 5265; x_wconf 81' lang='grc' dir='ltr'>πῆν</span> <span class='ocrx_word' id='word_1_998' title='bbox 2235 5194 2550 5264; x_wconf 77' lang='grc' dir='ltr'>εἰργάσατο,</span> <span class='ocrx_word' id='word_1_999' title='bbox 2577 5195 2738 5266; x_wconf 87' lang='grc' dir='ltr'>φησίν</span> <span class='ocrx_word' id='word_1_1000' title='bbox 2758 5213 2771 5226; x_wconf 94' lang='grc'><strong>·</strong></span> <span class='ocrx_word' id='word_1_1001' title='bbox 2802 5199 2906 5263; x_wconf 86' lang='grc' dir='ltr'>Είς</span> <span class='ocrx_word' id='word_1_1002' title='bbox 2926 5198 2984 5249; x_wconf 87' lang='grc' dir='ltr'>τί</span> <span class='ocrx_word' id='word_1_1003' title='bbox 3004 5198 3358 5266; x_wconf 83' lang='grc' dir='ltr'>ἐδίστασας,</span> <span class='ocrx_word' id='word_1_1004' title='bbox 3391 5202 3777 5271; x_wconf 70' lang='grc' dir='ltr'>ὀλιγόπιστε;</span> 
     </span>
    </p>
   </div>
   <div class='ocr_carea' id='block_1_123' title="bbox 2091 5278 3777 5355">
    <p class='ocr_par' dir='ltr' id='par_1_123' title="bbox 2091 5278 3777 5355">
     <span class='ocr_line' id='line_1_123' title="bbox 2091 5278 3777 5355; baseline 0.006 -26"><span class='ocrx_word' id='word_1_1005' title='bbox 2091 5278 2253 5330; x_wconf 83' lang='grc' dir='ltr'>Ὥστε</span> <span class='ocrx_word' id='word_1_1006' title='bbox 2284 5280 2330 5330; x_wconf 87' lang='grc' dir='ltr'>εί</span> <span class='ocrx_word' id='word_1_1007' title='bbox 2359 5278 2431 5347; x_wconf 81' lang='grc' dir='ltr'>μὴ</span> <span class='ocrx_word' id='word_1_1008' title='bbox 2459 5280 2492 5349; x_wconf 78' lang='grc' dir='ltr'>ἡ</span> <span class='ocrx_word' id='word_1_1009' title='bbox 2525 5279 2710 5343; x_wconf 90' lang='grc' dir='ltr'>πίστις</span> <span class='ocrx_word' id='word_1_1010' title='bbox 2745 5280 3037 5353; x_wconf 78' lang='grc' dir='ltr'>ἠσθένησε,</span> <span class='ocrx_word' id='word_1_1011' title='bbox 3064 5284 3159 5336; x_wconf 73' lang='grc' dir='ltr'>καὶ</span> <span class='ocrx_word' id='word_1_1012' title='bbox 3192 5284 3330 5354; x_wconf 83' lang='grc' dir='ltr'>πρὸς</span> <span class='ocrx_word' id='word_1_1013' title='bbox 3358 5285 3447 5337; x_wconf 84' lang='grc' dir='ltr'>τὸν</span> <span class='ocrx_word' id='word_1_1014' title='bbox 3478 5285 3681 5355; x_wconf 79' lang='grc' dir='ltr'>ἄνεμον</span> <span class='ocrx_word' id='word_1_1015' title='bbox 3710 5288 3777 5341; x_wconf 82' lang='grc' dir='ltr'>ἀν</span> 
     </span>
    </p>
   </div>
   <div class='ocr_carea' id='block_1_124' title="bbox 2091 5360 3777 5437">
    <p class='ocr_par' dir='ltr' id='par_1_124' title="bbox 2091 5360 3777 5437">
     <span class='ocr_line' id='line_1_124' title="bbox 2091 5360 3777 5437; baseline 0.005 -24"><span class='ocrx_word' id='word_1_1016' title='bbox 2091 5360 2219 5432; x_wconf 82' lang='grc' dir='ltr'>ἐστη</span> <span class='ocrx_word' id='word_1_1017' title='bbox 2256 5361 2471 5432; x_wconf 75' lang='grc' dir='ltr'>ῥᾳδίως.</span> <span class='ocrx_word' id='word_1_1018' title='bbox 2500 5363 2598 5415; x_wconf 89' lang='grc' dir='ltr'>Διά</span> <span class='ocrx_word' id='word_1_1019' title='bbox 2621 5380 2701 5415; x_wconf 91' lang='grc' dir='ltr'>τοι</span> <span class='ocrx_word' id='word_1_1020' title='bbox 2730 5363 2889 5418; x_wconf 91' lang='grc' dir='ltr'>τοῦτο</span> <span class='ocrx_word' id='word_1_1021' title='bbox 2911 5366 3006 5419; x_wconf 74' lang='grc' dir='ltr'>καὶ</span> <span class='ocrx_word' id='word_1_1022' title='bbox 3034 5367 3423 5437; x_wconf 84' lang='grc' dir='ltr'>ἐπιλαϐόμενος</span> <span class='ocrx_word' id='word_1_1023' title='bbox 3450 5369 3642 5431; x_wconf 83' lang='grc' dir='ltr'>αὐτοῦ,</span> <span class='ocrx_word' id='word_1_1024' title='bbox 3682 5369 3777 5422; x_wconf 82' lang='grc' dir='ltr'>τὸν</span> 
     </span>
    </p>
   </div>
   <div class='ocr_carea' id='block_1_125' title="bbox 2092 5444 3777 5522">
    <p class='ocr_par' dir='ltr' id='par_1_125' title="bbox 2092 5444 3777 5522">
     <span class='ocr_line' id='line_1_125' title="bbox 2092 5444 3777 5522; baseline 0.007 -27"><span class='ocrx_word' id='word_1_1025' title='bbox 2092 5444 2289 5513; x_wconf 68' lang='grc' dir='ltr'>ἄνεμον</span> <span class='ocrx_word' id='word_1_1026' title='bbox 2318 5445 2385 5514; x_wconf 79' lang='grc' dir='ltr'>ἐᾷ</span> <span class='ocrx_word' id='word_1_1027' title='bbox 2422 5448 2596 5509; x_wconf 85' lang='grc' dir='ltr'>πνεῖν,</span> <span class='ocrx_word' id='word_1_1028' title='bbox 2648 5446 2821 5515; x_wconf 87' lang='grc' dir='ltr'>δηλῶν</span> <span class='ocrx_word' id='word_1_1029' title='bbox 2855 5448 2902 5479; x_wconf 77' lang='grc'>’⁸</span> <span class='ocrx_word' id='word_1_1030' title='bbox 2932 5449 3014 5501; x_wconf 85' lang='grc' dir='ltr'>ὅτι</span> <span class='ocrx_word' id='word_1_1031' title='bbox 3048 5449 3199 5502; x_wconf 86' lang='grc' dir='ltr'>ούδέν</span> <span class='ocrx_word' id='word_1_1032' title='bbox 3244 5452 3451 5515; x_wconf 86' lang='grc' dir='ltr'>ἐκεῖνος</span> <span class='ocrx_word' id='word_1_1033' title='bbox 3490 5452 3777 5522; x_wconf 84' lang='grc' dir='ltr'>παραϐλά-</span> 
     </span>
    </p>
   </div>
   <div class='ocr_carea' id='block_1_126' title="bbox 2094 5527 3778 5605">
    <p class='ocr_par' dir='ltr' id='par_1_126' title="bbox 2094 5527 3778 5605">
     <span class='ocr_line' id='line_1_126' title="bbox 2094 5527 3778 5605; baseline 0.006 -26"><span class='ocrx_word' id='word_1_1034' title='bbox 2094 5542 2237 5584; x_wconf 87' lang='grc' dir='ltr'>πτει,</span> <span class='ocrx_word' id='word_1_1035' title='bbox 2265 5529 2392 5580; x_wconf 87' lang='grc' dir='ltr'>ὅταν</span> <span class='ocrx_word' id='word_1_1036' title='bbox 2424 5531 2457 5599; x_wconf 81' lang='grc' dir='ltr'>η</span> <span class='ocrx_word' id='word_1_1037' title='bbox 2489 5527 2726 5604; x_wconf 86' lang='grc' dir='ltr'>πίστιςῇ</span> <span class='ocrx_word' id='word_1_1038' title='bbox 2759 5534 3061 5601; x_wconf 83' lang='grc' dir='ltr'>πεπηγυῖα.</span> <span class='ocrx_word' id='word_1_1039' title='bbox 3116 5534 3226 5585; x_wconf 90' lang='lat' dir='ltr'>Kal</span> <span class='ocrx_word' id='word_1_1040' title='bbox 3268 5534 3519 5605; x_wconf 88' lang='grc' dir='ltr'>καθάπερ</span> <span class='ocrx_word' id='word_1_1041' title='bbox 3562 5535 3778 5589; x_wconf 84' lang='grc' dir='ltr'>νεοττὸν</span> 
     </span>
    </p>
   </div>
   <div class='ocr_carea' id='block_1_127' title="bbox 2094 5608 3778 5688">
    <p class='ocr_par' dir='ltr' id='par_1_127' title="bbox 2094 5608 3778 5688">
     <span class='ocr_line' id='line_1_127' title="bbox 2094 5608 3778 5688; baseline 0.007 -26"><span class='ocrx_word' id='word_1_1042' title='bbox 2094 5608 2201 5679; x_wconf 81' lang='grc' dir='ltr'>πρὸ</span> <span class='ocrx_word' id='word_1_1043' title='bbox 2228 5610 2419 5682; x_wconf 85' lang='grc' dir='ltr'>καιροῦ</span> <span class='ocrx_word' id='word_1_1044' title='bbox 2446 5612 2543 5682; x_wconf 84' lang='grc' dir='ltr'>τῆς</span> <span class='ocrx_word' id='word_1_1045' title='bbox 2575 5613 2768 5677; x_wconf 84' lang='grc' dir='ltr'>καλιᾶς</span> <span class='ocrx_word' id='word_1_1046' title='bbox 2803 5614 3088 5681; x_wconf 79' lang='grc' dir='ltr'>ἐξελθόντα</span> <span class='ocrx_word' id='word_1_1047' title='bbox 3119 5618 3166 5648; x_wconf 79' lang='grc'>’⁸</span> <span class='ocrx_word' id='word_1_1048' title='bbox 3192 5616 3286 5671; x_wconf 78' lang='grc' dir='ltr'>καὶ</span> <span class='ocrx_word' id='word_1_1049' title='bbox 3319 5618 3584 5688; x_wconf 83' lang='grc' dir='ltr'>μέλλοντα</span> <span class='ocrx_word' id='word_1_1050' title='bbox 3606 5635 3778 5674; x_wconf 81' lang='grc' dir='ltr'>καταο</span> 
     </span>
    </p>
   </div>
   <div class='ocr_carea' id='block_1_128' title="bbox 388 5777 3777 5871">
    <p class='ocr_par' dir='ltr' id='par_1_128' title="bbox 388 5777 3777 5871">
     <span class='ocr_line' id='line_1_128' title="bbox 388 5777 3777 5871; baseline 0.007 -40"><span class='ocrx_word' id='word_1_1051' title='bbox 388 5777 593 5871; x_wconf 42' lang='grc' dir='ltr'>ξξ-(ξιεαι</span> <span class='ocrx_word' id='word_1_1052' title='bbox 612 5779 1006 5871; x_wconf 41' lang='lat' dir='ltr'>jnclufilmus,</span> <span class='ocrx_word' id='word_1_1053' title='bbox 1047 5796 1156 5871; x_wconf 53' lang='lat' dir='ltr'>pop</span> <span class='ocrx_word' id='word_1_1054' title='bbox 1198 5790 1429 5871; x_wconf 42' lang='lat' dir='ltr'>jejxsfa‘nt</span> <span class='ocrx_word' id='word_1_1055' title='bbox 1445 5782 1517 5871; x_wconf 30' lang='lat' dir='ltr'>{in</span> <span class='ocrx_word' id='word_1_1056' title='bbox 1565 5780 1733 5871; x_wconf 49' lang='lat' dir='ltr'>K‘.”L.</span> <span class='ocrx_word' id='word_1_1057' title='bbox 1776 5780 1851 5871; x_wconf 51' lang='grc' dir='ltr'>Μζ</span> <span class='ocrx_word' id='word_1_1058' title='bbox 1884 5799 1985 5870; x_wconf 70' lang='grc' dir='ltr'>ηερ</span> <span class='ocrx_word' id='word_1_1059' title='bbox 2015 5785 2078 5871; x_wconf 65' lang='lat' dir='ltr'>jn</span> <span class='ocrx_word' id='word_1_1060' title='bbox 2107 5788 2228 5871; x_wconf 42' lang='lat' dir='ltr'>.sufs</span> <span class='ocrx_word' id='word_1_1061' title='bbox 2290 5787 2548 5871; x_wconf 51' lang='lat' dir='ltr'>legerunl</span> <span class='ocrx_word' id='word_1_1062' title='bbox 2576 5790 2927 5871; x_wconf 61' lang='grc' dir='ltr'>Ιῃιιεςρςςιεε.</span> <span class='ocrx_word' id='word_1_1063' title='bbox 3005 5796 3124 5837; x_wconf 74' lang='grc'>⁸⁸-⁹¹</span> <span class='ocrx_word' id='word_1_1064' title='bbox 3143 5797 3237 5871; x_wconf 86' lang='lat' dir='ltr'>_Sic</span> <span class='ocrx_word' id='word_1_1065' title='bbox 3270 5797 3337 5852; x_wconf 79' lang='grc'>11.</span> <span class='ocrx_word' id='word_1_1066' title='bbox 3388 5798 3446 5852; x_wconf 71' lang='grc' dir='ltr'>ι..</span> <span class='ocrx_word' id='word_1_1067' title='bbox 3478 5798 3575 5868; x_wconf 82' lang='lat' dir='ltr'>Ep.</span> <span class='ocrx_word' id='word_1_1068' title='bbox 3615 5801 3777 5871; x_wconf 75' lang='lat' dir='ltr'><strong>vulgo</strong></span> 
     </span>
    </p>
   </div>
   <div class='ocr_carea' id='block_1_129' title="bbox 316 5849 2403 5927">
    <p class='ocr_par' dir='ltr' id='par_1_129' title="bbox 316 5849 2403 5927">
     <span class='ocr_line' id='line_1_129' title="bbox 316 5849 2403 5927; baseline 0.004 -27"><span class='ocrx_word' id='word_1_1069' title='bbox 316 5849 693 5927; x_wconf 59' lang='grc' dir='ltr'>’ἐγιτμενίζοντυἶ</span> <span class='ocrx_word' id='word_1_1070' title='bbox 765 5852 810 5883; x_wconf 85' lang='grc'>⁹¹</span> <span class='ocrx_word' id='word_1_1071' title='bbox 838 5850 1126 5924; x_wconf 81' lang='grc' dir='ltr'>ἐπέτρεψε]</span> <span class='ocrx_word' id='word_1_1072' title='bbox 1156 5852 1279 5927; x_wconf 43' lang='lat' dir='ltr'><strong>aud:</strong></span> <span class='ocrx_word' id='word_1_1073' title='bbox 1298 5852 1386 5906; x_wconf 89' lang='grc' dir='ltr'>διά</span> <span class='ocrx_word' id='word_1_1074' title='bbox 1406 5852 1504 5927; x_wconf 68' lang='grc' dir='ltr'>τὴν</span> <span class='ocrx_word' id='word_1_1075' title='bbox 1534 5852 1893 5927; x_wconf 50' lang='grc' dir='ltr'>πολλὴν-πρὸς</span> <span class='ocrx_word' id='word_1_1076' title='bbox 1912 5855 2072 5908; x_wconf 77' lang='grc' dir='ltr'>αὑτὸν</span> <span class='ocrx_word' id='word_1_1077' title='bbox 2095 5858 2313 5927; x_wconf 81' lang='grc' dir='ltr'>ἀγάπην</span> <span class='ocrx_word' id='word_1_1078' title='bbox 2338 5849 2403 5915; x_wconf 63' lang='grc' dir='ltr'>ὃ,</span> 
     </span>
    </p>
   </div>
   <div class='ocr_carea' id='block_1_130' title="bbox 319 5918 839 5992">
    <p class='ocr_par' dir='ltr' id='par_1_130' title="bbox 319 5918 839 5992">
     <span class='ocr_line' id='line_1_130' title="bbox 319 5918 839 5992; baseline 0.008 -21"><span class='ocrx_word' id='word_1_1079' title='bbox 319 5918 503 5992; x_wconf 82' lang='grc' dir='ltr'>ται</span> <span class='ocrx_word' id='word_1_1080' title='bbox 542 5920 605 5975; x_wconf 87' lang='lat' dir='ltr'><strong><em>K.</em></strong></span> <span class='ocrx_word' id='word_1_1081' title='bbox 652 5921 717 5975; x_wconf 87' lang='lat' dir='ltr'><strong>M.</strong></span> <span class='ocrx_word' id='word_1_1082' title='bbox 787 5937 839 5992; x_wconf 88' lang='lat' dir='ltr'>p.</span> 
     </span>
    </p>
   </div>
   <div class='ocr_carea' id='block_1_131' title="bbox 322 5989 1361 6063">
    <p class='ocr_par' dir='ltr' id='par_1_131' title="bbox 322 5989 1361 6063">
     <span class='ocr_line' id='line_1_131' title="bbox 322 5989 1361 6063; baseline -0.002 -16"><span class='ocrx_word' id='word_1_1083' title='bbox 322 5989 496 6047; x_wconf 84' lang='lat' dir='ltr'>Inedia</span> <span class='ocrx_word' id='word_1_1084' title='bbox 529 6007 581 6063; x_wconf 87' lang='lat' dir='ltr'>p.</span> <span class='ocrx_word' id='word_1_1085' title='bbox 608 5992 729 6047; x_wconf 87' lang='lat'>5|8.</span> <span class='ocrx_word' id='word_1_1086' title='bbox 789 5989 843 6025; x_wconf 54' lang='grc'>³⁸</span> <span class='ocrx_word' id='word_1_1087' title='bbox 871 5989 1195 6061; x_wconf 69' lang='grc' dir='ltr'>προελθόντα</span> <span class='ocrx_word' id='word_1_1088' title='bbox 1229 5992 1361 6048; x_wconf 83' lang='lat' dir='ltr'>Edd.</span> 
     </span>
    </p>
   </div>
   <div class='ocr_carea' id='block_1_132' title="bbox 2504 5861 3777 5938">
    <p class='ocr_par' dir='ltr' id='par_1_132' title="bbox 2504 5861 3777 5938">
     <span class='ocr_line' id='line_1_132' title="bbox 2504 5861 3777 5938; baseline 0.013 -30"><span class='ocrx_word' id='word_1_1089' title='bbox 2504 5861 2549 5938; x_wconf 60' lang='grc' dir='ltr'>’ξ</span> <span class='ocrx_word' id='word_1_1090' title='bbox 2566 5863 2650 5938; x_wconf 70' lang='grc' dir='ltr'>εζη</span> <span class='ocrx_word' id='word_1_1091' title='bbox 2764 5863 2833 5918; x_wconf 82' lang='grc' dir='ltr'>Μ.</span> <span class='ocrx_word' id='word_1_1092' title='bbox 2858 5865 3106 5938; x_wconf 73' lang='lat' dir='ltr'>correxit</span> <span class='ocrx_word' id='word_1_1093' title='bbox 3133 5867 3346 5938; x_wconf 75' lang='lat' dir='ltr'>Monlef.</span> <span class='ocrx_word' id='word_1_1094' title='bbox 3440 5871 3482 5900; x_wconf 80' lang='lat'><strong>&quot;</strong></span> <span class='ocrx_word' id='word_1_1095' title='bbox 3502 5861 3777 5923; x_wconf 64' lang='grc' dir='ltr'>ἐνδείκνῦο</span> 
     </span>
    </p>
   </div>
   <div class='ocr_carea' id='block_1_133' title="bbox 878 5922 1984 6012">
    <p class='ocr_par' dir='ltr' id='par_1_133' title="bbox 878 5922 1984 6012">
     <span class='ocr_line' id='line_1_133' title="bbox 878 5922 1984 6012; baseline 0.002 -36"><span class='ocrx_word' id='word_1_1096' title='bbox 878 5922 1366 6012; x_wconf 26' lang='grc' dir='ltr'>μηπαραίμυθξῖται</span> <span class='ocrx_word' id='word_1_1097' title='bbox 1395 5922 1470 5979; x_wconf 70' lang='grc' dir='ltr'>(ἶ.</span> <span class='ocrx_word' id='word_1_1098' title='bbox 1552 5925 1597 5955; x_wconf 77' lang='grc'><strong>⁸⁸</strong></span> <span class='ocrx_word' id='word_1_1099' title='bbox 1626 5922 1824 5994; x_wconf 80' lang='grc' dir='ltr'>δηλῶν]</span> <span class='ocrx_word' id='word_1_1100' title='bbox 1852 5923 1984 5978; x_wconf 65' lang='grc' dir='ltr'>δεικπ</span> 
     </span>
    </p>
   </div>
   <div class='ocr_carea' id='block_1_134' title="bbox 2137 5922 3777 6012">
    <p class='ocr_par' dir='ltr' id='par_1_134' title="bbox 2137 5922 3777 6012">
     <span class='ocr_line' id='line_1_134' title="bbox 2137 5922 3777 6012; baseline 0.008 -29"><span class='ocrx_word' id='word_1_1101' title='bbox 2137 5922 2228 5985; x_wconf 79' lang='lat' dir='ltr'><strong>dd.</strong></span> <span class='ocrx_word' id='word_1_1102' title='bbox 2263 5922 2360 5986; x_wconf 79' lang='lat' dir='ltr'><strong><em>llic</em></strong></span> <span class='ocrx_word' id='word_1_1103' title='bbox 2383 5930 2492 5986; x_wconf 90' lang='lat' dir='ltr'><strong>duo</strong></span> <span class='ocrx_word' id='word_1_1104' title='bbox 2522 5922 2650 5987; x_wconf 67' lang='lat' dir='ltr'>folizi</span> <span class='ocrx_word' id='word_1_1105' title='bbox 2682 5933 2880 5990; x_wconf 77' lang='lat' dir='ltr'>desunt</span> <span class='ocrx_word' id='word_1_1106' title='bbox 2914 5937 2965 5990; x_wconf 92' lang='lat' dir='ltr'><strong>in</strong></span> <span class='ocrx_word' id='word_1_1107' title='bbox 3000 5937 3119 5993; x_wconf 84' lang='lat' dir='ltr'>cod.</span> <span class='ocrx_word' id='word_1_1108' title='bbox 3147 5938 3214 5991; x_wconf 85' lang='grc' dir='ltr'>Μ.</span> <span class='ocrx_word' id='word_1_1109' title='bbox 3242 5922 3331 6009; x_wconf 74' lang='grc' dir='ltr'>ῳίὶ</span> <span class='ocrx_word' id='word_1_1110' title='bbox 3369 5955 3557 5994; x_wconf 86' lang='lat' dir='ltr'>rursus</span> <span class='ocrx_word' id='word_1_1111' title='bbox 3580 5922 3777 6012; x_wconf 56' lang='lat' dir='ltr'>incipit</span> 
     </span>
    </p>
   </div>
  </div>
