  <div class='ocr_page' id='page_1' title='image "/cluster/home/n/w/nwhite01/storage/ocr_20150623/58/mdp.39015008622634/048.png"; bbox 0 0 4028 6152; ppageno 0'>
   <div class='ocr_carea' id='block_1_1' title="bbox 364 422 1943 510">
    <p class='ocr_par' dir='ltr' id='par_1_1' title="bbox 364 422 1943 510">
     <span class='ocr_line' id='line_1_1' title="bbox 364 422 1943 510; baseline -0.015 -15"><span class='ocrx_word' id='word_1_1' title='bbox 364 438 533 510; x_wconf 69' lang='lat' dir='ltr'><strong>nugis</strong></span> <span class='ocrx_word' id='word_1_2' title='bbox 560 435 682 492; x_wconf 87' lang='lat' dir='ltr'><strong>illos</strong></span> <span class='ocrx_word' id='word_1_3' title='bbox 708 431 1072 499; x_wconf 80' lang='lat' dir='ltr'><strong>inﬂammavit,</strong></span> <span class='ocrx_word' id='word_1_4' title='bbox 1104 438 1165 486; x_wconf 90' lang='lat' dir='ltr'><strong>ut</strong></span> <span class='ocrx_word' id='word_1_5' title='bbox 1192 429 1272 486; x_wconf 82' lang='lat' dir='ltr'><strong>sui</strong></span> <span class='ocrx_word' id='word_1_6' title='bbox 1296 439 1604 500; x_wconf 85' lang='lat' dir='ltr'><strong>perpetuam</strong></span> <span class='ocrx_word' id='word_1_7' title='bbox 1630 422 1943 480; x_wconf 76' lang='lat' dir='ltr'><strong>memoriam</strong></span> 
     </span>
    </p>
   </div>
   <div class='ocr_carea' id='block_1_2' title="bbox 364 511 1943 586">
    <p class='ocr_par' dir='ltr' id='par_1_2' title="bbox 364 511 1943 586">
     <span class='ocr_line' id='line_1_2' title="bbox 364 511 1943 586; baseline -0.013 0"><span class='ocrx_word' id='word_1_8' title='bbox 364 531 675 586; x_wconf 79' lang='lat' dir='ltr'><strong>retinerent.</strong></span> <span class='ocrx_word' id='word_1_9' title='bbox 705 528 829 583; x_wconf 86' lang='lat' dir='ltr'><strong>Ideo</strong></span> <span class='ocrx_word' id='word_1_10' title='bbox 852 542 958 582; x_wconf 91' lang='lat' dir='ltr'><strong>non</strong></span> <span class='ocrx_word' id='word_1_11' title='bbox 990 526 1169 581; x_wconf 93' lang='lat' dir='ltr'><strong>statim</strong></span> <span class='ocrx_word' id='word_1_12' title='bbox 1198 523 1303 577; x_wconf 82' lang='lat' dir='ltr'><strong>illis</strong></span> <span class='ocrx_word' id='word_1_13' title='bbox 1329 520 1496 575; x_wconf 80' lang='lat' dir='ltr'><strong>adluit</strong></span> <span class='ocrx_word' id='word_1_14' title='bbox 1523 537 1538 574; x_wconf 92' lang='lat'><strong>:</strong></span> <span class='ocrx_word' id='word_1_15' title='bbox 1571 532 1692 572; x_wconf 88' lang='lat' dir='ltr'><strong>nam</strong></span> <span class='ocrx_word' id='word_1_16' title='bbox 1718 516 1795 570; x_wconf 88' lang='lat' dir='ltr'><strong>ait</strong></span> <span class='ocrx_word' id='word_1_17' title='bbox 1816 532 1832 569; x_wconf 89' lang='lat'><strong>:</strong></span> <span class='ocrx_word' id='word_1_18' title='bbox 1851 511 1943 569; x_wconf 75' lang='lat'><strong>9.5.</strong></span> 
     </span>
    </p>
   </div>
   <div class='ocr_carea' id='block_1_3' title="bbox 368 609 1948 689">
    <p class='ocr_par' dir='ltr' id='par_1_3' title="bbox 368 609 1948 689">
     <span class='ocr_line' id='line_1_3' title="bbox 368 609 1948 689; baseline -0.013 -12"><span class='ocrx_word' id='word_1_19' title='bbox 368 621 569 689; x_wconf 69' lang='lat' dir='ltr'><strong>Quarta</strong></span> <span class='ocrx_word' id='word_1_20' title='bbox 611 618 840 675; x_wconf 84' lang='lat' dir='ltr'><strong>custodia</strong></span> <span class='ocrx_word' id='word_1_21' title='bbox 878 616 1040 673; x_wconf 79' lang='lat' dir='ltr'><strong>uectis</strong></span> <span class='ocrx_word' id='word_1_22' title='bbox 1080 615 1211 671; x_wconf 66' lang='lat' dir='ltr'><strong>venit</strong></span> <span class='ocrx_word' id='word_1_23' title='bbox 1253 613 1321 667; x_wconf 85' lang='lat' dir='ltr'><strong>ad</strong></span> <span class='ocrx_word' id='word_1_24' title='bbox 1356 629 1442 668; x_wconf 82' lang='lat' dir='ltr'><strong>eos</strong></span> <span class='ocrx_word' id='word_1_25' title='bbox 1482 609 1749 665; x_wconf 75' lang='lat' dir='ltr'><strong>ambulans</strong></span> <span class='ocrx_word' id='word_1_26' title='bbox 1791 620 1948 676; x_wconf 80' lang='lat' dir='ltr'><strong>supra</strong></span> 
     </span>
    </p>
   </div>
   <div class='ocr_carea' id='block_1_4' title="bbox 364 700 1948 780">
    <p class='ocr_par' dir='ltr' id='par_1_4' title="bbox 364 700 1948 780">
     <span class='ocr_line' id='line_1_4' title="bbox 364 700 1948 780; baseline -0.011 -12"><span class='ocrx_word' id='word_1_27' title='bbox 364 729 542 780; x_wconf 76' lang='lat' dir='ltr'><strong>mare;</strong></span> <span class='ocrx_word' id='word_1_28' title='bbox 571 721 629 766; x_wconf 90' lang='lat' dir='ltr'><strong>ut</strong></span> <span class='ocrx_word' id='word_1_29' title='bbox 653 709 871 766; x_wconf 84' lang='lat' dir='ltr'><strong>doceret</strong></span> <span class='ocrx_word' id='word_1_30' title='bbox 893 708 1013 764; x_wconf 87' lang='lat' dir='ltr'><strong>illos</strong></span> <span class='ocrx_word' id='word_1_31' title='bbox 1041 721 1109 761; x_wconf 86' lang='lat' dir='ltr'><strong>ne</strong></span> <span class='ocrx_word' id='word_1_32' title='bbox 1128 704 1387 760; x_wconf 85' lang='lat' dir='ltr'><strong>malorum</strong></span> <span class='ocrx_word' id='word_1_33' title='bbox 1418 704 1585 757; x_wconf 76' lang='lat' dir='ltr'><strong>linem</strong></span> <span class='ocrx_word' id='word_1_34' title='bbox 1608 700 1718 754; x_wconf 88' lang='lat' dir='ltr'><strong>cito</strong></span> <span class='ocrx_word' id='word_1_35' title='bbox 1738 710 1948 768; x_wconf 65' lang='lat' dir='ltr'><strong>quaere-</strong></span> 
     </span>
    </p>
   </div>
   <div class='ocr_carea' id='block_1_5' title="bbox 372 787 1951 872">
    <p class='ocr_par' dir='ltr' id='par_1_5' title="bbox 372 787 1951 872">
     <span class='ocr_line' id='line_1_5' title="bbox 372 787 1951 872; baseline -0.013 -11"><span class='ocrx_word' id='word_1_36' title='bbox 372 812 512 870; x_wconf 76' lang='lat' dir='ltr'><strong>rent,</strong></span> <span class='ocrx_word' id='word_1_37' title='bbox 551 802 646 858; x_wconf 86' lang='lat' dir='ltr'><strong>sed</strong></span> <span class='ocrx_word' id='word_1_38' title='bbox 685 817 806 872; x_wconf 71' lang='lat' dir='ltr'><strong>qua:</strong></span> <span class='ocrx_word' id='word_1_39' title='bbox 844 798 1158 856; x_wconf 83' lang='lat' dir='ltr'><strong>accidebant</strong></span> <span class='ocrx_word' id='word_1_40' title='bbox 1204 796 1412 851; x_wconf 84' lang='lat' dir='ltr'><strong>fortiter</strong></span> <span class='ocrx_word' id='word_1_41' title='bbox 1458 794 1678 848; x_wconf 88' lang='lat' dir='ltr'><strong>ferrent.</strong></span> <span class='ocrx_word' id='word_1_42' title='bbox 1726 787 1951 857; x_wconf 85' lang='lat' dir='ltr'><strong>Quando</strong></span> 
     </span>
    </p>
   </div>
   <div class='ocr_carea' id='block_1_6' title="bbox 368 888 1950 968">
    <p class='ocr_par' dir='ltr' id='par_1_6' title="bbox 368 888 1950 968">
     <span class='ocr_line' id='line_1_6' title="bbox 368 888 1950 968; baseline -0.011 -15"><span class='ocrx_word' id='word_1_43' title='bbox 368 899 530 968; x_wconf 76' lang='lat' dir='ltr'><strong>igitur</strong></span> <span class='ocrx_word' id='word_1_44' title='bbox 554 891 937 965; x_wconf 77' lang='lat' dir='ltr'><strong>exspectabant</strong></span> <span class='ocrx_word' id='word_1_45' title='bbox 972 906 1033 948; x_wconf 89' lang='lat' dir='ltr'><strong>se</strong></span> <span class='ocrx_word' id='word_1_46' title='bbox 1080 888 1383 945; x_wconf 89' lang='lat' dir='ltr'><strong>liberandos</strong></span> <span class='ocrx_word' id='word_1_47' title='bbox 1419 901 1560 951; x_wconf 87' lang='lat' dir='ltr'><strong>esse,</strong></span> <span class='ocrx_word' id='word_1_48' title='bbox 1592 896 1702 939; x_wconf 90' lang='lat' dir='ltr'><strong>tum</strong></span> <span class='ocrx_word' id='word_1_49' title='bbox 1739 892 1950 937; x_wconf 84' lang='lat' dir='ltr'><strong>auctum</strong></span> 
     </span>
    </p>
   </div>
   <div class='ocr_carea' id='block_1_7' title="bbox 370 973 1954 1057">
    <p class='ocr_par' dir='ltr' id='par_1_7' title="bbox 370 973 1954 1057">
     <span class='ocr_line' id='line_1_7' title="bbox 370 973 1954 1057; baseline -0.012 -13"><span class='ocrx_word' id='word_1_50' title='bbox 370 998 459 1043; x_wconf 81' lang='lat' dir='ltr'><strong>est</strong></span> <span class='ocrx_word' id='word_1_51' title='bbox 482 987 774 1057; x_wconf 86' lang='lat' dir='ltr'><strong>periculum</strong></span> <span class='ocrx_word' id='word_1_52' title='bbox 797 993 854 1040; x_wconf 91' lang='lat' dir='ltr'><strong>et</strong></span> <span class='ocrx_word' id='word_1_53' title='bbox 886 984 1045 1038; x_wconf 85' lang='lat' dir='ltr'><strong>timor</strong></span> <span class='ocrx_word' id='word_1_54' title='bbox 1068 982 1276 1051; x_wconf 89' lang='lat' dir='ltr'><strong>major:</strong></span> <span class='ocrx_word' id='word_1_55' title='bbox 1307 995 1430 1035; x_wconf 87' lang='lat' dir='ltr'><strong>nam</strong></span> <span class='ocrx_word' id='word_1_56' title='bbox 1459 977 1629 1048; x_wconf 85' lang='lat' dir='ltr'><strong>inquit</strong></span> <span class='ocrx_word' id='word_1_57' title='bbox 1656 975 1782 1032; x_wconf 74' lang='lat' dir='ltr'><strong>:iﬁ.</strong></span> <span class='ocrx_word' id='word_1_58' title='bbox 1826 973 1954 1028; x_wconf 82' lang='lat' dir='ltr'><strong>Cum</strong></span> 
     </span>
    </p>
   </div>
   <div class='ocr_carea' id='block_1_8' title="bbox 370 1065 1955 1147">
    <p class='ocr_par' dir='ltr' id='par_1_8' title="bbox 370 1065 1955 1147">
     <span class='ocr_line' id='line_1_8' title="bbox 370 1065 1955 1147; baseline -0.01 -12"><span class='ocrx_word' id='word_1_59' title='bbox 370 1080 596 1135; x_wconf 74' lang='lat' dir='ltr'><strong>riderent</strong></span> <span class='ocrx_word' id='word_1_60' title='bbox 620 1094 735 1132; x_wconf 84' lang='lat' dir='ltr'><strong>eum</strong></span> <span class='ocrx_word' id='word_1_61' title='bbox 757 1074 994 1147; x_wconf 82' lang='lat' dir='ltr'><strong>discipuli</strong></span> <span class='ocrx_word' id='word_1_62' title='bbox 1017 1073 1360 1129; x_wconf 75' lang='lat' dir='ltr'><strong>ambulantem</strong></span> <span class='ocrx_word' id='word_1_63' title='bbox 1399 1086 1557 1139; x_wconf 89' lang='lat' dir='ltr'><strong>supra</strong></span> <span class='ocrx_word' id='word_1_64' title='bbox 1584 1083 1743 1129; x_wconf 85' lang='lat' dir='ltr'><strong>mare,</strong></span> <span class='ocrx_word' id='word_1_65' title='bbox 1770 1065 1955 1120; x_wconf 85' lang='lat' dir='ltr'><strong>turbati</strong></span> 
     </span>
    </p>
   </div>
   <div class='ocr_carea' id='block_1_9' title="bbox 371 1157 1958 1236">
    <p class='ocr_par' dir='ltr' id='par_1_9' title="bbox 371 1157 1958 1236">
     <span class='ocr_line' id='line_1_9' title="bbox 371 1157 1958 1236; baseline -0.009 -13"><span class='ocrx_word' id='word_1_66' title='bbox 371 1179 511 1233; x_wconf 79' lang='lat' dir='ltr'><strong>sunt,</strong></span> <span class='ocrx_word' id='word_1_67' title='bbox 541 1169 760 1222; x_wconf 80' lang='lat' dir='ltr'><strong>dicentes</strong></span> <span class='ocrx_word' id='word_1_68' title='bbox 785 1168 1085 1236; x_wconf 83' lang='lat' dir='ltr'><strong>phantasma</strong></span> <span class='ocrx_word' id='word_1_69' title='bbox 1122 1179 1251 1229; x_wconf 80' lang='lat' dir='ltr'><strong>esse,</strong></span> <span class='ocrx_word' id='word_1_70' title='bbox 1280 1171 1327 1216; x_wconf 90' lang='lat' dir='ltr'><strong>et</strong></span> <span class='ocrx_word' id='word_1_71' title='bbox 1353 1176 1459 1231; x_wconf 70' lang='lat' dir='ltr'><strong>prta</strong></span> <span class='ocrx_word' id='word_1_72' title='bbox 1494 1159 1673 1213; x_wconf 78' lang='lat' dir='ltr'><strong>timore</strong></span> <span class='ocrx_word' id='word_1_73' title='bbox 1706 1157 1958 1211; x_wconf 78' lang='lat' dir='ltr'><strong>clamaue-</strong></span> 
     </span>
    </p>
   </div>
   <div class='ocr_carea' id='block_1_10' title="bbox 256 1248 1959 1347">
    <p class='ocr_par' dir='ltr' id='par_1_10' title="bbox 256 1248 1959 1347">
     <span class='ocr_line' id='line_1_10' title="bbox 256 1248 1959 1347; baseline -0.009 -30"><span class='ocrx_word' id='word_1_74' title='bbox 256 1332 268 1347; x_wconf 38' lang='grc'>,</span> <span class='ocrx_word' id='word_1_75' title='bbox 374 1271 516 1316; x_wconf 78' lang='lat' dir='ltr'><strong>runt.</strong></span> <span class='ocrx_word' id='word_1_76' title='bbox 545 1260 768 1329; x_wconf 83' lang='lat' dir='ltr'><strong>Semper</strong></span> <span class='ocrx_word' id='word_1_77' title='bbox 790 1258 933 1315; x_wconf 86' lang='lat' dir='ltr'><strong>enim</strong></span> <span class='ocrx_word' id='word_1_78' title='bbox 970 1256 1074 1312; x_wconf 89' lang='lat' dir='ltr'><strong>hoc</strong></span> <span class='ocrx_word' id='word_1_79' title='bbox 1111 1255 1238 1311; x_wconf 80' lang='lat' dir='ltr'><strong>facit</strong></span> <span class='ocrx_word' id='word_1_80' title='bbox 1266 1272 1281 1309; x_wconf 91' lang='lat'><strong>:</strong></span> <span class='ocrx_word' id='word_1_81' title='bbox 1309 1268 1431 1310; x_wconf 89' lang='lat' dir='ltr'><strong>cum</strong></span> <span class='ocrx_word' id='word_1_82' title='bbox 1451 1264 1721 1307; x_wconf 80' lang='lat' dir='ltr'><strong>:erumnas</strong></span> <span class='ocrx_word' id='word_1_83' title='bbox 1755 1248 1959 1305; x_wconf 86' lang='lat' dir='ltr'><strong>solutu-</strong></span> 
     </span>
    </p>
   </div>
   <div class='ocr_carea' id='block_1_11' title="bbox 378 1340 1958 1422">
    <p class='ocr_par' dir='ltr' id='par_1_11' title="bbox 378 1340 1958 1422">
     <span class='ocr_line' id='line_1_11' title="bbox 378 1340 1958 1422; baseline -0.007 -13"><span class='ocrx_word' id='word_1_84' title='bbox 378 1369 473 1409; x_wconf 84' lang='lat' dir='ltr'><strong>rus</strong></span> <span class='ocrx_word' id='word_1_85' title='bbox 498 1362 604 1418; x_wconf 86' lang='lat' dir='ltr'><strong>cst,</strong></span> <span class='ocrx_word' id='word_1_86' title='bbox 632 1353 765 1407; x_wconf 89' lang='lat' dir='ltr'><strong>alias</strong></span> <span class='ocrx_word' id='word_1_87' title='bbox 788 1350 1065 1422; x_wconf 75' lang='lat' dir='ltr'><strong>graviores</strong></span> <span class='ocrx_word' id='word_1_88' title='bbox 1105 1348 1267 1404; x_wconf 79' lang='lat' dir='ltr'><strong>infert</strong></span> <span class='ocrx_word' id='word_1_89' title='bbox 1309 1359 1363 1403; x_wconf 89' lang='lat' dir='ltr'><strong>et</strong></span> <span class='ocrx_word' id='word_1_90' title='bbox 1400 1344 1747 1402; x_wconf 87' lang='lat' dir='ltr'><strong>terribiliores</strong></span> <span class='ocrx_word' id='word_1_91' title='bbox 1773 1360 1788 1398; x_wconf 90' lang='lat'><strong>:</strong></span> <span class='ocrx_word' id='word_1_92' title='bbox 1814 1340 1958 1413; x_wconf 84' lang='lat' dir='ltr'><strong>quod</strong></span> 
     </span>
    </p>
   </div>
   <div class='ocr_carea' id='block_1_12' title="bbox 377 1435 1963 1513">
    <p class='ocr_par' dir='ltr' id='par_1_12' title="bbox 377 1435 1963 1513">
     <span class='ocr_line' id='line_1_12' title="bbox 377 1435 1963 1513; baseline -0.008 -13"><span class='ocrx_word' id='word_1_93' title='bbox 377 1445 542 1500; x_wconf 88' lang='lat' dir='ltr'><strong>etiam</strong></span> <span class='ocrx_word' id='word_1_94' title='bbox 574 1453 698 1499; x_wconf 90' lang='lat' dir='ltr'><strong>tune</strong></span> <span class='ocrx_word' id='word_1_95' title='bbox 735 1441 979 1513; x_wconf 72' lang='lat' dir='ltr'><strong>contigit.</strong></span> <span class='ocrx_word' id='word_1_96' title='bbox 1020 1440 1152 1495; x_wconf 83' lang='lat' dir='ltr'><strong>Nam</strong></span> <span class='ocrx_word' id='word_1_97' title='bbox 1190 1447 1247 1495; x_wconf 89' lang='lat' dir='ltr'><strong>et</strong></span> <span class='ocrx_word' id='word_1_98' title='bbox 1290 1444 1599 1507; x_wconf 88' lang='lat' dir='ltr'><strong>tempestas,</strong></span> <span class='ocrx_word' id='word_1_99' title='bbox 1644 1449 1744 1491; x_wconf 92' lang='lat' dir='ltr'><strong>nec</strong></span> <span class='ocrx_word' id='word_1_100' title='bbox 1784 1435 1963 1489; x_wconf 82' lang='lat' dir='ltr'><strong>minus</strong></span> 
     </span>
    </p>
   </div>
   <div class='ocr_carea' id='block_1_13' title="bbox 379 1523 1962 1602">
    <p class='ocr_par' dir='ltr' id='par_1_13' title="bbox 379 1523 1962 1602">
     <span class='ocr_line' id='line_1_13' title="bbox 379 1523 1962 1602; baseline -0.005 -15"><span class='ocrx_word' id='word_1_101' title='bbox 379 1536 557 1589; x_wconf 87' lang='lat' dir='ltr'><strong>visum</strong></span> <span class='ocrx_word' id='word_1_102' title='bbox 584 1533 729 1596; x_wconf 76' lang='lat' dir='ltr'><strong>illud,</strong></span> <span class='ocrx_word' id='word_1_103' title='bbox 762 1534 907 1602; x_wconf 81' lang='lat' dir='ltr'><strong>ipsos</strong></span> <span class='ocrx_word' id='word_1_104' title='bbox 933 1531 1185 1597; x_wconf 81' lang='lat' dir='ltr'><strong>turbavit,</strong></span> <span class='ocrx_word' id='word_1_105' title='bbox 1217 1529 1341 1584; x_wconf 90' lang='lat' dir='ltr'><strong>ideo</strong></span> <span class='ocrx_word' id='word_1_106' title='bbox 1379 1543 1553 1599; x_wconf 88' lang='lat' dir='ltr'><strong>neque</strong></span> <span class='ocrx_word' id='word_1_107' title='bbox 1577 1527 1823 1582; x_wconf 78' lang='lat' dir='ltr'><strong>tenebras</strong></span> <span class='ocrx_word' id='word_1_108' title='bbox 1850 1523 1962 1579; x_wconf 85' lang='lat' dir='ltr'><strong>sol-</strong></span> 
     </span>
    </p>
   </div>
   <div class='ocr_carea' id='block_1_14' title="bbox 380 1617 1965 1697">
    <p class='ocr_par' dir='ltr' id='par_1_14' title="bbox 380 1617 1965 1697">
     <span class='ocr_line' id='line_1_14' title="bbox 380 1617 1965 1697; baseline -0.008 -16"><span class='ocrx_word' id='word_1_109' title='bbox 380 1628 477 1694; x_wconf 89' lang='lat' dir='ltr'><strong>vit,</strong></span> <span class='ocrx_word' id='word_1_110' title='bbox 508 1643 682 1697; x_wconf 88' lang='lat' dir='ltr'><strong>neque</strong></span> <span class='ocrx_word' id='word_1_111' title='bbox 705 1626 939 1695; x_wconf 89' lang='lat' dir='ltr'><strong>seipsum</strong></span> <span class='ocrx_word' id='word_1_112' title='bbox 978 1625 1156 1680; x_wconf 82' lang='lat' dir='ltr'><strong>statim</strong></span> <span class='ocrx_word' id='word_1_113' title='bbox 1177 1620 1430 1688; x_wconf 73' lang='lat' dir='ltr'><strong>ostendit,</strong></span> <span class='ocrx_word' id='word_1_114' title='bbox 1456 1632 1714 1675; x_wconf 66' lang='lat' dir='ltr'><strong>caeneus</strong></span> <span class='ocrx_word' id='word_1_115' title='bbox 1740 1617 1878 1677; x_wconf 80' lang='lat' dir='ltr'><strong>illos.</strong></span> <span class='ocrx_word' id='word_1_116' title='bbox 1905 1622 1965 1670; x_wconf 88' lang='lat' dir='ltr'><strong>ut</strong></span> 
     </span>
    </p>
   </div>
   <div class='ocr_carea' id='block_1_15' title="bbox 380 1709 1966 1789">
    <p class='ocr_par' dir='ltr' id='par_1_15' title="bbox 380 1709 1966 1789">
     <span class='ocr_line' id='line_1_15' title="bbox 380 1709 1966 1789; baseline -0.009 -16"><span class='ocrx_word' id='word_1_117' title='bbox 380 1719 514 1782; x_wconf 88' lang='lat' dir='ltr'><strong>dtxi,</strong></span> <span class='ocrx_word' id='word_1_118' title='bbox 542 1733 637 1789; x_wconf 89' lang='lat' dir='ltr'><strong>per</strong></span> <span class='ocrx_word' id='word_1_119' title='bbox 661 1725 923 1773; x_wconf 88' lang='lat' dir='ltr'><strong>terrorum</strong></span> <span class='ocrx_word' id='word_1_120' title='bbox 958 1714 1345 1780; x_wconf 78' lang='lat' dir='ltr'><strong>assiduitatem,</strong></span> <span class='ocrx_word' id='word_1_121' title='bbox 1368 1722 1424 1767; x_wconf 91' lang='lat' dir='ltr'><strong>et</strong></span> <span class='ocrx_word' id='word_1_122' title='bbox 1450 1712 1656 1767; x_wconf 78' lang='lat' dir='ltr'><strong>docens</strong></span> <span class='ocrx_word' id='word_1_123' title='bbox 1673 1718 1731 1765; x_wconf 91' lang='lat' dir='ltr'><strong>ut</strong></span> <span class='ocrx_word' id='word_1_124' title='bbox 1762 1709 1966 1779; x_wconf 82' lang='lat' dir='ltr'><strong>patien-</strong></span> 
     </span>
    </p>
   </div>
   <div class='ocr_carea' id='block_1_16' title="bbox 383 1803 1967 1866">
    <p class='ocr_par' dir='ltr' id='par_1_16' title="bbox 383 1803 1967 1866">
     <span class='ocr_line' id='line_1_16' title="bbox 383 1803 1967 1866; baseline -0.005 -2"><span class='ocrx_word' id='word_1_125' title='bbox 383 1820 466 1865; x_wconf 87' lang='lat' dir='ltr'><strong>tes</strong></span> <span class='ocrx_word' id='word_1_126' title='bbox 487 1814 688 1866; x_wconf 87' lang='lat' dir='ltr'><strong>essent.</strong></span> <span class='ocrx_word' id='word_1_127' title='bbox 711 1806 823 1863; x_wconf 77' lang='lat' dir='ltr'><strong>lloc</strong></span> <span class='ocrx_word' id='word_1_128' title='bbox 842 1815 898 1863; x_wconf 91' lang='lat' dir='ltr'><strong>et</strong></span> <span class='ocrx_word' id='word_1_129' title='bbox 926 1807 978 1861; x_wconf 93' lang='lat' dir='ltr'><strong>in</strong></span> <span class='ocrx_word' id='word_1_130' title='bbox 1004 1805 1141 1863; x_wconf 82' lang='lat' dir='ltr'><strong>Jobo</strong></span> <span class='ocrx_word' id='word_1_131' title='bbox 1171 1804 1330 1865; x_wconf 84' lang='lat' dir='ltr'><strong>fecit;</strong></span> <span class='ocrx_word' id='word_1_132' title='bbox 1357 1818 1479 1859; x_wconf 90' lang='lat' dir='ltr'><strong>cum</strong></span> <span class='ocrx_word' id='word_1_133' title='bbox 1514 1803 1657 1857; x_wconf 89' lang='lat' dir='ltr'><strong>enim</strong></span> <span class='ocrx_word' id='word_1_134' title='bbox 1687 1810 1887 1856; x_wconf 89' lang='lat' dir='ltr'><strong>metum</strong></span> <span class='ocrx_word' id='word_1_135' title='bbox 1912 1811 1967 1856; x_wconf 89' lang='lat' dir='ltr'><strong>et</strong></span> 
     </span>
    </p>
   </div>
   <div class='ocr_carea' id='block_1_17' title="bbox 383 1891 1968 1963">
    <p class='ocr_par' dir='ltr' id='par_1_17' title="bbox 383 1891 1968 1963">
     <span class='ocr_line' id='line_1_17' title="bbox 383 1891 1968 1963; baseline -0.007 -7"><span class='ocrx_word' id='word_1_136' title='bbox 383 1901 734 1956; x_wconf 62' lang='lat' dir='ltr'><strong>mutationem</strong></span> <span class='ocrx_word' id='word_1_137' title='bbox 764 1898 1032 1954; x_wconf 84' lang='lat' dir='ltr'><strong>soluturus</strong></span> <span class='ocrx_word' id='word_1_138' title='bbox 1056 1905 1191 1963; x_wconf 77' lang='lat' dir='ltr'><strong>erat,</strong></span> <span class='ocrx_word' id='word_1_139' title='bbox 1227 1906 1354 1951; x_wconf 80' lang='lat' dir='ltr'><strong>tunc</strong></span> <span class='ocrx_word' id='word_1_140' title='bbox 1401 1895 1558 1949; x_wconf 88' lang='lat' dir='ltr'><strong>linem</strong></span> <span class='ocrx_word' id='word_1_141' title='bbox 1586 1891 1822 1963; x_wconf 83' lang='lat' dir='ltr'><strong>permisit</strong></span> <span class='ocrx_word' id='word_1_142' title='bbox 1846 1906 1968 1945; x_wconf 83' lang='lat' dir='ltr'><strong>esse</strong></span> 
     </span>
    </p>
   </div>
   <div class='ocr_carea' id='block_1_18' title="bbox 384 1983 1975 2061">
    <p class='ocr_par' dir='ltr' id='par_1_18' title="bbox 384 1983 1975 2061">
     <span class='ocr_line' id='line_1_18' title="bbox 384 1983 1975 2061; baseline -0.005 -16"><span class='ocrx_word' id='word_1_143' title='bbox 384 1990 684 2061; x_wconf 80' lang='lat' dir='ltr'><strong>graviorem</strong></span> <span class='ocrx_word' id='word_1_144' title='bbox 710 2004 729 2054; x_wconf 85' lang='lat'><strong>;</strong></span> <span class='ocrx_word' id='word_1_145' title='bbox 764 2005 873 2051; x_wconf 87' lang='lat' dir='ltr'><strong>non</strong></span> <span class='ocrx_word' id='word_1_146' title='bbox 913 2004 980 2044; x_wconf 91' lang='lat' dir='ltr'><strong>ex</strong></span> <span class='ocrx_word' id='word_1_147' title='bbox 1005 1996 1180 2043; x_wconf 90' lang='lat' dir='ltr'><strong>morte</strong></span> <span class='ocrx_word' id='word_1_148' title='bbox 1202 1986 1457 2050; x_wconf 85' lang='lat' dir='ltr'><strong>ﬁliorum,</strong></span> <span class='ocrx_word' id='word_1_149' title='bbox 1485 1999 1658 2054; x_wconf 80' lang='lat' dir='ltr'><strong>neque</strong></span> <span class='ocrx_word' id='word_1_150' title='bbox 1686 1998 1750 2039; x_wconf 84' lang='lat' dir='ltr'><strong>ex</strong></span> <span class='ocrx_word' id='word_1_151' title='bbox 1786 1983 1975 2037; x_wconf 78' lang='lat' dir='ltr'><strong>uxoris</strong></span> 
     </span>
    </p>
   </div>
   <div class='ocr_carea' id='block_1_19' title="bbox 288 2074 1974 2150">
    <p class='ocr_par' dir='ltr' id='par_1_19' title="bbox 288 2074 1974 2150">
     <span class='ocr_line' id='line_1_19' title="bbox 288 2074 1974 2150; baseline -0.004 -16"><span class='ocrx_word' id='word_1_152' title='bbox 288 2084 294 2088; x_wconf 84' lang='lat'>&#39;</span> <span class='ocrx_word' id='word_1_153' title='bbox 386 2081 565 2144; x_wconf 87' lang='lat' dir='ltr'><strong>dictis,</strong></span> <span class='ocrx_word' id='word_1_154' title='bbox 605 2078 702 2136; x_wconf 86' lang='lat' dir='ltr'><strong>sed</strong></span> <span class='ocrx_word' id='word_1_155' title='bbox 730 2093 797 2135; x_wconf 88' lang='lat' dir='ltr'><strong>ex</strong></span> <span class='ocrx_word' id='word_1_156' title='bbox 821 2078 1123 2150; x_wconf 82' lang='lat' dir='ltr'><strong>opprobriis</strong></span> <span class='ocrx_word' id='word_1_157' title='bbox 1160 2091 1440 2134; x_wconf 88' lang='lat' dir='ltr'><strong>servorum</strong></span> <span class='ocrx_word' id='word_1_158' title='bbox 1478 2075 1878 2132; x_wconf 58' lang='lat' dir='ltr'><strong>eramicorum.</strong></span> <span class='ocrx_word' id='word_1_159' title='bbox 1902 2074 1974 2129; x_wconf 86' lang='lat' dir='ltr'><strong>Et</strong></span> 
     </span>
    </p>
   </div>
   <div class='ocr_carea' id='block_1_20' title="bbox 386 2166 1972 2240">
    <p class='ocr_par' dir='ltr' id='par_1_20' title="bbox 386 2166 1972 2240">
     <span class='ocr_line' id='line_1_20' title="bbox 386 2166 1972 2240; baseline -0.004 -14"><span class='ocrx_word' id='word_1_160' title='bbox 386 2186 509 2226; x_wconf 91' lang='lat' dir='ltr'><strong>cum</strong></span> <span class='ocrx_word' id='word_1_161' title='bbox 537 2169 795 2227; x_wconf 68' lang='lat' dir='ltr'><strong>Iacobum</strong></span> <span class='ocrx_word' id='word_1_162' title='bbox 826 2169 877 2224; x_wconf 92' lang='lat' dir='ltr'><strong>in</strong></span> <span class='ocrx_word' id='word_1_163' title='bbox 913 2169 1189 2240; x_wconf 81' lang='lat' dir='ltr'><strong>peregrina</strong></span> <span class='ocrx_word' id='word_1_164' title='bbox 1215 2175 1417 2226; x_wconf 64' lang='grc' dir='ltr'><strong>ωτι-θρα</strong></span> <span class='ocrx_word' id='word_1_165' title='bbox 1451 2166 1666 2223; x_wconf 88' lang='lat' dir='ltr'><strong>miseria</strong></span> <span class='ocrx_word' id='word_1_166' title='bbox 1691 2175 1972 2234; x_wconf 80' lang='lat' dir='ltr'><strong>erepturus</strong></span> 
     </span>
    </p>
   </div>
   <div class='ocr_carea' id='block_1_21' title="bbox 387 2258 1978 2335">
    <p class='ocr_par' dir='ltr' id='par_1_21' title="bbox 387 2258 1978 2335">
     <span class='ocr_line' id='line_1_21' title="bbox 387 2258 1978 2335; baseline -0.006 -15"><span class='ocrx_word' id='word_1_167' title='bbox 387 2273 528 2331; x_wconf 86' lang='lat' dir='ltr'><strong>erat,</strong></span> <span class='ocrx_word' id='word_1_168' title='bbox 558 2264 815 2335; x_wconf 83' lang='lat' dir='ltr'><strong>exagitari</strong></span> <span class='ocrx_word' id='word_1_169' title='bbox 844 2264 993 2319; x_wconf 89' lang='lat' dir='ltr'><strong>illum</strong></span> <span class='ocrx_word' id='word_1_170' title='bbox 1023 2274 1079 2319; x_wconf 91' lang='lat' dir='ltr'><strong>et</strong></span> <span class='ocrx_word' id='word_1_171' title='bbox 1101 2262 1359 2330; x_wconf 82' lang='lat' dir='ltr'><strong>majorem</strong></span> <span class='ocrx_word' id='word_1_172' title='bbox 1382 2261 1585 2331; x_wconf 88' lang='lat' dir='ltr'><strong>perpeti</strong></span> <span class='ocrx_word' id='word_1_173' title='bbox 1617 2258 1742 2314; x_wconf 88' lang='lat' dir='ltr'><strong>sivit</strong></span> <span class='ocrx_word' id='word_1_174' title='bbox 1766 2266 1978 2329; x_wconf 81' lang='lat' dir='ltr'><strong>pertur-</strong></span> 
     </span>
    </p>
   </div>
   <div class='ocr_carea' id='block_1_22' title="bbox 393 2349 1980 2425">
    <p class='ocr_par' dir='ltr' id='par_1_22' title="bbox 393 2349 1980 2425">
     <span class='ocr_line' id='line_1_22' title="bbox 393 2349 1980 2425; baseline -0.006 -11"><span class='ocrx_word' id='word_1_175' title='bbox 393 2357 681 2414; x_wconf 83' lang='lat' dir='ltr'><strong>bationem.</strong></span> <span class='ocrx_word' id='word_1_176' title='bbox 729 2354 863 2411; x_wconf 82' lang='lat' dir='ltr'><strong>Nam</strong></span> <span class='ocrx_word' id='word_1_177' title='bbox 916 2369 1070 2411; x_wconf 90' lang='lat' dir='ltr'><strong>socer</strong></span> <span class='ocrx_word' id='word_1_178' title='bbox 1127 2353 1243 2425; x_wconf 87' lang='lat' dir='ltr'><strong>ejus</strong></span> <span class='ocrx_word' id='word_1_179' title='bbox 1290 2350 1679 2422; x_wconf 84' lang='lat' dir='ltr'><strong>apprehensum</strong></span> <span class='ocrx_word' id='word_1_180' title='bbox 1731 2349 1980 2405; x_wconf 81' lang='lat' dir='ltr'><strong>occidere</strong></span> 
     </span>
    </p>
   </div>
   <div class='ocr_carea' id='block_1_23' title="bbox 394 2442 1974 2517">
    <p class='ocr_par' dir='ltr' id='par_1_23' title="bbox 394 2442 1974 2517">
     <span class='ocr_line' id='line_1_23' title="bbox 394 2442 1974 2517; baseline -0.004 -16"><span class='ocrx_word' id='word_1_181' title='bbox 394 2447 718 2512; x_wconf 79' lang='lat' dir='ltr'><strong>minabatur,</strong></span> <span class='ocrx_word' id='word_1_182' title='bbox 743 2457 800 2502; x_wconf 89' lang='lat' dir='ltr'><strong>et</strong></span> <span class='ocrx_word' id='word_1_183' title='bbox 841 2457 960 2517; x_wconf 84' lang='lat' dir='ltr'><strong>post</strong></span> <span class='ocrx_word' id='word_1_184' title='bbox 998 2447 1145 2502; x_wconf 88' lang='lat' dir='ltr'><strong>illum</strong></span> <span class='ocrx_word' id='word_1_185' title='bbox 1190 2444 1356 2501; x_wconf 81' lang='lat' dir='ltr'><strong>frater</strong></span> <span class='ocrx_word' id='word_1_186' title='bbox 1382 2444 1675 2513; x_wconf 79' lang='lat' dir='ltr'><strong>excipiens,</strong></span> <span class='ocrx_word' id='word_1_187' title='bbox 1704 2442 1758 2497; x_wconf 92' lang='lat' dir='ltr'><strong>in</strong></span> <span class='ocrx_word' id='word_1_188' title='bbox 1794 2451 1974 2497; x_wconf 88' lang='lat' dir='ltr'><strong>extre—</strong></span> 
     </span>
    </p>
   </div>
   <div class='ocr_carea' id='block_1_24' title="bbox 395 2531 1981 2609">
    <p class='ocr_par' dir='ltr' id='par_1_24' title="bbox 395 2531 1981 2609">
     <span class='ocr_line' id='line_1_24' title="bbox 395 2531 1981 2609; baseline -0.005 -16"><span class='ocrx_word' id='word_1_189' title='bbox 395 2554 543 2593; x_wconf 86' lang='lat' dir='ltr'><strong>mum</strong></span> <span class='ocrx_word' id='word_1_190' title='bbox 570 2537 869 2609; x_wconf 86' lang='lat' dir='ltr'><strong>periculum</strong></span> <span class='ocrx_word' id='word_1_191' title='bbox 886 2536 1133 2607; x_wconf 84' lang='lat' dir='ltr'><strong>eoujeeit.</strong></span> <span class='ocrx_word' id='word_1_192' title='bbox 1156 2534 1288 2604; x_wconf 82' lang='lat' dir='ltr'><strong>Quia</strong></span> <span class='ocrx_word' id='word_1_193' title='bbox 1308 2534 1454 2591; x_wconf 87' lang='lat' dir='ltr'><strong>enim</strong></span> <span class='ocrx_word' id='word_1_194' title='bbox 1479 2549 1592 2589; x_wconf 85' lang='lat' dir='ltr'><strong>non</strong></span> <span class='ocrx_word' id='word_1_195' title='bbox 1614 2541 1835 2603; x_wconf 83' lang='lat' dir='ltr'><strong>possum</strong></span> <span class='ocrx_word' id='word_1_196' title='bbox 1848 2531 1981 2600; x_wconf 84' lang='lat' dir='ltr'><strong>justi</strong></span> 
     </span>
    </p>
   </div>
   <div class='ocr_carea' id='block_1_25' title="bbox 396 2626 1983 2700">
    <p class='ocr_par' dir='ltr' id='par_1_25' title="bbox 396 2626 1983 2700">
     <span class='ocr_line' id='line_1_25' title="bbox 396 2626 1983 2700; baseline -0.006 -14"><span class='ocrx_word' id='word_1_197' title='bbox 396 2629 650 2686; x_wconf 91' lang='lat' dir='ltr'><strong>diuturno</strong></span> <span class='ocrx_word' id='word_1_198' title='bbox 676 2638 915 2700; x_wconf 79' lang='lat' dir='ltr'><strong>tempore</strong></span> <span class='ocrx_word' id='word_1_199' title='bbox 939 2630 1288 2684; x_wconf 86' lang='lat' dir='ltr'><strong>vehementer</strong></span> <span class='ocrx_word' id='word_1_200' title='bbox 1315 2626 1693 2694; x_wconf 51' lang='lat' dir='ltr'><strong>tentarireutn.</strong></span> <span class='ocrx_word' id='word_1_201' title='bbox 1706 2642 1791 2682; x_wconf 81' lang='lat' dir='ltr'><strong>ex.</strong></span> <span class='ocrx_word' id='word_1_202' title='bbox 1810 2634 1983 2681; x_wconf 40' lang='lat' dir='ltr'><strong>certas</strong></span> 
     </span>
    </p>
   </div>
   <div class='ocr_carea' id='block_1_26' title="bbox 399 2719 1992 2789">
    <p class='ocr_par' dir='ltr' id='par_1_26' title="bbox 399 2719 1992 2789">
     <span class='ocr_line' id='line_1_26' title="bbox 399 2719 1992 2789; baseline -0.005 -11"><span class='ocrx_word' id='word_1_203' title='bbox 399 2724 547 2778; x_wconf 84' lang='lat' dir='ltr'><strong>mine</strong></span> <span class='ocrx_word' id='word_1_204' title='bbox 573 2721 793 2777; x_wconf 81' lang='lat' dir='ltr'><strong>evasuri</strong></span> <span class='ocrx_word' id='word_1_205' title='bbox 807 2730 953 2789; x_wconf 79' lang='lat' dir='ltr'><strong>sunt,</strong></span> <span class='ocrx_word' id='word_1_206' title='bbox 990 2731 1050 2776; x_wconf 90' lang='lat' dir='ltr'><strong>ut</strong></span> <span class='ocrx_word' id='word_1_207' title='bbox 1074 2720 1245 2789; x_wconf 84' lang='lat' dir='ltr'><strong>majus</strong></span> <span class='ocrx_word' id='word_1_208' title='bbox 1274 2719 1479 2774; x_wconf 72' lang='lat' dir='ltr'><strong>lucrum</strong></span> <span class='ocrx_word' id='word_1_209' title='bbox 1509 2725 1992 2786; x_wconf 71' lang='lat' dir='ltr'><strong>rejmrtent,.exer-</strong></span> 
     </span>
    </p>
   </div>
   <div class='ocr_carea' id='block_1_27' title="bbox 400 2804 1987 2886">
    <p class='ocr_par' dir='ltr' id='par_1_27' title="bbox 400 2804 1987 2886">
     <span class='ocr_line' id='line_1_27' title="bbox 400 2804 1987 2886; baseline -0.004 -17"><span class='ocrx_word' id='word_1_210' title='bbox 400 2815 684 2870; x_wconf 76' lang='lat' dir='ltr'><strong>ouationes</strong></span> <span class='ocrx_word' id='word_1_211' title='bbox 705 2821 884 2886; x_wconf 85' lang='lat' dir='ltr'><strong>auget.</strong></span> <span class='ocrx_word' id='word_1_212' title='bbox 933 2813 989 2869; x_wconf 92' lang='lat' dir='ltr'><strong>Id</strong></span> <span class='ocrx_word' id='word_1_213' title='bbox 1030 2814 1194 2869; x_wconf 87' lang='lat' dir='ltr'><strong>etiam</strong></span> <span class='ocrx_word' id='word_1_214' title='bbox 1224 2812 1278 2867; x_wconf 91' lang='lat' dir='ltr'><strong>in</strong></span> <span class='ocrx_word' id='word_1_215' title='bbox 1304 2804 1608 2867; x_wconf 86' lang='lat' dir='ltr'><strong>Abrahamo</strong></span> <span class='ocrx_word' id='word_1_216' title='bbox 1650 2809 1987 2879; x_wconf 80' lang='lat' dir='ltr'><strong>fecit,.eujus</strong></span> 
     </span>
    </p>
   </div>
   <div class='ocr_carea' id='block_1_28' title="bbox 404 2898 1983 2979">
    <p class='ocr_par' dir='ltr' id='par_1_28' title="bbox 404 2898 1983 2979">
     <span class='ocr_line' id='line_1_28' title="bbox 404 2898 1983 2979; baseline -0.004 -19"><span class='ocrx_word' id='word_1_217' title='bbox 404 2916 734 2979; x_wconf 86' lang='lat' dir='ltr'><strong>postremum</strong></span> <span class='ocrx_word' id='word_1_218' title='bbox 769 2912 1043 2962; x_wconf 84' lang='lat' dir='ltr'><strong>certamen</strong></span> <span class='ocrx_word' id='word_1_219' title='bbox 1093 2901 1449 2958; x_wconf 88' lang='lat' dir='ltr'><strong>immolandus</strong></span> <span class='ocrx_word' id='word_1_220' title='bbox 1497 2901 1638 2957; x_wconf 90' lang='lat' dir='ltr'><strong>ﬁlius</strong></span> <span class='ocrx_word' id='word_1_221' title='bbox 1682 2898 1983 2970; x_wconf 68' lang='lat' dir='ltr'><strong>erat‘(Gen.</strong></span> 
     </span>
    </p>
   </div>
   <div class='ocr_carea' id='block_1_29' title="bbox 403 2992 1986 3067">
    <p class='ocr_par' dir='ltr' id='par_1_29' title="bbox 403 2992 1986 3067">
     <span class='ocr_line' id='line_1_29' title="bbox 403 2992 1986 3067; baseline -0.004 -16"><span class='ocrx_word' id='word_1_222' title='bbox 403 2996 493 3051; x_wconf 67' lang='lat'><strong>22.</strong></span> <span class='ocrx_word' id='word_1_223' title='bbox 520 2998 596 3067; x_wconf 88' lang='lat' dir='ltr'><strong>I).</strong></span> <span class='ocrx_word' id='word_1_224' title='bbox 622 2995 775 3051; x_wconf 81' lang='lat' dir='ltr'><strong>Tunc</strong></span> <span class='ocrx_word' id='word_1_225' title='bbox 799 2996 941 3051; x_wconf 85' lang='lat' dir='ltr'><strong>enim</strong></span> <span class='ocrx_word' id='word_1_226' title='bbox 968 2994 1318 3050; x_wconf 79' lang='lat' dir='ltr'><strong>intolerabilia</strong></span> <span class='ocrx_word' id='word_1_227' title='bbox 1340 2992 1555 3049; x_wconf 86' lang='lat' dir='ltr'><strong>tolerari</strong></span> <span class='ocrx_word' id='word_1_228' title='bbox 1578 3000 1845 3062; x_wconf 81' lang='lat' dir='ltr'><strong>poterunt,</strong></span> <span class='ocrx_word' id='word_1_229' title='bbox 1864 3006 1986 3047; x_wconf 89' lang='lat' dir='ltr'><strong>cum</strong></span> 
     </span>
    </p>
   </div>
   <div class='ocr_carea' id='block_1_30' title="bbox 407 3085 1986 3160">
    <p class='ocr_par' dir='ltr' id='par_1_30' title="bbox 407 3085 1986 3160">
     <span class='ocr_line' id='line_1_30' title="bbox 407 3085 1986 3160; baseline -0.004 -16"><span class='ocrx_word' id='word_1_230' title='bbox 407 3090 463 3144; x_wconf 88' lang='lat' dir='ltr'><strong>in</strong></span> <span class='ocrx_word' id='word_1_231' title='bbox 484 3088 695 3160; x_wconf 71' lang='lat' dir='ltr'><strong>januis,</strong></span> <span class='ocrx_word' id='word_1_232' title='bbox 722 3098 782 3143; x_wconf 84' lang='lat' dir='ltr'><strong>ut</strong></span> <span class='ocrx_word' id='word_1_233' title='bbox 825 3088 896 3143; x_wconf 85' lang='lat' dir='ltr'><strong>ita</strong></span> <span class='ocrx_word' id='word_1_234' title='bbox 924 3087 1120 3152; x_wconf 86' lang='lat' dir='ltr'><strong>dicam,</strong></span> <span class='ocrx_word' id='word_1_235' title='bbox 1151 3086 1472 3150; x_wconf 88' lang='lat' dir='ltr'><strong>inferuntur,</strong></span> <span class='ocrx_word' id='word_1_236' title='bbox 1515 3094 1572 3140; x_wconf 91' lang='lat' dir='ltr'><strong>et</strong></span> <span class='ocrx_word' id='word_1_237' title='bbox 1605 3085 1711 3153; x_wconf 87' lang='lat' dir='ltr'><strong>jam</strong></span> <span class='ocrx_word' id='word_1_238' title='bbox 1741 3085 1986 3153; x_wconf 88' lang='lat' dir='ltr'><strong>proxima</strong></span> 
     </span>
    </p>
   </div>
   <div class='ocr_carea' id='block_1_31' title="bbox 407 3174 1989 3247">
    <p class='ocr_par' dir='ltr' id='par_1_31' title="bbox 407 3174 1989 3247">
     <span class='ocr_line' id='line_1_31' title="bbox 407 3174 1989 3247; baseline -0.003 -11"><span class='ocrx_word' id='word_1_239' title='bbox 407 3189 492 3237; x_wconf 89' lang='lat' dir='ltr'><strong>est</strong></span> <span class='ocrx_word' id='word_1_240' title='bbox 519 3179 795 3235; x_wconf 74' lang='lat' dir='ltr'><strong>Iiberatio.</strong></span> <span class='ocrx_word' id='word_1_241' title='bbox 816 3179 926 3234; x_wconf 86' lang='lat' dir='ltr'><strong>lloc</strong></span> <span class='ocrx_word' id='word_1_242' title='bbox 948 3186 1004 3234; x_wconf 87' lang='lat' dir='ltr'><strong>et</strong></span> <span class='ocrx_word' id='word_1_243' title='bbox 1031 3187 1156 3234; x_wconf 88' lang='lat' dir='ltr'><strong>tunc</strong></span> <span class='ocrx_word' id='word_1_244' title='bbox 1180 3177 1324 3244; x_wconf 88' lang='lat' dir='ltr'><strong>fecit,</strong></span> <span class='ocrx_word' id='word_1_245' title='bbox 1356 3191 1456 3232; x_wconf 87' lang='lat' dir='ltr'><strong>nec</strong></span> <span class='ocrx_word' id='word_1_246' title='bbox 1479 3177 1629 3247; x_wconf 89' lang='lat' dir='ltr'><strong>prius</strong></span> <span class='ocrx_word' id='word_1_247' title='bbox 1655 3174 1900 3231; x_wconf 86' lang='lat' dir='ltr'><strong>Christus</strong></span> <span class='ocrx_word' id='word_1_248' title='bbox 1929 3191 1989 3231; x_wconf 81' lang='lat' dir='ltr'><strong>se</strong></span> 
     </span>
    </p>
   </div>
   <div class='ocr_carea' id='block_1_32' title="bbox 407 3268 1986 3344">
    <p class='ocr_par' dir='ltr' id='par_1_32' title="bbox 407 3268 1986 3344">
     <span class='ocr_line' id='line_1_32' title="bbox 407 3268 1986 3344; baseline -0.004 -16"><span class='ocrx_word' id='word_1_249' title='bbox 407 3274 541 3344; x_wconf 85' lang='lat' dir='ltr'><strong>ipsis</strong></span> <span class='ocrx_word' id='word_1_250' title='bbox 575 3271 1003 3344; x_wconf 87' lang='lat' dir='ltr'><strong>cognoscendum</strong></span> <span class='ocrx_word' id='word_1_251' title='bbox 1056 3270 1321 3342; x_wconf 70' lang='lat' dir='ltr'><strong>praebuit,</strong></span> <span class='ocrx_word' id='word_1_252' title='bbox 1376 3268 1552 3325; x_wconf 86' lang='lat' dir='ltr'><strong>donec</strong></span> <span class='ocrx_word' id='word_1_253' title='bbox 1604 3269 1986 3324; x_wconf 81' lang='lat' dir='ltr'><strong>clamaverunt.</strong></span> 
     </span>
    </p>
   </div>
   <div class='ocr_carea' id='block_1_33' title="bbox 406 3361 1994 3433">
    <p class='ocr_par' dir='ltr' id='par_1_33' title="bbox 406 3361 1994 3433">
     <span class='ocr_line' id='line_1_33' title="bbox 406 3361 1994 3433; baseline -0.002 -14"><span class='ocrx_word' id='word_1_254' title='bbox 406 3365 619 3432; x_wconf 89' lang='lat' dir='ltr'><strong>Quanto</strong></span> <span class='ocrx_word' id='word_1_255' title='bbox 637 3363 782 3420; x_wconf 90' lang='lat' dir='ltr'><strong>enim</strong></span> <span class='ocrx_word' id='word_1_256' title='bbox 812 3363 984 3433; x_wconf 89' lang='lat' dir='ltr'><strong>major</strong></span> <span class='ocrx_word' id='word_1_257' title='bbox 1010 3372 1127 3418; x_wconf 91' lang='lat' dir='ltr'><strong>erat</strong></span> <span class='ocrx_word' id='word_1_258' title='bbox 1154 3361 1457 3432; x_wconf 87' lang='lat' dir='ltr'><strong>trepidatio,</strong></span> <span class='ocrx_word' id='word_1_259' title='bbox 1482 3371 1631 3417; x_wconf 88' lang='lat' dir='ltr'><strong>tanto</strong></span> <span class='ocrx_word' id='word_1_260' title='bbox 1655 3361 1858 3431; x_wconf 77' lang='lat' dir='ltr'><strong>gratior</strong></span> <span class='ocrx_word' id='word_1_261' title='bbox 1873 3361 1994 3430; x_wconf 86' lang='lat' dir='ltr'><strong>ejus</strong></span> 
     </span>
    </p>
   </div>
   <div class='ocr_carea' id='block_1_34' title="bbox 408 3453 1991 3526">
    <p class='ocr_par' dir='ltr' id='par_1_34' title="bbox 408 3453 1991 3526">
     <span class='ocr_line' id='line_1_34' title="bbox 408 3453 1991 3526; baseline -0.004 -14"><span class='ocrx_word' id='word_1_262' title='bbox 408 3458 698 3526; x_wconf 68' lang='lat' dir='ltr'><strong>prmaentia</strong></span> <span class='ocrx_word' id='word_1_263' title='bbox 744 3454 1024 3510; x_wconf 79' lang='lat' dir='ltr'><strong>videbatur</strong></span> <span class='ocrx_word' id='word_1_264' title='bbox 1069 3454 1219 3525; x_wconf 87' lang='lat' dir='ltr'><strong>ipsis.</strong></span> <span class='ocrx_word' id='word_1_265' title='bbox 1266 3455 1398 3509; x_wconf 91' lang='lat' dir='ltr'><strong>Cum</strong></span> <span class='ocrx_word' id='word_1_266' title='bbox 1449 3454 1594 3508; x_wconf 90' lang='lat' dir='ltr'><strong>enim</strong></span> <span class='ocrx_word' id='word_1_267' title='bbox 1640 3453 1991 3518; x_wconf 89' lang='lat' dir='ltr'><strong>clamassent,</strong></span> 
     </span>
    </p>
   </div>
   <div class='ocr_carea' id='block_1_35' title="bbox 408 3546 1997 3619">
    <p class='ocr_par' dir='ltr' id='par_1_35' title="bbox 408 3546 1997 3619">
     <span class='ocr_line' id='line_1_35' title="bbox 408 3546 1997 3619; baseline 0 -17"><span class='ocrx_word' id='word_1_268' title='bbox 408 3550 487 3603; x_wconf 88' lang='lat' dir='ltr'><strong>ait</strong></span> <span class='ocrx_word' id='word_1_269' title='bbox 515 3565 531 3602; x_wconf 84' lang='lat'><strong>:</strong></span> <span class='ocrx_word' id='word_1_270' title='bbox 556 3549 648 3604; x_wconf 74' lang='lat'><strong>27.</strong></span> <span class='ocrx_word' id='word_1_271' title='bbox 671 3548 857 3604; x_wconf 79' lang='lat' dir='ltr'><strong>Statim</strong></span> <span class='ocrx_word' id='word_1_272' title='bbox 883 3548 1117 3619; x_wconf 75' lang='lat' dir='ltr'><strong>loquutus</strong></span> <span class='ocrx_word' id='word_1_273' title='bbox 1149 3556 1221 3601; x_wconf 86' lang='lat' dir='ltr'><strong>est</strong></span> <span class='ocrx_word' id='word_1_274' title='bbox 1247 3547 1351 3602; x_wconf 81' lang='lat' dir='ltr'><strong>illis</strong></span> <span class='ocrx_word' id='word_1_275' title='bbox 1385 3547 1538 3601; x_wconf 80' lang='lat' dir='ltr'><strong>.Iesus</strong></span> <span class='ocrx_word' id='word_1_276' title='bbox 1578 3546 1749 3602; x_wconf 87' lang='lat' dir='ltr'><strong>dicens</strong></span> <span class='ocrx_word' id='word_1_277' title='bbox 1772 3563 1792 3602; x_wconf 92' lang='lat'><strong><em>:</em></strong></span> <span class='ocrx_word' id='word_1_278' title='bbox 1818 3547 1997 3617; x_wconf 78' lang='lat' dir='ltr'><strong>Conﬁ-</strong></span> 
     </span>
    </p>
   </div>
   <div class='ocr_carea' id='block_1_36' title="bbox 410 3639 1999 3713">
    <p class='ocr_par' dir='ltr' id='par_1_36' title="bbox 410 3639 1999 3713">
     <span class='ocr_line' id='line_1_36' title="bbox 410 3639 1999 3713; baseline -0.001 -18"><span class='ocrx_word' id='word_1_279' title='bbox 410 3643 539 3709; x_wconf 88' lang='lat' dir='ltr'><strong>dite,</strong></span> <span class='ocrx_word' id='word_1_280' title='bbox 565 3658 659 3713; x_wconf 69' lang='lat' dir='ltr'><strong>ego</strong></span> <span class='ocrx_word' id='word_1_281' title='bbox 683 3657 821 3709; x_wconf 80' lang='lat' dir='ltr'><strong>sum,</strong></span> <span class='ocrx_word' id='word_1_282' title='bbox 845 3641 1001 3696; x_wconf 78' lang='lat' dir='ltr'><strong>nolite</strong></span> <span class='ocrx_word' id='word_1_283' title='bbox 1028 3641 1220 3696; x_wconf 82' lang='lat' dir='ltr'><strong>timere.</strong></span> <span class='ocrx_word' id='word_1_284' title='bbox 1250 3639 1363 3695; x_wconf 84' lang='lat' dir='ltr'><strong>Hoc</strong></span> <span class='ocrx_word' id='word_1_285' title='bbox 1388 3639 1586 3695; x_wconf 87' lang='lat' dir='ltr'><strong>dictum</strong></span> <span class='ocrx_word' id='word_1_286' title='bbox 1623 3640 1866 3696; x_wconf 81' lang='lat' dir='ltr'><strong>timorem</strong></span> <span class='ocrx_word' id='word_1_287' title='bbox 1905 3656 1999 3695; x_wconf 82' lang='lat' dir='ltr'><strong>ex-</strong></span> 
     </span>
    </p>
   </div>
   <div class='ocr_carea' id='block_1_37' title="bbox 412 3730 2000 3800">
    <p class='ocr_par' dir='ltr' id='par_1_37' title="bbox 412 3730 2000 3800">
     <span class='ocr_line' id='line_1_37' title="bbox 412 3730 2000 3800; baseline 0 -13"><span class='ocrx_word' id='word_1_288' title='bbox 412 3732 605 3797; x_wconf 86' lang='lat' dir='ltr'><strong>cussit,</strong></span> <span class='ocrx_word' id='word_1_289' title='bbox 635 3739 692 3786; x_wconf 92' lang='lat' dir='ltr'><strong>et</strong></span> <span class='ocrx_word' id='word_1_290' title='bbox 716 3730 960 3787; x_wconf 88' lang='lat' dir='ltr'><strong>ﬁduciam</strong></span> <span class='ocrx_word' id='word_1_291' title='bbox 991 3730 1199 3786; x_wconf 90' lang='lat' dir='ltr'><strong>indidit.</strong></span> <span class='ocrx_word' id='word_1_292' title='bbox 1227 3730 1361 3797; x_wconf 85' lang='lat' dir='ltr'><strong>Quia</strong></span> <span class='ocrx_word' id='word_1_293' title='bbox 1395 3732 1538 3785; x_wconf 88' lang='lat' dir='ltr'><strong>enim</strong></span> <span class='ocrx_word' id='word_1_294' title='bbox 1579 3731 1750 3800; x_wconf 87' lang='lat' dir='ltr'><strong>ipsum</strong></span> <span class='ocrx_word' id='word_1_295' title='bbox 1784 3739 1911 3787; x_wconf 90' lang='lat' dir='ltr'><strong>tunc</strong></span> <span class='ocrx_word' id='word_1_296' title='bbox 1930 3731 2000 3786; x_wconf 89' lang='lat' dir='ltr'><strong>de</strong></span> 
     </span>
    </p>
   </div>
   <div class='ocr_carea' id='block_1_38' title="bbox 413 3821 1998 3893">
    <p class='ocr_par' dir='ltr' id='par_1_38' title="bbox 413 3821 1998 3893">
     <span class='ocr_line' id='line_1_38' title="bbox 413 3821 1998 3893; baseline -0.001 -14"><span class='ocrx_word' id='word_1_297' title='bbox 413 3825 547 3879; x_wconf 85' lang='lat' dir='ltr'><strong>faeie</strong></span> <span class='ocrx_word' id='word_1_298' title='bbox 571 3839 679 3878; x_wconf 83' lang='lat' dir='ltr'><strong>nun</strong></span> <span class='ocrx_word' id='word_1_299' title='bbox 704 3828 984 3887; x_wconf 84' lang='lat' dir='ltr'><strong>noverant,</strong></span> <span class='ocrx_word' id='word_1_300' title='bbox 1014 3832 1069 3877; x_wconf 94' lang='lat' dir='ltr'><strong>et</strong></span> <span class='ocrx_word' id='word_1_301' title='bbox 1091 3821 1162 3877; x_wconf 90' lang='lat' dir='ltr'><strong>ob</strong></span> <span class='ocrx_word' id='word_1_302' title='bbox 1183 3821 1473 3877; x_wconf 85' lang='lat' dir='ltr'><strong>inauditum</strong></span> <span class='ocrx_word' id='word_1_303' title='bbox 1490 3823 1798 3878; x_wconf 78' lang='lat' dir='ltr'><strong>ambulandi</strong></span> <span class='ocrx_word' id='word_1_304' title='bbox 1809 3838 1998 3893; x_wconf 81' lang='lat' dir='ltr'><strong>genus,</strong></span> 
     </span>
    </p>
   </div>
   <div class='ocr_carea' id='block_1_39' title="bbox 413 3912 1999 3983">
    <p class='ocr_par' dir='ltr' id='par_1_39' title="bbox 413 3912 1999 3983">
     <span class='ocr_line' id='line_1_39' title="bbox 413 3912 1999 3983; baseline 0 -14"><span class='ocrx_word' id='word_1_305' title='bbox 413 3922 476 3969; x_wconf 79' lang='lat' dir='ltr'><strong>et</strong></span> <span class='ocrx_word' id='word_1_306' title='bbox 497 3912 570 3967; x_wconf 87' lang='lat' dir='ltr'><strong>ob</strong></span> <span class='ocrx_word' id='word_1_307' title='bbox 596 3913 769 3969; x_wconf 87' lang='lat' dir='ltr'><strong>noctis</strong></span> <span class='ocrx_word' id='word_1_308' title='bbox 799 3923 1023 3982; x_wconf 86' lang='lat' dir='ltr'><strong>tempus,</strong></span> <span class='ocrx_word' id='word_1_309' title='bbox 1071 3928 1103 3969; x_wconf 93' lang='lat' dir='ltr'><strong>a</strong></span> <span class='ocrx_word' id='word_1_310' title='bbox 1146 3928 1277 3968; x_wconf 88' lang='lat' dir='ltr'><strong>voce</strong></span> <span class='ocrx_word' id='word_1_311' title='bbox 1312 3927 1374 3968; x_wconf 88' lang='lat' dir='ltr'><strong>se</strong></span> <span class='ocrx_word' id='word_1_312' title='bbox 1413 3914 1738 3969; x_wconf 85' lang='lat' dir='ltr'><strong>noscendum</strong></span> <span class='ocrx_word' id='word_1_313' title='bbox 1775 3914 1999 3983; x_wconf 58' lang='lat' dir='ltr'><strong>prebet.</strong></span> 
     </span>
    </p>
   </div>
   <div class='ocr_carea' id='block_1_40' title="bbox 415 4002 2002 4074">
    <p class='ocr_par' dir='ltr' id='par_1_40' title="bbox 415 4002 2002 4074">
     <span class='ocr_line' id='line_1_40' title="bbox 415 4002 2002 4074; baseline 0.002 -18"><span class='ocrx_word' id='word_1_314' title='bbox 415 4002 555 4069; x_wconf 89' lang='lat' dir='ltr'><strong>Quid</strong></span> <span class='ocrx_word' id='word_1_315' title='bbox 594 4004 755 4074; x_wconf 80' lang='lat' dir='ltr'><strong>igitur</strong></span> <span class='ocrx_word' id='word_1_316' title='bbox 793 4003 999 4066; x_wconf 89' lang='lat' dir='ltr'><strong>Petrus,</strong></span> <span class='ocrx_word' id='word_1_317' title='bbox 1054 4017 1267 4073; x_wconf 88' lang='lat' dir='ltr'><strong>semper</strong></span> <span class='ocrx_word' id='word_1_318' title='bbox 1319 4003 1552 4058; x_wconf 88' lang='lat' dir='ltr'><strong>fervidus</strong></span> <span class='ocrx_word' id='word_1_319' title='bbox 1568 4044 1600 4068; x_wconf 88' lang='lat'><strong>,.</strong></span> <span class='ocrx_word' id='word_1_320' title='bbox 1626 4017 1841 4072; x_wconf 84' lang='lat' dir='ltr'><strong>semper</strong></span> <span class='ocrx_word' id='word_1_321' title='bbox 1876 4014 2002 4060; x_wconf 82' lang='lat' dir='ltr'><strong>ante</strong></span> 
     </span>
    </p>
   </div>
   <div class='ocr_carea' id='block_1_41' title="bbox 417 4092 2005 4167">
    <p class='ocr_par' dir='ltr' id='par_1_41' title="bbox 417 4092 2005 4167">
     <span class='ocr_line' id='line_1_41' title="bbox 417 4092 2005 4167; baseline 0.003 -20"><span class='ocrx_word' id='word_1_322' title='bbox 417 4095 552 4149; x_wconf 87' lang='lat' dir='ltr'><strong>alios</strong></span> <span class='ocrx_word' id='word_1_323' title='bbox 578 4095 916 4165; x_wconf 72' lang='lat' dir='ltr'><strong>pnesiliens?</strong></span> <span class='ocrx_word' id='word_1_324' title='bbox 943 4094 1034 4150; x_wconf 75' lang='lat'><strong>28.</strong></span> <span class='ocrx_word' id='word_1_325' title='bbox 1063 4092 1301 4161; x_wconf 84' lang='lat' dir='ltr'><strong>Domine,</strong></span> <span class='ocrx_word' id='word_1_326' title='bbox 1347 4096 1391 4149; x_wconf 87' lang='lat' dir='ltr'><strong>si</strong></span> <span class='ocrx_word' id='word_1_327' title='bbox 1435 4105 1490 4148; x_wconf 86' lang='lat' dir='ltr'><strong>tu</strong></span> <span class='ocrx_word' id='word_1_328' title='bbox 1534 4112 1607 4159; x_wconf 65' lang='lat' dir='ltr'><strong>es,</strong></span> <span class='ocrx_word' id='word_1_329' title='bbox 1650 4097 1839 4166; x_wconf 86' lang='lat' dir='ltr'><strong>inquit,</strong></span> <span class='ocrx_word' id='word_1_330' title='bbox 1876 4097 2005 4167; x_wconf 68' lang='lat' dir='ltr'><strong>febr</strong></span> 
     </span>
    </p>
   </div>
   <div class='ocr_carea' id='block_1_42' title="bbox 418 4186 2008 4258">
    <p class='ocr_par' dir='ltr' id='par_1_42' title="bbox 418 4186 2008 4258">
     <span class='ocr_line' id='line_1_42' title="bbox 418 4186 2008 4258; baseline 0.001 -19"><span class='ocrx_word' id='word_1_331' title='bbox 418 4201 499 4240; x_wconf 77' lang='lat' dir='ltr'><strong>me</strong></span> <span class='ocrx_word' id='word_1_332' title='bbox 524 4186 694 4240; x_wconf 83' lang='lat' dir='ltr'><strong>uenire</strong></span> <span class='ocrx_word' id='word_1_333' title='bbox 734 4187 803 4239; x_wconf 89' lang='lat' dir='ltr'><strong>ad</strong></span> <span class='ocrx_word' id='word_1_334' title='bbox 825 4194 875 4240; x_wconf 85' lang='lat' dir='ltr'><strong>te</strong></span> <span class='ocrx_word' id='word_1_335' title='bbox 909 4202 1062 4256; x_wconf 80' lang='lat' dir='ltr'><strong>super</strong></span> <span class='ocrx_word' id='word_1_336' title='bbox 1088 4202 1267 4251; x_wconf 86' lang='lat' dir='ltr'><strong>aquas.</strong></span> <span class='ocrx_word' id='word_1_337' title='bbox 1307 4186 1422 4241; x_wconf 86' lang='lat' dir='ltr'><strong>Non</strong></span> <span class='ocrx_word' id='word_1_338' title='bbox 1460 4186 1635 4241; x_wconf 66' lang='lat' dir='ltr'><strong>dixit:</strong></span> <span class='ocrx_word' id='word_1_339' title='bbox 1663 4188 1769 4242; x_wconf 84' lang='lat' dir='ltr'><strong>Ora</strong></span> <span class='ocrx_word' id='word_1_340' title='bbox 1797 4197 1849 4242; x_wconf 78' lang='lat' dir='ltr'><strong>et</strong></span> <span class='ocrx_word' id='word_1_341' title='bbox 1887 4203 2008 4258; x_wconf 79' lang='lat' dir='ltr'><strong>pre-</strong></span> 
     </span>
    </p>
   </div>
   <div class='ocr_carea' id='block_1_43' title="bbox 418 4274 2006 4349">
    <p class='ocr_par' dir='ltr' id='par_1_43' title="bbox 418 4274 2006 4349">
     <span class='ocr_line' id='line_1_43' title="bbox 418 4274 2006 4349; baseline 0.001 -18"><span class='ocrx_word' id='word_1_342' title='bbox 418 4291 567 4343; x_wconf 82' lang='lat' dir='ltr'><strong>care,</strong></span> <span class='ocrx_word' id='word_1_343' title='bbox 594 4275 693 4332; x_wconf 85' lang='lat' dir='ltr'><strong>sed</strong></span> <span class='ocrx_word' id='word_1_344' title='bbox 719 4275 872 4330; x_wconf 81' lang='lat' dir='ltr'><strong>Jttbe.</strong></span> <span class='ocrx_word' id='word_1_345' title='bbox 902 4274 1086 4332; x_wconf 79' lang='lat' dir='ltr'><strong>Viden‘</strong></span> <span class='ocrx_word' id='word_1_346' title='bbox 1109 4287 1341 4347; x_wconf 86' lang='lat' dir='ltr'><strong>quantus</strong></span> <span class='ocrx_word' id='word_1_347' title='bbox 1370 4277 1581 4334; x_wconf 76' lang='lat' dir='ltr'><strong>fervor?</strong></span> <span class='ocrx_word' id='word_1_348' title='bbox 1606 4289 1806 4349; x_wconf 87' lang='lat' dir='ltr'><strong>quanta</strong></span> <span class='ocrx_word' id='word_1_349' title='bbox 1836 4278 2006 4335; x_wconf 80' lang='lat' dir='ltr'><strong>ﬁdes?</strong></span> 
     </span>
    </p>
   </div>
   <div class='ocr_carea' id='block_1_44' title="bbox 418 4366 2010 4440">
    <p class='ocr_par' dir='ltr' id='par_1_44' title="bbox 418 4366 2010 4440">
     <span class='ocr_line' id='line_1_44' title="bbox 418 4366 2010 4440; baseline 0.004 -20"><span class='ocrx_word' id='word_1_350' title='bbox 418 4368 752 4438; x_wconf 86' lang='lat' dir='ltr'><strong>Quamquam</strong></span> <span class='ocrx_word' id='word_1_351' title='bbox 789 4366 916 4423; x_wconf 86' lang='lat' dir='ltr'><strong>hinc</strong></span> <span class='ocrx_word' id='word_1_352' title='bbox 954 4383 1097 4438; x_wconf 66' lang='lat' dir='ltr'><strong>saepe</strong></span> <span class='ocrx_word' id='word_1_353' title='bbox 1134 4369 1540 4439; x_wconf 67' lang='lat' dir='ltr'><strong>periclitaretur,</strong></span> <span class='ocrx_word' id='word_1_354' title='bbox 1582 4370 1723 4440; x_wconf 87' lang='lat' dir='ltr'><strong>quod</strong></span> <span class='ocrx_word' id='word_1_355' title='bbox 1753 4371 1887 4427; x_wconf 88' lang='lat' dir='ltr'><strong>ultra</strong></span> <span class='ocrx_word' id='word_1_356' title='bbox 1931 4374 2010 4426; x_wconf 87' lang='lat' dir='ltr'><strong>vi-</strong></span> 
     </span>
    </p>
   </div>
   <div class='ocr_carea' id='block_1_45' title="bbox 420 4458 2006 4530">
    <p class='ocr_par' dir='ltr' id='par_1_45' title="bbox 420 4458 2006 4530">
     <span class='ocr_line' id='line_1_45' title="bbox 420 4458 2006 4530; baseline 0.004 -17"><span class='ocrx_word' id='word_1_357' title='bbox 420 4458 562 4514; x_wconf 85' lang='lat' dir='ltr'><strong>tium</strong></span> <span class='ocrx_word' id='word_1_358' title='bbox 593 4473 897 4513; x_wconf 75' lang='lat' dir='ltr'><strong>mensuram</strong></span> <span class='ocrx_word' id='word_1_359' title='bbox 923 4469 1207 4530; x_wconf 71' lang='lat' dir='ltr'><strong>qumreret.</strong></span> <span class='ocrx_word' id='word_1_360' title='bbox 1246 4461 1377 4516; x_wconf 81' lang='lat' dir='ltr'><strong>Nam</strong></span> <span class='ocrx_word' id='word_1_361' title='bbox 1427 4461 1515 4518; x_wconf 85' lang='lat' dir='ltr'><strong>hic</strong></span> <span class='ocrx_word' id='word_1_362' title='bbox 1555 4478 1668 4519; x_wconf 87' lang='lat' dir='ltr'><strong>rem</strong></span> <span class='ocrx_word' id='word_1_363' title='bbox 1720 4464 2006 4519; x_wconf 80' lang='lat' dir='ltr'><strong>maximam</strong></span> 
     </span>
    </p>
   </div>
   <div class='ocr_carea' id='block_1_46' title="bbox 421 4550 2004 4622">
    <p class='ocr_par' dir='ltr' id='par_1_46' title="bbox 421 4550 2004 4622">
     <span class='ocr_line' id='line_1_46' title="bbox 421 4550 2004 4622; baseline 0.005 -17"><span class='ocrx_word' id='word_1_364' title='bbox 421 4550 750 4622; x_wconf 86' lang='lat' dir='ltr'><strong>postulabat,</strong></span> <span class='ocrx_word' id='word_1_365' title='bbox 786 4552 857 4606; x_wconf 93' lang='lat' dir='ltr'><strong>ob</strong></span> <span class='ocrx_word' id='word_1_366' title='bbox 896 4553 1171 4608; x_wconf 80' lang='lat' dir='ltr'><strong>caritatem</strong></span> <span class='ocrx_word' id='word_1_367' title='bbox 1209 4554 1405 4622; x_wconf 88' lang='lat' dir='ltr'><strong>solum,</strong></span> <span class='ocrx_word' id='word_1_368' title='bbox 1452 4570 1567 4610; x_wconf 88' lang='lat' dir='ltr'><strong>non-</strong></span> <span class='ocrx_word' id='word_1_369' title='bbox 1599 4557 1664 4611; x_wconf 88' lang='lat' dir='ltr'><strong>ad</strong></span> <span class='ocrx_word' id='word_1_370' title='bbox 1694 4558 2004 4613; x_wconf 86' lang='lat' dir='ltr'><strong>ostentatio-</strong></span> 
     </span>
    </p>
   </div>
   <div class='ocr_carea' id='block_1_47' title="bbox 421 4640 2007 4719">
    <p class='ocr_par' dir='ltr' id='par_1_47' title="bbox 421 4640 2007 4719">
     <span class='ocr_line' id='line_1_47' title="bbox 421 4640 2007 4719; baseline 0.006 -24"><span class='ocrx_word' id='word_1_371' title='bbox 421 4656 568 4696; x_wconf 86' lang='lat' dir='ltr'><strong>nem.</strong></span> <span class='ocrx_word' id='word_1_372' title='bbox 591 4640 707 4695; x_wconf 81' lang='lat' dir='ltr'><strong>Non</strong></span> <span class='ocrx_word' id='word_1_373' title='bbox 733 4642 875 4696; x_wconf 91' lang='lat' dir='ltr'><strong>enim</strong></span> <span class='ocrx_word' id='word_1_374' title='bbox 896 4640 1048 4707; x_wconf 88' lang='lat' dir='ltr'><strong>dixit,</strong></span> <span class='ocrx_word' id='word_1_375' title='bbox 1077 4642 1214 4699; x_wconf 83' lang='lat' dir='ltr'><strong>Jube</strong></span> <span class='ocrx_word' id='word_1_376' title='bbox 1235 4659 1320 4699; x_wconf 89' lang='lat' dir='ltr'><strong>me</strong></span> <span class='ocrx_word' id='word_1_377' title='bbox 1336 4645 1607 4700; x_wconf 85' lang='lat' dir='ltr'><strong>ambulare</strong></span> <span class='ocrx_word' id='word_1_378' title='bbox 1630 4661 1792 4716; x_wconf 89' lang='lat' dir='ltr'><strong>super</strong></span> <span class='ocrx_word' id='word_1_379' title='bbox 1808 4664 2007 4719; x_wconf 86' lang='lat' dir='ltr'><strong>aquas;</strong></span> 
     </span>
    </p>
   </div>
   <div class='ocr_carea' id='block_1_48' title="bbox 420 4733 2013 4810">
    <p class='ocr_par' dir='ltr' id='par_1_48' title="bbox 420 4733 2013 4810">
     <span class='ocr_line' id='line_1_48' title="bbox 420 4733 2013 4810; baseline 0.004 -20"><span class='ocrx_word' id='word_1_380' title='bbox 420 4733 518 4790; x_wconf 84' lang='lat' dir='ltr'><strong>sed</strong></span> <span class='ocrx_word' id='word_1_381' title='bbox 541 4734 709 4804; x_wconf 80' lang='lat' dir='ltr'><strong>quid?</strong></span> <span class='ocrx_word' id='word_1_382' title='bbox 732 4733 868 4788; x_wconf 69' lang='lat' dir='ltr'><strong>lube</strong></span> <span class='ocrx_word' id='word_1_383' title='bbox 905 4751 985 4790; x_wconf 86' lang='lat' dir='ltr'><strong>me</strong></span> <span class='ocrx_word' id='word_1_384' title='bbox 1014 4737 1181 4790; x_wconf 82' lang='lat' dir='ltr'><strong>uenire</strong></span> <span class='ocrx_word' id='word_1_385' title='bbox 1201 4737 1270 4790; x_wconf 86' lang='lat' dir='ltr'><strong>ad</strong></span> <span class='ocrx_word' id='word_1_386' title='bbox 1306 4746 1374 4790; x_wconf 87' lang='lat' dir='ltr'><strong>te.</strong></span> <span class='ocrx_word' id='word_1_387' title='bbox 1405 4736 1576 4794; x_wconf 87' lang='lat' dir='ltr'><strong>Nemo</strong></span> <span class='ocrx_word' id='word_1_388' title='bbox 1601 4739 1797 4810; x_wconf 87' lang='lat' dir='ltr'><strong>quippe</strong></span> <span class='ocrx_word' id='word_1_389' title='bbox 1826 4741 1896 4795; x_wconf 88' lang='lat' dir='ltr'><strong>ita</strong></span> <span class='ocrx_word' id='word_1_390' title='bbox 1923 4741 2013 4797; x_wconf 83' lang='lat' dir='ltr'><strong>Je-</strong></span> 
     </span>
    </p>
   </div>
   <div class='ocr_carea' id='block_1_49' title="bbox 422 4825 2005 4898">
    <p class='ocr_par' dir='ltr' id='par_1_49' title="bbox 422 4825 2005 4898">
     <span class='ocr_line' id='line_1_49' title="bbox 422 4825 2005 4898; baseline 0.005 -19"><span class='ocrx_word' id='word_1_391' title='bbox 422 4840 543 4880; x_wconf 87' lang='lat' dir='ltr'><strong>sum</strong></span> <span class='ocrx_word' id='word_1_392' title='bbox 572 4826 806 4881; x_wconf 85' lang='lat' dir='ltr'><strong>amabat.</strong></span> <span class='ocrx_word' id='word_1_393' title='bbox 842 4825 970 4882; x_wconf 85' lang='lat' dir='ltr'><strong>Illud</strong></span> <span class='ocrx_word' id='word_1_394' title='bbox 999 4827 1160 4883; x_wconf 88' lang='lat' dir='ltr'><strong>etiam</strong></span> <span class='ocrx_word' id='word_1_395' title='bbox 1211 4836 1334 4898; x_wconf 86' lang='lat' dir='ltr'><strong>post</strong></span> <span class='ocrx_word' id='word_1_396' title='bbox 1377 4830 1820 4885; x_wconf 81' lang='lat' dir='ltr'><strong>resurrectionem</strong></span> <span class='ocrx_word' id='word_1_397' title='bbox 1861 4831 2005 4887; x_wconf 85' lang='lat' dir='ltr'><strong>fecit.</strong></span> 
     </span>
    </p>
   </div>
   <div class='ocr_carea' id='block_1_50' title="bbox 421 4918 2015 4995">
    <p class='ocr_par' dir='ltr' id='par_1_50' title="bbox 421 4918 2015 4995">
     <span class='ocr_line' id='line_1_50' title="bbox 421 4918 2015 4995; baseline 0.004 -21"><span class='ocrx_word' id='word_1_398' title='bbox 421 4918 610 4990; x_wconf 74' lang='lat' dir='ltr'><strong>Neque</strong></span> <span class='ocrx_word' id='word_1_399' title='bbox 650 4919 794 4974; x_wconf 85' lang='lat' dir='ltr'><strong>enim</strong></span> <span class='ocrx_word' id='word_1_400' title='bbox 824 4920 1077 4975; x_wconf 87' lang='lat' dir='ltr'><strong>sustinuit</strong></span> <span class='ocrx_word' id='word_1_401' title='bbox 1114 4936 1239 4977; x_wconf 87' lang='lat' dir='ltr'><strong>eum</strong></span> <span class='ocrx_word' id='word_1_402' title='bbox 1280 4923 1404 4977; x_wconf 89' lang='lat' dir='ltr'><strong>aliis</strong></span> <span class='ocrx_word' id='word_1_403' title='bbox 1431 4924 1636 4989; x_wconf 85' lang='lat' dir='ltr'><strong>venire,</strong></span> <span class='ocrx_word' id='word_1_404' title='bbox 1679 4924 1772 4980; x_wconf 88' lang='lat' dir='ltr'><strong>sed</strong></span> <span class='ocrx_word' id='word_1_405' title='bbox 1812 4941 2015 4995; x_wconf 59' lang='lat' dir='ltr'><strong>praecu-</strong></span> 
     </span>
    </p>
   </div>
   <div class='ocr_carea' id='block_1_51' title="bbox 422 5009 2014 5089">
    <p class='ocr_par' dir='ltr' id='par_1_51' title="bbox 422 5009 2014 5089">
     <span class='ocr_line' id='line_1_51' title="bbox 422 5009 2014 5089; baseline 0.005 -24"><span class='ocrx_word' id='word_1_406' title='bbox 422 5009 618 5065; x_wconf 88' lang='lat' dir='ltr'><strong>currit.</strong></span> <span class='ocrx_word' id='word_1_407' title='bbox 649 5009 757 5065; x_wconf 85' lang='lat' dir='ltr'><strong>Nec</strong></span> <span class='ocrx_word' id='word_1_408' title='bbox 778 5011 940 5067; x_wconf 89' lang='lat' dir='ltr'><strong>modo</strong></span> <span class='ocrx_word' id='word_1_409' title='bbox 974 5013 1196 5080; x_wconf 88' lang='lat' dir='ltr'><strong>amoris,</strong></span> <span class='ocrx_word' id='word_1_410' title='bbox 1225 5014 1320 5069; x_wconf 86' lang='lat' dir='ltr'><strong>sed</strong></span> <span class='ocrx_word' id='word_1_411' title='bbox 1350 5015 1511 5070; x_wconf 83' lang='lat' dir='ltr'><strong>etiam</strong></span> <span class='ocrx_word' id='word_1_412' title='bbox 1544 5016 1665 5072; x_wconf 88' lang='lat' dir='ltr'><strong>ﬁdei</strong></span> <span class='ocrx_word' id='word_1_413' title='bbox 1706 5032 1819 5072; x_wconf 65' lang='lat' dir='ltr'><strong>suae</strong></span> <span class='ocrx_word' id='word_1_414' title='bbox 1855 5034 2014 5089; x_wconf 88' lang='lat' dir='ltr'><strong>argn-</strong></span> 
     </span>
    </p>
   </div>
   <div class='ocr_carea' id='block_1_52' title="bbox 423 5101 2013 5178">
    <p class='ocr_par' dir='ltr' id='par_1_52' title="bbox 423 5101 2013 5178">
     <span class='ocr_line' id='line_1_52' title="bbox 423 5101 2013 5178; baseline 0.006 -23"><span class='ocrx_word' id='word_1_415' title='bbox 423 5112 606 5156; x_wconf 87' lang='lat' dir='ltr'><strong>menta</strong></span> <span class='ocrx_word' id='word_1_416' title='bbox 646 5101 871 5171; x_wconf 70' lang='lat' dir='ltr'><strong>praebet.</strong></span> <span class='ocrx_word' id='word_1_417' title='bbox 911 5103 1094 5174; x_wconf 83' lang='lat' dir='ltr'><strong>Neque</strong></span> <span class='ocrx_word' id='word_1_418' title='bbox 1138 5104 1311 5159; x_wconf 89' lang='lat' dir='ltr'><strong>solum</strong></span> <span class='ocrx_word' id='word_1_419' title='bbox 1363 5106 1588 5162; x_wconf 86' lang='lat' dir='ltr'><strong>credidit</strong></span> <span class='ocrx_word' id='word_1_420' title='bbox 1636 5123 1794 5178; x_wconf 84' lang='lat' dir='ltr'><strong>posse</strong></span> <span class='ocrx_word' id='word_1_421' title='bbox 1840 5110 2013 5178; x_wconf 90' lang='lat' dir='ltr'><strong>ipsum</strong></span> 
     </span>
    </p>
   </div>
   <div class='ocr_carea' id='block_1_53' title="bbox 1434 295 2569 371">
    <p class='ocr_par' dir='ltr' id='par_1_53' title="bbox 1434 295 2569 371">
     <span class='ocr_line' id='line_1_53' title="bbox 1434 295 2569 371; baseline -0.011 -1"><span class='ocrx_word' id='word_1_422' title='bbox 1434 312 1505 371; x_wconf 69' lang='lat' dir='ltr'><strong>l‘t‘l</strong></span> <span class='ocrx_word' id='word_1_423' title='bbox 1545 297 1954 366; x_wconf 67' lang='grc' dir='ltr'><strong>ΜΑΤἹῊᾹΞΠΜ</strong></span> <span class='ocrx_word' id='word_1_424' title='bbox 1993 295 2228 357; x_wconf 72' lang='grc'><strong>1101111..</strong></span> <span class='ocrx_word' id='word_1_425' title='bbox 2271 302 2331 358; x_wconf 83' lang='grc'><strong>1,.</strong></span> <span class='ocrx_word' id='word_1_426' title='bbox 2370 304 2442 360; x_wconf 88' lang='lat' dir='ltr'><strong>al.</strong></span> <span class='ocrx_word' id='word_1_427' title='bbox 2485 302 2569 362; x_wconf 84' lang='lat' dir='ltr'><strong>LI.</strong></span> 
     </span>
    </p>
   </div>
   <div class='ocr_carea' id='block_1_54' title="bbox 2054 417 3639 489">
    <p class='ocr_par' dir='ltr' id='par_1_54' title="bbox 2054 417 3639 489">
     <span class='ocr_line' id='line_1_54' title="bbox 2054 417 3639 489; baseline 0.004 -21"><span class='ocrx_word' id='word_1_428' title='bbox 2054 417 2385 486; x_wconf 72' lang='lat' dir='ltr'><strong>apprehendit</strong></span> <span class='ocrx_word' id='word_1_429' title='bbox 2409 435 2546 484; x_wconf 82' lang='lat' dir='ltr'><strong>eunt,</strong></span> <span class='ocrx_word' id='word_1_430' title='bbox 2570 428 2619 473; x_wconf 90' lang='lat' dir='ltr'><strong>et</strong></span> <span class='ocrx_word' id='word_1_431' title='bbox 2646 418 2769 473; x_wconf 84' lang='lat' dir='ltr'><strong>dicit</strong></span> <span class='ocrx_word' id='word_1_432' title='bbox 2793 418 2842 473; x_wconf 90' lang='lat' dir='ltr'><strong>ei</strong></span> <span class='ocrx_word' id='word_1_433' title='bbox 2862 435 2881 474; x_wconf 89' lang='lat'><strong><em>:</em></strong></span> <span class='ocrx_word' id='word_1_434' title='bbox 2912 417 3131 473; x_wconf 72' lang='lat' dir='ltr'><strong>Hodij</strong></span> <span class='ocrx_word' id='word_1_435' title='bbox 3165 420 3306 488; x_wconf 84' lang='lat' dir='ltr'><strong>ﬁdei,</strong></span> <span class='ocrx_word' id='word_1_436' title='bbox 3345 436 3500 489; x_wconf 81' lang='lat' dir='ltr'><strong>quare</strong></span> <span class='ocrx_word' id='word_1_437' title='bbox 3524 421 3639 475; x_wconf 65' lang='lat' dir='ltr'><strong>dua-</strong></span> 
     </span>
    </p>
   </div>
   <div class='ocr_carea' id='block_1_55' title="bbox 2055 509 3638 582">
    <p class='ocr_par' dir='ltr' id='par_1_55' title="bbox 2055 509 3638 582">
     <span class='ocr_line' id='line_1_55' title="bbox 2055 509 3638 582; baseline 0.004 -20"><span class='ocrx_word' id='word_1_438' title='bbox 2055 509 2222 565; x_wconf 81' lang='lat' dir='ltr'><strong>bitasti</strong></span> <span class='ocrx_word' id='word_1_439' title='bbox 2243 512 2272 565; x_wconf 72' lang='lat' dir='ltr'><strong>t</strong></span> <span class='ocrx_word' id='word_1_440' title='bbox 2294 511 2406 566; x_wconf 85' lang='lat' dir='ltr'><strong>lloe</strong></span> <span class='ocrx_word' id='word_1_441' title='bbox 2432 511 2612 582; x_wconf 89' lang='lat' dir='ltr'><strong>priore</strong></span> <span class='ocrx_word' id='word_1_442' title='bbox 2632 510 2931 568; x_wconf 86' lang='lat' dir='ltr'><strong>mirabilius</strong></span> <span class='ocrx_word' id='word_1_443' title='bbox 2945 520 3048 567; x_wconf 85' lang='lat' dir='ltr'><strong>est.</strong></span> <span class='ocrx_word' id='word_1_444' title='bbox 3076 510 3200 567; x_wconf 84' lang='lat' dir='ltr'><strong>Ideo</strong></span> <span class='ocrx_word' id='word_1_445' title='bbox 3237 522 3357 582; x_wconf 87' lang='lat' dir='ltr'><strong>post</strong></span> <span class='ocrx_word' id='word_1_446' title='bbox 3389 512 3638 568; x_wconf 76' lang='lat' dir='ltr'><strong>illud’ae-</strong></span> 
     </span>
    </p>
   </div>
   <div class='ocr_carea' id='block_1_56' title="bbox 2056 602 3640 676">
    <p class='ocr_par' dir='ltr' id='par_1_56' title="bbox 2056 602 3640 676">
     <span class='ocr_line' id='line_1_56' title="bbox 2056 602 3640 676; baseline 0.002 -17"><span class='ocrx_word' id='word_1_447' title='bbox 2056 602 2203 659; x_wconf 91' lang='lat' dir='ltr'><strong>cidit.</strong></span> <span class='ocrx_word' id='word_1_448' title='bbox 2232 603 2362 659; x_wconf 86' lang='lat' dir='ltr'><strong>Cum</strong></span> <span class='ocrx_word' id='word_1_449' title='bbox 2398 605 2542 659; x_wconf 78' lang='lat' dir='ltr'><strong>ettim</strong></span> <span class='ocrx_word' id='word_1_450' title='bbox 2570 605 2895 661; x_wconf 83' lang='lat' dir='ltr'><strong>ostendisset</strong></span> <span class='ocrx_word' id='word_1_451' title='bbox 2934 619 2995 662; x_wconf 90' lang='lat' dir='ltr'><strong>se</strong></span> <span class='ocrx_word' id='word_1_452' title='bbox 3033 606 3168 662; x_wconf 89' lang='lat' dir='ltr'><strong>mari</strong></span> <span class='ocrx_word' id='word_1_453' title='bbox 3198 607 3484 676; x_wconf 83' lang='lat' dir='ltr'><strong>imperare,-</strong></span> <span class='ocrx_word' id='word_1_454' title='bbox 3512 616 3640 662; x_wconf 87' lang='lat' dir='ltr'><strong>tunc</strong></span> 
     </span>
    </p>
   </div>
   <div class='ocr_carea' id='block_1_57' title="bbox 2056 696 3643 768">
    <p class='ocr_par' dir='ltr' id='par_1_57' title="bbox 2056 696 3643 768">
     <span class='ocr_line' id='line_1_57' title="bbox 2056 696 3643 768; baseline 0.001 -17"><span class='ocrx_word' id='word_1_455' title='bbox 2056 696 2263 768; x_wconf 83' lang='lat' dir='ltr'><strong>signum</strong></span> <span class='ocrx_word' id='word_1_456' title='bbox 2288 698 2582 754; x_wconf 82' lang='lat' dir='ltr'><strong>mirabilius</strong></span> <span class='ocrx_word' id='word_1_457' title='bbox 2607 699 2804 755; x_wconf 83' lang='lat' dir='ltr'><strong>eﬁ&#39;eeit.</strong></span> <span class='ocrx_word' id='word_1_458' title='bbox 2826 698 2980 754; x_wconf 82' lang='lat' dir='ltr'><strong>Tunc</strong></span> <span class='ocrx_word' id='word_1_459' title='bbox 2998 700 3141 754; x_wconf 91' lang='lat' dir='ltr'><strong>enim</strong></span> <span class='ocrx_word' id='word_1_460' title='bbox 3167 699 3342 754; x_wconf 84' lang='lat' dir='ltr'><strong>ventis</strong></span> <span class='ocrx_word' id='word_1_461' title='bbox 3363 699 3643 768; x_wconf 78' lang='lat' dir='ltr'><strong>imperavit</strong></span> 
     </span>
    </p>
   </div>
   <div class='ocr_carea' id='block_1_58' title="bbox 2060 792 3643 864">
    <p class='ocr_par' dir='ltr' id='par_1_58' title="bbox 2060 792 3643 864">
     <span class='ocr_line' id='line_1_58' title="bbox 2060 792 3643 864; baseline 0.001 -19"><span class='ocrx_word' id='word_1_462' title='bbox 2060 798 2301 856; x_wconf 87' lang='lat' dir='ltr'><strong>tantum;</strong></span> <span class='ocrx_word' id='word_1_463' title='bbox 2330 806 2471 847; x_wconf 78' lang='lat' dir='ltr'><strong>nunc</strong></span> <span class='ocrx_word' id='word_1_464' title='bbox 2512 802 2691 847; x_wconf 89' lang='lat' dir='ltr'><strong>autem</strong></span> <span class='ocrx_word' id='word_1_465' title='bbox 2718 800 2774 847; x_wconf 90' lang='lat' dir='ltr'><strong>et</strong></span> <span class='ocrx_word' id='word_1_466' title='bbox 2799 792 2913 862; x_wconf 84' lang='lat' dir='ltr'><strong>ipse</strong></span> <span class='ocrx_word' id='word_1_467' title='bbox 2945 792 3201 854; x_wconf 72' lang='lat' dir='ltr'><strong>ambulat.</strong></span> <span class='ocrx_word' id='word_1_468' title='bbox 3232 801 3285 848; x_wconf 92' lang='lat' dir='ltr'><strong>et</strong></span> <span class='ocrx_word' id='word_1_469' title='bbox 3327 792 3489 847; x_wconf 85' lang='lat' dir='ltr'><strong>alium</strong></span> <span class='ocrx_word' id='word_1_470' title='bbox 3521 807 3643 864; x_wconf 84' lang='lat' dir='ltr'><strong>per-</strong></span> 
     </span>
    </p>
   </div>
   <div class='ocr_carea' id='block_1_59' title="bbox 2059 882 3641 953">
    <p class='ocr_par' dir='ltr' id='par_1_59' title="bbox 2059 882 3641 953">
     <span class='ocr_line' id='line_1_59' title="bbox 2059 882 3641 953; baseline 0 -15"><span class='ocrx_word' id='word_1_471' title='bbox 2059 883 2221 938; x_wconf 88' lang='lat' dir='ltr'><strong>mittit</strong></span> <span class='ocrx_word' id='word_1_472' title='bbox 2243 883 2518 939; x_wconf 87' lang='lat' dir='ltr'><strong>ambulare</strong></span> <span class='ocrx_word' id='word_1_473' title='bbox 2548 901 2564 938; x_wconf 89' lang='lat'><strong>:</strong></span> <span class='ocrx_word' id='word_1_474' title='bbox 2591 882 2735 952; x_wconf 88' lang='lat' dir='ltr'><strong>quod</strong></span> <span class='ocrx_word' id='word_1_475' title='bbox 2761 885 2805 939; x_wconf 91' lang='lat' dir='ltr'><strong>si</strong></span> <span class='ocrx_word' id='word_1_476' title='bbox 2830 884 2989 938; x_wconf 73' lang='lat' dir='ltr'><strong>initio</strong></span> <span class='ocrx_word' id='word_1_477' title='bbox 2995 884 3263 953; x_wconf 73' lang='lat' dir='ltr'><strong>jussisset,</strong></span> <span class='ocrx_word' id='word_1_478' title='bbox 3293 900 3400 939; x_wconf 88' lang='lat' dir='ltr'><strong>non</strong></span> <span class='ocrx_word' id='word_1_479' title='bbox 3424 885 3503 940; x_wconf 87' lang='lat' dir='ltr'><strong>sic</strong></span> <span class='ocrx_word' id='word_1_480' title='bbox 3525 901 3641 939; x_wconf 77' lang='lat' dir='ltr'><strong>eam</strong></span> 
     </span>
    </p>
   </div>
   <div class='ocr_carea' id='block_1_60' title="bbox 2062 973 3643 1045">
    <p class='ocr_par' dir='ltr' id='par_1_60' title="bbox 2062 973 3643 1045">
     <span class='ocr_line' id='line_1_60' title="bbox 2062 973 3643 1045; baseline -0.003 -15"><span class='ocrx_word' id='word_1_481' title='bbox 2062 989 2174 1030; x_wconf 89' lang='lat' dir='ltr'><strong>rem</strong></span> <span class='ocrx_word' id='word_1_482' title='bbox 2201 975 2523 1044; x_wconf 84' lang='lat' dir='ltr'><strong>suscepisset</strong></span> <span class='ocrx_word' id='word_1_483' title='bbox 2549 973 2759 1040; x_wconf 86' lang='lat' dir='ltr'><strong>Petrus,</strong></span> <span class='ocrx_word' id='word_1_484' title='bbox 2789 973 2912 1043; x_wconf 88' lang='lat' dir='ltr'><strong>quia</strong></span> <span class='ocrx_word' id='word_1_485' title='bbox 2938 975 3173 1029; x_wconf 79' lang='lat' dir='ltr'><strong>nendum</strong></span> <span class='ocrx_word' id='word_1_486' title='bbox 3218 983 3363 1030; x_wconf 87' lang='lat' dir='ltr'><strong>tanta</strong></span> <span class='ocrx_word' id='word_1_487' title='bbox 3391 973 3643 1045; x_wconf 63' lang='lat' dir='ltr'><strong>praeditus</strong></span> 
     </span>
    </p>
   </div>
   <div class='ocr_carea' id='block_1_61' title="bbox 2061 1065 2325 1121">
    <p class='ocr_par' dir='ltr' id='par_1_61' title="bbox 2061 1065 2325 1121">
     <span class='ocr_line' id='line_1_61' title="bbox 2061 1065 2325 1121; baseline -0.008 0"><span class='ocrx_word' id='word_1_488' title='bbox 2061 1075 2175 1121; x_wconf 84' lang='lat' dir='ltr'><strong>erat</strong></span> <span class='ocrx_word' id='word_1_489' title='bbox 2202 1065 2325 1121; x_wconf 83' lang='lat' dir='ltr'><strong>ﬁde.</strong></span> 
     </span>
    </p>
   </div>
   <div class='ocr_carea' id='block_1_62' title="bbox 2132 1159 3644 1232">
    <p class='ocr_par' dir='ltr' id='par_1_62' title="bbox 2132 1159 3644 1232">
     <span class='ocr_line' id='line_1_62' title="bbox 2132 1159 3644 1232; baseline -0.002 -17"><span class='ocrx_word' id='word_1_490' title='bbox 2132 1161 2188 1217; x_wconf 75' lang='lat'><strong>2.</strong></span> <span class='ocrx_word' id='word_1_491' title='bbox 2215 1162 2325 1216; x_wconf 86' lang='lat' dir='ltr'><strong>Cur</strong></span> <span class='ocrx_word' id='word_1_492' title='bbox 2348 1176 2479 1232; x_wconf 90' lang='lat' dir='ltr'><strong>ergo</strong></span> <span class='ocrx_word' id='word_1_493' title='bbox 2503 1160 2750 1217; x_wconf 80' lang='lat' dir='ltr'><strong>Christus</strong></span> <span class='ocrx_word' id='word_1_494' title='bbox 2775 1159 2827 1215; x_wconf 91' lang='lat' dir='ltr'><strong>id</strong></span> <span class='ocrx_word' id='word_1_495' title='bbox 2858 1159 3136 1229; x_wconf 74' lang='lat' dir='ltr'><strong>permisit?</strong></span> <span class='ocrx_word' id='word_1_496' title='bbox 3172 1159 3305 1228; x_wconf 87' lang='lat' dir='ltr'><strong>Quia</strong></span> <span class='ocrx_word' id='word_1_497' title='bbox 3331 1161 3376 1215; x_wconf 91' lang='lat' dir='ltr'><strong>si</strong></span> <span class='ocrx_word' id='word_1_498' title='bbox 3402 1159 3644 1219; x_wconf 86' lang='lat' dir='ltr'><strong>dixisset.</strong></span> 
     </span>
    </p>
   </div>
   <div class='ocr_carea' id='block_1_63' title="bbox 2062 1250 3649 1323">
    <p class='ocr_par' dir='ltr' id='par_1_63' title="bbox 2062 1250 3649 1323">
     <span class='ocr_line' id='line_1_63' title="bbox 2062 1250 3649 1323; baseline -0.003 -15"><span class='ocrx_word' id='word_1_499' title='bbox 2062 1252 2179 1309; x_wconf 82' lang='lat' dir='ltr'><strong>Non</strong></span> <span class='ocrx_word' id='word_1_500' title='bbox 2207 1261 2397 1323; x_wconf 71' lang='lat' dir='ltr'><strong>potes,</strong></span> <span class='ocrx_word' id='word_1_501' title='bbox 2413 1253 2523 1321; x_wconf 91' lang='lat' dir='ltr'><strong>ille,</strong></span> <span class='ocrx_word' id='word_1_502' title='bbox 2547 1253 2637 1322; x_wconf 88' lang='lat' dir='ltr'><strong>qui</strong></span> <span class='ocrx_word' id='word_1_503' title='bbox 2666 1251 2876 1307; x_wconf 75' lang='lat' dir='ltr'><strong>fervens</strong></span> <span class='ocrx_word' id='word_1_504' title='bbox 2892 1260 3028 1317; x_wconf 89' lang='lat' dir='ltr'><strong>erat,</strong></span> <span class='ocrx_word' id='word_1_505' title='bbox 3048 1252 3475 1307; x_wconf 87' lang='lat' dir='ltr'><strong>contradixisset.</strong></span> <span class='ocrx_word' id='word_1_506' title='bbox 3501 1250 3649 1306; x_wconf 85' lang='lat' dir='ltr'><strong>Ideo—</strong></span> 
     </span>
    </p>
   </div>
   <div class='ocr_carea' id='block_1_64' title="bbox 2065 1343 3652 1416">
    <p class='ocr_par' dir='ltr' id='par_1_64' title="bbox 2065 1343 3652 1416">
     <span class='ocr_line' id='line_1_64' title="bbox 2065 1343 3652 1416; baseline 0.001 -19"><span class='ocrx_word' id='word_1_507' title='bbox 2065 1359 2171 1416; x_wconf 86' lang='lat' dir='ltr'><strong>que</strong></span> <span class='ocrx_word' id='word_1_508' title='bbox 2194 1359 2260 1400; x_wconf 87' lang='lat' dir='ltr'><strong>ex</strong></span> <span class='ocrx_word' id='word_1_509' title='bbox 2289 1344 2403 1414; x_wconf 88' lang='lat' dir='ltr'><strong>ipsa</strong></span> <span class='ocrx_word' id='word_1_510' title='bbox 2431 1360 2493 1401; x_wconf 87' lang='lat' dir='ltr'><strong>re</strong></span> <span class='ocrx_word' id='word_1_511' title='bbox 2531 1344 2681 1401; x_wconf 89' lang='lat' dir='ltr'><strong>illum</strong></span> <span class='ocrx_word' id='word_1_512' title='bbox 2712 1344 2763 1400; x_wconf 88' lang='lat' dir='ltr'><strong>id</strong></span> <span class='ocrx_word' id='word_1_513' title='bbox 2802 1357 3113 1414; x_wconf 85' lang='lat' dir='ltr'><strong>persuasum</strong></span> <span class='ocrx_word' id='word_1_514' title='bbox 3152 1343 3354 1400; x_wconf 80' lang='lat' dir='ltr'><strong>habere</strong></span> <span class='ocrx_word' id='word_1_515' title='bbox 3378 1344 3565 1408; x_wconf 90' lang='lat' dir='ltr'><strong>voluit,</strong></span> <span class='ocrx_word' id='word_1_516' title='bbox 3591 1353 3652 1399; x_wconf 84' lang='lat' dir='ltr'><strong>ut</strong></span> 
     </span>
    </p>
   </div>
   <div class='ocr_carea' id='block_1_65' title="bbox 2068 1433 3653 1504">
    <p class='ocr_par' dir='ltr' id='par_1_65' title="bbox 2068 1433 3653 1504">
     <span class='ocr_line' id='line_1_65' title="bbox 2068 1433 3653 1504; baseline -0.003 -12"><span class='ocrx_word' id='word_1_517' title='bbox 2068 1437 2123 1492; x_wconf 89' lang='lat' dir='ltr'><strong>in</strong></span> <span class='ocrx_word' id='word_1_518' title='bbox 2161 1433 2342 1490; x_wconf 84' lang='lat' dir='ltr'><strong>futuro</strong></span> <span class='ocrx_word' id='word_1_519' title='bbox 2380 1435 2673 1491; x_wconf 85' lang='lat' dir='ltr'><strong>modestior</strong></span> <span class='ocrx_word' id='word_1_520' title='bbox 2695 1443 2856 1490; x_wconf 87' lang='lat' dir='ltr'><strong>esset.</strong></span> <span class='ocrx_word' id='word_1_521' title='bbox 2898 1433 3004 1490; x_wconf 89' lang='lat' dir='ltr'><strong>Sed</strong></span> <span class='ocrx_word' id='word_1_522' title='bbox 3045 1448 3219 1504; x_wconf 88' lang='lat' dir='ltr'><strong>neque</strong></span> <span class='ocrx_word' id='word_1_523' title='bbox 3264 1433 3343 1489; x_wconf 90' lang='lat' dir='ltr'><strong>sic</strong></span> <span class='ocrx_word' id='word_1_524' title='bbox 3388 1449 3448 1489; x_wconf 89' lang='lat' dir='ltr'><strong>se</strong></span> <span class='ocrx_word' id='word_1_525' title='bbox 3477 1443 3653 1504; x_wconf 88' lang='lat' dir='ltr'><strong>potest</strong></span> 
     </span>
    </p>
   </div>
   <div class='ocr_carea' id='block_1_66' title="bbox 2068 1526 3653 1598">
    <p class='ocr_par' dir='ltr' id='par_1_66' title="bbox 2068 1526 3653 1598">
     <span class='ocr_line' id='line_1_66' title="bbox 2068 1526 3653 1598; baseline -0.003 -14"><span class='ocrx_word' id='word_1_526' title='bbox 2068 1530 2363 1586; x_wconf 88' lang='lat' dir='ltr'><strong>continere.</strong></span> <span class='ocrx_word' id='word_1_527' title='bbox 2393 1527 2526 1584; x_wconf 89' lang='lat' dir='ltr'><strong>Cum</strong></span> <span class='ocrx_word' id='word_1_528' title='bbox 2569 1528 2931 1585; x_wconf 89' lang='lat' dir='ltr'><strong>descendisset</strong></span> <span class='ocrx_word' id='word_1_529' title='bbox 2971 1527 3149 1598; x_wconf 78' lang='lat' dir='ltr'><strong>igitur,</strong></span> <span class='ocrx_word' id='word_1_530' title='bbox 3191 1527 3436 1583; x_wconf 80' lang='lat' dir='ltr'><strong>[luctibus</strong></span> <span class='ocrx_word' id='word_1_531' title='bbox 3475 1526 3653 1598; x_wconf 86' lang='lat' dir='ltr'><strong>exagi-</strong></span> 
     </span>
    </p>
   </div>
   <div class='ocr_carea' id='block_1_67' title="bbox 2071 1618 3655 1690">
    <p class='ocr_par' dir='ltr' id='par_1_67' title="bbox 2071 1618 3655 1690">
     <span class='ocr_line' id='line_1_67' title="bbox 2071 1618 3655 1690; baseline -0.001 -15"><span class='ocrx_word' id='word_1_532' title='bbox 2071 1621 2280 1677; x_wconf 82' lang='lat' dir='ltr'><strong>tabatur</strong></span> <span class='ocrx_word' id='word_1_533' title='bbox 2307 1639 2321 1675; x_wconf 90' lang='lat'><strong>:</strong></span> <span class='ocrx_word' id='word_1_534' title='bbox 2350 1620 2574 1677; x_wconf 87' lang='lat' dir='ltr'><strong>timebat</strong></span> <span class='ocrx_word' id='word_1_535' title='bbox 2593 1621 2757 1676; x_wconf 88' lang='lat' dir='ltr'><strong>enim.</strong></span> <span class='ocrx_word' id='word_1_536' title='bbox 2799 1619 2869 1676; x_wconf 84' lang='lat' dir='ltr'><strong>Ut</strong></span> <span class='ocrx_word' id='word_1_537' title='bbox 2904 1620 3280 1690; x_wconf 87' lang='lat' dir='ltr'><strong>exagitaretur.</strong></span> <span class='ocrx_word' id='word_1_538' title='bbox 3314 1618 3505 1675; x_wconf 79' lang='lat' dir='ltr'><strong>ﬂuetus</strong></span> <span class='ocrx_word' id='word_1_539' title='bbox 3528 1618 3655 1674; x_wconf 80' lang='lat' dir='ltr'><strong>eﬂ‘e—</strong></span> 
     </span>
    </p>
   </div>
   <div class='ocr_carea' id='block_1_68' title="bbox 2069 1708 3656 1784">
    <p class='ocr_par' dir='ltr' id='par_1_68' title="bbox 2069 1708 3656 1784">
     <span class='ocr_line' id='line_1_68' title="bbox 2069 1708 3656 1784; baseline -0.001 -17"><span class='ocrx_word' id='word_1_540' title='bbox 2069 1713 2170 1777; x_wconf 89' lang='lat' dir='ltr'><strong>cit;</strong></span> <span class='ocrx_word' id='word_1_541' title='bbox 2201 1720 2259 1767; x_wconf 93' lang='lat' dir='ltr'><strong>ut</strong></span> <span class='ocrx_word' id='word_1_542' title='bbox 2284 1713 2515 1777; x_wconf 85' lang='lat' dir='ltr'><strong>timeret,</strong></span> <span class='ocrx_word' id='word_1_543' title='bbox 2558 1721 2769 1768; x_wconf 76' lang='lat' dir='ltr'><strong>ventus.</strong></span> <span class='ocrx_word' id='word_1_544' title='bbox 2806 1711 3040 1768; x_wconf 77' lang='lat' dir='ltr'><strong>Joannes</strong></span> <span class='ocrx_word' id='word_1_545' title='bbox 3082 1708 3232 1784; x_wconf 82' lang='lat' dir='ltr'><strong>(Cap.</strong></span> <span class='ocrx_word' id='word_1_546' title='bbox 3260 1709 3315 1767; x_wconf 77' lang='lat' dir='ltr'><strong>ﬁ.</strong></span> <span class='ocrx_word' id='word_1_547' title='bbox 3335 1709 3432 1781; x_wconf 72' lang='grc'><strong>21)</strong></span> <span class='ocrx_word' id='word_1_548' title='bbox 3478 1716 3656 1765; x_wconf 86' lang='lat' dir='ltr'><strong>autem</strong></span> 
     </span>
    </p>
   </div>
   <div class='ocr_carea' id='block_1_69' title="bbox 2072 1804 3660 1875">
    <p class='ocr_par' dir='ltr' id='par_1_69' title="bbox 2072 1804 3660 1875">
     <span class='ocr_line' id='line_1_69' title="bbox 2072 1804 3660 1875; baseline -0.001 -16"><span class='ocrx_word' id='word_1_549' title='bbox 2072 1807 2165 1870; x_wconf 90' lang='lat' dir='ltr'><strong>ait,</strong></span> <span class='ocrx_word' id='word_1_550' title='bbox 2189 1804 2418 1859; x_wconf 87' lang='lat' dir='ltr'><strong>voluisse</strong></span> <span class='ocrx_word' id='word_1_551' title='bbox 2436 1820 2531 1859; x_wconf 82' lang='lat' dir='ltr'><strong>eos</strong></span> <span class='ocrx_word' id='word_1_552' title='bbox 2551 1805 2720 1875; x_wconf 88' lang='lat' dir='ltr'><strong>ipsum</strong></span> <span class='ocrx_word' id='word_1_553' title='bbox 2748 1804 2802 1859; x_wconf 91' lang='lat' dir='ltr'><strong>in</strong></span> <span class='ocrx_word' id='word_1_554' title='bbox 2834 1804 3131 1859; x_wconf 88' lang='lat' dir='ltr'><strong>naviculam</strong></span> <span class='ocrx_word' id='word_1_555' title='bbox 3155 1804 3417 1873; x_wconf 70' lang='lat' dir='ltr'><strong>accipere,</strong></span> <span class='ocrx_word' id='word_1_556' title='bbox 3446 1811 3501 1858; x_wconf 89' lang='lat' dir='ltr'><strong>et</strong></span> <span class='ocrx_word' id='word_1_557' title='bbox 3527 1815 3660 1857; x_wconf 82' lang='lat' dir='ltr'><strong>con-</strong></span> 
     </span>
    </p>
   </div>
   <div class='ocr_carea' id='block_1_70' title="bbox 2074 1893 3659 1965">
    <p class='ocr_par' dir='ltr' id='par_1_70' title="bbox 2074 1893 3659 1965">
     <span class='ocr_line' id='line_1_70' title="bbox 2074 1893 3659 1965; baseline -0.001 -14"><span class='ocrx_word' id='word_1_558' title='bbox 2074 1895 2247 1951; x_wconf 85' lang='lat' dir='ltr'><strong>festim</strong></span> <span class='ocrx_word' id='word_1_559' title='bbox 2286 1895 2581 1951; x_wconf 83' lang='lat' dir='ltr'><strong>naviculam</strong></span> <span class='ocrx_word' id='word_1_560' title='bbox 2611 1896 2822 1951; x_wconf 85' lang='lat' dir='ltr'><strong>venisse</strong></span> <span class='ocrx_word' id='word_1_561' title='bbox 2845 1897 2911 1950; x_wconf 89' lang='lat' dir='ltr'><strong>ad</strong></span> <span class='ocrx_word' id='word_1_562' title='bbox 2943 1906 3159 1961; x_wconf 86' lang='lat' dir='ltr'><strong>terram,</strong></span> <span class='ocrx_word' id='word_1_563' title='bbox 3188 1895 3252 1950; x_wconf 88' lang='lat' dir='ltr'><strong>ad</strong></span> <span class='ocrx_word' id='word_1_564' title='bbox 3282 1910 3440 1965; x_wconf 88' lang='lat' dir='ltr'><strong>quam</strong></span> <span class='ocrx_word' id='word_1_565' title='bbox 3475 1893 3659 1950; x_wconf 83' lang='lat' dir='ltr'><strong>tende-</strong></span> 
     </span>
    </p>
   </div>
   <div class='ocr_carea' id='block_1_71' title="bbox 2076 1988 3663 2059">
    <p class='ocr_par' dir='ltr' id='par_1_71' title="bbox 2076 1988 3663 2059">
     <span class='ocr_line' id='line_1_71' title="bbox 2076 1988 3663 2059; baseline -0.003 -16"><span class='ocrx_word' id='word_1_566' title='bbox 2076 1988 2238 2053; x_wconf 86' lang='lat' dir='ltr'><strong>bant;</strong></span> <span class='ocrx_word' id='word_1_567' title='bbox 2289 1988 2516 2057; x_wconf 90' lang='lat' dir='ltr'><strong>idipsum</strong></span> <span class='ocrx_word' id='word_1_568' title='bbox 2563 1988 2891 2059; x_wconf 84' lang='lat' dir='ltr'><strong>signiﬁcans,</strong></span> <span class='ocrx_word' id='word_1_569' title='bbox 2923 1989 2993 2042; x_wconf 83' lang='lat' dir='ltr'><strong>ita</strong></span> <span class='ocrx_word' id='word_1_570' title='bbox 3028 1997 3084 2041; x_wconf 89' lang='lat' dir='ltr'><strong>ut</strong></span> <span class='ocrx_word' id='word_1_571' title='bbox 3108 2002 3229 2043; x_wconf 88' lang='lat' dir='ltr'><strong>cum</strong></span> <span class='ocrx_word' id='word_1_572' title='bbox 3256 1988 3547 2047; x_wconf 71' lang='lat' dir='ltr'><strong>adterratn</strong></span> <span class='ocrx_word' id='word_1_573' title='bbox 3569 2002 3663 2056; x_wconf 90' lang='lat' dir='ltr'><strong>ap-</strong></span> 
     </span>
    </p>
   </div>
   <div class='ocr_carea' id='block_1_72' title="bbox 2075 2076 3665 2149">
    <p class='ocr_par' dir='ltr' id='par_1_72' title="bbox 2075 2076 3665 2149">
     <span class='ocr_line' id='line_1_72' title="bbox 2075 2076 3665 2149; baseline -0.001 -17"><span class='ocrx_word' id='word_1_574' title='bbox 2075 2077 2278 2149; x_wconf 88' lang='lat' dir='ltr'><strong>pulsuri</strong></span> <span class='ocrx_word' id='word_1_575' title='bbox 2312 2088 2513 2145; x_wconf 86' lang='lat' dir='ltr'><strong>essent,</strong></span> <span class='ocrx_word' id='word_1_576' title='bbox 2546 2078 2598 2132; x_wconf 90' lang='lat' dir='ltr'><strong>in</strong></span> <span class='ocrx_word' id='word_1_577' title='bbox 2636 2079 2903 2149; x_wconf 83' lang='lat' dir='ltr'><strong>navigium</strong></span> <span class='ocrx_word' id='word_1_578' title='bbox 2924 2079 3255 2134; x_wconf 84' lang='lat' dir='ltr'><strong>ascenderet.</strong></span> <span class='ocrx_word' id='word_1_579' title='bbox 3280 2076 3411 2133; x_wconf 75' lang='lat' dir='ltr'><strong>Cum</strong></span> <span class='ocrx_word' id='word_1_580' title='bbox 3439 2078 3665 2133; x_wconf 85' lang='lat' dir='ltr'><strong>descen-</strong></span> 
     </span>
    </p>
   </div>
   <div class='ocr_carea' id='block_1_73' title="bbox 2076 2170 3664 2241">
    <p class='ocr_par' dir='ltr' id='par_1_73' title="bbox 2076 2170 3664 2241">
     <span class='ocr_line' id='line_1_73' title="bbox 2076 2170 3664 2241; baseline -0.002 -15"><span class='ocrx_word' id='word_1_581' title='bbox 2076 2170 2282 2227; x_wconf 79' lang='lat' dir='ltr'><strong>disscnt</strong></span> <span class='ocrx_word' id='word_1_582' title='bbox 2305 2185 2434 2241; x_wconf 89' lang='lat' dir='ltr'><strong>ergo</strong></span> <span class='ocrx_word' id='word_1_583' title='bbox 2458 2170 2526 2226; x_wconf 90' lang='lat' dir='ltr'><strong>de</strong></span> <span class='ocrx_word' id='word_1_584' title='bbox 2552 2171 2694 2239; x_wconf 87' lang='lat' dir='ltr'><strong>navi,</strong></span> <span class='ocrx_word' id='word_1_585' title='bbox 2726 2170 2794 2225; x_wconf 88' lang='lat' dir='ltr'><strong>ad</strong></span> <span class='ocrx_word' id='word_1_586' title='bbox 2820 2172 2994 2239; x_wconf 90' lang='lat' dir='ltr'><strong>ipsum</strong></span> <span class='ocrx_word' id='word_1_587' title='bbox 3021 2170 3149 2234; x_wconf 86' lang='lat' dir='ltr'><strong>ibat,</strong></span> <span class='ocrx_word' id='word_1_588' title='bbox 3180 2185 3291 2225; x_wconf 88' lang='lat' dir='ltr'><strong>non</strong></span> <span class='ocrx_word' id='word_1_589' title='bbox 3315 2171 3385 2224; x_wconf 86' lang='lat' dir='ltr'><strong>ita</strong></span> <span class='ocrx_word' id='word_1_590' title='bbox 3426 2170 3664 2240; x_wconf 84' lang='lat' dir='ltr'><strong>gaudens</strong></span> 
     </span>
    </p>
   </div>
   <div class='ocr_carea' id='block_1_74' title="bbox 2077 2262 3665 2333">
    <p class='ocr_par' dir='ltr' id='par_1_74' title="bbox 2077 2262 3665 2333">
     <span class='ocr_line' id='line_1_74' title="bbox 2077 2262 3665 2333; baseline -0.002 -15"><span class='ocrx_word' id='word_1_591' title='bbox 2077 2262 2233 2332; x_wconf 86' lang='lat' dir='ltr'><strong>quod-</strong></span> <span class='ocrx_word' id='word_1_592' title='bbox 2269 2277 2435 2333; x_wconf 81' lang='lat' dir='ltr'><strong>supra</strong></span> <span class='ocrx_word' id='word_1_593' title='bbox 2468 2278 2655 2333; x_wconf 65' lang='lat' dir='ltr'><strong>aquas</strong></span> <span class='ocrx_word' id='word_1_594' title='bbox 2676 2263 2993 2328; x_wconf 88' lang='lat' dir='ltr'><strong>ambularet,</strong></span> <span class='ocrx_word' id='word_1_595' title='bbox 3021 2276 3182 2332; x_wconf 85' lang='lat' dir='ltr'><strong>quam</strong></span> <span class='ocrx_word' id='word_1_596' title='bbox 3208 2262 3348 2331; x_wconf 85' lang='lat' dir='ltr'><strong>quod</strong></span> <span class='ocrx_word' id='word_1_597' title='bbox 3377 2262 3442 2316; x_wconf 87' lang='lat' dir='ltr'><strong>ad</strong></span> <span class='ocrx_word' id='word_1_598' title='bbox 3492 2262 3665 2331; x_wconf 86' lang='lat' dir='ltr'><strong>ipsum</strong></span> 
     </span>
    </p>
   </div>
   <div class='ocr_carea' id='block_1_75' title="bbox 2080 2353 3664 2424">
    <p class='ocr_par' dir='ltr' id='par_1_75' title="bbox 2080 2353 3664 2424">
     <span class='ocr_line' id='line_1_75' title="bbox 2080 2353 3664 2424; baseline -0.002 -14"><span class='ocrx_word' id='word_1_599' title='bbox 2080 2356 2285 2410; x_wconf 82' lang='lat' dir='ltr'><strong>veniret</strong></span> <span class='ocrx_word' id='word_1_600' title='bbox 2319 2372 2335 2409; x_wconf 88' lang='lat'><strong>:</strong></span> <span class='ocrx_word' id='word_1_601' title='bbox 2361 2364 2561 2410; x_wconf 84' lang='lat' dir='ltr'><strong>etcum</strong></span> <span class='ocrx_word' id='word_1_602' title='bbox 2590 2353 2643 2409; x_wconf 89' lang='lat' dir='ltr'><strong>id</strong></span> <span class='ocrx_word' id='word_1_603' title='bbox 2670 2353 2812 2424; x_wconf 92' lang='lat' dir='ltr'><strong>quod</strong></span> <span class='ocrx_word' id='word_1_604' title='bbox 2840 2353 3013 2424; x_wconf 85' lang='lat' dir='ltr'><strong>majus</strong></span> <span class='ocrx_word' id='word_1_605' title='bbox 3033 2360 3150 2408; x_wconf 83' lang='lat' dir='ltr'><strong>erat</strong></span> <span class='ocrx_word' id='word_1_606' title='bbox 3173 2363 3570 2423; x_wconf 58' lang='lat' dir='ltr'><strong>«sequeretur,</strong></span> <span class='ocrx_word' id='word_1_607' title='bbox 3599 2369 3664 2408; x_wconf 81' lang='lat' dir='ltr'><strong>ex</strong></span> 
     </span>
    </p>
   </div>
   <div class='ocr_carea' id='block_1_76' title="bbox 2082 2443 3666 2517">
    <p class='ocr_par' dir='ltr' id='par_1_76' title="bbox 2082 2443 3666 2517">
     <span class='ocr_line' id='line_1_76' title="bbox 2082 2443 3666 2517; baseline -0.003 -14"><span class='ocrx_word' id='word_1_608' title='bbox 2082 2448 2276 2503; x_wconf 82' lang='lat' dir='ltr'><strong>minori</strong></span> <span class='ocrx_word' id='word_1_609' title='bbox 2306 2446 2702 2517; x_wconf 76' lang='lat' dir='ltr'><strong>periclitaturus</strong></span> <span class='ocrx_word' id='word_1_610' title='bbox 2738 2456 2877 2511; x_wconf 89' lang='lat' dir='ltr'><strong>erat,</strong></span> <span class='ocrx_word' id='word_1_611' title='bbox 2915 2460 2945 2500; x_wconf 89' lang='lat' dir='ltr'><strong>a</strong></span> <span class='ocrx_word' id='word_1_612' title='bbox 2978 2445 3125 2500; x_wconf 87' lang='lat' dir='ltr'><strong>venti</strong></span> <span class='ocrx_word' id='word_1_613' title='bbox 3157 2443 3280 2500; x_wconf 64' lang='lat' dir='ltr'><strong>diuo</strong></span> <span class='ocrx_word' id='word_1_614' title='bbox 3309 2446 3531 2513; x_wconf 76' lang='lat' dir='ltr'><strong>impetu,</strong></span> <span class='ocrx_word' id='word_1_615' title='bbox 3562 2462 3666 2499; x_wconf 75' lang='lat' dir='ltr'><strong>non</strong></span> 
     </span>
    </p>
   </div>
   <div class='ocr_carea' id='block_1_77' title="bbox 2084 2537 3666 2609">
    <p class='ocr_par' dir='ltr' id='par_1_77' title="bbox 2084 2537 3666 2609">
     <span class='ocr_line' id='line_1_77' title="bbox 2084 2537 3666 2609; baseline -0.005 -14"><span class='ocrx_word' id='word_1_616' title='bbox 2084 2554 2115 2595; x_wconf 84' lang='lat' dir='ltr'><strong>a</strong></span> <span class='ocrx_word' id='word_1_617' title='bbox 2145 2541 2297 2595; x_wconf 88' lang='lat' dir='ltr'><strong>mari.</strong></span> <span class='ocrx_word' id='word_1_618' title='bbox 2328 2538 2469 2593; x_wconf 84' lang='lat' dir='ltr'><strong>Talis</strong></span> <span class='ocrx_word' id='word_1_619' title='bbox 2494 2540 2690 2609; x_wconf 81' lang='lat' dir='ltr'><strong>quippe</strong></span> <span class='ocrx_word' id='word_1_620' title='bbox 2719 2546 2804 2593; x_wconf 86' lang='lat' dir='ltr'><strong>est</strong></span> <span class='ocrx_word' id='word_1_621' title='bbox 2840 2537 3068 2591; x_wconf 87' lang='lat' dir='ltr'><strong>humana</strong></span> <span class='ocrx_word' id='word_1_622' title='bbox 3104 2546 3291 2592; x_wconf 88' lang='lat' dir='ltr'><strong>natura</strong></span> <span class='ocrx_word' id='word_1_623' title='bbox 3320 2553 3334 2590; x_wconf 89' lang='lat'><strong>:</strong></span> <span class='ocrx_word' id='word_1_624' title='bbox 3366 2552 3510 2607; x_wconf 64' lang='lat' dir='ltr'><strong>saepe</strong></span> <span class='ocrx_word' id='word_1_625' title='bbox 3546 2553 3666 2592; x_wconf 85' lang='lat' dir='ltr'><strong>cum</strong></span> 
     </span>
    </p>
   </div>
   <div class='ocr_carea' id='block_1_78' title="bbox 2087 2630 3240 2702">
    <p class='ocr_par' dir='ltr' id='par_1_78' title="bbox 2087 2630 3240 2702">
     <span class='ocr_line' id='line_1_78' title="bbox 2087 2630 3240 2702; baseline -0.003 -15"><span class='ocrx_word' id='word_1_626' title='bbox 2087 2647 2275 2702; x_wconf 83' lang='lat' dir='ltr'><strong>magna</strong></span> <span class='ocrx_word' id='word_1_627' title='bbox 2303 2631 2589 2702; x_wconf 77' lang='lat' dir='ltr'><strong>superavit,</strong></span> <span class='ocrx_word' id='word_1_628' title='bbox 2617 2646 2646 2685; x_wconf 89' lang='lat' dir='ltr'><strong>a</strong></span> <span class='ocrx_word' id='word_1_629' title='bbox 2669 2631 2964 2683; x_wconf 81' lang='lat' dir='ltr'><strong>minoribus</strong></span> <span class='ocrx_word' id='word_1_630' title='bbox 2991 2630 3240 2683; x_wconf 80' lang='lat' dir='ltr'><strong>vim-itur.</strong></span> 
     </span>
    </p>
   </div>
   <div class='ocr_carea' id='block_1_79' title="bbox 2166 2721 3663 2791">
    <p class='ocr_par' dir='ltr' id='par_1_79' title="bbox 2166 2721 3663 2791">
     <span class='ocr_line' id='line_1_79' title="bbox 2166 2721 3663 2791; baseline -0.003 -15"><span class='ocrx_word' id='word_1_631' title='bbox 2166 2722 2345 2779; x_wconf 82' lang='lat' dir='ltr'><strong>Petrus</strong></span> <span class='ocrx_word' id='word_1_632' title='bbox 2369 2741 2469 2777; x_wconf 80' lang='lat' dir='ltr'><strong>non</strong></span> <span class='ocrx_word' id='word_1_633' title='bbox 2501 2724 2597 2777; x_wconf 83' lang='lat' dir='ltr'><strong>nisi</strong></span> <span class='ocrx_word' id='word_1_634' title='bbox 2622 2722 2882 2791; x_wconf 74' lang='lat' dir='ltr'><strong>deﬁciente</strong></span> <span class='ocrx_word' id='word_1_635' title='bbox 2918 2722 3020 2787; x_wconf 83' lang='lat' dir='ltr'><strong>[ide</strong></span> <span class='ocrx_word' id='word_1_636' title='bbox 3051 2737 3200 2790; x_wconf 82' lang='lat' dir='ltr'><strong>super</strong></span> <span class='ocrx_word' id='word_1_637' title='bbox 3225 2737 3382 2790; x_wconf 80' lang='lat' dir='ltr'><strong>aquas</strong></span> <span class='ocrx_word' id='word_1_638' title='bbox 3411 2721 3663 2774; x_wconf 75' lang='lat' dir='ltr'><strong>titubavit.</strong></span> 
     </span>
    </p>
   </div>
   <div class='ocr_carea' id='block_1_80' title="bbox 2090 2813 3670 2883">
    <p class='ocr_par' dir='ltr' id='par_1_80' title="bbox 2090 2813 3670 2883">
     <span class='ocr_line' id='line_1_80' title="bbox 2090 2813 3670 2883; baseline -0.003 -12"><span class='ocrx_word' id='word_1_639' title='bbox 2090 2815 2321 2871; x_wconf 74' lang='lat' dir='ltr'><strong>Christus</strong></span> <span class='ocrx_word' id='word_1_640' title='bbox 2365 2815 2643 2869; x_wconf 77' lang='lat' dir='ltr'><strong>diuinitatis</strong></span> <span class='ocrx_word' id='word_1_641' title='bbox 2687 2830 2793 2869; x_wconf 68' lang='lat' dir='ltr'><strong>sure</strong></span> <span class='ocrx_word' id='word_1_642' title='bbox 2836 2815 2989 2883; x_wconf 74' lang='lat' dir='ltr'><strong>ﬁdem</strong></span> <span class='ocrx_word' id='word_1_643' title='bbox 3029 2814 3320 2868; x_wconf 85' lang='lat' dir='ltr'><strong>adstruebat</strong></span> <span class='ocrx_word' id='word_1_644' title='bbox 3365 2813 3551 2867; x_wconf 84' lang='lat' dir='ltr'><strong>nedum</strong></span> <span class='ocrx_word' id='word_1_645' title='bbox 3587 2815 3670 2867; x_wconf 78' lang='lat' dir='ltr'><strong>de-</strong></span> 
     </span>
    </p>
   </div>
   <div class='ocr_carea' id='block_1_81' title="bbox 2091 2902 3671 2976">
    <p class='ocr_par' dir='ltr' id='par_1_81' title="bbox 2091 2902 3671 2976">
     <span class='ocr_line' id='line_1_81' title="bbox 2091 2902 3671 2976; baseline -0.003 -16"><span class='ocrx_word' id='word_1_646' title='bbox 2091 2915 2324 2961; x_wconf 84' lang='lat' dir='ltr'><strong>strueret.</strong></span> <span class='ocrx_word' id='word_1_647' title='bbox 2369 2904 2436 2959; x_wconf 86' lang='lat' dir='ltr'><strong>In</strong></span> <span class='ocrx_word' id='word_1_648' title='bbox 2460 2904 2784 2959; x_wconf 75' lang='lat' dir='ltr'><strong>Eucltaristia</strong></span> <span class='ocrx_word' id='word_1_649' title='bbox 2807 2904 2974 2976; x_wconf 78' lang='lat' dir='ltr'><strong>ipsum</strong></span> <span class='ocrx_word' id='word_1_650' title='bbox 3017 2902 3206 2959; x_wconf 85' lang='lat' dir='ltr'><strong>Christi</strong></span> <span class='ocrx_word' id='word_1_651' title='bbox 3230 2919 3414 2974; x_wconf 82' lang='lat' dir='ltr'><strong>corpus</strong></span> <span class='ocrx_word' id='word_1_652' title='bbox 3449 2902 3646 2958; x_wconf 85' lang='lat' dir='ltr'><strong>comedi</strong></span> <span class='ocrx_word' id='word_1_653' title='bbox 3656 2927 3671 2944; x_wconf 72' lang='grc' dir='ltr'>ι</span> 
     </span>
    </p>
   </div>
   <div class='ocr_carea' id='block_1_82' title="bbox 2092 2995 3673 3068">
    <p class='ocr_par' dir='ltr' id='par_1_82' title="bbox 2092 2995 3673 3068">
     <span class='ocr_line' id='line_1_82' title="bbox 2092 2995 3673 3068; baseline -0.002 -15"><span class='ocrx_word' id='word_1_654' title='bbox 2092 3008 2193 3055; x_wconf 78' lang='lat' dir='ltr'><strong>tur.</strong></span> <span class='ocrx_word' id='word_1_655' title='bbox 2209 3029 2282 3041; x_wconf 91' lang='lat'><strong>-—</strong></span> <span class='ocrx_word' id='word_1_656' title='bbox 2295 2998 2446 3068; x_wconf 86' lang='lat' dir='ltr'><strong>Quod</strong></span> <span class='ocrx_word' id='word_1_657' title='bbox 2465 3000 2624 3053; x_wconf 82' lang='lat' dir='ltr'><strong>etiam</strong></span> <span class='ocrx_word' id='word_1_658' title='bbox 2645 2998 2788 3052; x_wconf 83' lang='lat' dir='ltr'><strong>Elias</strong></span> <span class='ocrx_word' id='word_1_659' title='bbox 2804 2997 2904 3052; x_wconf 87' lang='lat' dir='ltr'><strong>sub</strong></span> <span class='ocrx_word' id='word_1_660' title='bbox 2922 2996 3168 3053; x_wconf 79' lang='lat' dir='ltr'><strong>Jezabele</strong></span> <span class='ocrx_word' id='word_1_661' title='bbox 3193 3012 3383 3068; x_wconf 82' lang='lat' dir='ltr'><strong>passus</strong></span> <span class='ocrx_word' id='word_1_662' title='bbox 3403 3005 3504 3059; x_wconf 68' lang='lat' dir='ltr'><strong>est,</strong></span> <span class='ocrx_word' id='word_1_663' title='bbox 3532 2995 3673 3065; x_wconf 86' lang='lat' dir='ltr'><strong>quod</strong></span> 
     </span>
    </p>
   </div>
   <div class='ocr_carea' id='block_1_83' title="bbox 2094 3088 3674 3165">
    <p class='ocr_par' dir='ltr' id='par_1_83' title="bbox 2094 3088 3674 3165">
     <span class='ocr_line' id='line_1_83' title="bbox 2094 3088 3674 3165; baseline -0.004 -17"><span class='ocrx_word' id='word_1_664' title='bbox 2094 3093 2304 3165; x_wconf 80' lang='lat' dir='ltr'><strong>Moyses</strong></span> <span class='ocrx_word' id='word_1_665' title='bbox 2322 3093 2389 3147; x_wconf 88' lang='lat' dir='ltr'><strong>ab</strong></span> <span class='ocrx_word' id='word_1_666' title='bbox 2409 3092 2683 3164; x_wconf 63' lang='lat' dir='ltr'><strong>Egyptio,</strong></span> <span class='ocrx_word' id='word_1_667' title='bbox 2706 3092 2874 3147; x_wconf 88' lang='lat' dir='ltr'><strong>David</strong></span> <span class='ocrx_word' id='word_1_668' title='bbox 2899 3107 2929 3147; x_wconf 88' lang='lat' dir='ltr'><strong>a</strong></span> <span class='ocrx_word' id='word_1_669' title='bbox 2953 3091 3237 3146; x_wconf 82' lang='lat' dir='ltr'><strong>Bersabee.</strong></span> <span class='ocrx_word' id='word_1_670' title='bbox 3264 3088 3337 3145; x_wconf 88' lang='lat' dir='ltr'><strong>Ita</strong></span> <span class='ocrx_word' id='word_1_671' title='bbox 3357 3098 3421 3145; x_wconf 87' lang='lat' dir='ltr'><strong>et-</strong></span> <span class='ocrx_word' id='word_1_672' title='bbox 3442 3089 3630 3144; x_wconf 78' lang='lat' dir='ltr'><strong>Petrus</strong></span> <span class='ocrx_word' id='word_1_673' title='bbox 3659 3106 3674 3143; x_wconf 86' lang='lat'><strong>:</strong></span> 
     </span>
    </p>
   </div>
   <div class='ocr_carea' id='block_1_84' title="bbox 2096 3183 3678 3255">
    <p class='ocr_par' dir='ltr' id='par_1_84' title="bbox 2096 3183 3678 3255">
     <span class='ocr_line' id='line_1_84' title="bbox 2096 3183 3678 3255; baseline -0.003 -14"><span class='ocrx_word' id='word_1_674' title='bbox 2096 3185 2326 3241; x_wconf 88' lang='lat' dir='ltr'><strong>instante</strong></span> <span class='ocrx_word' id='word_1_675' title='bbox 2358 3186 2534 3241; x_wconf 85' lang='lat' dir='ltr'><strong>adhuc</strong></span> <span class='ocrx_word' id='word_1_676' title='bbox 2572 3195 2779 3241; x_wconf 88' lang='lat' dir='ltr'><strong>terrore</strong></span> <span class='ocrx_word' id='word_1_677' title='bbox 2813 3199 2978 3255; x_wconf 86' lang='lat' dir='ltr'><strong>super</strong></span> <span class='ocrx_word' id='word_1_678' title='bbox 3002 3199 3177 3255; x_wconf 79' lang='lat' dir='ltr'><strong>aquas</strong></span> <span class='ocrx_word' id='word_1_679' title='bbox 3204 3183 3485 3239; x_wconf 85' lang='lat' dir='ltr'><strong>ambulare</strong></span> <span class='ocrx_word' id='word_1_680' title='bbox 3520 3196 3678 3238; x_wconf 73' lang='lat' dir='ltr'><strong>ausus</strong></span> 
     </span>
    </p>
   </div>
   <div class='ocr_carea' id='block_1_85' title="bbox 2096 3280 3681 3351">
    <p class='ocr_par' dir='ltr' id='par_1_85' title="bbox 2096 3280 3681 3351">
     <span class='ocr_line' id='line_1_85' title="bbox 2096 3280 3681 3351; baseline 0 -16"><span class='ocrx_word' id='word_1_681' title='bbox 2096 3291 2200 3345; x_wconf 80' lang='lat' dir='ltr'><strong>est,</strong></span> <span class='ocrx_word' id='word_1_682' title='bbox 2230 3280 2322 3335; x_wconf 87' lang='lat' dir='ltr'><strong>sed</strong></span> <span class='ocrx_word' id='word_1_683' title='bbox 2360 3288 2545 3335; x_wconf 81' lang='lat' dir='ltr'><strong>contra</strong></span> <span class='ocrx_word' id='word_1_684' title='bbox 2589 3282 2733 3335; x_wconf 88' lang='lat' dir='ltr'><strong>venti</strong></span> <span class='ocrx_word' id='word_1_685' title='bbox 2770 3281 3029 3349; x_wconf 87' lang='lat' dir='ltr'><strong>impetum</strong></span> <span class='ocrx_word' id='word_1_686' title='bbox 3072 3290 3216 3336; x_wconf 85' lang='lat' dir='ltr'><strong>stare</strong></span> <span class='ocrx_word' id='word_1_687' title='bbox 3255 3295 3361 3335; x_wconf 85' lang='lat' dir='ltr'><strong>non</strong></span> <span class='ocrx_word' id='word_1_688' title='bbox 3407 3280 3597 3351; x_wconf 84' lang='lat' dir='ltr'><strong>potuit,</strong></span> <span class='ocrx_word' id='word_1_689' title='bbox 3629 3288 3681 3335; x_wconf 71' lang='grc' dir='ltr'><strong>(ιι</strong></span> 
     </span>
    </p>
   </div>
   <div class='ocr_carea' id='block_1_86' title="bbox 2099 3371 3682 3442">
    <p class='ocr_par' dir='ltr' id='par_1_86' title="bbox 2099 3371 3682 3442">
     <span class='ocr_line' id='line_1_86' title="bbox 2099 3371 3682 3442; baseline 0 -16"><span class='ocrx_word' id='word_1_690' title='bbox 2099 3372 2200 3427; x_wconf 88' lang='lat' dir='ltr'><strong>hoc</strong></span> <span class='ocrx_word' id='word_1_691' title='bbox 2244 3388 2364 3427; x_wconf 90' lang='lat' dir='ltr'><strong>cum</strong></span> <span class='ocrx_word' id='word_1_692' title='bbox 2401 3387 2566 3442; x_wconf 91' lang='lat' dir='ltr'><strong>prope</strong></span> <span class='ocrx_word' id='word_1_693' title='bbox 2603 3372 2880 3428; x_wconf 83' lang='lat' dir='ltr'><strong>Christum</strong></span> <span class='ocrx_word' id='word_1_694' title='bbox 2915 3381 3078 3428; x_wconf 76' lang='lat' dir='ltr'><strong>esset.</strong></span> <span class='ocrx_word' id='word_1_695' title='bbox 3119 3372 3205 3428; x_wconf 81' lang='lat' dir='ltr'><strong>Ita</strong></span> <span class='ocrx_word' id='word_1_696' title='bbox 3234 3372 3369 3427; x_wconf 78' lang='lat' dir='ltr'><strong>nihil</strong></span> <span class='ocrx_word' id='word_1_697' title='bbox 3382 3371 3541 3441; x_wconf 69' lang='lat' dir='ltr'><strong>*juvat</strong></span> <span class='ocrx_word' id='word_1_698' title='bbox 3565 3386 3682 3427; x_wconf 85' lang='lat' dir='ltr'><strong>esse</strong></span> 
     </span>
    </p>
   </div>
   <div class='ocr_carea' id='block_1_87' title="bbox 2099 3464 3679 3537">
    <p class='ocr_par' dir='ltr' id='par_1_87' title="bbox 2099 3464 3679 3537">
     <span class='ocr_line' id='line_1_87' title="bbox 2099 3464 3679 3537; baseline 0.002 -20"><span class='ocrx_word' id='word_1_699' title='bbox 2099 3480 2266 3535; x_wconf 87' lang='lat' dir='ltr'><strong>prope</strong></span> <span class='ocrx_word' id='word_1_700' title='bbox 2288 3464 2581 3532; x_wconf 84' lang='lat' dir='ltr'><strong>Christum,</strong></span> <span class='ocrx_word' id='word_1_701' title='bbox 2607 3465 2709 3521; x_wconf 89' lang='lat' dir='ltr'><strong>nisi</strong></span> <span class='ocrx_word' id='word_1_702' title='bbox 2740 3465 2846 3521; x_wconf 88' lang='lat' dir='ltr'><strong>ﬁde</strong></span> <span class='ocrx_word' id='word_1_703' title='bbox 2874 3481 3038 3536; x_wconf 83' lang='lat' dir='ltr'><strong>prope</strong></span> <span class='ocrx_word' id='word_1_704' title='bbox 3062 3468 3156 3521; x_wconf 90' lang='lat' dir='ltr'><strong>sis.</strong></span> <span class='ocrx_word' id='word_1_705' title='bbox 3184 3466 3299 3523; x_wconf 87' lang='lat' dir='ltr'><strong>lloc</strong></span> <span class='ocrx_word' id='word_1_706' title='bbox 3325 3480 3487 3537; x_wconf 89' lang='lat' dir='ltr'><strong>porro</strong></span> <span class='ocrx_word' id='word_1_707' title='bbox 3507 3481 3679 3535; x_wconf 80' lang='lat' dir='ltr'><strong>quan-</strong></span> 
     </span>
    </p>
   </div>
   <div class='ocr_carea' id='block_1_88' title="bbox 2103 3556 3683 3628">
    <p class='ocr_par' dir='ltr' id='par_1_88' title="bbox 2103 3556 3683 3628">
     <span class='ocr_line' id='line_1_88' title="bbox 2103 3556 3683 3628; baseline 0.001 -19"><span class='ocrx_word' id='word_1_708' title='bbox 2103 3564 2213 3610; x_wconf 90' lang='lat' dir='ltr'><strong>tum</strong></span> <span class='ocrx_word' id='word_1_709' title='bbox 2233 3566 2376 3611; x_wconf 80' lang='lat' dir='ltr'><strong>esset</strong></span> <span class='ocrx_word' id='word_1_710' title='bbox 2403 3556 2542 3611; x_wconf 90' lang='lat' dir='ltr'><strong>inter</strong></span> <span class='ocrx_word' id='word_1_711' title='bbox 2568 3556 2879 3628; x_wconf 79' lang='lat' dir='ltr'><strong>Magistrum</strong></span> <span class='ocrx_word' id='word_1_712' title='bbox 2913 3565 2968 3611; x_wconf 89' lang='lat' dir='ltr'><strong>et</strong></span> <span class='ocrx_word' id='word_1_713' title='bbox 2991 3556 3315 3626; x_wconf 84' lang='lat' dir='ltr'><strong>discipulum</strong></span> <span class='ocrx_word' id='word_1_714' title='bbox 3346 3556 3683 3612; x_wconf 77' lang='lat' dir='ltr'><strong>intervallum</strong></span> 
     </span>
    </p>
   </div>
   <div class='ocr_carea' id='block_1_89' title="bbox 2101 3647 3686 3717">
    <p class='ocr_par' dir='ltr' id='par_1_89' title="bbox 2101 3647 3686 3717">
     <span class='ocr_line' id='line_1_89' title="bbox 2101 3647 3686 3717; baseline 0.001 -16"><span class='ocrx_word' id='word_1_715' title='bbox 2101 3648 2352 3713; x_wconf 79' lang='lat' dir='ltr'><strong>ostendit,</strong></span> <span class='ocrx_word' id='word_1_716' title='bbox 2370 3648 2602 3717; x_wconf 80' lang='lat' dir='ltr'><strong>aliisque</strong></span> <span class='ocrx_word' id='word_1_717' title='bbox 2628 3648 2980 3703; x_wconf 82' lang='lat' dir='ltr'><strong>consolationi</strong></span> <span class='ocrx_word' id='word_1_718' title='bbox 3010 3648 3124 3703; x_wconf 82' lang='lat' dir='ltr'><strong>fait.</strong></span> <span class='ocrx_word' id='word_1_719' title='bbox 3158 3648 3285 3703; x_wconf 85' lang='lat' dir='ltr'><strong>Nam</strong></span> <span class='ocrx_word' id='word_1_720' title='bbox 3315 3647 3359 3702; x_wconf 91' lang='lat' dir='ltr'><strong>si</strong></span> <span class='ocrx_word' id='word_1_721' title='bbox 3387 3647 3455 3703; x_wconf 80' lang='lat' dir='ltr'><strong>de</strong></span> <span class='ocrx_word' id='word_1_722' title='bbox 3482 3647 3686 3702; x_wconf 82' lang='lat' dir='ltr'><strong>duobus</strong></span> 
     </span>
    </p>
   </div>
   <div class='ocr_carea' id='block_1_90' title="bbox 2106 3740 3688 3817">
    <p class='ocr_par' dir='ltr' id='par_1_90' title="bbox 2106 3740 3688 3817">
     <span class='ocr_line' id='line_1_90' title="bbox 2106 3740 3688 3817; baseline -0.001 -22"><span class='ocrx_word' id='word_1_723' title='bbox 2106 3741 2356 3797; x_wconf 72' lang='lat' dir='ltr'><strong>fratribus</strong></span> <span class='ocrx_word' id='word_1_724' title='bbox 2398 3742 2516 3796; x_wconf 89' lang='lat' dir='ltr'><strong>irati</strong></span> <span class='ocrx_word' id='word_1_725' title='bbox 2547 3751 2692 3809; x_wconf 89' lang='lat' dir='ltr'><strong>sunt,</strong></span> <span class='ocrx_word' id='word_1_726' title='bbox 2734 3744 2902 3798; x_wconf 87' lang='lat' dir='ltr'><strong>tnulto</strong></span> <span class='ocrx_word' id='word_1_727' title='bbox 2937 3743 3103 3817; x_wconf 83' lang='lat' dir='ltr'><strong>magis</strong></span> <span class='ocrx_word' id='word_1_728' title='bbox 3138 3741 3224 3797; x_wconf 84' lang='lat' dir='ltr'><strong>hic</strong></span> <span class='ocrx_word' id='word_1_729' title='bbox 3260 3741 3515 3811; x_wconf 82' lang='lat' dir='ltr'><strong>indignati</strong></span> <span class='ocrx_word' id='word_1_730' title='bbox 3556 3740 3688 3793; x_wconf 64' lang='lat' dir='ltr'><strong>{uiso</strong></span> 
     </span>
    </p>
   </div>
   <div class='ocr_carea' id='block_1_91' title="bbox 2105 3833 3688 3903">
    <p class='ocr_par' dir='ltr' id='par_1_91' title="bbox 2105 3833 3688 3903">
     <span class='ocr_line' id='line_1_91' title="bbox 2105 3833 3688 3903; baseline -0.002 -15"><span class='ocrx_word' id='word_1_731' title='bbox 2105 3833 2542 3888; x_wconf 45' lang='lat' dir='ltr'><strong>senta-nondum</strong></span> <span class='ocrx_word' id='word_1_732' title='bbox 2585 3834 2726 3888; x_wconf 90' lang='lat' dir='ltr'><strong>enim</strong></span> <span class='ocrx_word' id='word_1_733' title='bbox 2766 3834 3020 3903; x_wconf 83' lang='lat' dir='ltr'><strong>Spiritum</strong></span> <span class='ocrx_word' id='word_1_734' title='bbox 3058 3843 3299 3887; x_wconf 82' lang='lat' dir='ltr'><strong>sanctum</strong></span> <span class='ocrx_word' id='word_1_735' title='bbox 3351 3843 3688 3902; x_wconf 83' lang='lat' dir='ltr'><strong>acceperant.</strong></span> 
     </span>
    </p>
   </div>
   <div class='ocr_carea' id='block_1_92' title="bbox 2108 3923 3691 3993">
    <p class='ocr_par' dir='ltr' id='par_1_92' title="bbox 2108 3923 3691 3993">
     <span class='ocr_line' id='line_1_92' title="bbox 2108 3923 3691 3993; baseline -0.003 -14"><span class='ocrx_word' id='word_1_736' title='bbox 2108 3923 2211 3979; x_wconf 84' lang='lat' dir='ltr'><strong>Sed</strong></span> <span class='ocrx_word' id='word_1_737' title='bbox 2238 3932 2423 3993; x_wconf 85' lang='lat' dir='ltr'><strong>postea</strong></span> <span class='ocrx_word' id='word_1_738' title='bbox 2460 3939 2564 3977; x_wconf 87' lang='lat' dir='ltr'><strong>non</strong></span> <span class='ocrx_word' id='word_1_739' title='bbox 2596 3924 2738 3980; x_wconf 81' lang='lat' dir='ltr'><strong>tales</strong></span> <span class='ocrx_word' id='word_1_740' title='bbox 2778 3924 3010 3979; x_wconf 85' lang='lat' dir='ltr'><strong>fuerunt.</strong></span> <span class='ocrx_word' id='word_1_741' title='bbox 3057 3923 3262 3993; x_wconf 85' lang='lat' dir='ltr'><strong>Ubique</strong></span> <span class='ocrx_word' id='word_1_742' title='bbox 3305 3924 3447 3978; x_wconf 88' lang='lat' dir='ltr'><strong>enim</strong></span> <span class='ocrx_word' id='word_1_743' title='bbox 3495 3925 3691 3992; x_wconf 87' lang='lat' dir='ltr'><strong>primas</strong></span> 
     </span>
    </p>
   </div>
   <div class='ocr_carea' id='block_1_93' title="bbox 2110 4013 3693 4086">
    <p class='ocr_par' dir='ltr' id='par_1_93' title="bbox 2110 4013 3693 4086">
     <span class='ocr_line' id='line_1_93' title="bbox 2110 4013 3693 4086; baseline 0 -17"><span class='ocrx_word' id='word_1_744' title='bbox 2110 4014 2266 4071; x_wconf 80' lang='lat' dir='ltr'><strong>Petro</strong></span> <span class='ocrx_word' id='word_1_745' title='bbox 2282 4013 2598 4079; x_wconf 87' lang='lat' dir='ltr'><strong>concedunt,</strong></span> <span class='ocrx_word' id='word_1_746' title='bbox 2626 4024 2680 4070; x_wconf 90' lang='lat' dir='ltr'><strong>et</strong></span> <span class='ocrx_word' id='word_1_747' title='bbox 2708 4015 2773 4070; x_wconf 91' lang='lat' dir='ltr'><strong>ad</strong></span> <span class='ocrx_word' id='word_1_748' title='bbox 2803 4016 3087 4071; x_wconf 87' lang='lat' dir='ltr'><strong>conciones</strong></span> <span class='ocrx_word' id='word_1_749' title='bbox 3116 4014 3353 4084; x_wconf 87' lang='lat' dir='ltr'><strong>publicas</strong></span> <span class='ocrx_word' id='word_1_750' title='bbox 3380 4014 3529 4069; x_wconf 87' lang='lat' dir='ltr'><strong>illutn</strong></span> <span class='ocrx_word' id='word_1_751' title='bbox 3552 4030 3693 4086; x_wconf 74' lang='lat' dir='ltr'><strong>prm—</strong></span> 
     </span>
    </p>
   </div>
   <div class='ocr_carea' id='block_1_94' title="bbox 2110 4106 3693 4176">
    <p class='ocr_par' dir='ltr' id='par_1_94' title="bbox 2110 4106 3693 4176">
     <span class='ocr_line' id='line_1_94' title="bbox 2110 4106 3693 4176; baseline 0.001 -14"><span class='ocrx_word' id='word_1_752' title='bbox 2110 4106 2306 4173; x_wconf 78' lang='lat' dir='ltr'><strong>ierunt,</strong></span> <span class='ocrx_word' id='word_1_753' title='bbox 2331 4106 2578 4176; x_wconf 81' lang='lat' dir='ltr'><strong>quamvis</strong></span> <span class='ocrx_word' id='word_1_754' title='bbox 2595 4107 2804 4163; x_wconf 63' lang='lat' dir='ltr'><strong>caeteris</strong></span> <span class='ocrx_word' id='word_1_755' title='bbox 2824 4107 3006 4162; x_wconf 89' lang='lat' dir='ltr'><strong>rudior</strong></span> <span class='ocrx_word' id='word_1_756' title='bbox 3029 4106 3315 4162; x_wconf 83' lang='lat' dir='ltr'><strong>videretur.</strong></span> <span class='ocrx_word' id='word_1_757' title='bbox 3340 4106 3444 4162; x_wconf 85' lang='lat' dir='ltr'><strong>Sed</strong></span> <span class='ocrx_word' id='word_1_758' title='bbox 3472 4122 3566 4162; x_wconf 88' lang='lat' dir='ltr'><strong>cur</strong></span> <span class='ocrx_word' id='word_1_759' title='bbox 3591 4122 3693 4163; x_wconf 79' lang='lat' dir='ltr'><strong>non</strong></span> 
     </span>
    </p>
   </div>
   <div class='ocr_carea' id='block_1_95' title="bbox 2112 4198 3695 4269">
    <p class='ocr_par' dir='ltr' id='par_1_95' title="bbox 2112 4198 3695 4269">
     <span class='ocr_line' id='line_1_95' title="bbox 2112 4198 3695 4269; baseline 0.002 -17"><span class='ocrx_word' id='word_1_760' title='bbox 2112 4198 2391 4267; x_wconf 89' lang='lat' dir='ltr'><strong>imperavit</strong></span> <span class='ocrx_word' id='word_1_761' title='bbox 2418 4198 2591 4253; x_wconf 89' lang='lat' dir='ltr'><strong>ventis</strong></span> <span class='ocrx_word' id='word_1_762' title='bbox 2636 4207 2694 4253; x_wconf 90' lang='lat' dir='ltr'><strong>ut</strong></span> <span class='ocrx_word' id='word_1_763' title='bbox 2730 4202 3083 4269; x_wconf 89' lang='lat' dir='ltr'><strong>quiescerent,</strong></span> <span class='ocrx_word' id='word_1_764' title='bbox 3131 4198 3224 4254; x_wconf 84' lang='lat' dir='ltr'><strong>sed</strong></span> <span class='ocrx_word' id='word_1_765' title='bbox 3272 4212 3488 4255; x_wconf 77' lang='lat' dir='ltr'><strong>extensa</strong></span> <span class='ocrx_word' id='word_1_766' title='bbox 3538 4215 3695 4255; x_wconf 86' lang='lat' dir='ltr'><strong>manu</strong></span> 
     </span>
    </p>
   </div>
   <div class='ocr_carea' id='block_1_96' title="bbox 2111 4288 3696 4361">
    <p class='ocr_par' dir='ltr' id='par_1_96' title="bbox 2111 4288 3696 4361">
     <span class='ocr_line' id='line_1_96' title="bbox 2111 4288 3696 4361; baseline 0.003 -18"><span class='ocrx_word' id='word_1_767' title='bbox 2111 4288 2465 4359; x_wconf 82' lang='lat' dir='ltr'><strong>apprehendit</strong></span> <span class='ocrx_word' id='word_1_768' title='bbox 2511 4290 2674 4346; x_wconf 86' lang='lat' dir='ltr'><strong>eum?</strong></span> <span class='ocrx_word' id='word_1_769' title='bbox 2701 4291 2834 4359; x_wconf 87' lang='lat' dir='ltr'><strong>Quia</strong></span> <span class='ocrx_word' id='word_1_770' title='bbox 2872 4289 2976 4345; x_wconf 87' lang='lat' dir='ltr'><strong>ﬁde</strong></span> <span class='ocrx_word' id='word_1_771' title='bbox 3018 4291 3184 4361; x_wconf 88' lang='lat' dir='ltr'><strong>ipsius</strong></span> <span class='ocrx_word' id='word_1_772' title='bbox 3225 4307 3358 4361; x_wconf 81' lang='lat' dir='ltr'><strong>opus</strong></span> <span class='ocrx_word' id='word_1_773' title='bbox 3389 4301 3521 4347; x_wconf 88' lang='lat' dir='ltr'><strong>erat.</strong></span> <span class='ocrx_word' id='word_1_774' title='bbox 3563 4292 3696 4347; x_wconf 84' lang='lat' dir='ltr'><strong>Cum</strong></span> 
     </span>
    </p>
   </div>
   <div class='ocr_carea' id='block_1_97' title="bbox 2113 4382 3694 4454">
    <p class='ocr_par' dir='ltr' id='par_1_97' title="bbox 2113 4382 3694 4454">
     <span class='ocr_line' id='line_1_97' title="bbox 2113 4382 3694 4454; baseline -0.001 -16"><span class='ocrx_word' id='word_1_775' title='bbox 2113 4382 2256 4438; x_wconf 89' lang='lat' dir='ltr'><strong>enim</strong></span> <span class='ocrx_word' id='word_1_776' title='bbox 2282 4391 2463 4438; x_wconf 86' lang='lat' dir='ltr'><strong>nostra</strong></span> <span class='ocrx_word' id='word_1_777' title='bbox 2494 4383 2763 4449; x_wconf 88' lang='lat' dir='ltr'><strong>desinunt,</strong></span> <span class='ocrx_word' id='word_1_778' title='bbox 2787 4398 2903 4454; x_wconf 75' lang='lat' dir='ltr'><strong>qua:</strong></span> <span class='ocrx_word' id='word_1_779' title='bbox 2933 4382 3027 4438; x_wconf 90' lang='lat' dir='ltr'><strong>Dei</strong></span> <span class='ocrx_word' id='word_1_780' title='bbox 3058 4391 3183 4437; x_wconf 87' lang='lat' dir='ltr'><strong>sunt</strong></span> <span class='ocrx_word' id='word_1_781' title='bbox 3220 4384 3376 4438; x_wconf 76' lang='lat' dir='ltr'><strong>etiam</strong></span> <span class='ocrx_word' id='word_1_782' title='bbox 3418 4385 3694 4439; x_wconf 84' lang='lat' dir='ltr'><strong>sistuntur.</strong></span> 
     </span>
    </p>
   </div>
   <div class='ocr_carea' id='block_1_98' title="bbox 2113 4473 3697 4544">
    <p class='ocr_par' dir='ltr' id='par_1_98' title="bbox 2113 4473 3697 4544">
     <span class='ocr_line' id='line_1_98' title="bbox 2113 4473 3697 4544; baseline -0.002 -14"><span class='ocrx_word' id='word_1_783' title='bbox 2113 4473 2414 4530; x_wconf 81' lang='lat' dir='ltr'><strong>Ostendens</strong></span> <span class='ocrx_word' id='word_1_784' title='bbox 2448 4476 2626 4544; x_wconf 86' lang='lat' dir='ltr'><strong>igitur,</strong></span> <span class='ocrx_word' id='word_1_785' title='bbox 2658 4489 2763 4530; x_wconf 90' lang='lat' dir='ltr'><strong>non</strong></span> <span class='ocrx_word' id='word_1_786' title='bbox 2802 4475 2943 4530; x_wconf 86' lang='lat' dir='ltr'><strong>venti</strong></span> <span class='ocrx_word' id='word_1_787' title='bbox 2979 4475 3255 4544; x_wconf 86' lang='lat' dir='ltr'><strong>impetum,</strong></span> <span class='ocrx_word' id='word_1_788' title='bbox 3300 4474 3393 4529; x_wconf 88' lang='lat' dir='ltr'><strong>sed</strong></span> <span class='ocrx_word' id='word_1_789' title='bbox 3436 4474 3697 4530; x_wconf 88' lang='lat' dir='ltr'><strong>modicam</strong></span> 
     </span>
    </p>
   </div>
   <div class='ocr_carea' id='block_1_99' title="bbox 2114 4564 3700 4636">
    <p class='ocr_par' dir='ltr' id='par_1_99' title="bbox 2114 4564 3700 4636">
     <span class='ocr_line' id='line_1_99' title="bbox 2114 4564 3700 4636; baseline -0.001 -15"><span class='ocrx_word' id='word_1_790' title='bbox 2114 4567 2232 4636; x_wconf 90' lang='lat' dir='ltr'><strong>ejus</strong></span> <span class='ocrx_word' id='word_1_791' title='bbox 2258 4567 2415 4622; x_wconf 88' lang='lat' dir='ltr'><strong>tidem</strong></span> <span class='ocrx_word' id='word_1_792' title='bbox 2457 4566 2630 4635; x_wconf 91' lang='lat' dir='ltr'><strong>ipsum</strong></span> <span class='ocrx_word' id='word_1_793' title='bbox 2664 4566 2941 4631; x_wconf 87' lang='lat' dir='ltr'><strong>evertisse,</strong></span> <span class='ocrx_word' id='word_1_794' title='bbox 2980 4566 3093 4620; x_wconf 91' lang='lat' dir='ltr'><strong>ait:</strong></span> <span class='ocrx_word' id='word_1_795' title='bbox 3120 4564 3341 4620; x_wconf 70' lang='lat' dir='ltr'><strong>Modius</strong></span> <span class='ocrx_word' id='word_1_796' title='bbox 3366 4565 3505 4635; x_wconf 80' lang='lat' dir='ltr'><strong>ﬁdei,</strong></span> <span class='ocrx_word' id='word_1_797' title='bbox 3545 4582 3700 4636; x_wconf 80' lang='lat' dir='ltr'><strong>quare</strong></span> 
     </span>
    </p>
   </div>
   <div class='ocr_carea' id='block_1_100' title="bbox 2116 4657 3700 4730">
    <p class='ocr_par' dir='ltr' id='par_1_100' title="bbox 2116 4657 3700 4730">
     <span class='ocr_line' id='line_1_100' title="bbox 2116 4657 3700 4730; baseline -0.002 -16"><span class='ocrx_word' id='word_1_798' title='bbox 2116 4660 2398 4715; x_wconf 77' lang='lat' dir='ltr'><strong>dubitasti?</strong></span> <span class='ocrx_word' id='word_1_799' title='bbox 2423 4659 2602 4730; x_wconf 88' lang='lat' dir='ltr'><strong>Itaque</strong></span> <span class='ocrx_word' id='word_1_800' title='bbox 2627 4658 2727 4713; x_wconf 89' lang='lat' dir='ltr'><strong>nisi</strong></span> <span class='ocrx_word' id='word_1_801' title='bbox 2753 4658 2885 4713; x_wconf 91' lang='lat' dir='ltr'><strong>ﬁdes</strong></span> <span class='ocrx_word' id='word_1_802' title='bbox 2905 4657 3112 4714; x_wconf 84' lang='lat' dir='ltr'><strong>inﬁrma</strong></span> <span class='ocrx_word' id='word_1_803' title='bbox 3148 4657 3353 4722; x_wconf 81' lang='lat' dir='ltr'><strong>fuisset,</strong></span> <span class='ocrx_word' id='word_1_804' title='bbox 3385 4658 3544 4712; x_wconf 87' lang='lat' dir='ltr'><strong>etiam</strong></span> <span class='ocrx_word' id='word_1_805' title='bbox 3566 4674 3700 4712; x_wconf 87' lang='lat' dir='ltr'><strong>con-</strong></span> 
     </span>
    </p>
   </div>
   <div class='ocr_carea' id='block_1_101' title="bbox 2118 4751 3701 4823">
    <p class='ocr_par' dir='ltr' id='par_1_101' title="bbox 2118 4751 3701 4823">
     <span class='ocr_line' id='line_1_101' title="bbox 2118 4751 3701 4823; baseline -0.003 -14"><span class='ocrx_word' id='word_1_806' title='bbox 2118 4764 2200 4809; x_wconf 86' lang='lat' dir='ltr'><strong>tra</strong></span> <span class='ocrx_word' id='word_1_807' title='bbox 2242 4761 2458 4808; x_wconf 89' lang='lat' dir='ltr'><strong>ventum</strong></span> <span class='ocrx_word' id='word_1_808' title='bbox 2502 4752 2656 4808; x_wconf 86' lang='lat' dir='ltr'><strong>facile</strong></span> <span class='ocrx_word' id='word_1_809' title='bbox 2707 4753 2960 4807; x_wconf 80' lang='lat' dir='ltr'><strong>stetisset;</strong></span> <span class='ocrx_word' id='word_1_810' title='bbox 3005 4752 3337 4823; x_wconf 85' lang='lat' dir='ltr'><strong>Quapropter</strong></span> <span class='ocrx_word' id='word_1_811' title='bbox 3382 4751 3472 4804; x_wconf 88' lang='lat' dir='ltr'><strong>illo</strong></span> <span class='ocrx_word' id='word_1_812' title='bbox 3513 4766 3701 4820; x_wconf 86' lang='lat' dir='ltr'><strong>appre-</strong></span> 
     </span>
    </p>
   </div>
   <div class='ocr_carea' id='block_1_102' title="bbox 2118 4841 3701 4912">
    <p class='ocr_par' dir='ltr' id='par_1_102' title="bbox 2118 4841 3701 4912">
     <span class='ocr_line' id='line_1_102' title="bbox 2118 4841 3701 4912; baseline -0.002 -12"><span class='ocrx_word' id='word_1_813' title='bbox 2118 4844 2306 4909; x_wconf 87' lang='lat' dir='ltr'><strong>henso,</strong></span> <span class='ocrx_word' id='word_1_814' title='bbox 2335 4854 2550 4898; x_wconf 90' lang='lat' dir='ltr'><strong>ventum</strong></span> <span class='ocrx_word' id='word_1_815' title='bbox 2591 4843 2736 4898; x_wconf 11' lang='lat' dir='ltr'><strong>ﬂaret</strong></span> <span class='ocrx_word' id='word_1_816' title='bbox 2763 4843 2990 4904; x_wconf 86' lang='lat' dir='ltr'><strong>sinebat,</strong></span> <span class='ocrx_word' id='word_1_817' title='bbox 3023 4841 3311 4897; x_wconf 86' lang='lat' dir='ltr'><strong>ostendens</strong></span> <span class='ocrx_word' id='word_1_818' title='bbox 3352 4841 3482 4896; x_wconf 88' lang='lat' dir='ltr'><strong>nihil</strong></span> <span class='ocrx_word' id='word_1_819' title='bbox 3527 4841 3701 4912; x_wconf 89' lang='lat' dir='ltr'><strong>ipsum</strong></span> 
     </span>
    </p>
   </div>
   <div class='ocr_carea' id='block_1_103' title="bbox 2118 4934 3703 5004">
    <p class='ocr_par' dir='ltr' id='par_1_103' title="bbox 2118 4934 3703 5004">
     <span class='ocr_line' id='line_1_103' title="bbox 2118 4934 3703 5004; baseline -0.002 -11"><span class='ocrx_word' id='word_1_820' title='bbox 2118 4937 2337 5003; x_wconf 64' lang='lat' dir='ltr'><strong>laedere,</strong></span> <span class='ocrx_word' id='word_1_821' title='bbox 2366 4936 2411 4990; x_wconf 89' lang='lat' dir='ltr'><strong>si</strong></span> <span class='ocrx_word' id='word_1_822' title='bbox 2452 4935 2581 4990; x_wconf 87' lang='lat' dir='ltr'><strong>ﬁdes</strong></span> <span class='ocrx_word' id='word_1_823' title='bbox 2624 4936 2773 4990; x_wconf 86' lang='lat' dir='ltr'><strong>ﬁrma</strong></span> <span class='ocrx_word' id='word_1_824' title='bbox 2817 4946 2982 4990; x_wconf 90' lang='lat' dir='ltr'><strong>esset.</strong></span> <span class='ocrx_word' id='word_1_825' title='bbox 3028 4934 3099 4990; x_wconf 87' lang='lat' dir='ltr'><strong>Et</strong></span> <span class='ocrx_word' id='word_1_826' title='bbox 3142 4936 3280 4989; x_wconf 83' lang='lat' dir='ltr'><strong>sicut</strong></span> <span class='ocrx_word' id='word_1_827' title='bbox 3318 4934 3541 5004; x_wconf 82' lang='lat' dir='ltr'><strong>pullum,</strong></span> <span class='ocrx_word' id='word_1_828' title='bbox 3580 4943 3703 4990; x_wconf 87' lang='lat' dir='ltr'><strong>ante</strong></span> 
     </span>
    </p>
   </div>
   <div class='ocr_carea' id='block_1_104' title="bbox 2120 5026 3700 5097">
    <p class='ocr_par' dir='ltr' id='par_1_104' title="bbox 2120 5026 3700 5097">
     <span class='ocr_line' id='line_1_104' title="bbox 2120 5026 3700 5097; baseline -0.001 -15"><span class='ocrx_word' id='word_1_829' title='bbox 2120 5036 2328 5096; x_wconf 88' lang='lat' dir='ltr'><strong>tempus</strong></span> <span class='ocrx_word' id='word_1_830' title='bbox 2375 5043 2407 5081; x_wconf 93' lang='lat' dir='ltr'><strong>e</strong></span> <span class='ocrx_word' id='word_1_831' title='bbox 2459 5027 2584 5082; x_wconf 86' lang='lat' dir='ltr'><strong>nido</strong></span> <span class='ocrx_word' id='word_1_832' title='bbox 2630 5041 2929 5097; x_wconf 83' lang='lat' dir='ltr'><strong>egressum,</strong></span> <span class='ocrx_word' id='word_1_833' title='bbox 2979 5037 3034 5082; x_wconf 89' lang='lat' dir='ltr'><strong>et</strong></span> <span class='ocrx_word' id='word_1_834' title='bbox 3071 5026 3290 5095; x_wconf 87' lang='lat' dir='ltr'><strong>jamjam</strong></span> <span class='ocrx_word' id='word_1_835' title='bbox 3342 5027 3700 5097; x_wconf 77' lang='lat' dir='ltr'><strong>delapsnrum,</strong></span> 
     </span>
    </p>
   </div>
   <div class='ocr_carea' id='block_1_105' title="bbox 2121 5118 3710 5185">
    <p class='ocr_par' dir='ltr' id='par_1_105' title="bbox 2121 5118 3710 5185">
     <span class='ocr_line' id='line_1_105' title="bbox 2121 5118 3710 5185; baseline -0.002 -11"><span class='ocrx_word' id='word_1_836' title='bbox 2121 5130 2293 5175; x_wconf 87' lang='lat' dir='ltr'><strong>mater</strong></span> <span class='ocrx_word' id='word_1_837' title='bbox 2316 5120 2416 5174; x_wconf 88' lang='lat' dir='ltr'><strong>alis</strong></span> <span class='ocrx_word' id='word_1_838' title='bbox 2448 5129 2753 5175; x_wconf 85' lang='lat' dir='ltr'><strong>sustentans</strong></span> <span class='ocrx_word' id='word_1_839' title='bbox 2789 5120 2840 5174; x_wconf 91' lang='lat' dir='ltr'><strong>in</strong></span> <span class='ocrx_word' id='word_1_840' title='bbox 2879 5118 3059 5173; x_wconf 91' lang='lat' dir='ltr'><strong>nidum</strong></span> <span class='ocrx_word' id='word_1_841' title='bbox 3091 5118 3317 5185; x_wconf 74' lang='lat' dir='ltr'><strong>reducit,</strong></span> <span class='ocrx_word' id='word_1_842' title='bbox 3349 5119 3427 5173; x_wconf 90' lang='lat' dir='ltr'><strong>sic</strong></span> <span class='ocrx_word' id='word_1_843' title='bbox 3464 5127 3518 5174; x_wconf 90' lang='lat' dir='ltr'><strong>et</strong></span> <span class='ocrx_word' id='word_1_844' title='bbox 3553 5119 3710 5173; x_wconf 86' lang='lat' dir='ltr'><strong>Chri-</strong></span> 
     </span>
    </p>
   </div>
   <div class='ocr_carea' id='block_1_106' title="bbox 421 5192 3706 5275">
    <p class='ocr_par' dir='ltr' id='par_1_106' title="bbox 421 5192 3706 5275">
     <span class='ocr_line' id='line_1_106' title="bbox 421 5192 3706 5275; baseline 0.001 -17"><span class='ocrx_word' id='word_1_845' title='bbox 421 5192 702 5248; x_wconf 72' lang='lat' dir='ltr'><strong>ambulare</strong></span> <span class='ocrx_word' id='word_1_846' title='bbox 727 5207 885 5264; x_wconf 75' lang='lat' dir='ltr'><strong>supra</strong></span> <span class='ocrx_word' id='word_1_847' title='bbox 917 5210 1083 5257; x_wconf 76' lang='lat' dir='ltr'><strong>mare.</strong></span> <span class='ocrx_word' id='word_1_848' title='bbox 1115 5195 1209 5251; x_wconf 76' lang='lat' dir='ltr'><strong>sed</strong></span> <span class='ocrx_word' id='word_1_849' title='bbox 1238 5198 1397 5251; x_wconf 69' lang='lat' dir='ltr'><strong>etiam</strong></span> <span class='ocrx_word' id='word_1_850' title='bbox 1427 5200 1545 5255; x_wconf 78' lang='lat' dir='ltr'><strong>aliis</strong></span> <span class='ocrx_word' id='word_1_851' title='bbox 1582 5215 1764 5269; x_wconf 82' lang='lat' dir='ltr'><strong>parem</strong></span> <span class='ocrx_word' id='word_1_852' title='bbox 1794 5201 2017 5258; x_wconf 64' lang='lat' dir='ltr'><strong>ﬁlculla-</strong></span> <span class='ocrx_word' id='word_1_853' title='bbox 2036 5210 2090 5275; x_wconf 66' lang='grc' dir='ltr'><strong>ξ’</strong></span> <span class='ocrx_word' id='word_1_854' title='bbox 2120 5221 2235 5265; x_wconf 84' lang='lat' dir='ltr'><strong>stus</strong></span> <span class='ocrx_word' id='word_1_855' title='bbox 2271 5211 2416 5265; x_wconf 86' lang='lat' dir='ltr'><strong>fecit.</strong></span> <span class='ocrx_word' id='word_1_856' title='bbox 2461 5210 2550 5266; x_wconf 71' lang='lat'><strong>52.</strong></span> <span class='ocrx_word' id='word_1_857' title='bbox 2584 5209 2785 5264; x_wconf 84' lang='lat' dir='ltr'><strong>Etcum</strong></span> <span class='ocrx_word' id='word_1_858' title='bbox 2810 5210 3148 5264; x_wconf 69' lang='lat' dir='ltr'><strong>ascendissent</strong></span> <span class='ocrx_word' id='word_1_859' title='bbox 3172 5210 3226 5264; x_wconf 86' lang='lat' dir='ltr'><strong>in</strong></span> <span class='ocrx_word' id='word_1_860' title='bbox 3254 5211 3554 5270; x_wconf 81' lang='lat' dir='ltr'><strong>naviculam,</strong></span> <span class='ocrx_word' id='word_1_861' title='bbox 3591 5221 3706 5262; x_wconf 82' lang='lat' dir='ltr'><strong>tunc</strong></span> 
     </span>
    </p>
   </div>
   <div class='ocr_carea' id='block_1_107' title="bbox 422 5282 2013 5364">
    <p class='ocr_par' dir='ltr' id='par_1_107' title="bbox 422 5282 2013 5364">
     <span class='ocr_line' id='line_1_107' title="bbox 422 5282 2013 5364; baseline 0.008 -26"><span class='ocrx_word' id='word_1_862' title='bbox 422 5291 533 5338; x_wconf 87' lang='lat' dir='ltr'><strong>tem</strong></span> <span class='ocrx_word' id='word_1_863' title='bbox 585 5282 720 5338; x_wconf 78' lang='lat' dir='ltr'><strong>dare</strong></span> <span class='ocrx_word' id='word_1_864' title='bbox 762 5301 778 5338; x_wconf 94' lang='lat'><strong>:</strong></span> <span class='ocrx_word' id='word_1_865' title='bbox 816 5284 1190 5358; x_wconf 75' lang='lat' dir='ltr'><strong>desideratqtm</strong></span> <span class='ocrx_word' id='word_1_866' title='bbox 1229 5289 1335 5345; x_wconf 89' lang='lat' dir='ltr'><strong>cito</strong></span> <span class='ocrx_word' id='word_1_867' title='bbox 1371 5289 1437 5344; x_wconf 86' lang='lat' dir='ltr'><strong>ad</strong></span> <span class='ocrx_word' id='word_1_868' title='bbox 1486 5291 1665 5361; x_wconf 88' lang='lat' dir='ltr'><strong>ipsum.</strong></span> <span class='ocrx_word' id='word_1_869' title='bbox 1712 5298 2013 5364; x_wconf 83' lang='lat' dir='ltr'><strong>pervenire.</strong></span> 
     </span>
    </p>
   </div>
   <div class='ocr_carea' id='block_1_108' title="bbox 421 5373 2018 5443">
    <p class='ocr_par' dir='ltr' id='par_1_108' title="bbox 421 5373 2018 5443">
     <span class='ocr_line' id='line_1_108' title="bbox 421 5373 2018 5443; baseline 0.008 -13"><span class='ocrx_word' id='word_1_870' title='bbox 421 5374 517 5431; x_wconf 66' lang='lat'><strong>29.</strong></span> <span class='ocrx_word' id='word_1_871' title='bbox 547 5373 675 5443; x_wconf 84' lang='lat' dir='ltr'><strong>Ipse</strong></span> <span class='ocrx_word' id='word_1_872' title='bbox 716 5384 882 5429; x_wconf 85' lang='lat' dir='ltr'><strong>autem</strong></span> <span class='ocrx_word' id='word_1_873' title='bbox 925 5378 1057 5430; x_wconf 72' lang='lat' dir='ltr'><strong>dixit</strong></span> <span class='ocrx_word' id='word_1_874' title='bbox 1081 5394 1100 5432; x_wconf 91' lang='lat'><em>:</em></span> <span class='ocrx_word' id='word_1_875' title='bbox 1136 5378 1281 5435; x_wconf 79' lang='lat' dir='ltr'><strong>Veni.</strong></span> <span class='ocrx_word' id='word_1_876' title='bbox 1328 5380 1392 5436; x_wconf 86' lang='lat' dir='ltr'><strong>Et</strong></span> <span class='ocrx_word' id='word_1_877' title='bbox 1421 5399 1537 5436; x_wconf 77' lang='lat' dir='ltr'><strong>cum</strong></span> <span class='ocrx_word' id='word_1_878' title='bbox 1588 5385 1918 5442; x_wconf 74' lang='lat' dir='ltr'><strong>descendisset</strong></span> <span class='ocrx_word' id='word_1_879' title='bbox 1955 5389 2018 5443; x_wconf 85' lang='lat' dir='ltr'><strong>de</strong></span> 
     </span>
    </p>
   </div>
   <div class='ocr_carea' id='block_1_109' title="bbox 424 5464 2017 5544">
    <p class='ocr_par' dir='ltr' id='par_1_109' title="bbox 424 5464 2017 5544">
     <span class='ocr_line' id='line_1_109' title="bbox 424 5464 2017 5544; baseline 0.009 -25"><span class='ocrx_word' id='word_1_880' title='bbox 424 5465 665 5520; x_wconf 73' lang='lat' dir='ltr'><strong>navicula</strong></span> <span class='ocrx_word' id='word_1_881' title='bbox 711 5464 917 5534; x_wconf 78' lang='lat' dir='ltr'><strong>Petrus,</strong></span> <span class='ocrx_word' id='word_1_882' title='bbox 957 5469 1248 5526; x_wconf 81' lang='lat' dir='ltr'><strong>ambulabat</strong></span> <span class='ocrx_word' id='word_1_883' title='bbox 1275 5490 1430 5542; x_wconf 82' lang='lat' dir='ltr'><strong>super</strong></span> <span class='ocrx_word' id='word_1_884' title='bbox 1467 5492 1645 5544; x_wconf 80' lang='lat' dir='ltr'><strong>aquas,</strong></span> <span class='ocrx_word' id='word_1_885' title='bbox 1693 5488 1744 5531; x_wconf 81' lang='lat' dir='ltr'><strong>et</strong></span> <span class='ocrx_word' id='word_1_886' title='bbox 1782 5480 1915 5533; x_wconf 76' lang='lat' dir='ltr'><strong>venit</strong></span> <span class='ocrx_word' id='word_1_887' title='bbox 1949 5482 2017 5534; x_wconf 86' lang='lat' dir='ltr'><strong>ad</strong></span> 
     </span>
    </p>
   </div>
   <div class='ocr_carea' id='block_1_110' title="bbox 423 5557 2017 5635">
    <p class='ocr_par' dir='ltr' id='par_1_110' title="bbox 423 5557 2017 5635">
     <span class='ocr_line' id='line_1_110' title="bbox 423 5557 2017 5635; baseline 0.011 -25"><span class='ocrx_word' id='word_1_888' title='bbox 423 5557 624 5613; x_wconf 73' lang='lat' dir='ltr'><strong>Iesum.</strong></span> <span class='ocrx_word' id='word_1_889' title='bbox 662 5558 753 5614; x_wconf 75' lang='lat'><strong>50.</strong></span> <span class='ocrx_word' id='word_1_890' title='bbox 785 5558 885 5614; x_wconf 83' lang='lat' dir='ltr'><strong>Ubi</strong></span> <span class='ocrx_word' id='word_1_891' title='bbox 923 5561 1044 5615; x_wconf 83' lang='lat' dir='ltr'><strong>vidit</strong></span> <span class='ocrx_word' id='word_1_892' title='bbox 1087 5573 1254 5617; x_wconf 85' lang='lat' dir='ltr'><strong>autem</strong></span> <span class='ocrx_word' id='word_1_893' title='bbox 1291 5575 1488 5618; x_wconf 84' lang='lat' dir='ltr'><strong>uentum</strong></span> <span class='ocrx_word' id='word_1_894' title='bbox 1528 5568 1771 5635; x_wconf 73' lang='lat' dir='ltr'><strong>validum,</strong></span> <span class='ocrx_word' id='word_1_895' title='bbox 1808 5573 2017 5627; x_wconf 74' lang='lat' dir='ltr'><strong>timuit-.-</strong></span> 
     </span>
    </p>
   </div>
   <div class='ocr_carea' id='block_1_111' title="bbox 426 5653 2017 5730">
    <p class='ocr_par' dir='ltr' id='par_1_111' title="bbox 426 5653 2017 5730">
     <span class='ocr_line' id='line_1_111' title="bbox 426 5653 2017 5730; baseline 0.011 -26"><span class='ocrx_word' id='word_1_896' title='bbox 426 5662 608 5707; x_wconf 78' lang='lat' dir='ltr'><strong>etcum</strong></span> <span class='ocrx_word' id='word_1_897' title='bbox 635 5653 866 5722; x_wconf 66' lang='lat' dir='ltr'><strong>sapisset</strong></span> <span class='ocrx_word' id='word_1_898' title='bbox 896 5656 1074 5723; x_wconf 85' lang='lat' dir='ltr'><strong>mergi,</strong></span> <span class='ocrx_word' id='word_1_899' title='bbox 1118 5656 1353 5712; x_wconf 76' lang='lat' dir='ltr'><strong>clamauit</strong></span> <span class='ocrx_word' id='word_1_900' title='bbox 1399 5660 1587 5725; x_wconf 81' lang='lat' dir='ltr'><strong>dicens,</strong></span> <span class='ocrx_word' id='word_1_901' title='bbox 1640 5662 1870 5730; x_wconf 82' lang='lat' dir='ltr'><strong>Domine,</strong></span> <span class='ocrx_word' id='word_1_902' title='bbox 1910 5668 2017 5720; x_wconf 86' lang='lat' dir='ltr'><strong>sal-</strong></span> 
     </span>
    </p>
   </div>
   <div class='ocr_carea' id='block_1_112' title="bbox 424 5745 2017 5813">
    <p class='ocr_par' dir='ltr' id='par_1_112' title="bbox 424 5745 2017 5813">
     <span class='ocr_line' id='line_1_112' title="bbox 424 5745 2017 5813; baseline 0.01 -17"><span class='ocrx_word' id='word_1_903' title='bbox 424 5758 541 5797; x_wconf 71' lang='lat' dir='ltr'><strong>sum</strong></span> <span class='ocrx_word' id='word_1_904' title='bbox 565 5761 647 5799; x_wconf 83' lang='lat' dir='ltr'><strong>me</strong></span> <span class='ocrx_word' id='word_1_905' title='bbox 666 5748 773 5811; x_wconf 71' lang='lat' dir='ltr'><strong>fac.</strong></span> <span class='ocrx_word' id='word_1_906' title='bbox 805 5746 896 5801; x_wconf 77' lang='grc'><strong>31.</strong></span> <span class='ocrx_word' id='word_1_907' title='bbox 930 5745 1117 5802; x_wconf 81' lang='lat' dir='ltr'><strong>Statim</strong></span> <span class='ocrx_word' id='word_1_908' title='bbox 1158 5763 1272 5804; x_wconf 81' lang='lat' dir='ltr'><strong>vero</strong></span> <span class='ocrx_word' id='word_1_909' title='bbox 1305 5748 1456 5807; x_wconf 75' lang='lat' dir='ltr'><strong>Iesus</strong></span> <span class='ocrx_word' id='word_1_910' title='bbox 1499 5755 1768 5811; x_wconf 79' lang='lat' dir='ltr'><strong>extendens</strong></span> <span class='ocrx_word' id='word_1_911' title='bbox 1813 5775 2017 5813; x_wconf 77' lang='lat' dir='ltr'><strong>ntanum</strong></span> 
     </span>
    </p>
   </div>
   <div class='ocr_carea' id='block_1_113' title="bbox 2120 5302 3704 5372">
    <p class='ocr_par' dir='ltr' id='par_1_113' title="bbox 2120 5302 3704 5372">
     <span class='ocr_line' id='line_1_113' title="bbox 2120 5302 3704 5372; baseline -0.001 -16"><span class='ocrx_word' id='word_1_912' title='bbox 2120 5304 2329 5356; x_wconf 81' lang='lat' dir='ltr'><strong>cessavit</strong></span> <span class='ocrx_word' id='word_1_913' title='bbox 2377 5312 2569 5357; x_wconf 82' lang='lat' dir='ltr'><strong>ventus.</strong></span> <span class='ocrx_word' id='word_1_914' title='bbox 2611 5303 2766 5358; x_wconf 86' lang='lat' dir='ltr'><strong>Prius</strong></span> <span class='ocrx_word' id='word_1_915' title='bbox 2805 5302 3016 5372; x_wconf 86' lang='lat' dir='ltr'><strong>quidem</strong></span> <span class='ocrx_word' id='word_1_916' title='bbox 3064 5303 3311 5358; x_wconf 84' lang='lat' dir='ltr'><strong>dicebant</strong></span> <span class='ocrx_word' id='word_1_917' title='bbox 3349 5320 3362 5355; x_wconf 91' lang='lat'><strong>:</strong></span> <span class='ocrx_word' id='word_1_918' title='bbox 3408 5302 3585 5368; x_wconf 78' lang='lat' dir='ltr'><strong>Qualis</strong></span> <span class='ocrx_word' id='word_1_919' title='bbox 3631 5313 3704 5356; x_wconf 86' lang='lat' dir='ltr'><strong>est</strong></span> 
     </span>
    </p>
   </div>
   <div class='ocr_carea' id='block_1_114' title="bbox 2124 5393 3705 5463">
    <p class='ocr_par' dir='ltr' id='par_1_114' title="bbox 2124 5393 3705 5463">
     <span class='ocr_line' id='line_1_114' title="bbox 2124 5393 3705 5463; baseline -0.003 -17"><span class='ocrx_word' id='word_1_920' title='bbox 2124 5393 2212 5446; x_wconf 75' lang='lat' dir='ltr'><strong>hic</strong></span> <span class='ocrx_word' id='word_1_921' title='bbox 2229 5394 2397 5456; x_wconf 74' lang='lat' dir='ltr'><strong>homo,</strong></span> <span class='ocrx_word' id='word_1_922' title='bbox 2430 5395 2548 5462; x_wconf 87' lang='lat' dir='ltr'><strong>quia</strong></span> <span class='ocrx_word' id='word_1_923' title='bbox 2568 5406 2696 5448; x_wconf 77' lang='lat' dir='ltr'><strong>venti</strong></span> <span class='ocrx_word' id='word_1_924' title='bbox 2717 5403 2763 5448; x_wconf 86' lang='lat' dir='ltr'><strong>et</strong></span> <span class='ocrx_word' id='word_1_925' title='bbox 2778 5410 2915 5447; x_wconf 86' lang='lat' dir='ltr'><strong>mare</strong></span> <span class='ocrx_word' id='word_1_926' title='bbox 2935 5394 3171 5447; x_wconf 84' lang='lat' dir='ltr'><strong>obediunt</strong></span> <span class='ocrx_word' id='word_1_927' title='bbox 3190 5395 3236 5447; x_wconf 85' lang='lat' dir='ltr'><strong>ei</strong></span> <span class='ocrx_word' id='word_1_928' title='bbox 3258 5393 3468 5456; x_wconf 76' lang='lat' dir='ltr'><strong>(Matth.</strong></span> <span class='ocrx_word' id='word_1_929' title='bbox 3496 5394 3548 5448; x_wconf 85' lang='lat'><strong>8.</strong></span> <span class='ocrx_word' id='word_1_930' title='bbox 3573 5394 3705 5463; x_wconf 71' lang='lat'><strong>27)?</strong></span> 
     </span>
    </p>
   </div>
   <div class='ocr_carea' id='block_1_115' title="bbox 2123 5484 3703 5550">
    <p class='ocr_par' dir='ltr' id='par_1_115' title="bbox 2123 5484 3703 5550">
     <span class='ocr_line' id='line_1_115' title="bbox 2123 5484 3703 5550; baseline -0.003 -9"><span class='ocrx_word' id='word_1_931' title='bbox 2123 5486 2273 5541; x_wconf 86' lang='lat' dir='ltr'><strong>Nunc</strong></span> <span class='ocrx_word' id='word_1_932' title='bbox 2293 5495 2468 5540; x_wconf 84' lang='lat' dir='ltr'><strong>autem</strong></span> <span class='ocrx_word' id='word_1_933' title='bbox 2503 5502 2609 5540; x_wconf 89' lang='lat' dir='ltr'><strong>non</strong></span> <span class='ocrx_word' id='word_1_934' title='bbox 2635 5489 2732 5541; x_wconf 88' lang='lat' dir='ltr'><strong>sic.</strong></span> <span class='ocrx_word' id='word_1_935' title='bbox 2763 5486 2852 5541; x_wconf 75' lang='lat'><strong>35.</strong></span> <span class='ocrx_word' id='word_1_936' title='bbox 2890 5486 3022 5541; x_wconf 85' lang='lat' dir='ltr'><strong>Nam</strong></span> <span class='ocrx_word' id='word_1_937' title='bbox 3063 5484 3163 5549; x_wconf 85' lang='lat' dir='ltr'><strong>Qui</strong></span> <span class='ocrx_word' id='word_1_938' title='bbox 3191 5485 3243 5538; x_wconf 88' lang='lat' dir='ltr'><strong>in</strong></span> <span class='ocrx_word' id='word_1_939' title='bbox 3283 5485 3512 5539; x_wconf 70' lang='lat' dir='ltr'><strong>navicula</strong></span> <span class='ocrx_word' id='word_1_940' title='bbox 3542 5494 3703 5550; x_wconf 63' lang='lat' dir='ltr'><strong>erant;</strong></span> 
     </span>
    </p>
   </div>
   <div class='ocr_carea' id='block_1_116' title="bbox 2124 5574 3703 5648">
    <p class='ocr_par' dir='ltr' id='par_1_116' title="bbox 2124 5574 3703 5648">
     <span class='ocr_line' id='line_1_116' title="bbox 2124 5574 3703 5648; baseline -0.001 -16"><span class='ocrx_word' id='word_1_941' title='bbox 2124 5580 2313 5648; x_wconf 88' lang='lat' dir='ltr'><strong>inquit,</strong></span> <span class='ocrx_word' id='word_1_942' title='bbox 2353 5581 2601 5634; x_wconf 71' lang='lat' dir='ltr'><strong>venientes</strong></span> <span class='ocrx_word' id='word_1_943' title='bbox 2629 5580 2964 5632; x_wconf 79' lang='lat' dir='ltr'><strong>adoraverunt</strong></span> <span class='ocrx_word' id='word_1_944' title='bbox 3009 5594 3124 5631; x_wconf 88' lang='lat' dir='ltr'><strong>eum</strong></span> <span class='ocrx_word' id='word_1_945' title='bbox 3153 5578 3372 5632; x_wconf 81' lang='lat' dir='ltr'><strong>dicentes</strong></span> <span class='ocrx_word' id='word_1_946' title='bbox 3400 5594 3420 5630; x_wconf 90' lang='lat'><strong><em>:</em></strong></span> <span class='ocrx_word' id='word_1_947' title='bbox 3454 5575 3580 5630; x_wconf 72' lang='lat' dir='ltr'><strong>Vere</strong></span> <span class='ocrx_word' id='word_1_948' title='bbox 3612 5574 3703 5630; x_wconf 67' lang='lat' dir='ltr'><strong>Fi-</strong></span> 
     </span>
    </p>
   </div>
   <div class='ocr_carea' id='block_1_117' title="bbox 2125 5669 3703 5740">
    <p class='ocr_par' dir='ltr' id='par_1_117' title="bbox 2125 5669 3703 5740">
     <span class='ocr_line' id='line_1_117' title="bbox 2125 5669 3703 5740; baseline -0.001 -15"><span class='ocrx_word' id='word_1_949' title='bbox 2125 5673 2222 5725; x_wconf 83' lang='lat' dir='ltr'><strong>lius</strong></span> <span class='ocrx_word' id='word_1_950' title='bbox 2246 5671 2343 5726; x_wconf 90' lang='lat' dir='ltr'><strong>Dei</strong></span> <span class='ocrx_word' id='word_1_951' title='bbox 2371 5689 2442 5728; x_wconf 77' lang='lat' dir='ltr'><strong>es.</strong></span> <span class='ocrx_word' id='word_1_952' title='bbox 2489 5671 2671 5725; x_wconf 79' lang='lat' dir='ltr'><strong>Viden&#39;</strong></span> <span class='ocrx_word' id='word_1_953' title='bbox 2706 5670 2970 5740; x_wconf 89' lang='lat' dir='ltr'><strong>quomodo</strong></span> <span class='ocrx_word' id='word_1_954' title='bbox 3004 5671 3252 5740; x_wconf 83' lang='lat' dir='ltr'><strong>paulatim</strong></span> <span class='ocrx_word' id='word_1_955' title='bbox 3290 5670 3369 5723; x_wconf 73' lang='lat' dir='ltr'><strong>ad“</strong></span> <span class='ocrx_word' id='word_1_956' title='bbox 3393 5669 3703 5725; x_wconf 83' lang='lat' dir='ltr'><strong>sublimiora</strong></span> 
     </span>
    </p>
   </div>
   <div class='ocr_carea' id='block_1_118' title="bbox 2125 5761 3703 5827">
    <p class='ocr_par' dir='ltr' id='par_1_118' title="bbox 2125 5761 3703 5827">
     <span class='ocr_line' id='line_1_118' title="bbox 2125 5761 3703 5827; baseline -0.001 -11"><span class='ocrx_word' id='word_1_957' title='bbox 2125 5777 2313 5817; x_wconf 86' lang='lat' dir='ltr'><strong>omnes</strong></span> <span class='ocrx_word' id='word_1_958' title='bbox 2338 5764 2531 5818; x_wconf 80' lang='lat' dir='ltr'><strong>ducat?</strong></span> <span class='ocrx_word' id='word_1_959' title='bbox 2570 5762 2700 5818; x_wconf 86' lang='lat' dir='ltr'><strong>Nam</strong></span> <span class='ocrx_word' id='word_1_960' title='bbox 2741 5764 2864 5827; x_wconf 82' lang='lat' dir='ltr'><strong>quia</strong></span> <span class='ocrx_word' id='word_1_961' title='bbox 2904 5764 2955 5817; x_wconf 91' lang='lat' dir='ltr'><strong>in</strong></span> <span class='ocrx_word' id='word_1_962' title='bbox 2998 5763 3127 5817; x_wconf 81' lang='lat' dir='ltr'><strong>mari</strong></span> <span class='ocrx_word' id='word_1_963' title='bbox 3154 5762 3461 5823; x_wconf 72' lang='lat' dir='ltr'><strong>ambulavit;</strong></span> <span class='ocrx_word' id='word_1_964' title='bbox 3497 5761 3703 5826; x_wconf 66' lang='lat' dir='ltr'><strong>et&#39;quia</strong></span> 
     </span>
    </p>
   </div>
  </div>
