4028 6152
380 281 481 334 507

378 392 537 445 alium
563 390 721 461 jussit
750 391 801 445 id
833 390 1024 455 facere,
1056 406 1119 444 ac
1141 391 1524 461 periclitantem
1558 392 1811 451 servavit,
1836 388 1958 443 hinc

379 485 514 539 ﬁdes
553 500 739 538 eorum
783 484 1072 538 admodum
1104 492 1256 537 aucta
1306 493 1408 537 est.
1444 481 1594 536 Tune
1632 483 1774 535 enim
1814 495 1960 535 mare

381 580 694 648 increpavit,
725 594 864 633 nunc
902 591 1008 631 non
1049 578 1306 645 increpat,
1342 576 1446 630 alio
1475 575 1768 644 majorique
1802 574 1960 628 modo

380 672 667 738 potentiam
692 685 843 725 suam
870 668 1177 724 ostendens.
1217 666 1339 722 Ideo
1381 666 1671 721 dicebant:
1709 665 1835 720 Vere
1861 664 1957 719 Fi-

379 765 478 818 lius
509 762 605 817 Dei
631 780 701 816 es.
742 762 875 829 Quid
906 762 1107 831 igitur?
1145 777 1212 815 an
1254 761 1545 830 increpavit
1580 774 1677 815 eus
1719 759 1808 828 qui
1860 760 1960 812 hoc

377 854 651 909 dicerent?
681 854 791 907 lmo
820 862 1003 907 contra
1030 853 1248 906 omnino
1279 867 1292 903 :
1323 851 1425 905 hoc
1450 852 1649 905 dictum
1676 850 1835 903 ctiam
1864 850 1957 901 ﬁr-

377 946 559 1010 mavit,
591 961 709 998 cum
752 945 937 1013 majori
972 952 1231 1012 potestate
1272 957 1465 996 curans
1494 956 1587 996 eos
1614 941 1703 1009 qui
1734 939 1957 994 accede-

377 1045 531 1102 rent,
561 1046 614 1089 et
665 1050 768 1088 non
814 1046 867 1087 Ill
920 1044 1094 1087 antea.
1131 1035 1220 1088 5i.
1275 1033 1339 1085 Et
1382 1050 1491 1085 rmn
1533 1035 1953 1100 transfretassent,

377 1128 566 1197 inquit,
596 1138 834 1180 venerunt
870 1128 920 1177 iu
952 1137 1135 1179 terram
1171 1126 1459 1179 Genesaret.
1497 1126 1586 1178 55.
1632 1123 1698 1176 Ει
1726 1141 1839 1177 cum
1868 1140 1956 1178 co-

374 1222 658 1292 gnovissent
687 1238 801 1274 eunt
839 1221 929 1272 viri
959 1220 1058 1272 loci
1084 1220 1243 1282 illius,
1276 1220 1512 1271 miserunt
1542 1219 1595 1271 in
1621 1235 1817 1270 omnem
1858 1218 1958 1269 cir-

372 1331 489 1367 cum
522 1314 776 1383 regionem
800 1312 964 1377 illam,
995 1321 1041 1364 et
1070 1311 1352 1364 obtulerunt
1389 1314 1434 1362 ei
1478 1326 1649 1362 omnes
1687 1309 1817 1361 male
1859 1309 1956 1359 Ita-

374 1408 561 1467 bcntcs.
595 1406 681 1461 '56.
714 1417 758 1460 et
781 1404 1021 1475 rogabant
1041 1413 1093 1456 ut
1118 1412 1373 1471 tangerent
1402 1402 1652 1471 ﬁmbriam
1683 1401 1957 1454 vestimenti

375 1500 503 1569 eius,
532 1508 577 1551 et
606 1508 844 1568 quotquot
884 1497 1167 1566 tetigerunt,
1195 1496 1322 1548 salvi
1356 1495 1476 1565 facti
1508 1504 1643 1547 sunt.
1674 1492 1789 1546 Non
1813 1493 1956 1547 enim

375 1599 433 1644 ut
459 1591 603 1659 prius
628 1590 797 1657 ipsum
826 1588 891 1642 ad
917 1589 1106 1643 dumos
1135 1602 1259 1643 suas
1286 1586 1584 1649 trahebant,
1617 1599 1715 1639 nec
1747 1597 1956 1652 quaere-

377 1683 502 1735 haut
531 1689 587 1736 ut
608 1697 764 1735 manu
788 1690 1044 1752 tangeret,
1067 1696 1131 1736 ac
1144 1680 1319 1735 verbis
1349 1680 1635 1748 imperaret
1659 1697 1673 1732 :
1701 1677 1794 1733 sed
1827 1675 1956 1731 sub-

376 1774 552 1827 limius
578 1772 993 1842 sapientiusque,
1036 1787 1098 1827 ac
1134 1787 1254 1827 cum
1283 1771 1466 1841 majori
1495 1770 1597 1825 ﬁde
1626 1770 1955 1825 curationem

378 1864 748 1935 impetrabant.
771 1864 902 1918 Nam
930 1880 991 1919 ea
1028 1879 1147 1932 quae
1191 1864 1389 1917 lluxum
1419 1861 1690 1931 sanguinis
1722 1861 1958 1930 patieba-

376 1971 478 2023 tur,
523 1958 772 2013 omnibus
814 1957 1159 2026 philosophia:
1209 1956 1366 2025 hujus
1414 1956 1664 2024 magistra
1712 1953 1829 2007 fuit.
1886 1951 1957 2008 Ut

375 2049 617 2104 ostendat
658 2056 834 2103 autem
885 2047 1227 2118 evangelista,
1279 2046 1390 2116 jam
1436 2060 1466 2099 a
1508 2045 1677 2099 multo
1717 2054 1959 2112 tempore

374 2142 545 2210 ipsum
578 2141 631 2194 in
680 2144 777 2195 bas
825 2150 1001 2208 partes
1042 2138 1275 2199 venisse,
1316 2139 1391 2190 ait
1418 2154 1431 2189 :
1462 2135 1587 2190 Cum
1614 2137 1958 2206 cognovissent

376 2233 465 2285 viri
487 2232 585 2286 loci
612 2233 772 2296 illius,
803 2231 1042 2285 miserunt
1064 2231 1129 2282 ad
1154 2246 1349 2282 onmem
1384 2229 1575 2282 circum
1604 2228 1877 2298 regionem,
1910 2236 1957 2280 et

374 2334 589 2393 tegrotos
618 2320 890 2389 offerebant
911 2323 953 2376 ei
964 2363 978 2377 .
1004 2324 1253 2376 Attamen
1284 2330 1491 2389 tempus
1520 2335 1623 2373 non
1653 2318 1812 2373 modo
1850 2335 1957 2372 non

375 2417 532 2470 solvit
562 2418 740 2481 ﬁdem,
763 2415 856 2469 sed
882 2423 935 2469 et
962 2414 1218 2483 majorem
1246 2412 1441 2477 ellecit,
1474 2422 1529 2466 et
1552 2412 1816 2482 vigentem
1844 2428 1958 2467 ser-

373 2509 535 2561 vavit.
576 2508 874 2577 Tangamus
914 2521 1042 2574 ergo
1084 2519 1181 2558 nos
1223 2519 1435 2573 quoque
1484 2502 1742 2556 ﬁmbriam
1791 2503 1958 2556 vesti-

375 2599 537 2653 menti
567 2598 714 2667 ejus;
743 2599 874 2663 imo,
906 2596 952 2651 si
990 2596 1231 2660 velimus,
1270 2605 1435 2649 totum
1464 2594 1635 2663 ipsum
1675 2594 1954 2648 habemus.

373 2690 505 2746 Nam
529 2705 721 2759 corpus
758 2704 901 2744 nunc
946 2688 1099 2742 nobis
1130 2688 1454 2757 propositum
1494 2695 1609 2750 est;
1653 2701 1759 2740 non
1790 2685 1955 2741 vesti-

374 2793 612 2840 mentum
638 2794 859 2846 tantum,
888 2781 980 2836 sed
1003 2796 1225 2850 corpus;
1248 2796 1353 2835 non
1382 2790 1439 2835 ut
1462 2788 1740 2849 tangamus
1759 2780 1954 2843 solum,

373 2877 467 2930 sed
508 2877 666 2932 etiam
698 2884 756 2929 ut
798 2874 1162 2938 comedamus,
1211 2881 1265 2927 et
1306 2872 1582 2927 satiemur.
1627 2870 1957 2924 Accedamus

374 2973 549 3040 itaque
574 2984 696 3025 cum
730 2969 852 3031 ﬁde,
882 2968 1071 3035 singuli
1106 2973 1446 3036 a‘grotantes.
1473 2964 1605 3019 Nam
1636 2966 1677 3017 si
1711 2965 1744 3017 ii
1774 2964 1862 3033 qui
1903 2964 1957 3017 iu

378 3062 638 3118 ﬁmbriam
676 3060 977 3113 vestimenti
1015 3057 1130 3127 ejus
1166 3057 1471 3127 tangebam,
1510 3064 1708 3109 tantam
1744 3055 1842 3109 sibi
1872 3063 1956 3108 at-

375 3167 585 3209 traxere
626 3154 899 3216 virtulcm,
946 3159 1143 3220 quanto
1178 3150 1347 3219 magis
1387 3149 1421 3202 ii
1470 3150 1559 3219 qui
1590 3158 1755 3202 totum
1787 3149 1956 3221 ipsum

375 3246 593 3301 tenent?
642 3244 915 3300 Accedere
951 3252 1129 3296 autem
1178 3257 1301 3297 cum
1350 3240 1455 3296 ﬁde
1486 3256 1591 3295 non
1633 3249 1716 3295 est
1754 3250 1957 3294 tantum

372 3339 707 3408 propositum
760 3350 952 3405 corpus
996 3335 1271 3404 accipere,
1314 3334 1409 3389 sed
1450 3348 1570 3387 cum
1622 3347 1752 3401 puro
1798 3330 1960 3386 corde

378 3441 614 3497 tangere,
646 3435 805 3496 atque
833 3427 900 3479 ita
930 3424 1175 3478 allectum
1203 3438 1339 3487 esse,
1371 3438 1434 3477 ac
1452 3424 1494 3475 si
1518 3421 1585 3476 ad
1608 3423 1778 3489 ipsum
1810 3421 1962 3476 Chri-

380 3530 518 3575 stum
545 3519 788 3573 accedas.
810 3517 945 3584 Quid
974 3517 1137 3581 enim,
1182 3517 1226 3572 si
1264 3530 1449 3570 vocem
1488 3515 1604 3583 ejus
1640 3529 1744 3569 non
1770 3513 1959 3568 audis?

379 3616 447 3667 At
470 3610 615 3665 vides
638 3609 780 3663 illum
800 3610 1085 3678 jacentem,
1118 3607 1224 3661 imo
1257 3621 1384 3661 vero
1418 3620 1602 3660 vocem
1629 3604 1746 3674 ejus
1785 3603 1959 3669 audis,

380 3703 647 3772 loquentis
670 3717 761 3769 per
785 3700 1158 3769 evangelistas.

450 3795 501 3848 5.
533 3792 745 3848 Credite
778 3792 955 3862 igitur,
987 3805 1127 3845 nunc
1161 3790 1305 3845 illam
1340 3803 1547 3845 cumam
1587 3788 1867 3853 celebrari,
1908 3789 1960 3843 in

378 3902 480 3958 qua
511 3887 624 3956 ipse
646 3884 1006 3940 recumbebat.
1039 3883 1180 3938 Nihil
1200 3884 1395 3953 quippe
1421 3882 1537 3937 haec
1558 3882 1625 3937 ab
1647 3883 1735 3938 illa
1764 3881 1958 3937 differt.

378 3980 562 4047 Neque
598 3978 739 4033 enim
783 3976 921 4031 hanc
962 3976 1123 4029 homo
1163 3975 1349 4041 efﬁcit,
1384 3976 1527 4029 illam
1571 3975 1832 4038 Christus,
1868 3974 1960 4028 sed

383 4075 467 4127 hic
511 4072 623 4140 ipse
673 4080 970 4139 utramque.
1021 4068 1243 4135 Quando
1293 4070 1451 4137 igitur
1493 4067 1825 4121 sacerdotem
1871 4067 1961 4120 tibi

384 4164 705 4231 prtuhentem
748 4161 915 4224 vides,
955 4176 1022 4212 ne
1058 4167 1208 4227 putes
1243 4158 1575 4211 sacerdotem
1621 4157 1724 4211 hoc
1756 4158 1961 4220 facere;

381 4255 474 4310 sed
501 4254 692 4307 Christi
726 4266 939 4304 manum
982 4263 1101 4303 esse
1140 4264 1258 4317 qua:
1286 4247 1606 4301 extenditur.
1639 4247 1789 4301 Sicut
1824 4248 1965 4300 enim

383 4360 504 4398 cum
542 4342 791 4398 sacerdos
823 4341 1072 4409 baptizat,
1102 4354 1206 4391 non
1236 4338 1347 4406 ipse
1387 4338 1638 4406 baptizat,
1677 4337 1771 4392 sed
1806 4338 1963 4400 Deus,

384 4436 470 4505 qui
498 4445 656 4505 caput
686 4445 830 4488 tuum
863 4431 1112 4486 invisibili
1154 4431 1347 4485 virtute
1386 4439 1546 4495 tenet,
1577 4447 1639 4486 ac
1676 4447 1849 4500 neque
1874 4448 1969 4485 an-

382 4528 552 4597 gelus,
579 4540 751 4594 neque
787 4523 1153 4593 archangelus,
1200 4536 1299 4577 nec
1345 4522 1480 4577 alius
1505 4522 1765 4591 quispiam
1809 4522 1968 4577 audet

384 4620 641 4675 accedere
674 4626 728 4672 et
755 4626 805 4672 te
835 4626 1050 4687 tangere
1079 4634 1091 4668 :
1123 4616 1200 4669 sic
1235 4624 1289 4671 et
1314 4629 1474 4670 nunc.
1510 4614 1640 4670 Nam
1676 4631 1796 4669 cum
1829 4616 1968 4670 Deus

384 4712 530 4766 solus
558 4720 857 4780 rcgenerat,
886 4710 938 4763 id
987 4709 1076 4763 Dei
1112 4708 1277 4763 solius
1314 4709 1511 4762 donum
1541 4717 1643 4762 est.
1673 4707 1859 4763 Nonne
1890 4708 1968 4761 vi-

386 4805 480 4859 des
506 4818 600 4858 eos
636 4801 725 4871 qtti
756 4801 841 4856 hic
880 4802 933 4855 in
980 4800 1117 4855 ﬁlios
1160 4800 1499 4869 ad0ptantnr,
1552 4798 1822 4868 quomodo
1860 4814 1965 4853 non

388 4913 499 4951 rem
545 4896 715 4949 servis
758 4896 1111 4959 committant,
1160 4892 1255 4947 sed
1286 4892 1385 4959 ipsi
1424 4890 1490 4945 ad
1520 4890 1693 4945 forum
1716 4890 1968 4960 judiciale

384 4988 599 5044 adsint?
632 4985 720 5042 Sic
750 4987 886 5041 Deus
918 5002 1023 5039 non
1049 4985 1251 5054 angelis
1291 4984 1393 5038 hoc
1434 4999 1628 5038 munus
1654 4983 1920 5038 commisit
1951 5001 1964 5037 :

386 5080 479 5134 sed
502 5079 614 5148 ipse
635 5078 788 5131 adest
808 5078 1001 5145 jubens
1032 5086 1085 5130 et
1112 5076 1297 5130 dicens
1329 5092 1342 5128 :
1376 5074 1550 5128 Nolite
1575 5090 1752 5128 vocare
1776 5085 1969 5145 patrem

385 5189 535 5242 super
560 5181 743 5225 terram
766 5168 978 5241 (Matth.
1006 5167 1095 5221 23.
1123 5167 1212 5238 9);
1244 5182 1347 5219 non
1376 5174 1435 5221 ut
1460 5176 1706 5236 parentes
1732 5174 1970 5221 contem-

388 5275 507 5332 nat;
535 5262 627 5319 sed
657 5270 714 5315 ιιι
758 5261 861 5314 illis
899 5258 1145 5313 omnibus
1177 5258 1434 5311 factorem
1465 5266 1612 5311 tuum
1652 5265 1966 5328 anteponas,

388 5358 476 5427 qui
509 5368 560 5411 te
598 5356 737 5409 inter
767 5354 906 5407 ﬁlios
933 5367 1060 5407 suos
1089 5351 1388 5420 adscripsit.
1427 5349 1557 5404 Nam
1585 5351 1674 5421 qui
1726 5350 1777 5405 id
1827 5350 1967 5419 quod

388 5452 558 5519 majus
580 5458 696 5504 erat
720 5447 886 5509 dedit.
919 5447 1018 5500 hoc
1047 5454 1145 5511 est,
1181 5445 1435 5514 scipsum,
1478 5445 1644 5498 multo
1679 5443 1848 5514 magis
1886 5441 1969 5495 di.

387 5542 632 5609 gnabitur
659 5554 811 5594 suum
840 5539 929 5592 tibi
960 5537 1171 5592 tradere
1211 5550 1423 5605 corpus.
1455 5535 1746 5589 Audiamus
1788 5535 1968 5602 igitur,

386 5642 439 5686 rt
476 5630 801 5695 sacerdotes,
833 5640 887 5686 et
913 5628 1107 5683 subditi
1148 5628 1245 5693 eis,
1294 5634 1491 5696 quanto
1528 5640 1746 5679 munere
1774 5624 1969 5693 dignati

389 5725 580 5789 simus;
621 5720 912 5789 audiamus,
960 5729 1013 5775 et
1057 5720 1544 5789 perhorrescamus.
1584 5714 1773 5771 Sacras
1820 5713 1973 5769 nobis

1032 280 1092 334 S.
1131 279 1405 334 JOANNIS
1442 276 1912 333 CIIRYSOSTOMI
1962 276 2275 333 AltClllEP.
2316 279 2848 339 CONSTANTINOP.

3544 290 3649 347 508

2067 405 2255 445 carnes
2284 407 2411 447 suas
2428 393 2787 450 eumedendas
2816 396 2981 462 dedit,
3011 397 3246 467 seipsum
3274 401 3518 469 apposuit
3546 403 3647 455 im-

2066 482 2342 536 molatmn.
2369 484 2499 548 Quae
2529 486 2687 554 igitur
2725 488 2878 542 nobis
2922 490 3195 544 excusatio
3240 490 3362 557 erit,
3403 506 3522 545 cum
3557 493 3650 545 tali

2064 576 2200 642 pasti
2226 576 2365 641 cibo,
2403 577 2577 631 taliter
2602 580 2927 645 peccemus?
2963 594 3084 634 cum
3120 595 3315 651 agnum
3357 583 3646 637 comeden-

2065 673 2165 731 tes,
2196 666 2302 735 lupi
2351 666 2650 722 efﬁcimur?
2687 685 2807 724 cum
2837 686 2989 727 ovem
3034 672 3437 740 manducantes,
3482 676 3652 730 instar

2065 756 2276 811 leonum
2304 760 2578 828 rapimus?
2622 760 2732 815 Hoc
2769 764 2964 832 quippe
2992 767 3303 836 mysterium
3340 782 3445 822 non
3472 769 3647 823 solum

2062 862 2092 900 a
2138 850 2319 919 rapina
2346 891 2364 917 ,
2400 852 2493 906 sed
2520 853 2679 908 etiam
2708 869 2739 908 a
2776 856 2877 909 levi
2926 857 3195 913 inimicitia
3228 876 3389 930 puros
3433 877 3650 933 semper

2063 956 2184 996 esse
2206 943 2378 1012 jubet.
2421 943 2551 999 Nam
2604 946 2704 1001 hoc
2756 950 3088 1018 mysterium,
3142 951 3286 1021 pacis
3333 962 3414 1007 est
3444 966 3647 1025 myste-

2062 1033 2199 1086 rium
2232 1048 2247 1084 :
2280 1048 2379 1089 nee
2402 1036 2530 1089 sinit
2554 1036 2752 1093 divitiis
2792 1053 2913 1095 esse
2958 1040 3217 1096 addictos.
3268 1042 3399 1097 Nam
3447 1046 3489 1099 si
3533 1047 3648 1114 ipse

2064 1135 2281 1195 propter
2309 1142 2409 1181 nos
2451 1128 2550 1182 sibi
2597 1131 2697 1200 ipsi
2737 1147 2843 1187 non
2894 1135 3148 1203 pepercit,
3188 1151 3295 1206 quo
3341 1140 3540 1193 erimus
3566 1141 3648 1194 di-

2061 1216 2149 1285 gni
2193 1219 2455 1288 supplicio
2482 1220 2527 1274 si
2564 1220 2765 1277 divitiis
2806 1239 3108 1294 parcamus,
3161 1230 3498 1301 animamque
3548 1248 3646 1287 ne-

2060 1309 2363 1378 gligamus,
2418 1328 2513 1382 pro
2558 1329 2662 1384 qua
2722 1316 2837 1386 ipse
2885 1317 2985 1372 sibi
3041 1319 3140 1389 ipsi
3193 1336 3299 1375 non
3361 1325 3647 1391 pepercit?

2062 1404 2260 1459 Judaeis
2288 1406 2504 1476 quidem
2557 1411 2841 1478 quotannis
2884 1412 2947 1465 in
2986 1414 3297 1468 memoriam
3350 1416 3641 1471 beneﬁcio-

2062 1511 2178 1548 rum
2222 1510 2439 1551 suorum
2471 1498 2834 1555 solemnitates
2885 1501 3027 1557 Deus
3071 1503 3335 1570 instituit;
3382 1507 3474 1561 tibi
3517 1523 3647 1563 veru

2062 1585 2283 1655 singulis
2325 1603 2463 1658 pene
2503 1588 2691 1644 diebus
2741 1607 2835 1660 per
2885 1591 3001 1648 haec
3039 1606 3191 1649 sacra
3246 1597 3519 1665 mysteria.
3566 1597 3646 1652 Nc

2062 1676 2220 1745 igitur
2257 1693 2468 1734 crucem
2514 1681 2798 1737 erubescas
2831 1699 2845 1737 :
2877 1683 2991 1739 haec
3042 1686 3238 1756 quippe
3286 1695 3412 1742 sunt
3450 1688 3643 1743 decora

2062 1778 2263 1834 nostra,
2297 1770 2412 1827 htec
2447 1783 2628 1827 nostra
2655 1776 2926 1844 mysteria,
2978 1777 3077 1832 hoc
3120 1794 3375 1834 ornamur
3400 1796 3640 1847 munere,

2062 1861 2164 1915 hoc
2186 1864 2493 1933 gloriamur.
2526 1866 2582 1921 Si
2611 1867 2816 1935 dixero,
2845 1868 3045 1924 Ctelum
3073 1880 3127 1925 et
3156 1882 3350 1927 terram
3381 1874 3645 1941 extendit,

2060 1969 2207 2008 mare
2249 1955 2452 2021 effudit,
2483 1958 2771 2028 prophetas
2808 1969 2863 2015 et
2900 1962 3117 2031 angelos
3162 1964 3327 2031 misit,
3360 1965 3488 2019 nihil
3521 1966 3645 2022 huic

2060 2044 2136 2098 rei
2163 2058 2260 2114 par
2302 2045 2507 2100 dixero.
2565 2049 2675 2103 lloc
2698 2051 2892 2119 quippe
2933 2061 3092 2121 caput
3116 2061 3198 2107 est
3226 2054 3483 2109 bonorum
3523 2072 3640 2109 om-

2062 2138 2206 2191 nium
2237 2179 2251 2203 ,
2288 2138 2427 2206 quod
2461 2140 2596 2193 Filio
2634 2155 2733 2194 suo
2760 2156 2864 2195 non
2899 2146 3215 2213 pepercerit,
3258 2154 3315 2200 ut
3341 2161 3524 2202 servus
3552 2147 3647 2202 ab-

2060 2231 2320 2286 alienatos
2342 2240 2602 2287 servaret.
2626 2233 2811 2289 Nullus
2824 2250 2950 2305 ergo
2971 2235 3132 2293 Judas
3153 2237 3290 2293 hanc
3314 2238 3471 2294 adeat
3494 2255 3640 2295 men-

2061 2338 2209 2388 sam;
2266 2324 2441 2378 nullus
2488 2326 2671 2380 Simon
2720 2345 2732 2379 :
2783 2328 2944 2382 ambo
3004 2329 3147 2383 enim
3217 2346 3313 2399 per
3365 2333 3642 2386 avaritiam

2061 2418 2352 2487 perierunt.
2394 2418 2680 2488 Fugiamus
2728 2419 2904 2489 itaque
2950 2420 3053 2476 hoc
3094 2420 3424 2489 barathrum,
3471 2440 3647 2493 neque

2062 2519 2307 2576 putemus
2327 2507 2478 2563 nobis
2505 2510 2633 2564 satis
2661 2523 2779 2565 esse
2798 2509 2867 2565 ad
2898 2511 3144 2580 salutem,
3177 2513 3220 2567 si
3252 2523 3527 2584 postquam
3562 2515 3644 2569 vi—

2060 2600 2191 2654 duas
2223 2609 2278 2655 et
2300 2602 2529 2672 pupillos
2566 2602 3004 2671 ex5poliavimus,
3046 2604 3294 2673 poculum
3336 2621 3556 2660 aureum
3590 2616 3646 2660 et

2060 2691 2284 2762 gemmis
2323 2700 2567 2746 ornatum
2597 2708 2797 2747 mensaa
2841 2694 3145 2748 oll’cramus.
3176 2694 3307 2749 Nam
3352 2695 3395 2749 si
3423 2696 3502 2749 vis
3543 2694 3647 2750 hoc

2060 2784 2377 2837 sacriﬁcium
2405 2782 2690 2848 honorare,
2737 2784 2965 2838 animam
3012 2784 3165 2851 oll‘er,
3197 2785 3266 2839 ob
3311 2801 3467 2855 quam
3493 2785 3648 2840 Chri-

2061 2883 2175 2927 stus
2199 2872 2500 2927 immolatus
2527 2881 2609 2927 est
2638 2889 2650 2926 :
2681 2872 2817 2927 hanc
2840 2874 2999 2929 facito
3023 2890 3237 2930 auream
3272 2892 3284 2929 :
3314 2876 3359 2930 si
3383 2890 3510 2930 vero
3533 2876 3646 2945 ipsa

2062 2968 2130 3021 sit
2157 2965 2371 3034 plumbo
2399 2974 2454 3020 et
2482 2973 2614 3019 testa
2640 2964 2891 3029 deterior,
2936 2982 3028 3019 vas
3073 2976 3250 3020 autem
3292 2982 3513 3021 aureum
3552 2968 3647 3032 sit,

2061 3057 2186 3126 quid
2208 3056 2332 3113 inde
2359 3056 2489 3110 lucri
2515 3056 2539 3109 ‘l
2562 3056 2639 3110 Ne
2669 3056 2829 3127 igitur
2859 3058 2959 3112 hoc
2982 3073 3232 3112 curemus
3259 3059 3428 3113 solum
3461 3067 3516 3111 ut
3544 3073 3646 3111 au-

2062 3164 2152 3204 rea
2184 3163 2307 3203 vasa
2346 3148 2654 3210 olferamus,
2698 3150 2791 3204 sed
2819 3158 2875 3203 ut
2899 3165 2965 3204 cx
3002 3147 3161 3218 justis
3188 3148 3474 3203 laboribus.
3521 3149 3650 3204 lla'c

2063 3240 2262 3309 quippe
2290 3248 2415 3294 sunt
2442 3253 2573 3294 auro
2594 3240 2932 3309 pretiosiora,
2964 3254 3085 3308 qua:
3123 3253 3229 3293 non
3256 3255 3321 3293 ex
3349 3240 3565 3293 avaritia
3592 3250 3650 3294 et

2066 3332 2251 3401 rapina
2292 3340 2438 3400 parta
2489 3342 2630 3386 sunt.
2675 3331 2857 3401 Neque
2882 3333 3023 3386 enim
3050 3332 3165 3386 auri
3190 3332 3269 3385 vel
3298 3333 3501 3402 argenti
3530 3331 3651 3386 ofﬁ-

2064 3427 2181 3480 cina
2207 3434 2291 3479 est
2329 3426 2577 3491 ecclesia,
2620 3425 2713 3481 sed
2763 3426 3071 3496 angelorum
3120 3426 3402 3484 celebritas
3434 3440 3451 3483 :
3480 3443 3649 3495 quare

2064 3519 2343 3573 animabus
2364 3518 2518 3572 nobis
2542 3526 2626 3573 est
2649 3533 2783 3587 Opus
2811 3535 2825 3574 :
2852 3534 2970 3571 nam
2994 3518 3108 3573 haec
3131 3534 3253 3574 vasa
3284 3530 3501 3591 propter
3528 3522 3647 3574 aui-

2066 3625 2181 3664 mas
2218 3610 2448 3664 admittit
2497 3610 2653 3664 Deus.
2696 3609 2812 3663 Non
2865 3619 2980 3664 erat
3016 3618 3266 3680 argentea
3304 3625 3488 3666 mensa
3536 3612 3650 3676 illa,

2068 3716 2166 3756 nec
2207 3714 2399 3755 aureus
2441 3702 2574 3755 calix
2607 3701 2661 3755 in
2710 3713 2818 3770 quo
2843 3702 3155 3770 sanguinem
3196 3716 3350 3755 suum
3377 3700 3652 3769 discipulis

2067 3791 2309 3846 Christus
2328 3792 2473 3847 dedit
2506 3810 2519 3847 :
2552 3792 2644 3846 sed
2680 3800 2856 3847 tamen
2898 3792 3075 3846 omnia
3112 3790 3202 3847 illa
3230 3793 3458 3862 pretiosa
3497 3806 3650 3845 erant

2067 3893 2121 3938 et
2142 3884 2434 3951 tremenda,
2476 3883 2598 3953 quia
2640 3884 2815 3936 omnia
2880 3882 3077 3952 Spiritu
3115 3884 3315 3953 repleta
3358 3892 3527 3937 erant.
3562 3881 3654 3936 Vis

2067 3990 2260 4044 corpus
2290 3975 2485 4030 Christi
2532 3973 2837 4028 honorare?
2880 3973 2994 4027 Non
3034 3973 3298 4044 deSpicias
3337 3974 3509 4045 ipsum
3552 3990 3653 4027 uu-

2068 4066 2197 4120 dum
2228 4083 2241 4118 :
2270 4080 2440 4135 neque
2469 4065 2557 4119 hic
2585 4065 2769 4119 sericis
2796 4065 3030 4119 vestibus
3058 4063 3309 4128 honores,
3334 4065 3460 4119 foris
3475 4076 3652 4119 autem

2072 4157 2265 4226 frigore
2311 4171 2371 4210 ac
2418 4156 2655 4209 nuditate
2701 4154 2955 4209 afﬂictum
3003 4157 3257 4226 negligas.
3311 4156 3442 4211 Nam
3476 4157 3520 4210 is
3564 4158 3656 4225 qui

2071 4249 2223 4313 dixit,
2248 4246 2361 4301 Hoc
2388 4256 2461 4302 est
2493 4264 2676 4316 corpus
2704 4264 2871 4302 meum
2898 4248 3111 4318 (Matth.
3145 4250 3235 4303 26.
3263 4249 3380 4318 26),
3410 4260 3463 4304 et
3491 4250 3659 4303 verbo

2072 4356 2185 4394 rem
2216 4339 2461 4402 ﬁrmavit,
2493 4338 2632 4394 idem
2681 4340 2793 4409 ipse
2831 4339 3006 4394 dixit:
3039 4339 3356 4394 Esurientem
3398 4356 3478 4394 me
3520 4341 3657 4394 vidi-

2073 4431 2182 4496 stis,
2212 4440 2257 4484 et
2283 4446 2382 4483 non
2409 4430 2684 4484 nutrivistis
2706 4447 2725 4495 ,'
2751 4438 2823 4496 et,
2855 4430 2919 4484 In
2950 4441 3193 4499 quantum
3222 4448 3323 4485 non
3351 4434 3537 4501 fecistis
3568 4433 3657 4487 uni

2074 4524 2251 4574 horum
2290 4520 2629 4584 minimarum,
2678 4536 2767 4572 ncc
2796 4521 2920 4573 mihi
2956 4521 3149 4590 fecistis
3194 4519 3403 4592 (Matth.
3434 4520 3524 4576 25.
3564 4522 3655 4576 42.

2072 4614 2186 4685 45).
2228 4613 2341 4668 Hoc
2393 4624 2539 4667 certe
2588 4628 2693 4667 non
2725 4626 2859 4682 opus
2911 4614 3068 4667 habet
3115 4613 3331 4679 amictu,
3385 4613 3479 4668 sed
3525 4628 3660 4683 puro

2074 4706 2284 4768 animo;
2309 4703 2438 4758 illud
2458 4712 2633 4757 autem
2654 4718 2843 4773 magna
2868 4718 3002 4773 opus
3023 4704 3182 4759 habet
3209 4719 3355 4759 cura.
3381 4705 3663 4760 Discamus

2075 4798 2251 4867 itaque
2292 4796 2675 4866 phil050phari,
2727 4806 2778 4851 et
2821 4795 3089 4851 Christum
3132 4797 3399 4852 honorare
3450 4807 3506 4851 ut
3546 4798 3662 4867 ipse

2074 4889 2188 4943 vult
2218 4904 2235 4942 :
2265 4904 2388 4941 nam
2415 4888 2484 4953 ei,
2514 4888 2603 4957 qui
2631 4886 2937 4954 honoratur,
2972 4888 3145 4941 honor
3172 4888 3260 4942 ille
3289 4888 3658 4953 suavissimus,

2073 4994 2233 5049 quem
2267 4978 2380 5047 ipse
2409 4987 2575 5046 optat,
2618 4993 2722 5030 non
2754 4994 2910 5048 quem
2943 4992 3041 5031 nos
3079 4987 3347 5048 putamus.
3389 4978 3661 5047 Siquidem

2076 5073 2265 5127 Petrus
2295 5086 2353 5125 se
2381 5070 2528 5124 illum
2564 5072 2825 5123 honorare
2859 5070 3095 5138 putabat,
3124 5084 3242 5124 cum
3281 5069 3551 5125 cohiberet
3596 5086 3664 5125 ne

2078 5163 2241 5233 pedes
2268 5177 2395 5217 suos
2429 5162 2628 5216 levaret
2669 5160 2847 5230 (Joan.
2877 5161 2965 5215 l5.
2997 5161 3088 5229 8);
3122 5160 3215 5215 sed
3254 5161 3303 5215 id
3343 5165 3481 5230 quod
3510 5163 3661 5217 vole-

2077 5258 2167 5311 bat
2193 5271 2297 5310 non
2328 5265 2445 5310 erat
2465 5254 2657 5320 honor,
2682 5253 2775 5308 sed
2798 5268 2950 5307 secus
2977 5254 3215 5306 omnino.
3241 5253 3334 5307 Sic
3358 5263 3409 5307 et
3438 5263 3489 5307 tu
3514 5254 3663 5307 illum

2078 5350 2177 5417 ipsi
2221 5347 2414 5403 exhibe
2461 5346 2716 5402 honorem
2760 5360 2917 5415 quem
2964 5347 3081 5415 lege
3127 5346 3398 5415 praecepit,
3453 5346 3669 5401 divitias

2080 5449 2197 5494 tuas
2226 5438 2547 5509 pauperibus
2587 5452 2835 5507 erogans.
2886 5435 3067 5506 Neque
3117 5438 3258 5492 enim
3307 5439 3444 5491 vasis
3488 5438 3669 5491 aureis

2079 5546 2212 5599 (mus
2239 5530 2399 5585 habet
2423 5531 2583 5595 Deus,
2614 5530 2707 5584 sed
2733 5531 3009 5583 animabus
3038 5531 3234 5583 aureis.

2149 5622 2201 5675 4.
2242 5620 2576 5690 Eleemosyna
2602 5621 2763 5690 magis
2799 5619 2905 5671 Deo
2936 5619 3096 5686 placet
3138 5635 3287 5687 quam
3321 5634 3529 5672 munera
3572 5620 3672 5687 ipsi

2085 5713 2192 5767 sine
2234 5712 2451 5765 utilitate
2486 5712 2702 5780 proximi
2746 5720 3056 5765 consecrata.
3096 5710 3293 5766 —-lloc
3324 5724 3485 5781 porro
3523 5710 3671 5781 dico,
