4028 6152
317 216 425 273 509

313 336 371 391 δὲ
395 333 595 407 μᾶλλον
613 333 815 392 ἐκεῖνα.
860 334 1121 391 Ἐνταῦθα
1144 338 1242 407 μὲν
1263 338 1371 408 7&9
1388 339 1417 390 6
1438 335 1817 408 προσενεγκὼν
1844 335 1987 405 (6:95-

313 426 454 497 λήθη
488 425 669 496 μόνον,
704 427 823 479 ἐκεῖ
849 425 905 478 δὲ
936 426 1031 478 καὶ
1056 426 1098 457 ³¹
1124 429 1152 479 ὁ
1177 424 1376 479 λαϐὼν.
1421 423 1688 478 Ἐνταῦθα
1714 425 1861 478 δοκεί
1893 424 1988 476 καὶ

313 513 622 583 φιλοτιμίας
644 512 867 585 ἀφορμὴ
890 513 953 567 16
976 514 1208 584 πρᾶγμα
1228 508 1364 565 εἶναι
1385 528 1399 542 ο
1428 513 1543 566 ἐκεῖ
1564 512 1620 566 δὲ
1648 510 1985 582 ἐλεημοσύνη

311 602 409 655 καὶ
458 601 838 672 φιλανθρωπία
868 600 930 655 16
975 603 1084 655 πᾶν
1131 603 1267 654 ἐστι.
1303 600 1370 654 Τί
1401 601 1510 671 γὰρ
1549 600 1764 669 ὄφελος,
1796 600 1986 671 ὅτανή

310 690 563 759 τράπεζα
603 689 752 759 αὐτῷ
792 689 938 761 γέμῃ
975 688 1193 759 χρυσῶν
1235 688 1530 759 ποτηρίων,
1555 688 1718 751 αὐτὸς
1756 688 1814 741 δὲ
1846 686 1989 757 λιμῷ

312 777 731 849 διαφθείρηται;
764 777 1036 848 Πρότερον
1070 775 1233 828 αὐτὸν
1261 775 1543 846 ἔμπλησον
1572 774 1865 839 πεινῶντα,
1897 777 1989 828 καὶ

311 866 433 919 τότε
475 868 539 918 ἐκ
578 866 892 937 περιουσίας
929 863 1024 916 καλ⁸
1053 862 1150 933 τὴν
1174 861 1463 933 τράπεζαν
1491 862 1657 915 αὐτοῦ
1690 862 1986 932 κόσμησον.

314 952 579 1024 Ποτήριον
610 952 847 1024 χρυσοῦν
880 952 1075 1013 ποιεῖς,
1114 951 1209 1002 καὶ
1244 950 1502 1021 ποτήριον
1523 948 1734 1020 ψυχροῦ
1756 949 1803 981 ³⁸
1831 950 1892 1003 ού
1913 949 1991 1002 δί-

310 1040 454 1103 δωςς
483 1041 577 1094 καὶ
614 1040 666 1101 τί
697 1040 757 1093 τὸ
794 1038 1014 1107 δφελοςς
1045 1038 1413 1108 Χρυσόπαστα
1444 1037 1793 1108 ἐπιϐλήματα
1822 1054 1989 1093 κατα-

313 1127 600 1191 σκευάζεις
620 1129 687 1198 τῇ
709 1125 978 1197 τραπέζῃ,
1001 1124 1149 1195 αύτῷ
1171 1125 1228 1177 δὲ
1250 1124 1369 1178 ούδέ
1390 1124 1490 1193 τήν
1513 1124 1816 1195 ἀναγκαίαν
1845 1143 1987 1198 παρ-

311 1215 459 1285 έχεις
510 1213 723 1285 σκέπην
748 1213 795 1244 ³⁸
816 1229 831 1277 ;
854 1212 951 1265 καὶ
972 1213 1026 1265 τί
1052 1212 1114 1265 16
1144 1212 1334 1285 κέρδος
1362 1214 1428 1265 ἐκ
1452 1211 1679 1279 τούτους
1706 1213 1843 1266 Εἰπέ
1873 1212 1987 1283 γάρ

314 1318 407 1370 μοι
434 1317 448 1332 ·
489 1301 543 1354 εἴ
567 1317 690 1355 τινα
725 1298 849 1353 ἰδὼν
900 1300 998 1369 τῆς
1050 1298 1357 1367 ἀναγκαίας
1408 1299 1718 1369 ἀποροῦντα
1760 1300 1986 1370 τροφῆς,

307 1388 475 1457 ἀφεὶς
504 1387 655 1457 αύτῷ
686 1387 847 1440 λῦσαι
878 1386 970 1441 τὸν
996 1385 1174 1456 λιμὸν,
1204 1384 1307 1457 τὴν
1330 1385 1611 1457 τράπεζαν
1631 1384 1857 1456 ἀργύρῳ
1890 1403 1989 1438 πε-

316 1476 568 1549 ριέϐαλες
593 1475 775 1546 μόνον,
802 1470 913 1546 ἄρα
931 1474 997 1528 ἂν
1027 1474 1170 1542 ἐγνω
1195 1491 1279 1527 σοι
1304 1474 1488 1543 χάριν,
1512 1473 1626 1526 ἀλλ’
1644 1475 1767 1543 ούχί⁵
1790 1474 1987 1545 μᾶλλον

308 1564 661 1635 ἠγανάκτησε
696 1564 773 1629 ³³;
810 1561 875 1613 Τί
911 1560 1003 1624 δίς
1041 1562 1091 1614 εί
1130 1563 1295 1631 ῥάκια
1332 1560 1792 1631 περιϐεϐλημένον
1823 1561 1984 1633 ὀρῶν,

312 1650 411 1704 καὶ
456 1650 560 1704 ὑπὸ
594 1648 810 1721 κρυμοῦ
841 1647 1215 1719 πηγνύμενον,
1251 1647 1404 1719 [519]
1442 1647 1602 1715 ἀφεὶς
1630 1645 1778 1717 αύτῷ
1808 1646 1992 1702 δοῦναι

313 1736 554 1807 ἱμάτιον,
586 1736 772 1798 κίονας
796 1735 1196 1799 κατεσκεύαζες
1217 1734 1475 1807 χρυσοῦς,
1489 1734 1665 1803 λέγων
1686 1735 1766 1797 εἰς
1783 1734 1989 1787 ἐκείνου

309 1823 481 1895 τιμήν
508 1826 703 1885 ποιεῖν,
735 1823 835 1875 ούκ
850 1822 913 1875 ἄν
942 1839 1001 1875 σε
1030 1823 1124 1875 καὶ
1146 1822 1534 1894 εἰρωνεύεσθαι
1563 1822 1687 1892 ἔφη,
1718 1822 1814 1876 καὶ
1836 1821 1992 1890 ῦϐριν

311 1912 556 1981 ἐνόμισε,
596 1910 693 1963 καὶ
725 1908 932 1979 ταύτην
962 1909 1061 1980 τὴν
1092 1909 1327 1979 ἐσχάτην
1358 1909 1436 1974 ³⁶;
1475 1908 1645 1961 Τοῦτο
1671 1908 1729 1961 δὲ
1759 1908 1853 1961 καὶ
1897 1908 1993 1961 ἐπὶ

308 1996 406 2050 τοῦ
420 1994 658 2066 Χριστοῦ
680 1993 919 2063 λογίζου,
944 1995 1073 2048 ὅταν
1095 1994 1299 2066 ἀλήτης
1325 1997 1420 2049 καὶ
1438 1994 1585 2060 ξένος
1612 1994 1990 2065 περιέρχηται,

309 2084 565 2156 δεόμενος
587 2084 792 2154 ὀροφῆς
813 2098 829 2115 ⁸
852 2086 917 2137 σὺ
941 2083 999 2137 δὲ
1026 2083 1189 2137 αὑτὸν
1215 2084 1376 2153 ἀφεὶς
1393 2082 1774 2148 ὑποδέξασθαι.
1799 2082 1992 2151 ἔδαφος

308 2171 665 2244 καλλωπίζῃς
688 2172 733 2203 ⁸⁷
770 2172 867 2225 καὶ
918 2171 1137 2241 τοίχους
1185 2172 1281 2225 καὶ
1327 2171 1525 2225 κιόνων
1568 2170 1811 2240 κεφαλάς
1836 2187 1851 2202 ·
1898 2171 1994 2223 καὶ

308 2261 562 2331 ἀργυρᾶς
596 2257 820 2321 ἁλύσεις
867 2257 954 2311 διά
994 2257 1298 2328 λαμπάδων
1330 2258 1593 2328 ἐξάπτῃς,
1638 2256 1800 2310 αὑτὸν
1828 2256 1885 2309 δὲ
1934 2258 1993 2309 ἐν

307 2347 673 2419 δεσμωτηρίῳ
721 2346 1002 2417 δεδεμένον
1040 2346 1176 2417 μηδὲ
1234 2346 1361 2399 ἰδεῖν
1390 2345 1598 2417 ἐθέλῃς.
1656 2345 1768 2399 Καὶ
1821 2343 1993 2397 ταῦτα

310 2430 481 2497 λέγω,
504 2430 627 2499 ούχὶ
651 2429 878 2483 κωλύων
904 2430 961 2481 ἐν
989 2428 1201 2492 τούτοις
1232 2428 1651 2499 φιλοτιμεῖσθαι,
1668 2427 1804 2482 ἀλλά
1821 2426 1993 2480 ταῦτα

314 2516 435 2585 μετ’
463 2516 708 2577 ἐκείνων,
744 2515 944 2585 μᾶλλον
963 2515 1023 2569 δὲ
1042 2514 1216 2569 ταῦτα
1254 2515 1362 2585 πρὸ
1390 2515 1614 2568 ἐκείνων
1640 2515 1684 2545 ³³
1713 2512 1992 2584 παραινῶν

306 2606 509 2658 ποιεῖν.
552 2603 722 2672 ’Υπὲρ
753 2602 852 2673 μὲν
876 2601 985 2673 7&9
1027 2601 1121 2654 τοῦ
1154 2601 1325 2656 ταῦτα
1359 2601 1433 2673 μὴ
1453 2602 1676 2671 ποιῆσαι
1706 2600 1880 2664 οὐδεὶς
1909 2602 1995 2652 ἐν·

311 2690 519 2763 εκλήθη
543 2689 674 2744 ποτέ
698 2706 713 2722 ·
740 2690 878 2761 ὑπὲρ
901 2689 958 2742 δὲ
988 2689 1211 2742 ἐκείνων
1238 2690 1331 2743 καὶ
1352 2690 1544 2758 γέεννα
1563 2689 1872 2759 ήπείληται,
1898 2687 1993 2741 καὶ

311 2779 425 2851 πῦρ
457 2779 741 2843 ἄσϐεστον,
767 2777 862 2831 καὶ
887 2778 921 2847 ἡ
949 2777 1086 2848 μετά
1110 2778 1378 2848 δαιμόνων
1405 2777 1662 2848 τιμωρία.
1686 2778 1778 2847 Μὴ
1810 2777 1990 2829 τοίνυν

308 2867 405 2921 τὸν
418 2863 563 2921 οἷκον
589 2866 832 2936 κοσμῶν,
857 2866 947 2918 τὸν
970 2866 1195 2935 ἀδελφὸν
1214 2866 1527 2935 θλιϐόμενον
1560 2867 1790 2937 περιόρα
1805 2882 1817 2894 °
1832 2858 1987 2928 οὗτος

311 2957 423 3028 7&9
448 2955 658 3011 ἐκείνου
687 2955 734 2986 ³⁸
756 2954 883 3018 ναὸς
912 2953 1265 3025 κυριώτερος.
1303 2955 1413 3007 Καὶ
1443 2952 1617 3007 ταῦτα
1646 2953 1745 3023 μὲν
1774 2953 1867 3007 καὶ
1891 2952 1988 3021 βα-

313 3043 484 3107 σιλεῖς
531 3042 769 3106 ἄπιστοι,
819 3040 913 3095 καὶ
960 3040 1248 3112 τύραννοι,
1291 3041 1387 3094 καὶ
1431 3040 1626 3112 λῃσταὶ
1669 3039 1985 3109 δυνήσονται

311 3130 498 3184 λαϐεῖν
525 3131 593 3184 τά
621 3127 881 3199 κειμήλια
903 3145 918 3159 υ
948 3128 1049 3180 ὅσα
1074 3127 1132 3181 δὲ
1165 3126 1231 3181 ἂν
1266 3127 1346 3189 είς
1372 3125 1465 3179 16v
1499 3124 1727 3194 ἀδελφὸν
1752 3127 1985 3198 ποιήσῃς

1131 223 1190 279 S.
1228 221 1511 279 JOANNIS
1548 218 2039 278 CHRYSOSTOMI
2078 220 2398 279 ARCHIEP.
2438 222 2985 280 CONS'I'ANTINOP.

3658 228 3768 284 5Γο

2092 338 2364 392 πεινῶντα
2404 339 2498 392 καὶ
2541 337 2691 406 ξένον
2737 338 2867 393 ὅντα
2895 338 2991 393 καί⁸
3036 338 3266 410 γυμνὸν,
3308 340 3429 394 οὐδὲ
3471 343 3500 394 6
3522 342 3771 408 διάϐολος

2092 426 2322 495 συλῆσαι
2362 427 2685 496 δυνήσεται,
2720 426 2833 480 ἀλλ’
2870 428 2928 480 ἐν
2975 427 3162 499 ἀσύλῳ
3196 428 3441 482 κείσεται
3483 430 3769 505 θησαυριῖι.

2090 514 2157 566 Τί
2183 509 2277 567 οὖν
2306 514 2468 577 αὐτός
2494 530 2649 585 φησι,
2683 514 2828 581 Τοὺς
2859 514 3134 584 πτωχοὺς
3160 515 3418 570 πάντοτε
3451 517 3622 586 ἔχετε
3637 521 3772 588 μεθ’

2091 596 2340 664 ἑαυτῶν,
2368 596 2474 666 ἐμὲ
2508 594 2577 650 δὲ
2608 598 2680 650 οὐ
2714 596 2971 651 πάντοτε
2998 598 3199 666 ἔχετε;
3228 598 3328 653 Διά
3349 599 3459 670 γὰρ
3489 600 3647 654 τοῦτο
3671 600 3773 671 μά-

2088 681 2247 737 λιστα
2287 682 2457 735 ἐλεεῖν
2483 682 2582 745 δεῖ,
2599 683 2681 735 ὃτι
2710 684 2773 737 οὐ
2802 683 3031 737 πάντοτε
3062 685 3227 738 αὐτὸν
3252 684 3448 756 ἔχομεν
3474 687 3771 748 πεινῶντα.

2090 769 2206 823 ἀλλ’
2238 770 2297 822 ἐν
2322 768 2400 839 τῷ
2433 770 2660 839 παρόντι
2694 768 2795 839 βίῳ
2831 770 3009 839 μόνον.
3048 772 3110 825 Εἰ
3147 772 3204 824 δέ
3245 771 3424 841 βούλει
3457 775 3551 827 καὶ
3597 775 3645 807 ⁸⁸
3671 776 3776 846 τὴν

2088 857 2327 910 διάνοιαν
2358 859 2539 910 πᾶσαν
2566 855 2661 909 τοῦ
2681 858 2970 942 εἰρημένου
2995 859 3204 929 μαθεῖν.
3227 862 3479 925 ἄκουσον,
3500 862 3582 916 ὃτι
3609 862 3773 916 τοῦτο

2090 944 2149 997 ού
2180 944 2317 1014 πρὸς
2338 943 2465 1006 τοὺς
2498 943 2749 1014 μαθητάς
2776 945 3015 1015 εἴρηται,
3052 945 3101 998 εί
3134 947 3226 1000 καὶ
3261 946 3403 1001 οὕτω
3430 948 3596 1009 δοκεῖ.
3631 950 3772 1003 ἀλλά

2091 1031 2228 1101 πρὸς
2253 1030 2353 1101 τήν
2374 1029 2658 1084 ἀσθένειαν
2681 1030 2785 1101 τῆς
2810 1032 3081 1100 γυναικός.
3118 1033 3333 1106 Ἐπειδὴ
3354 1034 3462 1105 7&9
3482 1036 3771 1089 ἀτελέστε-

2092 1136 2185 1189 ρον
2219 1118 2298 1171 ἐτι
2326 1118 2577 1184 διέκειτο,
2607 1120 2805 1172 ἐκεῖνοι
2830 1118 2888 1173 δὲ
2917 1121 3088 1193 αὐτὴν
3106 1122 3418 1193 διηπόρουν,
3446 1124 3771 1194 ἀνακτώμε-

2089 1222 2179 1270 νος
2212 1206 2384 1277 αύτην
2411 1204 2586 1259 ταῦτα
2634 1206 2840 1276 ἔλεγεν.
2873 1207 2996 1261 Ὅτι
3024 1208 3133 1280 7&9
3165 1210 3378 1281 ἐκείνην
3410 1211 3770 1281 παραμυθού-

2094 1310 2254 1365 μενος
2295 1293 2469 1347 ταῦτα
2502 1293 2628 1365 ἐφη,
2662 1295 2938 1366 ἐπήγαγε·
2993 1296 3056 1351 Τί
3087 1296 3314 1364 κόπους
3354 1297 3642 1367 παρέχετε
3691 1298 3769 1368 τῇ

2090 1382 2367 1451 Tyranni;
2415 1381 2541 1436 Ὅτι
2580 1382 2689 1454 7&9
2721 1384 2815 1436 καὶ
2854 1384 3020 1437 αὑτὸν
3052 1385 3140 1438 ἀεὶ
3172 1386 3291 1455 μεθ’
3336 1386 3497 1458 ήμῶν
3545 1387 3769 1458 ἔχομεν,

2092 1468 2258 1539 φησίν
2280 1485 2293 1499 ’
2336 1469 2482 1522 Ἰδοὺ
2510 1470 2625 1539 ἐγὼ
2648 1471 2780 1539 μεθ’
2809 1468 2981 1539 ὑμῶν
3005 1472 3123 1540 ειμι
3164 1471 3368 1539 πάσας
3403 1473 3513 1539 τὰς
3542 1474 3769 1543 ἡμέρας

2091 1556 2206 1622 ἕως
2225 1553 2337 1625 τῆς
2366 1559 2726 1623 συντελείας
2754 1558 2860 1612 τοῦ
2888 1557 3122 1625 αἰῶνος.
3168 1560 3258 1626 Ἐξ
3290 1555 3365 1614 ὧν
3388 1562 3645 1615 ἀπάντων
3670 1563 3769 1633 δῆ-

2094 1645 2206 1710 λον,
2256 1645 2339 1697 ὅτι
2375 1645 2443 1697 δι’
2490 1645 2643 1699 οὐδὲν
2682 1648 2867 1717 ἕτερον
2900 1646 3075 1701 ταῦτα
3105 1647 3344 1716 ἐλέγετο,
3392 1648 3506 1702 ἀλλ’
3549 1651 3635 1704 ἵνα
3666 1652 3770 1720 τήν

2089 1731 2275 1786 πίστιν
2300 1732 2401 1803 τῆς
2428 1734 2686 1801 γυναικὸς
2715 1732 2816 1804 τήν
2841 1734 2963 1787 τότε
2990 1734 3372 1806 βλαστήσασαν
3409 1736 3483 1808 μὴ
3514 1754 3770 1808 καταμα-

2091 1818 2230 1891 ράνῃ
2257 1818 2365 1872 τῶν
2409 1819 2668 1891 μαθητῶν
2698 1823 2731 1889 ή
2772 1821 3107 1892 ἐπιτίμησις.
3143 1821 3237 1893 Μὴ
3262 1821 3441 1876 τοίνυν
3472 1822 3647 1877 ταῦτα
3688 1826 3769 1888 εἰς

2094 1908 2257 1977 μέσον
2274 1908 2530 1978 φέρωμεν
2556 1908 2674 1973 νῦν,
2703 1907 2739 1962 ἀ
2759 1908 2848 1962 διά
2877 1926 2999 1961 τινα
3022 1910 3334 1979 οἰκονομίαν
3357 1912 3572 1980 εἴρηται
3592 1927 3606 1941 ’
3632 1911 3769 1965 ἀλλὰ

2091 1995 2222 2058 τοὺς
2270 1995 2471 2064 νόμους
2510 1994 2779 2059 ἅπαντας,
2833 1996 2961 2059 τοὺς
2994 1997 3052 2049 ἐν
3097 1998 3164 2067 τῇ
3209 1998 3410 2069 Καινῇ,
3442 2000 3568 2061 τοὺς
3611 1999 3670 2051 ἐν
3699 2003 3767 2070 τῇ

2094 2082 2307 2153 Παλαιᾷ
2337 2083 2463 2153 περὶ⁵
2500 2081 2868 2153 ἐλεημοσύνης
2905 2082 3051 2153 αύτῷ
3083 2083 3373 2153 κειμένους
3420 2086 3766 2153 ἀναγνόντες,

2092 2170 2293 2240 πολλὴν
2317 2172 2457 2242 ὑπὲρ
2484 2170 2578 2224 τοῦ
2604 2171 2929 2242 πράγματος
2954 2173 3143 2226 τούτου
3167 2173 3452 2245 ποιώμεθα
3477 2175 3576 2245 τήν
3604 2192 3769 2228 σπου-

2088 2258 2203 2329 δήν.
2225 2258 2394 2312 Τοῦτο
2418 2259 2525 2329 γάρ
2550 2260 2826 2328 ἁμαρτίας
2846 2260 3125 2331 καθαίρει·
3144 2262 3286 2317 Δότε
3305 2262 3415 2333 7&9
3438 2263 3770 2332 ἐλεημοσύ-

2091 2360 2229 2412 νην,
2254 2344 2352 2398 καί
2368 2344 2567 2398 πάντα
2586 2343 2731 2414 ὑμῖν
2758 2347 2929 2401 ἔσται
2950 2347 3202 2416 καθαρά.
3234 2348 3406 2401 Τοῦτο
3434 2349 3626 2413 θυσίας
3650 2351 3769 2419 μεῖ-

2093 2431 2207 2494 ζονο
2234 2433 2453 2486 Ἕλεον
2477 2431 2774 2503 γὰρθέλω,
2796 2434 2893 2487 καί
2915 2436 2987 2488 οὐ
3010 2436 3250 2489 θυσίαν.
3270 2434 3440 2489 Τοῦτο
3455 2437 3583 2499 τοὺς
3610 2436 3770 2505 ούρα-

2090 2520 2213 2583 νοὺς
2244 2520 2575 2588 ἀνοίγνυσιν⁶
2591 2523 2659 2574 Al
2688 2521 2860 2590 εὐχαὶ
2885 2524 2993 2593 γάρ
3012 2539 3129 2577 σου
3154 2524 3252 2577 καί
3281 2526 3341 2578 αἰ
3359 2524 3769 2593 ἐλεημοσύναι

2092 2622 2210 2660 σου
2242 2607 2555 2675 ἀνέϐησαν
2598 2610 2687 2674 εις
2726 2610 3130 2677 μνημόσυνον
3166 2609 3423 2664 ἐνώπιον
3453 2611 3559 2665 τοῦ
3592 2611 3765 2666 Θεοῦ.

2093 2692 2264 2746 Τοῦτο
2290 2693 2585 2764 παρθενίας
2602 2696 3031 2765 ἀναγκαιότερον
3049 2714 3062 2727 ο
3090 2697 3233 2750 οὕτω
3261 2698 3370 2768 7&9
3394 2697 3767 2769 ἐξεϐλήθησαν

2093 2774 2191 2829 τοῦ
2220 2776 2507 2847 νυμφῶνος
2550 2779 2786 2843 ἐκεῖναι,
2833 2777 3007 2842 οὕτως
3039 2781 3099 2832 at
3143 2778 3301 2834 ἄλλαι
3346 2780 3763 2850 εἰσηνέχθησαν.

2092 2862 2274 2935 ’Δπερ
2298 2864 2514 2918 ἅπαντα
2536 2864 2832 2929 συνειδότες
2854 2867 3163 2937 σπείρωμεν
3182 2866 3499 2938 φιλοτίμως,
3521 2868 3608 2921 ἵνα
3626 2868 3767 2937 μετά

2089 2947 2335 3012 πλείονος
2380 2950 2684 3022 θερίσωμεν
2717 2952 3019 3021 δαψιλείας,
3049 2955 3142 3007 καὶ
3173 2954 3282 3007 τῶν
3312 2954 3615 3024 μελλόντων
3643 2957 3766 3009 ἐπι-

2089 3037 2342 3107 τύχωμεν
2378 3038 2623 3106 ἀγαθῶν,
2665 3041 2847 3111 χάριτι
2887 3042 2981 3094 καὶ
3018 3042 3397 3113 φιλανθρωπίᾳ
3424 3042 3517 3095 τοῦ
3558 3044 3765 3113 Κυρίου

2090 3125 2247 3196 ήμῶν
2284 3125 2456 3196 Ἰησοῦ
2482 3128 2742 3197 Χριστοῦ,
2772 3122 2817 3197 ᾧ
2844 3131 2877 3200 ή
2901 3129 3032 3195 δόξα
3053 3131 3133 3193 είς
3160 3132 3286 3193 τοὺς
3311 3130 3532 3193 αἰῶνας.
3568 3131 3762 3202 Ἀμήν.

384 3240 430 3273 ⁸⁸
447 3241 544 3316 καὶ
562 3255 672 3293 om.
790 3238 854 3292 Κ.
874 3308 916 3316 ῃ
934 3236 1249 3316 ’ξψυχροῦν
1370 3236 1446 3316 _M.
1472 3237 1691 3316 Μαι-γ
1878 3237 1981 3316 Κλαὶ
2008 3237 2060 3290 τί
2079 3237 2359 3316 τδόφελος
2384 3242 2502 3316 χλέ.
2537 3242 2973 3316 κατασκευάζειν
2983 3261 3054 3316 _1.
3079 3262 3128 3298 τ.
3155 3244 3302 3316 αὐτῷ
3329 3245 3385 3298 δὲ
3417 3244 3554 3315 μηδὲ
3573 3242 3675 3315 τὴν
3705 3244 3763 3302 ἀ.

316 3310 579 3396 πιρέλειν
602 3310 858 3396 ,εκὲπηνῖ
874 3306 1280 3396 νεφὲιίιίριιίιε
1296 3308 1503 3396 WE"!
1614 3306 1684 3396 Ei:
1715 3308 1981 3396 ξείὲεηδὲ.

2089 3308 2232 3396 μούδέ
2266 3310 2317 3396 in
2340 3306 2490 3364 niillo
2521 3312 2707 3396 cgdiee
2727 3322 2926 3396 exstat:
2943 3312 3203 3396 .ngtraln
3231 3306 3764 3396 lectignenl‘sec'ntus

312 3380 412 3435 est
429 3380 527 3433 Ge.
601 3380 645 3410 ⁸⁸

375 3559 391 3574 .
413 3520 849 3588 invitislnterpp.

691 3376 1059 3449 ἠγανάκτησε]
1090 3379 1333 3449 νεάῴκαὶ
1370 3377 1679 3449 παροξύνθη
1712 3376 1908 3448 (sic)L.
1940 3376 2011 3431 Μ.
2038 3377 2254 3449 favente
2280 3379 2431 3433 Arm.

357 3462 416 3504 ro
438 3446 795 3513 καλλωπίζεις
831 3449 948 3503 sine
982 3446 1150 3517 liliris.
1173 3447 1412 3517 ἐξάπτῃς
1433 3446 1489 3501 et
1517 3446 1857 3517 ἐθέλῃςξειιιιι
1888 3463 1981 3501 um

2089 3449 2142 3503 d.
2176 3446 2237 3502 L.
2263 3449 2408 3503 dedi.

926 3518 970 3549 ”
988 3519 1017 3571 6
1045 3516 1169 3580 ναὸς
1184 3516 1248 3573 G.
1282 3514 1726 3588 Ηζκυριώτερος]
1746 3518 1972 3569 οίκείοτε

2098 3518 2160 3571 L.
2191 3518 2515 3590 τιμιώτερος
2539 3519 2671 3574 Mor.
2695 3514 2829 3575 Ben.
2906 3522 2952 3555 ⁸⁸
2968 3524 3063 3576 καὶ
3093 3523 3247 3579 deest
3284 3524 3340 3578 in
3371 3524 3508 3579 Edd.

2541 3380 2723 3453 f'__1i;v
2753 3385 2816 3435 ἐσ

2857 3423 2869 3436 .
2905 3382 3147 3452 ὑϐρίζειν
3179 3384 3241 3438 ι..
3345 3385 3389 3415 ⁸⁷
3413 3384 3765 3452 καλλωπίζῃς

2508 3401 2586 3482 ﬂ"
2624 3401 2723 3453 την
2753 3401 2869 3505 sax".
2905 3401 3147 3452 υοριζειν
3179 3401 3241 3438 ιλ.
3345 3401 3385 3415 ·’
3413 3401 3760 3509 acaum-fuch

2580 3450 2705 3505 Haec
2726 3454 2835 3510 μᾶλ
2869 3470 2925 3505 ον
2952 3453 3079 3507 δὲ...
3129 3454 3353 3507 ἐκείνων
3377 3455 3578 3509 desunt
3606 3470 3663 3509 In
3744 3494 3760 3510 .

2726 3453 2925 3521 μᾶλλον
2952 3453 3079 3507 δὲ...
3129 3454 3353 3507 ἐκείνων
3377 3455 3578 3509 desunt
3606 3455 3663 3509 in

1900 3730 2144 3783 ΟΜΙΛΙΑ
2185 3731 2311 3784 NA'.

316 3843 460 3897 Τότε
491 3839 925 3908 προσέρχονται
944 3836 1023 3903 τῷ
1055 3837 1260 3905 Ἰησοῦ
1281 3838 1335 3889 οἱ
1362 3836 1486 3878 ⁸¹-⁸³
1515 3835 1634 3908 dm)
1663 3836 1997 3908 Ἰεροσολύ-

378 3906 920 3979 μωνίγραμματεῖς
964 3908 1115 3979 [520]
1152 3909 1251 3961 καί
1294 3906 1636 3975 Φαρισαῖοι,
1662 3906 1951 3976 λέγοντες
1976 3921 1991 3935 ο

389 3998 409 4031 ι
449 3981 613 4033 Διατί
647 3984 699 4033 οἱ
732 3980 994 4049 μαθηταί
1028 3993 1171 4042 σου,
1198 3997 1216 4030 ι
1244 3995 1301 4031 κ.
1326 3995 1377 4031 τ.
1409 3979 1456 4030 ἐ.

383 4103 455 4159 α’.
480 4101 637 4155 Τότεο
676 4101 840 4167 πότε;
871 4102 1001 4155 Ὅτε
1031 4101 1100 4153 τά
1133 4101 1303 4171 μυρία
1332 4101 1533 4169 σημεῖα
1566 4099 1878 4169 εἰργάσατο,
1904 4098 1993 4151 ὅτε

311 4189 441 4252 τοὺς
473 4187 787 4260 ἀρρώστους
815 4187 1182 4258 ἐθεράπευσεν
1209 4189 1275 4239 ἐκ
1301 4186 1401 4254 τῆς
1428 4186 1572 4254 ἀφῆς
1608 4184 1702 4237 τοῦ
1743 4185 1992 4255 κρασπέ-

312 4278 429 4329 δου.
461 4276 558 4328 Διά
601 4276 711 4345 7&9
752 4272 912 4327 τοῦτο
957 4274 1054 4326 καὶ
1084 4273 1114 4324 6
1140 4272 1532 4340 εύαγγελιστὴς
1569 4271 1991 4340 ἐπισημαίνεται

311 4362 405 4414 16v
434 4361 645 4432 καιρὸν,
678 4361 765 4412 ἵνα
800 4359 1098 4429 ἐνδείξηται
1131 4356 1232 4427 τὴν
1260 4357 1465 4425 ἄφατον
1512 4355 1691 4409 αὐτῶν
1724 4356 1991 4426 πονηρίαν

310 4449 488 4503 οὐδενὶ
532 4447 803 4502 εἴκουσαν.
836 4446 901 4498 Τί
944 4445 1000 4499 δέ
1049 4448 1219 4507 ἐστιν,
1263 4446 1329 4497 Ol
1372 4443 1492 4498 ἀπὸ
1558 4443 1992 4510 Ἰεροσολύμων

312 4531 671 4602 γραμματεῖς
697 4532 795 4587 καί
829 4530 1136 4597 φαρισαῖοι
1154 4547 1172 4595 ;
1194 4526 1474 4599 ιΙανταχοῦ
1506 4527 1611 4580 τῶν
1642 4526 1824 4597 φυλῶν
1848 4522 1989 4596 ἦσαν

310 4621 718 4693 διεσπαρμένοι,
764 4619 859 4673 καὶ
892 4621 971 4683 εἰς
999 4618 1210 4672 δώδεκα
1236 4616 1552 4691 διῃρημένοι
1584 4615 1723 4686 μέρη
1744 4632 1757 4645 ο
1787 4615 1900 4668 ἀλλ’
1938 4616 1988 4668 οἰ

311 4708 409 4779 τήν
442 4708 775 4779 μητρόπολιν
820 4706 1036 4777 ἔχοντες
1080 4704 1438 4776 πονηρότεροι
1464 4702 1573 4755 τῶν
1619 4702 1793 4755 ἄλλων
1823 4696 1983 4772 ἦσαν,

313 4797 408 4849 ἅτε
438 4795 533 4849 καὶ
568 4794 811 4858 πλείονος
838 4792 1203 4855 ἀπολαύοντες
1231 4790 1417 4862 τιμῆς,
1450 4788 1543 4843 καὶ
1590 4788 1757 4841 πολὺν
1791 4804 1987 4858 κεκτη-

314 4881 466 4952 μένοι
494 4882 587 4935 τὸν
607 4882 796 4952 τῦφον.
822 4880 933 4934 Θέα
956 4880 1012 4934 δέ
1038 4896 1127 4950 μοι
1157 4878 1274 4940 πῶς
1300 4877 1395 4929 καὶ
1417 4875 1525 4929 ἀπὸ
1540 4875 1637 4945 τῆς
1664 4874 1984 4944 ἐρωτήσεως

309 4969 482 5038 αὐτῆς
530 4968 865 5021 ἁλίσκονται.
897 4966 1032 5020 υύδέ
1075 4966 1185 5037 7&9
1223 4964 1459 5032 λέγουσι,
1514 4961 1668 5015 Διατί
1706 4960 1973 5031 παραϐαί-

319 5071 475 5109 νουσι
503 5055 594 5107 τὸν
622 5056 785 5124 νόμον
807 5054 1085 5115 Μωῦσέως
1109 5071 1123 5118 ;
1149 5051 1307 5114 ἀλλά,
1346 5049 1465 5117 Τὴν
1496 5048 1834 5117 παράδοσιν
1864 5045 1983 5100 τῶν

308 5142 750 5211 πρεσϐυτέρων.
788 5139 951 5192 Ὅθεν
988 5139 1165 5209 δῆλον,
1195 5140 1277 5191 ὅτι
1305 5135 1476 5190 πολλά
1509 5136 1893 5206 ἐκαινοτόμουν
1925 5134 1975 5187 οἱ

312 5233 497 5304 ἱερεῖς,
526 5230 699 5284 καίτοι
721 5229 995 5292 Μωῦσέως
1013 5228 1148 5298 μετά
1174 5224 1370 5279 πολλοῦ
1399 5224 1493 5279 τοῦ
1520 5227 1686 5297 φόϐου
1714 5225 1807 5278 καὶ
1838 5223 1977 5294 μετά

310 5319 509 5390 πολλῆς
525 5320 625 5389 τῆς
650 5317 878 5389 ἀπειλῆς
898 5315 1303 5385 ἐπισκήψαντος
1315 5311 1457 5365 ὥστε
1477 5312 1614 5383 μήτε
1638 5310 1973 5381 προσθεῖναι,

310 5408 452 5477 μήτε
484 5408 722 5475 ἀφελεῖν.
782 5407 865 5459 οὐ
911 5401 1294 5472 προσθήσετε
1339 5400 1469 5472 7&9,
1520 5399 1673 5469 φησι,
1714 5396 1865 5467 πρὸς
1907 5396 1974 5449 τὸ

304 5494 486 5565 ῥῆμα,
517 5496 548 5550 ὃ
578 5494 691 5566 ἐγὼ
713 5494 1066 5563 ἐντέλλομαι
1086 5491 1229 5561 ὑμῖν
1257 5489 1544 5559 σήμερον,
1585 5488 1683 5543 καὶ
1730 5490 1843 5542 οὐκ
1867 5488 1979 5555 ἁφ-

307 5583 497 5637 ελεῖτε
522 5583 622 5638 ἀπ’
650 5582 859 5638 αὑτοῦ.
904 5580 1042 5636 Ἀλλ’
1071 5580 1225 5633 οὐδὲν
1253 5574 1415 5652 ἦττον
1443 5576 1845 5646 ἐκαινοτόμουν·
1868 5570 1979 5627 οἷον

2094 3821 2160 3891 δή
2200 3821 2290 3875 καὶ
2341 3820 2499 3874 τοῦτο
2535 3818 2624 3894 ῆν,
2653 3822 2715 3875 16
2748 3822 2823 3894 μὴ
2870 3823 2980 3876 δεῖν
3028 3822 3273 3886 ἀνίπτοις
3310 3822 3498 3893 χερσὶν
3532 3823 3757 3889 ἐσθίειν,

2094 3908 2155 3961 16
2192 3911 2426 3981 ποτήρια
2465 3911 2511 3942 ⁸⁸
2545 3910 2826 3981 βαπτίζειν
2876 3911 2970 3964 καὶ
3010 3910 3257 3981 χαλκεῖα,
3304 3911 3364 3963 16
3420 3912 3513 3964 καὶ
3564 3913 3763 3977 αὐτοὺς

2094 3997 2471 4066 βαπτίζεσθαι.
2511 3999 2639 4051 Ὅτε
2678 3998 2786 4068 7&9
2819 3998 2925 4051 ἔδει
2951 3997 3134 4051 λοιπὸν
3156 3997 3353 4060 αὐτοὺς
3378 3998 3760 4069 ἀπαλλαγῆναι

2091 4082 2202 4136 τῶν
2222 4086 2677 4156 παρατηρήσεων,
2705 4086 2800 4138 τοῦ
2820 4087 3009 4156 χρόνου
3034 4084 3406 4156 προελθόντος,
3419 4086 3541 4140 τότε
3563 4086 3761 4149 αὐτοὺς

2096 4170 2297 4241 μᾶλλον
2336 4172 2578 4224 πλείοσιν
2608 4173 2805 4242 ἔδησαν
2842 4175 2961 4236 ταῖς
2991 4175 3425 4243 παρατηρήσεσι,
3461 4172 3761 4235 δεδοικότες

2098 4258 2172 4327 μή
2204 4275 2286 4320 τις
2313 4258 2490 4310 αὐτῶν
2527 4259 2790 4328 ἀφέληται
2832 4260 2932 4332 τὴν
2969 4260 3166 4331 ἀρχὴν,
3196 4261 3290 4313 καὶ
3320 4260 3366 4291 ⁸⁸
3390 4259 3759 4330 φοϐερώτεροι

2094 4340 2232 4397 εἶναι
2265 4344 2600 4413 βουλόμενοι,
2633 4346 2710 4410 ὡς
2747 4345 2810 4418 δὴ
2860 4348 2954 4399 καλ⁵
2982 4348 3136 4400 αὐτοὶ
3176 4347 3482 4418 νομοθέται.
3514 4348 3611 4410 Εἰς
3637 4365 3760 4401 τοσ-

2091 4430 2247 4483 οῦτον
2280 4428 2371 4484 οὖν
2402 4432 2637 4501 προῆλθε
2690 4435 3031 4505 παρανομίας
3060 4435 3121 4487 τὸ
3148 4436 3399 4505 πρᾶγμα,
3420 4434 3496 4497 ῶς
3523 4434 3621 4498 τὰς
3657 4435 3758 4504 μὲν

2094 4518 2275 4571 αὐτῶν
2309 4518 2674 4587 φυλάττεσθαι
2706 4521 2945 4585 ἐντολὰς,
2978 4521 3077 4585 τὰς
3098 4522 3154 4575 δὲ
3192 4521 3285 4575 τοῦ
3315 4520 3451 4575 Θεοῦ
3478 4521 3755 4592 παραϐαί-

2090 4606 2312 4660 νεσθαι·
2356 4609 2452 4661 καὶ
2490 4608 2743 4660 τοσοῦτον
2787 4609 3082 4677 ἐκράτουν,
3128 4608 3268 4661 ὥστε
3318 4608 3652 4678 κατηγορίαν
3706 4607 3758 4641 ⁸⁸

2087 4693 2274 4748 λοιπὸν
2313 4693 2376 4747 16
2425 4697 2657 4767 πρᾶγμα
2702 4692 2861 4749 εἶναι.
2906 4697 3084 4767 Ὅπερ
3137 4693 3359 4749 διπλοῦν
3404 4695 3523 4748 κατ’
3571 4694 3756 4752 αὐτῶν

2087 4782 2340 4852 ἔγκλημα
2370 4780 2457 4855 ῆν,
2494 4783 2572 4834 ὅτι
2601 4799 2658 4834 τε
2692 4784 3093 4853 ἐκαινοτόμουν,
3124 4784 3218 4836 καὶ⁸
3254 4784 3337 4837 δτι
3372 4782 3545 4844 οὕτως
3582 4782 3754 4849 ἐξεδί-

2086 4889 2216 4925 κουν
2240 4872 2307 4925 τά
2337 4872 2567 4934 ἑαυτῶν,
2588 4871 2682 4924 τοῦ
2716 4870 2851 4924 Θεοῦ
2873 4871 3063 4924 οὐδένα
3083 4871 3397 4943 ποιούμενοι
3422 4871 3599 4939 λόγον.
3640 4869 3755 4923 Καὶ

2085 4958 2311 5028 ἀφέντες
2351 4959 2419 5011 τὰ
2452 4958 2587 5012 ἀλλα
2619 4959 2814 5020 εἰπεῖν,
2855 4958 2981 5020 τοὺς
3029 4956 3219 5021 ξέστας
3275 4959 3371 5011 καὶ
3414 4958 3485 5010 τά
3524 4956 3753 5028 χαλκεῖα

2086 5045 2491 5115 (καταγέλαστα
2514 5044 2621 5114 γὰρ
2651 5042 2763 5114 ἦν),
2796 5044 2945 5097 ὃτῶν
2975 5044 3147 5098 ἀλλων
3172 5045 3371 5115 μᾶλλον
3397 5044 3567 5097 ἐδόκει
3592 5044 3754 5112 λόγον

2084 5130 2252 5202 ἔχειν,
2286 5131 2447 5183 τοῦτο
2483 5133 2562 5194 εἰς
2594 5131 2757 5201 μέσον
2791 5131 3177 5201 προφέρουσιν,
3210 5130 3403 5195 οὕτως,
3439 5131 3516 5194 ὡς
3557 5129 3753 5199 ἔμοιγε

2080 5220 2248 5281 δοκεῖ,
2280 5221 2359 5282 εἰς
2386 5219 2554 5291 ὀργῆν
2584 5220 2745 5272 αὑτὸν
2770 5219 2985 5285 ἐξάγειν
3020 5218 3352 5288 βουλόμενοι.
3396 5218 3488 5271 Διὸ
3518 5218 3613 5272 καὶ
3640 5218 3755 5269 τῶν

2083 5306 2470 5378 πρεσϐυτέρων
2518 5307 2919 5377 ἐμνημόνευον,
2956 5307 3042 5359 ἵνα
3086 5306 3162 5369 ὼς
3209 5304 3499 5372 ἐξουδενῶν
3550 5304 3755 5365 αὐτοὺς

2082 5394 2337 5467 παράσχῃ
2374 5392 2495 5448 καθ’
2528 5393 2721 5448 ἑαυτοῦ
2759 5393 2949 5465 λαϐήν.
2983 5392 3165 5457 Ἄξιον
3200 5393 3258 5446 δέ
3304 5392 3522 5463 πρῶτον
3556 5390 3753 5456 ἐξετά-

2086 5500 2197 5549 σαι,
2229 5482 2371 5538 διατί
2394 5484 2487 5537 καὶ
2516 5486 2564 5536 οί
2595 5483 2835 5552 μαθηται
2855 5482 3041 5552 χερσὶν
3069 5481 3315 5544 ἀνίπτοις
3355 5480 3563 5550 ἢσθιον.
3592 5478 3754 5542 Τίνος

2084 5566 2178 5624 οῦν
2218 5571 2262 5603 ⁸⁷
2296 5572 2481 5626 ἕνεκεν
2512 5570 2683 5635 οὕτως
2708 5571 2931 5641 ήσθιον;
2976 5570 3089 5624 Ούκ
3119 5569 3527 5640 ἐπιτηδεύοντες
3566 5566 3753 5631 τοῦτο,

380 5705 501 5747 δι-δι
532 5707 582 5759 ot
608 5722 716 5761 om.
752 5706 816 5763 Κ.
846 5707 905 5761 L.
978 5707 1027 5741 ⁸⁸
1052 5705 1309 5775 ποτήριον
1327 5704 1389 5759 G-
1418 5703 1483 5758 Η-
1515 5700 1578 5775 Κτ
1602 5702 1698 5772 EP-
1772 5702 1816 5735 "
1842 5700 1979 5775 καῙῙ.

2091 5698 2179 5775 *ὡς
2212 5699 2278 5775 _|l.
2302 5698 2369 5752 Μ.
2440 5699 2484 5729 ⁸⁸
2500 5698 2764 5775 ὥστεκαὶ
2785 5715 2904 5775 κατ.
2928 5697 2989 5750 ll.
3014 5697 3089 5775 ᾡς
3106 5698 3199 5749 καὶ
3224 5714 3346 5751 κατ.
3462 5692 3754 5775 νυῐειιῑρῐῐι

307 5774 450 5828 ὥστε
480 5794 516 5845 μ

583 5760 711 5830 κατ.
732 5760 877 5831 εδΙιις
894 5760 1055 5831 habet
1080 5776 1142 5829 ϐ.
1164 5760 1293 5827 ἁὶίιιο
1327 5785 1380 5827 ιιι
1404 5775 1524 5841 jam
1548 5760 1674 5841 jure
1695 5760 2101 5841 reprchenHendi
2134 5760 2463 5841 viderentur!
2486 5770 2575 5835 qui
2604 5769 2990 5841 pbservaliones
3015 5770 3269 5841 ipsqrugy
3290 5760 3615 5841 negligebanz
3642 5760 3752 5818 Ge.

307 5776 450 5828 ὥστε
480 5776 570 5903 μἿῐ1
583 5794 703 5830 κατ.
732 5778 877 5831 solus
894 5776 1055 5831 habet
1080 5776 1142 5829 ϐ.
1164 5776 1293 5827 adeo
1327 5785 1380 5827 ιιι
1404 5776 1524 5841 jam
1548 5776 1674 5841 jure
1695 5776 1981 5838 reprchend

304 5846 511 5903 Similia
575 5848 699 5902 abet
723 5848 870 5901 Arna.
941 5848 981 5879 ⁸⁸⁷
1014 5843 1104 5900 οὖν
1143 5843 1349 5899 0111.51.
1386 5842 1693 5901 Clausulam
1733 5842 1957 5906 Τίνος...

2089 5776 2101 5824 ἱ
2134 5776 2455 5831 viderentur,
2486 5776 2575 5835 qui
2604 5776 2990 5821 observationes
3015 5776 3247 5836 ipsorum
3290 5776 3552 5836 negligeoa

2089 5858 2198 5910 10v;
2236 5855 2344 5894 non
2382 5840 2581 5894 habent
2608 5839 2664 5892 L.
2706 5838 2857 5893 Arm.
2901 5852 3076 5911 neque
3107 5837 3160 5891 in
3194 5837 3330 5892 Edd.
3358 5846 3553 5891 exstat.
