4028 6152
285 395 386 437 nou
408 374 555 448 quod
579 370 893 446 prohibeam
917 384 985 425 se
1010 365 1132 424 talia
1154 381 1372 421 nionem
1396 371 1741 434 apparentur,
1764 360 1860 418 sed

286 468 573 543 postulans,
614 476 673 520 ut
700 479 825 520 cum
851 462 934 517 his
960 467 1168 544 etanta
1204 457 1320 515 hac
1353 456 1692 523 eleemosyna
1736 468 1862 510 ero-

284 572 448 634 getur.
480 558 611 615 Nam
633 557 752 612 haec
776 554 990 627 quidem
1012 551 1224 621 accipit,
1248 550 1343 605 sed
1365 547 1531 604 multo
1555 546 1723 617 magis
1747 546 1862 601 illa.

284 652 337 707 ln
364 650 448 705 his
475 649 619 706 enim
660 646 709 703 is
750 645 843 716 qui
880 642 1037 699 on‘ert
1068 642 1216 697 solus
1257 639 1539 695 utilitatem
1573 637 1762 702 habet,
1793 635 1863 691 ibi

284 755 407 796 vero
450 739 613 795 etiam
659 737 707 793 is
743 736 834 808 qui
871 733 1084 803 accipit.
1134 732 1230 787 llic
1273 729 1485 787 videtur
1510 729 1707 784 donum
1746 742 1866 783 esse

287 829 657 889 ostentationis
694 829 942 891 occasio;
974 825 1044 879 ibi
1082 827 1425 895 eleemosyna
1466 829 1522 876 et
1562 819 1866 890 benignitas

285 932 483 979 tantum
530 929 634 975 est.
678 916 809 986 Quae
848 915 990 970 enim
1020 912 1223 969 utilitas
1251 912 1297 967 si
1342 926 1525 967 mensa
1555 911 1750 966 Christi
1793 914 1866 964 sit

284 1014 457 1068 aureis
479 1009 688 1081 poculis
715 1017 930 1070 onusta,
962 1005 1078 1076 ipse
1106 1018 1234 1059 vero
1271 1003 1410 1058 fatue
1440 1003 1660 1072 pereat“!
1688 1001 1869 1055 Primo

285 1102 606 1160 esurientem
633 1098 814 1169 imple,
841 1106 898 1153 et
917 1108 1041 1151 tunc
1063 1110 1133 1150 ex
1155 1092 1605 1164 super-abundanti
1627 1106 1866 1148 mensam

284 1193 396 1264 ejus
417 1206 644 1261 exorna.
681 1191 918 1246 Aureum
945 1187 1165 1243 calicem
1195 1184 1348 1252 facis,
1378 1191 1438 1240 et
1463 1184 1682 1239 calicem
1718 1198 1869 1254 aquae

288 1299 389 1341 non
433 1281 571 1339 das?
603 1281 675 1337 Et
709 1279 838 1351 quid
880 1292 1017 1351 opus
1058 1286 1143 1333 est
1181 1292 1315 1332 auro
1361 1278 1559 1332 intexta
1605 1275 1867 1330 velamina

287 1389 484 1432 melisa:
507 1385 788 1443 apparare,
835 1370 933 1441 ipsi
976 1384 1106 1426 vero
1146 1383 1216 1423 ne
1255 1367 1469 1438 quidem
1508 1366 1866 1422 necessarium

290 1474 647 1538 tegumentum
673 1462 944 1536 praebere?
961 1461 1086 1533 quid
1108 1460 1230 1516 inde
1250 1461 1380 1516 lucri
1397 1460 1423 1513 ἳ
1444 1459 1575 1515 Nam
1596 1458 1682 1515 dic
1702 1459 1866 1515 mihi:

288 1557 330 1612 si
353 1569 513 1625 quem
541 1554 749 1610 videres
774 1552 1079 1608 necessario
1100 1559 1347 1622 egentem
1374 1550 1519 1615 cibo,
1554 1558 1613 1605 et
1648 1551 1765 1620 ipso
1790 1550 1869 1605 sic

290 1645 494 1711 relicto,
539 1658 780 1699 mensam
824 1657 958 1698 auro
995 1641 1359 1698 circumdares
1398 1650 1625 1707 tantum,
1662 1656 1732 1694 an
1773 1640 1867 1696 tibi

289 1737 483 1807 gratias
495 1734 740 1802 haberet,
759 1749 936 1791 annon
953 1734 1129 1806 potius
1145 1733 1508 1805 indignaretur
1521 1734 1546 1788 ?
1558 1733 1694 1802 Quid
1718 1749 1865 1801 vero,

289 1829 333 1883 si
359 1827 508 1882 illum
538 1827 749 1882 videres
766 1823 977 1882 detritis
1002 1825 1189 1896 pannis
1216 1825 1456 1881 indutum
1484 1836 1540 1881 et
1564 1824 1758 1896 frigore
1790 1825 1868 1881 ri-

291 1927 520 1989 gentem,
552 1927 608 1973 et
633 1917 812 1974 missis
837 1916 1093 1981 vestibus,
1124 1930 1313 1971 aureas
1343 1916 1441 1986 ipsi
1470 1917 1746 1971 columnas
1763 1915 1871 1970 eri-

290 2024 461 2081 geres,
489 2007 676 2064 dicens
702 2008 757 2063 id
784 2017 836 2064 te
857 2008 909 2062 iu
936 2008 1053 2079 ejus
1072 2007 1331 2063 honorem
1357 2005 1571 2062 facere?
1599 2009 1788 2062 Annon
1809 2023 1870 2063 se

290 2101 518 2159 derideri
564 2110 796 2174 putaret,
843 2110 1004 2169 atque
1046 2108 1287 2157 extrema
1324 2099 1645 2155 contumelia
1689 2098 1870 2155 afﬁci?

292 2195 397 2250 lloc
419 2195 584 2249 etiam
609 2194 752 2249 circa
776 2192 1052 2248 Christum
1081 2200 1292 2261 reputa,
1316 2206 1439 2247 eum
1465 2189 1800 2247 errabundus
1816 2199 1872 2246 et

290 2286 595 2356 peregrinus
620 2285 885 2357 circumit,
913 2291 1057 2339 tecto
1090 2281 1362 2353 indigens;
1395 2289 1449 2336 tu
1492 2291 1668 2337 autem
1697 2281 1787 2337 illo
1815 2282 1869 2336 in

291 2375 548 2447 hospitem
586 2392 693 2431 non
734 2375 990 2442 admisso,
1024 2374 1383 2445 pavimentum
1423 2387 1654 2429 exornas
1679 2382 1733 2429 et
1773 2388 1870 2444 pa-

290 2468 441 2523 rietes
465 2466 947 2538 columnarumque
973 2464 1238 2536 capitella,
1267 2473 1324 2520 et
1345 2474 1629 2535 argenteas
1652 2474 1871 2520 catenas

290 2558 616 2630 lampadibus
639 2560 843 2631 alligas,
874 2559 1049 2629 ipsum
1079 2571 1206 2612 vero
1235 2556 1289 2611 in
1317 2570 1535 2611 carcere
1564 2555 1781 2627 ligatum
1804 2572 1873 2613 ne

292 2653 462 2709 videre
494 2652 714 2722 quidem
756 2645 1011 2708 sustines.
1052 2650 1175 2705 Haec
1210 2664 1371 2719 porro
1400 2649 1522 2705 dico
1547 2664 1655 2704 non
1686 2649 1871 2718 probi-

294 2741 421 2799 bcns
461 2753 527 2799 ut
568 2742 688 2799 haec
729 2750 1044 2799 ornamenta
1085 2740 1472 2805 adhibeantur;
1520 2739 1616 2795 sed
1658 2752 1716 2795 ut
1757 2739 1873 2798 haec

294 2835 445 2892 etiam
470 2851 597 2892 cum
633 2836 754 2891 aliis
795 2847 1087 2902 curentur;
1114 2835 1221 2890 imo
1261 2833 1449 2889 hortor
1482 2843 1539 2888 ut
1566 2833 1681 2889 haec
1723 2834 1873 2904 prius

293 2942 444 2999 quam
483 2929 591 2983 alia
631 2927 779 2982 (lauit.
809 2926 978 2982 Nemo
1003 2927 1169 2993 enim,
1200 2925 1342 2995 quod
1382 2924 1566 2981 islllch
1591 2941 1696 2980 non
1727 2926 1873 2981 face-

293 3025 388 3081 ret,
420 3027 704 3072 accusatus
746 3032 997 3088 umquam
1028 3016 1156 3083 fuit;
1204 3015 1292 3070 illa
1335 3030 1464 3070 vero
1488 3015 1874 3086 negligentibus

291 3107 521 3179 gehenna
553 3109 853 3180 destinatur
888 3118 944 3164 et
986 3110 1120 3180 ignis
1151 3108 1613 3179 inexstinguihilis,
1651 3119 1703 3165 et
1742 3124 1869 3180 sup-

294 3200 501 3272 plicium
532 3217 657 3257 cum
686 3202 1015 3257 dtemonibus
1034 3201 1422 3257 sustinendum.
1450 3200 1529 3258 Ne
1548 3203 1725 3273 itaque
1745 3203 1870 3258 dum

291 3293 497 3349 domum
526 3309 781 3360 exornas,
824 3293 1080 3349 amictum
1129 3292 1347 3349 fratrem
1380 3293 1645 3364 despicias
1689 3313 1704 3349 :
1748 3310 1870 3349 nam

293 3391 387 3445 hoc
413 3391 671 3461 templum
702 3390 794 3444 illo
822 3388 1124 3459 pretiosius.
1157 3389 1282 3444 llaec
1307 3389 1504 3460 quippe
1530 3389 1738 3443 cimolia
1770 3405 1871 3460 po-

293 3489 480 3548 terunt,
510 3481 597 3538 vel
623 3496 776 3553 reges
803 3481 1063 3546 infideles,
1096 3482 1181 3537 vel
1208 3482 1439 3555 tyranni,
1471 3482 1556 3538 vel
1589 3481 1733 3537 l'ures
1770 3497 1868 3536 au-

1338 248 1403 308 IN
1442 246 1849 307 hlAT'l'llIElJI
1875 246 2104 306 HOIIL.
2148 247 2233 306 LI.
2274 248 2346 305 al.
2388 247 2494 307 ιιι.

1974 360 2149 429 ferre;
2194 376 2544 432 quia-cumque
2593 374 2721 417 vero
2763 359 2993 432 benigne
3032 357 3086 414 iu
3125 357 3349 415 fratrem
3384 357 3553 417 lacius

1967 453 2313 515 esurientem,
2344 451 2707 523 peregrinum,
2734 450 2956 516 nudum,
2980 440 3048 506 ne
3065 449 3310 505 diabolus
3335 451 3550 521 quidem

1970 543 2165 614 poterit
2183 542 2415 607 auferre,
2441 543 2539 599 sed
2563 543 2617 598 in
2643 542 2897 599 thesauro
2915 541 3153 598 manebit
3170 542 3390 597 intacto.
3412 542 3550 611 Quid

1970 635 2129 705 igitur
2154 635 2230 689 ait
2269 634 2392 690 ille?
2418 634 2679 705 Pauperes
2704 634 2957 690 vobiscum
2985 649 3182 704 semper
3214 633 3426 702 habetis,
3472 651 3552 689 me

1968 734 2135 778 autem
2159 740 2356 796 semper
2378 741 2481 779 non
2507 726 2698 780 habetis
2728 725 2940 797 (Matth.
2968 724 3060 781 26.
3090 723 3204 800 11).
3247 725 3373 781 ideo
3407 727 3550 781 enim

1970 817 2201 872 maxime
2225 816 2592 872 misericordia
2619 818 2818 874 moveri
2843 826 3075 888 oportet,
3119 818 3241 889 quia
3271 833 3377 873 non
3405 832 3551 874 sem-

1970 923 2068 980 per
2090 908 2349 966 habemus
2372 908 2520 966 illum
2548 911 2893 975 esurientem,
2920 911 3015 968 sed
3049 912 3104 967 in
3142 913 3389 982 [lan
3430 923 3551 967 tan-

1973 1011 2084 1058 tum
2109 1001 2239 1058 vita.
2269 1001 2425 1070 Quod
2462 1003 2508 1058 si
2539 1004 2675 1059 velis
2715 1012 2881 1059 totam
2909 1004 3034 1059 dicti
3075 1003 3196 1075 ejus
3234 1003 3551 1062 sententiam

1972 1093 2236 1159 ediscere,
2281 1092 2425 1148 audi.
2459 1093 2574 1151 lloe
2609 1093 2675 1149 ad
2704 1094 2996 1165 discipulos
3031 1094 3233 1150 dictum
3278 1111 3382 1150 non
3428 1095 3551 1162 fuit,

1971 1186 2181 1242 etiamsi
2211 1186 2282 1241 ita
2321 1185 2566 1242 videatur
2588 1227 2604 1253 ,
2654 1185 2748 1242 sed
2783 1186 3134 1243 imbecillitati
3172 1187 3407 1243 mulieris
3449 1187 3550 1243 ad-

1972 1288 2211 1347 aptatum
2238 1286 2341 1333 est.
2381 1278 2513 1346 Quia
2539 1277 2681 1332 enim
2710 1277 2886 1333 adhuc
2913 1278 3273 1348 imperfectior
3300 1288 3437 1346 erat,
3476 1280 3552 1337 illi

1971 1383 2102 1425 vero
2128 1368 2225 1439 ipsi
2252 1368 2464 1425 molesti
2506 1379 2680 1436 erant,
2720 1378 2780 1424 ut
2810 1369 2953 1424 illam
2978 1371 3241 1426 solaretur
3267 1369 3384 1426 haec
3408 1370 3544 1427 diee-

1973 1461 2082 1518 bat.
2111 1460 2166 1517 id
2192 1476 2319 1517 vero
2345 1471 2488 1533 patet
2514 1477 2582 1517 ex
2615 1462 2680 1517 iis
2706 1477 2824 1531 qua:
2849 1460 2985 1517 dixit
3010 1480 3024 1516 :
3055 1461 3192 1530 Quid
3216 1462 3412 1517 molesti
3436 1463 3556 1519 estis

1971 1552 2088 1606 huic
2111 1551 2311 1607 mulieri
2341 1550 2500 1617 (Ibid.
2526 1568 2574 1605 ν.
2608 1552 2740 1623 l0)?
2762 1552 2913 1622 Quod
2942 1562 3118 1609 autem
3144 1553 3318 1623 ipsum
3342 1568 3558 1624 semper

1971 1642 2247 1699 nobiscum
2272 1642 2566 1699 habeamus
2590 1644 2669 1700 sic
2696 1645 2788 1700 ille
2812 1644 2950 1699 dixit
2981 1662 2995 1696 :
3025 1642 3159 1699 Ecce
3182 1660 3274 1716 ego
3301 1645 3555 1700 vobiscum

1971 1750 2084 1789 sum
2111 1734 2343 1789 cornibus
2367 1735 2541 1791 diebus
2580 1752 2735 1807 usque
2765 1736 2836 1791 ad
2866 1737 3342 1793 consummationem
3382 1736 3559 1792 seculi

1973 1824 2190 1896 (Hatllt.
2222 1825 2314 1882 28.
2353 1826 2472 1900 20).
2506 1826 2584 1883 Ex
2625 1827 2819 1899 quibus
2859 1829 3105 1884 omnibus
3148 1830 3334 1900 liquet,
3381 1831 3556 1900 ipsum

1971 1932 2081 1972 non
2108 1917 2214 1973 alia
2238 1917 2310 1974 de
2332 1933 2496 1974 causa
2520 1919 2639 1975 haec
2663 1918 2880 1984 dixisse,
2911 1920 3090 1975 nisiut
3109 1920 3350 1977 mulieris
3369 1920 3554 1986 iidem,

1972 2023 2093 2079 quae
2137 2018 2264 2064 tunc
2313 2009 2632 2078 pullulabat,
2681 2009 3066 2080 discipulorum
3106 2011 3404 2081 increpatio
3447 2024 3557 2067 non

1973 2102 2213 2159 laderet.
2254 2101 2335 2158 Ne
2363 2102 2525 2173 igitur
2553 2103 2670 2158 hare
2703 2106 2758 2158 in
2794 2101 3030 2159 medium
3069 2118 3212 2159 nunc
3246 2102 3555 2170 aﬂeramus,

1971 2210 2092 2267 quae
2107 2210 2203 2266 per
2228 2194 2582 2253 mconomiam
2608 2194 2751 2251 dicta
2778 2204 2922 2259 sunt.
2945 2195 3042 2251 sed
3064 2194 3208 2266 leges
3226 2210 3416 2251 omnes
3435 2210 3560 2266 qua

1973 2288 2030 2345 in
2054 2302 2213 2353 nova,
2247 2301 2367 2358 qua:
2391 2287 2444 2341 in
2471 2286 2637 2342 veteri
2668 2287 2785 2358 lege
2811 2296 2935 2341 sunt
2964 2287 3223 2358 legentes,
3250 2287 3471 2342 multaut
3491 2302 3555 2342 ea

1973 2381 2029 2437 in
2068 2396 2131 2438 re
2162 2396 2347 2437 curam
2375 2380 2766 2451 impendamus.
2795 2379 2907 2435 Hoc
2932 2380 3076 2437 enim
3104 2395 3134 2434 a
3166 2389 3386 2450 peccato
3425 2395 3556 2450 pur-

1972 2484 2063 2546 gat
2106 2490 2123 2529 :
2168 2490 2292 2531 nam
2318 2475 2415 2529 .ait
2454 2492 2467 2529 :
2507 2472 2640 2527 Date
2679 2474 3074 2543 elemosynam,
3124 2481 3173 2525 et
3214 2472 3387 2526 omnis
3423 2471 3562 2528 vobis

1973 2566 2165 2620 munda
2190 2575 2337 2620 erum
2369 2564 2519 2636 (Luc.
2549 2567 2638 2620 11.
2668 2564 2786 2636 41).
2828 2564 2952 2618 Ηιιιο
2976 2560 3238 2618 sacriﬁcio
3261 2562 3433 2632 major
3455 2571 3558 2628 est,

1976 2657 2383 2715 Risericordiam
2407 2658 2603 2729 quippe
2626 2660 2761 2721 volo,
2790 2666 2841 2711 et
2866 2672 2968 2711 non
2995 2656 3296 2725 sacriﬁcium
3318 2655 3476 2728 (Osee
3499 2655 3555 2711 6.

1976 2748 2057 2821 6).
2086 2750 2199 2804 Hoc
2222 2749 2384 2805 caelos
2423 2749 2591 2819 aperit
2625 2768 2638 2804 :
2671 2747 2958 2814 Gratiam,
3002 2747 3189 2818 inquit,
3233 2755 3335 2802 tua
3360 2755 3407 2802 et
3431 2746 3563 2802 elec-

1975 2855 2200 2913 mosymc
2223 2848 2323 2895 tua:
2346 2839 2675 2895 ascenderunt
2699 2841 2752 2893 in
2782 2840 3072 2894 memoriam
3096 2839 3150 2894 in
3173 2848 3442 2908 conspectu
3462 2838 3559 2893 Dei

1976 2932 2116 3004 (Act.
2144 2932 2230 2989 1ο.
2257 2933 2335 3003 4).
2362 2931 2474 2988 lloc
2499 2932 2667 3004 magis
2693 2932 3052 2989 necessarium
3091 2940 3173 2985 est
3208 2940 3368 3000 quam
3398 2931 3563 3000 virgi-

1976 3027 2150 3092 nitas;
2181 3041 2303 3080 nam
2332 3024 2675 3098 eleemosyna
2705 3026 2944 3097 neglecta
2966 3024 3069 3078 ilhc
3092 3022 3329 3093 expulsa:
3353 3039 3418 3077 ex
3446 3025 3562 3077 tha-

1977 3116 2118 3171 lamo
2142 3114 2393 3183 fuerunt;
2420 3116 2538 3171 aliae
2558 3131 2686 3172 vero
2707 3116 2959 3187 ingressa:
3001 3123 3144 3169 sunt.
3198 3115 3328 3181 Qua:
3378 3115 3559 3168 omnia

1976 3224 2097 3279 cum
2122 3207 2375 3274 sciamus,
2394 3208 2722 3264 semiuemus
2748 3207 2979 3279 largiter.
3013 3216 3070 3262 ut
3099 3222 3220 3262 cum
3252 3206 3436 3277 majori
3463 3221 3557 3262 co-

1976 3299 2060 3368 pia
2085 3306 2368 3363 metamus,
2400 3308 2454 3352 et
2494 3297 2667 3352 futura
2694 3312 3082 3367 consequamur
3108 3296 3240 3352 bona
3264 3337 3280 3363 ,
3309 3297 3479 3367 gratia
3504 3308 3561 3352 et

1978 3389 2300 3461 benignitate
2325 3390 2535 3446 Domini
2563 3392 2728 3446 nostri
2770 3389 2898 3447 Jesu
2932 3389 3154 3458 Christi,
3193 3391 3279 3445 cui
3305 3390 3474 3460 gloria
3502 3389 3557 3444 in

1973 3482 2191 3538 stecula.
2215 3482 2411 3537 Amen.

1750 3632 2217 3646 *ρῇ-

1440 3755 1781 3818 HOMILIA
1828 3753 1932 3817 LI.
1977 3756 2066 3819 al.
2122 3756 2258 3819 LII.

290 3927 408 3986 Car.
441 3930 531 3986 15.
560 3946 620 3984 v.
650 3929 702 3983 1.
742 3927 882 3983 Tunc
909 3937 1222 3982 accesserunt
1254 3924 1323 3979 ad
1348 3924 1524 3979 Iesum
1549 3939 1582 3977 α
1604 3921 1870 3992 Jerosoly-

459 4025 554 4078 mis
575 4024 759 4076 scriba:
782 4030 827 4075 et
849 4019 1097 4075 Plian'swi
1117 4020 1355 4083 dicentes,
1390 4018 1579 4083 Quare,
1601 4025 1707 4071 etc.

355 4114 405 4168 1.
442 4114 595 4169 Tum:
626 4110 1036 4183 :quandouam?
1059 4108 1191 4164 Cum
1219 4109 1365 4164 mille
1385 4108 1533 4179 signa
1559 4105 1715 4169 fecit;
1747 4118 1867 4159 cum

290 4202 521 4258 inﬁrmos
548 4219 621 4258 ex
649 4211 791 4257 tactu
814 4199 1038 4255 limbrite
1063 4199 1288 4254 curavit.
1323 4197 1444 4253 Ideo
1470 4197 1612 4252 enim
1642 4210 1874 4266 evange-

290 4294 399 4349 lista
427 4304 643 4365 tempus
671 4293 889 4359 indicat,
918 4304 975 4347 ut
1005 4277 1240 4361 ipsorum
1287 4290 1551 4361 ingentem
1580 4288 1868 4359 nequitiam

289 4386 523 4441 ostendat
552 4385 686 4440 nulli
717 4384 1015 4439 cedentem.
1046 4381 1184 4450 Quid
1225 4382 1323 4436 sibi
1350 4380 1463 4435 vult
1491 4378 1646 4445 illud,
1679 4378 1752 4432 Ab
1777 4376 1865 4431 Je-

288 4478 549 4549 rasolymis
590 4476 774 4531 scriba
802 4484 849 4529 et
880 4472 1172 4529 Pharisaei?
1209 4474 1341 4541 Quia
1383 4473 1434 4527 in
1478 4471 1727 4537 omnibus
1770 4470 1869 4524 tri-

287 4566 449 4625 bubus
476 4568 710 4639 tIiSpersi
744 4576 918 4629 erant,
954 4577 1008 4621 et
1036 4566 1087 4620 in
1128 4565 1406 4620 duodecim
1447 4574 1624 4635 partes
1653 4562 1806 4618 divisi
1849 4576 1867 4615 :

285 4660 373 4714 sed
410 4657 849 4732 Jerosolymitani
890 4657 1101 4712 caneris
1141 4655 1423 4727 nequiores
1466 4663 1639 4717 erant,
1680 4662 1739 4708 ut
1776 4652 1867 4722 qui

285 4751 463 4819 majori
496 4751 811 4807 fruerentur
834 4749 1055 4808 honore.
1085 4758 1141 4803 et
1173 4747 1460 4819 plurimum
1502 4746 1604 4800 sibi
1643 4760 1865 4816 arroga-

284 4854 412 4897 rent.
438 4841 725 4914 Perpende
748 4854 923 4896 autem
953 4841 1223 4911 quomodo
1250 4855 1314 4895 ex
1343 4840 1454 4909 ipsa
1500 4855 1593 4894 sua
1635 4839 1867 4895 interro-

284 4935 490 5001 gatione
517 4936 826 5002 capiantur.
856 4931 1038 5002 Neque
1064 4933 1207 4985 enim
1234 4931 1435 4994 dicunt,
1461 4928 1568 4985 Cur
1596 4942 1865 5001 transgre-

281 5021 490 5078 diuntur
533 5024 712 5093 legem
742 5021 983 5093 hloysis?
1024 5021 1141 5087 sed,
1189 5019 1531 5075 Traditianem
1570 5019 1868 5075 seniorum!

280 5112 426 5170 [inde
456 5116 639 5186 palam
667 5124 771 5180 est,
801 5116 966 5169 multa
989 5113 1298 5169 sacerdotes
1319 5113 1622 5176 innovasse,
1654 5114 1863 5168 etiamsi

280 5204 479 5280 Iloyses
517 5221 719 5276 magno
741 5215 964 5271 terrore,
997 5205 1284 5274 multisque
1310 5204 1467 5258 minis
1498 5204 1749 5259 adhibitis
1774 5221 1867 5260 ve-

286 5302 463 5354 tuisset
487 5314 561 5353 ne
587 5297 722 5368 quid
748 5297 1025 5363 adderent,
1061 5298 1142 5351 vel
1179 5296 1474 5352 demerent.
1507 5294 1628 5350 Non
1651 5296 1865 5366 adjicie-

279 5392 337 5445 tis
359 5393 425 5446 ad
452 5390 688 5455 uerbum,
715 5388 850 5459 quod
874 5404 964 5459 ego
995 5389 1233 5458 principio
1258 5387 1394 5442 vobis
1429 5387 1599 5455 hodie,
1643 5405 1732 5442 nec
1766 5404 1864 5441 att-

279 5482 436 5550 {emis
460 5483 525 5536 ab
549 5499 612 5537 eo
645 5477 826 5552 (Deut.
847 5481 901 5536 ι.
926 5479 1009 5551 2).
1038 5477 1315 5550 Nihiloque
1341 5479 1517 5535 minus
1542 5496 1675 5534 nova
1706 5480 1862 5535 indu-

281 5571 494 5638 eebant;
529 5583 592 5629 ut
622 5572 729 5628 hoc
755 5580 891 5638 erat,
933 5588 1001 5626 ne
1031 5570 1191 5625 illotis
1221 5572 1466 5625 manibus
1494 5571 1859 5638 comederent,

281 5671 332 5716 ut
355 5667 540 5728 pocula
563 5672 625 5719 ot
641 5677 770 5718 vasa
791 5676 939 5719 :cnca
963 5661 1262 5731 abluerent,
1291 5673 1348 5717 ut
1373 5677 1490 5719 sese
1512 5663 1859 5734 baptizarent.

1977 3922 2095 3990 Quo
2137 3933 2376 3992 tempore
2418 3933 2598 3979 autem
2645 3923 2928 3995 oportebat
2974 3924 3097 3979 illos
3139 3924 3206 3978 ab
3251 3923 3558 3999 huiusmodi

1975 4015 2436 4072 observationibus
2463 4031 2586 4073 sese
2612 4015 2886 4087 expedire,
2917 4026 3043 4072 tunc
3071 4032 3130 4072 se
3156 4017 3231 4071 illi
3262 4019 3431 4086 magis
3460 4019 3554 4072 iis-

1975 4118 2096 4164 ucm
2121 4109 2442 4179 obligarunt,
2475 4117 2774 4164 metuentes
2816 4124 2884 4163 ne
2915 4109 3036 4178 quis
3072 4108 3172 4164 sibi
3205 4108 3558 4178 principattun

1974 4202 2275 4271 abriperet;
2305 4211 2359 4256 et
2384 4200 2832 4256 formidabiliores
2862 4200 3045 4255 haberi
3074 4201 3346 4267 volebant,
3374 4211 3559 4271 utpote

1974 4292 2325 4363 lcgislatores.
2356 4292 2411 4346 In
2439 4299 2637 4346 tantam
2658 4306 2787 4362 ergo
2806 4291 3137 4361 iniquitatem
3165 4308 3253 4349 res
3272 4293 3555 4362 processit,

1974 4394 2032 4439 ut
2059 4393 2325 4456 praecepta
2349 4383 2565 4455 quidem
2592 4398 2688 4439 sua
2715 4392 3078 4449 servarentur,
3114 4384 3207 4441 Dei
3250 4401 3378 4440 vero
3406 4400 3558 4440 man-

1971 4475 2098 4532 data
2128 4478 2506 4535 oviolarentur:
2566 4489 2619 4535 et
2654 4488 2864 4534 tantum
2904 4479 2977 4532 illi
3029 4476 3454 4547 praevaluerant,
3488 4483 3550 4529 ut

1969 4567 2084 4638 jam
2135 4570 2342 4625 crimen
2388 4582 2537 4626 esset
2592 4585 2783 4625 eorum
2839 4578 3108 4640 praecepta
3154 4568 3392 4629 violare;
3437 4579 3548 4634 qua

1977 4659 2035 4716 iu
2067 4675 2128 4717 re
2178 4661 2376 4731 duplex
2428 4663 2589 4731 culpa
2640 4670 2778 4724 erat,
2811 4670 2866 4714 et
2908 4660 3055 4728 quod
3086 4660 3445 4720 innovareut,
3494 4662 3553 4709 et

1970 4749 2113 4820 quod
2141 4750 2218 4803 sic
2243 4764 2336 4802 sua
2364 4748 2714 4819 vnnlicarent,
2744 4747 2836 4801 Dei
2869 4745 3067 4800 nullam
3096 4745 3356 4800 habentes
3381 4744 3549 4799 ratio—

1972 4857 2114 4897 nem.
2146 4839 2525 4895 Praetermissis
2549 4853 2676 4893 vero
2703 4837 2842 4904 aliis,
2883 4837 3128 4892 sextariis
3159 4851 3347 4905 nempe
3371 4848 3424 4891 et
3453 4851 3550 4890 va-

1969 4931 2043 4986 sis
2064 4932 2251 4995 :eneis,
2276 4945 2394 4999 qua;
2425 4927 2644 4983 ridicula
2677 4935 2849 4991 erant,
2878 4925 3018 4997 quod
3052 4924 3373 4996 praecipuum
3403 4925 3553 4982 vide-

1969 5025 2125 5080 batur
2149 5024 2200 5077 iu
2232 5021 2462 5077 medium
2493 5018 2791 5090 proferunt,
2821 5032 2928 5089 quo
2957 5018 3127 5082 illum,
3166 5024 3223 5070 ut
3260 5015 3390 5072 mihi
3427 5019 3561 5087 qui-

1967 5116 2089 5173 dem
2120 5117 2349 5180 videtur,
2382 5115 2433 5169 in
2464 5114 2597 5168 iram
2617 5112 2965 5168 concitarent.
2986 5110 3345 5179 Quamobrem
3372 5111 3549 5169 senio,-

1966 5228 2084 5266 rum
2119 5211 2498 5272 meminerunt,
2527 5215 2584 5262 ut
2610 5205 2761 5277 quasi
2793 5204 2912 5259 illos
2940 5203 3258 5271 deSpiceret,
3293 5201 3417 5257 hinc
3445 5217 3544 5256 an-

1966 5320 2081 5360 sam
2111 5301 2397 5358 accnsandi
2438 5299 2722 5371 prteberet.
2751 5294 3174 5351 Examiuandmn
3222 5293 3397 5362 primo
3441 5300 3547 5359 est,

1965 5410 2062 5450 cur
2104 5392 2347 5464 discipuli
2389 5391 2551 5446 illotis
2598 5386 2842 5444 manibus
2882 5384 3280 5439 manducarent.
3321 5378 3440 5436 Non
3480 5380 3549 5436 de

1967 5485 2220 5543 industria
2252 5483 2304 5539 id
2330 5480 2618 5556 agebant‘,
2645 5478 2743 5536 sed
2765 5477 2904 5547 quod
2927 5474 3015 5529 illa
3034 5470 3302 5543 superflua
3329 5487 3549 5540 respue-

2035 5678 2052 5710 ί
2088 5678 2161 5730 Ex
2190 5677 2357 5729 Graeco
2383 5678 2649 5742 legendum
2686 5681 2840 5738 esset,
2878 5690 2966 5727 cur
3008 5671 3245 5740 discipuli
3274 5670 3420 5724 illatis
3442 5685 3547 5724 ina-
