4028 6152
407 219 506 274 πιι

405 338 547 392 rent,
577 327 704 382 dum
734 321 1053 380 necessariis
1075 318 1412 373 attenderem
1442 331 1456 368 :
1489 329 1588 368 nec
1619 327 1714 383 pro
1742 312 1860 378 lege
1890 307 1988 362 ha-

409 424 607 478 bebant
633 417 756 473 lotis
781 425 873 471 aut
894 415 1058 469 illotis
1078 411 1323 467 manibus
1348 407 1652 468 comedere,
1679 401 1772 458 sed
1794 409 2001 454 utrum-

407 527 513 582 que
543 521 600 565 ut
627 524 746 565 sese
773 506 985 563 occasio
1012 505 1173 559 dabat
1196 501 1444 572 agebant.
1476 497 1608 553 Nam
1636 499 1726 566 qui
1751 505 2000 548 necessa-

409 607 548 660 rium
589 617 800 673 quoque
839 600 1013 653 cibum
1045 595 1432 665 despiciebant,
1459 587 1728 660 quomodo
1755 585 1871 639 lucc
1906 597 1998 638 ac-

409 704 594 749 curate
615 689 953 748 servassent?
973 689 1107 755 Quia
1140 687 1298 756 igitur
1325 684 1638 751 plerumque
1659 674 2001 745 contingebat

409 795 472 840 ut
509 785 560 838 iu
591 792 861 852 promptu,
889 790 945 833 et
969 778 1120 847 quasi
1150 776 1369 830 fortuito
1404 772 1453 826 id
1502 773 1756 831 facerent,
1786 777 1845 820 ut
1878 779 1998 818 cum

412 879 466 929 in
511 875 723 928 deserto
763 870 1138 934 comedehant,
1175 877 1374 922 etcum
1403 863 1579 930 spicas
1619 859 1905 921 vellebant,
1947 854 1999 908 id

409 967 561 1036 quasi
589 967 791 1020 crimen
821 961 1118 1032 proferunt,
1158 961 1247 1028 qui
1278 957 1478 1024 majora
1520 967 1732 1022 semper
1769 949 2000 1018 neglige-

417 1061 565 1122 bant,
609 1068 664 1114 et
707 1056 974 1123 superﬂua
1017 1052 1303 1107 admodum
1345 1047 1622 1104 curabant.
1663 1041 1799 1112 Quid
1843 1041 2002 1111 igitur

412 1155 695 1210 Christus?
739 1152 852 1205 Non
899 1149 1028 1203 illud
1077 1145 1325 1206 attendit.
1363 1157 1536 1212 neque
1577 1136 2001 1194 criminationem

413 1247 640 1315 depulit,
671 1243 762 1298 sed
790 1240 969 1295 stat-im
996 1237 1369 1294 recriminatus
1399 1238 1592 1298 est,-nt
1629 1228 1903 1284 audaciam
1934 1226 2002 1278 il-

419 1339 592 1392 lorum
631 1335 970 1403 reprimeret.
1011 1329 1444 1395 ostenderetque,
1473 1339 1593 1376 eum
1620 1319 1712 1390 qui
1751 1319 1804 1372 in
1833 1315 2005 1387 majo-

417 1427 568 1482 ribus
598 1433 801 1494 peccat,
842 1421 1049 1476 minora
1082 1419 1134 1472 in
1163 1418 1282 1472 aliis
1313 1429 1418 1469 non
1461 1423 1604 1467 tanta
1649 1423 1777 1464 cura
1821 1407 2006 1476 explo-

419 1533 540 1574 rare
565 1516 785 1570 debere.
815 1512 923 1568 Vos
948 1509 1186 1566 accusari
1215 1505 1512 1576 Oportebat,
1540 1509 1595 1556 et
1621 1498 1903 1555 accusatis.
1927 1496 2008 1550 Tu

419 1625 552 1666 vero
579 1609 836 1664 observes
859 1603 1042 1668 velim,
1078 1599 1348 1672 quomodo
1375 1611 1497 1651 cum
1527 1591 1726 1663 aliquid
1759 1606 1825 1645 ex
1855 1589 2001 1658 lega-

420 1705 560 1759 libus
603 1700 814 1756 solvere
838 1697 970 1761 vult,
1003 1695 1154 1765 quasi
1197 1707 1318 1748 sese
1360 1687 1664 1746 excusando
1712 1685 1763 1739 id
1814 1684 2006 1748 faciat;

418 1795 564 1866 quod
591 1804 643 1848 et
672 1801 801 1846 tunc
829 1788 973 1844 fecit.
1003 1787 1116 1841 Non
1144 1786 1285 1839 enim
1324 1782 1503 1836 statim
1526 1779 1592 1833 ad
1622 1774 2009 1846 transgressio-

421 1865 543 1942 nem
583 1881 844 1955 procedit,
899 1892 1074 1948 neque
1126 1876 1289 1939 dicit,
1342 1873 1398 1928 ld
1449 1871 1578 1926 nihil
1621 1876 1733 1933 est;
1773 1865 2007 1935 alioquin

420 1992 548 2032 vero
593 1975 711 2029 illos
751 1971 1041 2028 ferociores
1067 1965 1387 2022 reddidisset
1420 1981 1433 2017 :
1475 1961 1570 2017 sed
1611 1961 1759 2030 prius
1799 1959 2009 2013 illorum

421 2068 696 2123 audacium
728 2063 982 2129 retundit,
1032 2061 1189 2131 longe
1235 2058 1408 2126 majus
1442 2055 1642 2110 crimen
1685 2053 1738 2107 in
1777 2048 2010 2106 medium

423 2162 722 2233 proferens,
753 2169 809 2213 et
834 2160 886 2212 in
917 2158 1152 2227 ipsorum
1177 2161 1335 2222 caput
1355 2159 1691 2218 retorquens.
1723 2145 1906 2214 Neque
1934 2143 2016 2197 di-

424 2259 519 2322 cit,
553 2263 702 2309 recte
727 2252 848 2306 illos
871 2250 1045 2304 facere
1073 2247 1197 2301 dum
1223 2242 1706 2314 transgrediuntur,
1733 2253 1801 2292 ne
1829 2251 2013 2292 ansam

428 2347 534 2401 illis
563 2345 836 2416 praebeat;
868 2355 1041 2410 neque
1085 2338 1207 2393 ideo
1251 2336 1518 2404 objurgat,
1562 2348 1632 2386 ne
1658 2329 1902 2384 videatur
1941 2328 2017 2381 le-

427 2451 548 2510 gem
584 2438 830 2499 firmare;
874 2447 1046 2503 neque
1077 2445 1263 2486 rursus
1291 2428 1532 2484 seniores
1572 2433 1786 2480 accusat
1815 2431 1873 2477 ut
1912 2421 2014 2476 ini-

427 2545 584 2600 quos,
633 2539 691 2582 ut
737 2527 1028 2591 scelestos;
1075 2522 1308 2593 alioquin
1338 2521 1480 2576 enim
1513 2528 1572 2573 ut
1601 2517 2013 2574 couviciatorem

431 2622 580 2677 illum
606 2627 982 2676 aversarentur
1014 2635 1027 2671 :
1058 2631 1242 2671 verum
1274 2613 1452 2668 missis
1479 2612 1584 2666 illis
1610 2609 1880 2672 omnibus,
1914 2606 2016 2660 alia

431 2715 516 2769 via
539 2712 813 2785 procedit;
836 2725 900 2765 ac
917 2709 1124 2764 videtur
1145 2708 1357 2777 quidem
1380 2704 1696 2760 accedentes
1719 2703 2015 2769 increpare,

434 2807 528 2862 sed
573 2805 875 2877 perstringit
919 2817 1014 2857 eos
1041 2802 1130 2872 qui
1175 2797 1476 2869 hujusmodi
1522 2797 1665 2866 leges
1693 2800 2016 2862 posuerant;

436 2898 675 2954 seniores
702 2909 960 2964 nusquam
982 2906 1309 2954 memorans,
1332 2889 1425 2944 sed
1448 2888 1500 2941 in
1529 2886 1868 2941 accusatione
1893 2897 2020 2937 con-

439 3002 517 3046 tra
558 2990 658 3045 hos
695 2990 954 3052 instituta,
989 2987 1108 3040 illos
1150 2997 1363 3053 quoque
1399 2977 1673 3047 dejiciens,
1699 2973 2020 3030 ostendens-

437 3098 562 3152 que,
593 3081 794 3150 duplex
832 3093 952 3133 esse
998 3084 1292 3146 peccatum,
1325 3071 1466 3142 quod
1495 3079 1550 3125 et
1579 3069 1688 3123 Deo
1716 3081 1824 3121 non
1867 3064 2025 3120 obse-

439 3183 755 3243 querentur,
789 3180 845 3226 et
883 3169 1025 3240 quod
1053 3178 1270 3238 pr0pter
1297 3165 1542 3220 homines
1572 3162 1624 3217 id
1658 3161 1917 3224 lacerent;
1961 3171 2026 3212 ac

440 3264 488 3319 si
513 3265 757 3318 diceret:
790 3262 900 3316 lloc
976 3258 1121 3313 enim
1160 3257 1337 3327 ipsum
1375 3268 1474 3309 vos
1504 3297 1518 3320 ,
1557 3251 1661 3305 hoc
1734 3249 2023 3321 perdiditt,

441 3355 584 3427 quod
617 3356 672 3410 in
701 3354 846 3408 omni
877 3369 936 3408 re
961 3350 1262 3407 senioribus
1290 3361 1494 3404 morem
1522 3344 1754 3417 geratis;
1796 3341 1888 3398 sed
1918 3357 2025 3396 non

445 3447 547 3500 hoc
573 3444 721 3508 dicit,
752 3441 881 3497 illud
907 3450 1084 3495 autem
1107 3441 1278 3510 ipsum
1300 3437 1622 3500 subindicat,
1644 3435 1770 3490 dum
1795 3437 1874 3488 sic
1899 3433 2030 3502 ipsis

444 3535 751 3607 respondet.
785 3535 838 3590 5.
874 3533 1043 3600 Quare
1065 3535 1217 3586 etiam
1244 3547 1331 3586 vos
1371 3527 1782 3599 transgredimini
1811 3524 2030 3578 manda-

445 3636 552 3679 tum
579 3625 674 3679 Dei
703 3633 908 3695 propter
933 3623 1258 3676 traditionem
1283 3618 1542 3674 uestram?
1571 3617 1709 3672 Deus
1732 3619 1868 3670 enim
1893 3629 2028 3684 pra:-

443 3718 628 3787 cepit:
655 3717 708 3769 4.
753 3714 967 3768 Honora
1010 3725 1206 3782 patrem
1249 3721 1294 3765 et
1337 3720 1584 3773 matrem;
1620 3718 1688 3772 et,
1739 3707 1840 3774 Qui
1874 3705 2030 3758 maie-

443 3808 627 3863 dixerit
654 3807 790 3878 patri
823 3806 897 3860 vel
926 3806 1098 3871 matri,
1131 3813 1289 3858 morte
1320 3803 1566 3856 moriatur
1591 3798 1791 3870 (Exod.
1817 3796 1908 3851 20.
1938 3795 2028 3850 12.

444 3909 494 3953 et
519 3899 612 3953 ‘21.
639 3899 751 3968 17).
785 3898 840 3952 5.
879 3895 980 3950 Vos
1018 3906 1183 3950 autem
1221 3894 1388 3948 dicitis
1430 3908 1450 3946 :
1491 3891 1804 3959 Quicumque
1849 3887 2034 3940 dixerit

448 3995 580 4064 patri
607 3993 689 4048 vel
713 3994 884 4059 matri,
914 3992 1101 4045 Munus
1126 3994 1472 4060 quodcumque
1500 3996 1572 4039 est
1597 4001 1660 4040 ea:
1685 4000 1764 4037 me
1793 3983 1880 4036 tibi
1912 3997 2032 4048 pro-

449 4087 600 4150 derit,
645 4088 698 4141 6.
739 4097 784 4139 et
828 4101 928 4137 non
967 4083 1233 4136 honorabit
1281 4091 1472 4150 patrem
1515 4093 1662 4131 suum
1698 4075 1777 4128 vel
1820 4085 2030 4126 matrem

449 4195 633 4242 suam;
664 4187 709 4233 et
747 4178 948 4230 irritum
986 4175 1175 4245 fecistis
1213 4172 1509 4226 mandatum
1548 4169 1644 4222 Dei
1685 4177 1888 4238 propter
1933 4176 2037 4219 tra-

451 4274 692 4325 ditionem
733 4280 968 4323 vestram.

523 4363 579 4417 2.
623 4361 968 4416 Traditionem
991 4358 1262 4412 Iudaicam
1289 4355 1546 4424 redarguit
1571 4351 1818 4406 Christus.
1837 4347 2038 4403 —Non

451 4456 605 4523 dicit,
645 4454 927 4509 Seniorum
959 4451 1316 4512 traditionem,
1365 4446 1479 4513 sed,
1536 4443 1787 4507 Vestram,
1832 4442 1903 4510 et,
1939 4439 2039 4495 Vos

453 4549 662 4611 dicitis;
691 4561 796 4602 non
822 4543 976 4610 dixit,
997 4542 1273 4606 Seuiores,
1297 4551 1351 4593 ut
1377 4539 1553 4592 minus
1583 4535 1837 4590 molestus
1863 4548 2041 4590 sermo

456 4643 750 4698 rideretur.
781 4639 913 4706 Quia
955 4637 1094 4692 enim
1143 4632 1435 4703 discipulos
1477 4641 1894 4700 transgressores
1921 4639 2040 4681 esse

457 4738 590 4808 legis
616 4738 988 4790 demonstrare
1019 4729 1286 4792 volebant,
1318 4726 1506 4796 probat
1535 4725 1682 4793 ipsos
1706 4737 1833 4776 vere
1861 4730 2040 4774 trans-

458 4828 609 4899 gredi
639 4827 830 4896 legem,
862 4821 1152 4891 discipulos
1196 4829 1372 4872 autem
1415 4816 1638 4871 crimine
1665 4813 1860 4868 liberos
1897 4825 2037 4866 esse.

459 4922 642 4991 Neque
667 4921 751 4974 lex
773 4927 855 4972 est
874 4916 925 4969 id
952 4915 1092 4985 quod
1120 4913 1187 4967 ab
1215 4909 1515 4965 hominibus
1537 4908 1872 4978 prmcipitur:
1897 4904 2044 4958 ideo-

459 5027 567 5082 que
601 5009 936 5064 traditionem
966 5014 1138 5067 vocat,
1170 5017 1288 5072 quae
1316 5008 1436 5056 erat
1463 4999 1914 5068 iuiquissimorum
1943 4995 2041 5049 ho-

462 5101 686 5158 minum.
718 5097 912 5150 Verum
941 5096 1063 5164 quia
1089 5094 1260 5163 jussio
1305 5089 1516 5146 lavandi
1556 5103 1744 5143 manus
1785 5102 1890 5141 non
1930 5093 2044 5140 erat

463 5194 565 5265 Icgi
591 5190 856 5249 contraria
889 5207 903 5244 :
932 5187 1090 5240 aliam
1120 5184 1455 5239 traditionem
1481 5182 1530 5234 in
1561 5181 1790 5237 medium
1822 5178 2039 5249 profert,

463 5301 584 5356 qua:
616 5284 712 5354 legi
752 5279 1018 5336 contraria
1045 5285 1208 5331 esset.
1236 5273 1387 5342 Quod
1421 5287 1548 5328 vero
1575 5273 1722 5338 dicit,
1755 5271 1856 5326 hoc
1885 5270 2046 5338 signi-

467 5378 611 5432 licat.
663 5375 965 5429 Docuerunt
1003 5369 1231 5440 juvenes
1280 5375 1333 5419 ut
1383 5365 1597 5433 pietatis
1641 5364 1818 5434 specie
1864 5371 2044 5433 patres

469 5519 610 5589 nibus
629 5519 994 5589 manducarent.
1008 5588 1012 5589 ν
1024 5520 1185 5579 Quare
1204 5516 1359 5584 igitur
1378 5516 1448 5568 sic
1470 5516 1857 5570 manducarunt?
1874 5529 1968 5567 non
1987 5513 2047 5566 de

473 5582 718 5632 industria
742 5582 791 5630 id
817 5582 1029 5643 agebant.

539 5646 554 5677 ⁸
580 5643 695 5704 Alli,
722 5643 807 5692 hoc
828 5639 956 5693 enim
980 5656 1060 5693 vos
1081 5647 1127 5694 et
1151 5639 1262 5692 illos
1285 5641 1520 5707 perdidit.

1145 206 1202 262 S.
1241 201 1520 261 JOANNIS
1551 188 2032 255 CHRYSOSTOMI
2074 186 2389 243 ARCHIEP.
2429 189 2961 246 CONSTANTINOP.

3568 184 3684 246 519.

2105 303 2458 373 despicerent.
2485 307 2764 374 Quomodo
2788 318 2840 363 et
2869 325 2974 379 qua
3006 312 3245 366 ratione?
3269 311 3324 368 Si
3355 315 3476 385 quis
3502 329 3690 386 paren-

2107 408 2216 452 tum
2245 399 2355 452 filio
2379 399 2602 467 diceret,
2637 401 2708 454 Da
2739 400 2867 455 mihi
2904 402 3063 468 hanc,
3106 420 3261 474 quam
3289 402 3474 471 babes,
3507 423 3688 473 ovem,

2105 503 2194 548 aut
2239 494 2481 559 vitulum,
2529 505 2623 549 aut
2665 495 2804 550 aliud
2836 497 2960 566 quid
3005 497 3226 554 simile:
3269 499 3696 571 respondebant,

2108 588 2162 642 Id
2191 589 2329 658 quod
2362 604 2392 644 a
2425 605 2510 644 me
2549 591 2628 646 vis
2666 594 2931 662 accipere,
2971 591 3170 647 donum
3209 604 3292 649 est
3321 594 3431 650 Deo
3456 599 3693 667 promis-

2107 694 2246 744 sum,
2277 697 2378 736 nec
2405 691 2554 750 potes
2585 683 2713 738 illud
2742 685 3005 753 accipere,
3036 699 3099 739 ac
3124 685 3318 755 duplex
3346 685 3469 742 hinc
3492 689 3694 742 malum

2107 773 2430 842 emergehat.
2462 775 2644 844 Neque
2669 779 2809 830 enim
2844 777 2952 831 Deo
2994 776 3311 840 oil'erebant.
3352 795 3414 834 ac
3442 791 3696 850 parentes

2107 865 2394 921 oblationis
2439 869 2654 921 nomine
2701 867 3126 934 defraudabant,
3177 881 3232 926 et
3283 873 3428 940 ipsos
3472 885 3699 943 propter

2109 958 2275 1013 Deum
2323 959 2513 1027 injuria
2542 959 2878 1026 afliciehant;
2925 961 3196 1031 Deumque
3237 973 3456 1032 propter
3497 979 3695 1031 paren-

2111 1062 2210 1107 tes.
2247 1051 2443 1108 Verum
2473 1069 2578 1107 non
2610 1053 2710 1108 hoc
2737 1056 2914 1109 statim
2939 1053 3087 1120 dicit,
3117 1055 3210 1111 sed
3242 1055 3385 1126 prius
3412 1057 3581 1124 legem
3605 1075 3696 1110 re-

2109 1145 2257 1208 citat,
2291 1161 2392 1214 qua
2419 1145 2654 1199 declarat
2696 1147 2854 1211 Deus,
2900 1145 3184 1201 admodum
3226 1147 3360 1202 velle
3399 1161 3458 1201 se
3498 1159 3556 1202 ut
3599 1165 3695 1216 pa-

2109 1247 2290 1291 rentes
2333 1237 2666 1291 houorentur
2703 1254 2714 1290 :
2750 1252 2870 1291 nam
2914 1237 2989 1292 ait
3023 1257 3036 1293 :
3075 1237 3284 1292 Honora
3315 1249 3509 1306 patrem
3552 1251 3693 1293 tuum

2110 1340 2157 1382 et
2184 1341 2413 1391 matrem,
2443 1341 2497 1382 ut
2516 1331 2585 1384 sis
2605 1331 2856 1402 longtevus
2875 1331 2927 1384 in
2947 1340 3115 1396 terra;
3135 1333 3284 1398 item,
3301 1330 3402 1397 Qui
3421 1333 3698 1387 maledixe—

2112 1423 2175 1475 rit
2196 1423 2327 1490 patri
2345 1425 2418 1476 vel
2431 1423 2599 1488 matri,
2617 1432 2776 1475 morte
2792 1423 3053 1476 moriatur.
3075 1422 3321 1478 Chrisms
3335 1435 3510 1478 autem
3532 1425 3697 1478 misso

2115 1516 2336 1584 praemio
2360 1529 2467 1584 quo
2486 1515 2752 1568 donantur
2779 1515 2814 1569 ii
2840 1515 2929 1585 qui
2961 1515 3207 1584 parentes
3237 1515 3522 1580 honorant,
3551 1517 3693 1586 quod

2115 1605 2402 1660 terribilius
2448 1614 2532 1660 est
2581 1605 2803 1674 profert,
2848 1622 3042 1676 nempe
3078 1607 3398 1677 supplicium
3449 1620 3699 1678 paremus

2114 1695 2553 1751 inhonorautibus
2595 1695 2950 1762 inferendum,
2991 1706 3101 1752 tum
3146 1707 3204 1752 ut
3232 1698 3377 1770 ipsos
3405 1697 3696 1766 deterreat,

2116 1797 2226 1841 tum
2255 1798 2303 1841 ut
2336 1786 2624 1856 prudentes
2645 1787 2896 1852 attrahat,
2929 1788 3155 1858 hincque
3179 1788 3413 1843 ostendit
3438 1789 3557 1845 illos
3578 1805 3701 1845 esse

2117 1891 2289 1932 morte
2317 1878 2524 1948 dignos.
2553 1877 2685 1932 Nam
2717 1880 2759 1934 si
2789 1879 2831 1932 is
2863 1919 2878 1944 ,
2910 1879 2999 1948 qui
3024 1879 3204 1934 verbis
3231 1879 3530 1945 inhonorat,
3580 1881 3698 1951 ple-

2114 1971 2295 2033 ctitur,
2319 1971 2485 2024 multo
2506 1971 2674 2041 magis
2697 1985 2794 2025 vos
2810 1971 2899 2042 qui
2922 1986 3084 2042 opere
3111 1971 3159 2025 id
3190 1972 3394 2027 facitis:
3419 1988 3518 2028 nec
3539 1973 3701 2028 modo

2118 2061 2470 2129 inbouoratis,
2511 2063 2604 2118 sed
2637 2061 2796 2117 etiam
2826 2063 2956 2117 alios
3012 2062 3067 2117 id
3110 2061 3289 2118 facere
3327 2063 3551 2119 docetis.
3596 2065 3704 2119 Vos

2117 2170 2244 2226 ergo
2269 2154 2358 2225 qui
2391 2169 2488 2208 nec
2525 2154 2576 2208 in
2624 2153 2760 2209 vivis
2801 2169 2919 2210 esse
2958 2154 3247 2222 deberetis,
3278 2170 3376 2211 cur
3414 2153 3704 2226 discipulos

2119 2245 2413 2301 incusatis?
2441 2244 2578 2310 Quid
2606 2246 2798 2300 mirum
2827 2257 3002 2300 autem
3034 2249 3076 2301 si
3110 2247 3160 2300 in
3189 2262 3295 2313 me,
3328 2263 3483 2317 quem
3515 2247 3704 2301 hacte-

2121 2353 2220 2393 nus
2259 2340 2560 2409 iguorasus,
2610 2347 2716 2393 tam
2758 2340 3129 2394 contumeliosi
3169 2341 3324 2406 estis,
3369 2339 3582 2409 quando
3625 2337 3708 2394 id-

2123 2431 2292 2501 ipsum
2341 2445 2465 2499 erga
2517 2440 2720 2500 patrem
2768 2428 2976 2499 facitis?
3033 2430 3238 2501 Ubique
3282 2430 3428 2487 enim
3479 2430 3610 2486 dicit
3652 2440 3708 2485 et

2121 2524 2353 2578 ostendit
2382 2522 2504 2576 hinc
2531 2532 2701 2578 ortam
2722 2523 3081 2592 arrogantiam
3112 2523 3255 2577 illam
3281 2538 3422 2578 esse.
3453 2523 3705 2578 Nonnulli

2123 2619 2279 2674 aliter
2310 2618 2727 2685 interpretantur
2755 2615 2906 2678 illud.
2933 2613 3141 2668 Donum
3169 2615 3515 2686 quodcumque
3540 2633 3602 2670 ea:
3629 2633 3712 2669 me

2124 2710 2211 2764 tibi
2240 2709 2459 2781 proderit
2489 2708 2599 2782 (a);
2633 2707 2684 2761 id
2713 2715 2816 2774 est,
2842 2705 2958 2761 Non
2996 2703 3167 2759 debeo
3191 2704 3281 2760 tibi
3305 2706 3585 2773 honorem,
3612 2705 3709 2760 sed

2124 2806 2168 2858 si
2199 2815 2249 2856 te
2279 2803 2554 2867 honorem,
2585 2800 2634 2855 id
2662 2800 2828 2870 gratis
2854 2798 3010 2855 facio.
3041 2800 3146 2854 Sed
3167 2797 3411 2854 Christus
3436 2815 3541 2854 nou
3571 2799 3710 2854 hanc

2125 2893 2501 2949 contumeliam
2567 2891 2900 2947 memoravit.
2956 2890 3165 2945 Marcus
3220 2906 3350 2945 vero
3404 2891 3601 2945 clarius
3654 2889 3711 2944 id

2125 2987 2377 3059 exprimit
2421 2986 2504 3041 bis
2545 2985 2720 3040 verbis
2762 3004 2774 3039 :
2807 2983 3004 3040 Corbau
3033 2983 3380 3054 quodcumque
3418 2999 3481 3037 ea:
3516 2999 3596 3037 me
3623 2981 3713 3036 tibi

2129 3081 2350 3153 proderit
2377 3079 2566 3152 (Marc.
2602 3078 2654 3130 7.
2695 3077 2784 3146 11)
2813 3095 2826 3130 :
2858 3077 2910 3130 id
2941 3075 3080 3146 quod
3117 3091 3222 3128 non
3262 3084 3344 3130 est
3387 3091 3583 3129 munus
3621 3086 3713 3129 aut

2129 3176 2352 3241 donum,
2381 3172 2476 3227 sed
2505 3169 2705 3226 oblatio
2735 3169 2950 3240 proprie
2987 3168 3203 3222 dicitur.
3239 3167 3374 3222 Cum
3417 3167 3574 3236 igitur
3612 3165 3712 3221 de-

2133 3275 2502 3332 monstrasset,
2535 3280 2640 3318 non
2675 3263 2798 3333 jure
2833 3261 2973 3326 illos,
3018 3261 3106 3331 qui
3152 3260 3321 3330 legem
3365 3257 3458 3314 Dei
3497 3258 3718 3313 concul-

2132 3373 2274 3427 cent,
2306 3361 2440 3415 alios
2481 3355 2895 3427 reprehendere,
2939 3353 3028 3422 qui
3072 3354 3341 3408 seniorum
3391 3362 3717 3420 praeceptum

2135 3452 2451 3523 transgressi
2477 3460 2676 3516 essent,
2709 3447 2936 3517 idipsum
2961 3445 3192 3501 ostendit
3231 3453 3286 3498 et
3318 3460 3384 3499 ex
3425 3442 3710 3512 propheta.

2134 3547 2266 3616 Quia
2287 3545 2432 3601 enim
2456 3543 2574 3597 illos
2601 3540 2947 3595 vehementer
2966 3537 3329 3607 redarguerat,
3351 3535 3572 3589 ulterius
3594 3548 3720 3603 proo

2135 3638 2274 3696 cedit
2301 3654 2315 3692 :
2339 3634 2476 3705 quod
2505 3634 2666 3689 etiam
2693 3631 2888 3700 ubique
2904 3629 3048 3692 facit,
3077 3627 3374 3696 Scripturas
3402 3626 3458 3680 in
3484 3625 3717 3680 medium

2135 3728 2441 3790 adducens,
2475 3735 2531 3779 ut
2561 3724 2683 3778 hinc
2720 3738 2781 3778 se
2819 3721 3069 3776 ostendat
3107 3720 3215 3773 Deo
3250 3732 3543 3773 consonum
3575 3731 3719 3770 esse.

2137 3819 2270 3888 Quid
2319 3818 2478 3889 igitur
2519 3816 2594 3869 ait
2637 3812 2933 3884 propheta?
2963 3811 3015 3866 8.
3050 3808 3286 3879 Populus
3320 3807 3402 3861 hic
3448 3807 3594 3860 labiis
3642 3823 3723 3860 me

2139 3913 2372 3973 honorat,
2399 3924 2488 3962 cor
2507 3916 2673 3960 autem
2697 3918 2871 3959 eorum
2891 3903 3038 3973 longe
3056 3910 3129 3955 est
3153 3917 3185 3952 a
3210 3917 3288 3953 me
3312 3897 3461 3968 (Isai.
3489 3897 3581 3952 29.
3608 3895 3722 3966 15).

2139 4004 2194 4059 9.
2227 4002 2444 4056 Frustra
2468 4009 2632 4053 autem
2659 3999 2828 4051 colunt
2861 4011 2960 4058 me,
2996 3994 3230 4046 docentes
3259 3991 3536 4056 doctrinas,
3573 4005 3724 4041 man-

2144 4097 2266 4150 data
2312 4093 2588 4146 hominum.
2650 4089 2835 4144 Viden’
2881 4086 3211 4158 prophetiam
3262 4091 3510 4137 accurate
3567 4081 3727 4135 dictis

2141 4201 2454 4249 consonam,
2488 4199 2605 4254 qua:
2639 4182 2749 4252 jam
2787 4181 2914 4235 olim
2945 4194 3130 4234 eorum
3172 4177 3550 4246 malignitatem
3586 4191 3726 4244 pra:-

2143 4280 2391 4337 nuntiat?
2412 4277 2564 4346 Quod
2593 4276 2840 4350 Christus
2864 4289 3004 4328 nunc
3027 4270 3329 4326 accusando
3355 4268 3578 4338 profert,
3626 4266 3730 4322 hoc

2139 4376 2250 4445 jam
2281 4374 2408 4428 olim
2438 4372 2570 4427 dixit
2611 4369 2792 4436 lsaias,
2835 4368 2978 4439 quod
3009 4366 3256 4422 mandata
3285 4363 3380 4418 Dei
3413 4371 3669 4431 spernant
3711 4379 3728 4416 :

2146 4469 2362 4524 Frustra
2386 4467 2528 4522 enim
2568 4463 2740 4518 colunt
2770 4479 2868 4529 me,
2916 4460 3119 4529 inquit;
3159 4457 3228 4512 de
3266 4456 3376 4512 suis
3415 4470 3544 4510 vero
3583 4469 3732 4524 pra:-

2145 4561 2311 4631 ceptis
2355 4572 2600 4628 magnam
2647 4568 2830 4609 curam
2880 4551 3130 4616 habeant,
3174 4547 3423 4601 Docentes
3463 4545 3733 4609 utandata,

2147 4653 2400 4706 doctrinas
2426 4649 2706 4703 hominum.
2737 4645 2866 4700 Jure
2909 4657 3038 4713 ergo
3069 4643 3165 4698 has
3194 4639 3440 4709 discipuli
3472 4653 3577 4691 non
3609 4653 3732 4691 ser-

2150 4753 2296 4798 vant.
2331 4743 2615 4811 Postquam
2645 4738 2804 4806 igitur
2844 4736 3054 4790 letalem
3087 4735 3221 4786 hanc
3260 4732 3466 4800 plagam
3499 4728 3604 4782 illis
3644 4727 3734 4782 in-

2147 4837 2302 4901 ﬂixit,
2329 4843 2490 4905 atque
2543 4847 2611 4886 ex
2663 4831 2851 4897 factis,
2909 4837 2965 4883 et
3004 4838 3084 4882 ex
3107 4825 3319 4895 propria
3346 4824 3581 4893 ipsorum
3608 4834 3737 4874 seu-

2151 4927 2334 4991 tentia,
2362 4938 2534 4993 exque
2566 4919 2818 4990 propheta
2845 4917 3234 4972 accusationem
3265 4915 3432 4974 auxit,
3464 4913 3568 4966 illis
3607 4913 3732 4982 qui-

2147 5020 2268 5076 dem
2314 5017 2446 5072 nihil
2491 5014 2624 5069 ultra
2665 5011 2916 5079 loquitur,
2948 5016 3130 5077 utpote
3169 5007 3258 5077 qui
3301 5004 3576 5061 emendari
3623 5019 3734 5057 non

2150 5117 2416 5185 poterant,
2466 5121 2768 5162 sermonem
2813 5120 2942 5156 vero
2987 5101 3252 5156 convertit
3294 5098 3361 5152 ad
3413 5098 3625 5160 turbas,
3673 5105 3736 5151 ut

2150 5207 2339 5276 dogma
2369 5201 2583 5256 inducat
2612 5197 2861 5258 sublime,
2898 5209 3167 5264 magnum,
3196 5204 3250 5247 et
3279 5192 3442 5246 multa
3485 5190 3736 5262 philoso-

2211 5388 2283 5450 (a)
2300 5394 2468 5434 Eorum
2491 5380 2573 5450 qui
2592 5381 2664 5430 sic
2686 5377 3129 5450 interpretabantur
3139 5389 3281 5450 mens
3300 5376 3406 5447 haec
3415 5373 3607 5450 videtur
3625 5375 3740 5450 luis:

2148 5431 2457 5502 mih—onum
2477 5431 2623 5506 offero
2638 5479 2650 5499 ,
2675 5431 3070 5506 quod_'etiam_tibi
3090 5438 3267 5500 prosit,
3293 5436 3473 5506 siquid
3499 5449 3608 5486 vero
3647 5431 3741 5506 tibi

2149 5496 2293 5576 ama-
2306 5496 2572 5576 grauari}.
2604 5496 2672 5576 ίςι.
2689 5496 2843 5576 iretis
2887 5500 3044 5576 fasto»
3080 5496 3190 5576 ea:
3226 5496 3384 5550 om
3557 5496 3738 5576 ρειρείηο

2155 5558 2465 5635 B'eooﬁ'erre;
2488 5565 2531 5618 εἰ
2554 5558 2672 5629 quid
2691 5558 2746 5616 in
2768 5571 2814 5615 te
2837 5558 3100 5625 can/eram,
3118 5561 3170 5613 id
3191 5574 3256 5613 ex
3275 5575 3380 5613 mea
3395 5558 3569 5624 pendet
3588 5558 3735 5608 licet»

2147 5643 2264 5691 (010.
