4028 6152
271 365 379 426 313

272 484 398 556 phia
425 481 677 552 plenum;
707 477 1027 539 sumptaque
1052 479 1117 518 ex
1143 460 1236 516 illo
1263 454 1566 514 occasione,
1594 443 1769 514 majus
1795 439 1861 494 ii-

281 576 372 632 lud
411 569 703 632 contexuit,
750 575 804 619 ct
849 563 1089 616 eibormn
1132 547 1556 608 observationem
1602 536 1858 593 eliminat.

414 626 536 718 vide
561 626 794 731 quando.
817 653 950 708 Cum
977 650 1248 717 leprosum
1272 635 1564 698 mundavit,
1594 645 1716 685 cum
1741 626 1863 680 sab-

276 763 457 816 batum
486 752 682 815 solvit;
713 744 925 818 quando
960 751 1120 796 terra:
1164 733 1431 801 marisque
1459 739 1636 796 regem
1674 737 1733 776 se
1770 718 1862 773 de-

278 811 522 909 claravit.
554 811 766 914 quando
788 837 937 906 h-ges
964 832 1130 890 dedit.
1155 824 1368 897 quando
1401 828 1612 890 peccata
1639 811 1858 872 dimisit,

275 937 494 1010 quando
521 904 762 990 mortuos
800 904 1068 988 excitavit,
1099 917 1312 989 quando
1349 917 1660 982 argumenta
1700 904 1863 957 multa

278 994 577 1086 divinitatis
618 1037 730 1080 suae
772 1018 903 1092 ipsis
943 1012 1190 1086 praebuit,
1237 1019 1361 1062 tunc
1403 1003 1470 1058 de
1513 1000 1649 1056 cibis
1690 994 1866 1064 loqui-

279 1134 390 1179 tur.

354 1217 411 1270 '5.
455 1206 776 1279 Abrogandc
827 1195 1222 1256 circumcisianis
1275 1187 1558 1262 difﬁcultas.
1593 1213 1665 1224 -—
1702 1179 1867 1234 Totus

281 1307 431 1361 enim
464 1300 770 1358 Judaismus
808 1293 911 1347 hac
937 1291 989 1347 io
1021 1304 1079 1343 re
1103 1284 1407 1341 continetur
1435 1297 1448 1331 :
1478 1279 1522 1334 si
1563 1277 1664 1330 hoc
1689 1273 1869 1328 abstu-

285 1399 450 1462 leris,
498 1403 668 1448 totutn
727 1384 1009 1442 abstulisti.
1080 1379 1210 1436 Nam
1273 1374 1396 1431 inde
1446 1372 1868 1429 commonstrat,

284 1493 448 1546 etiant
495 1482 955 1542 circomcisionem
998 1471 1244 1541 abrogari
1289 1473 1577 1539 Oportere:
1610 1460 1704 1516 sed
1743 1455 1872 1512 illud

288 1601 396 1638 non
454 1578 719 1651 prtecipue
783 1567 1022 1631 induxit,
1074 1562 1324 1634 quoniam
1387 1556 1489 1610 hoc
1553 1557 1872 1622 prtcceptom

289 1675 414 1726 aliis
455 1637 578 1725 erat
625 1661 929 1733 antiquius,
975 1664 1032 1711 et
1079 1654 1282 1721 majore
1324 1644 1707 1704 observabatur
1747 1637 1874 1692 reli-

289 1766 480 1829 gione;
509 1758 604 1813 sed
649 1770 743 1825 per
761 1749 1052 1819 discipulos
1084 1743 1211 1798 illud
1236 1740 1437 1794 statuit.
1469 1737 1542 1790 Ita
1571 1746 1758 1802 magna
1790 1743 1877 1784 res

289 1863 447 1919 erat,
477 1862 534 1906 ut
579 1865 700 1904 cum
741 1843 984 1912 discipuli
1036 1847 1154 1908 post
1193 1844 1396 1889 tantum
1429 1840 1638 1897 tempus
1681 1823 1880 1879 vellent

291 1915 442 2002 illam
492 1945 782 2011 abrogare,
842 1937 1012 2004 primo
1057 1933 1199 1987 illaut
1253 1924 1627 1987 adhilmerint,
1686 1915 1880 1973 deinde

293 2010 645 2102 abrogariut.
682 2031 813 2086 Vide
865 2036 1040 2083 autem
1093 2020 1360 2095 quomodo
1413 2017 1583 2086 legem
1643 2010 1878 2066 inducat.

295 2135 387 2188 10.
429 2100 558 2185 Cum
613 2125 902 2178 advocasset
947 2119 1078 2171 enim
1123 2112 1328 2174 turbas,
1372 2107 1573 2175 inquit,
1607 2104 1735 2157 dixit
1769 2100 1878 2164 eis,

296 2223 486 2277 Audite
509 2227 555 2273 et
581 2215 861 2283 intelligite.
894 2208 1079 2278 Neque
1109 2205 1250 2258 enim
1277 2197 1588 2268 simpliciter
1627 2193 1757 2261 ipsis
1783 2191 1883 2244 hoc

297 2312 610 2374 annuntiat,
663 2305 756 2360 sed
800 2302 950 2372 prius
979 2298 1181 2352 honore
1220 2303 1378 2361 atque
1418 2283 1674 2354 obsequio
1709 2289 1884 2336 atten-

299 2408 501 2461 tionem
544 2396 780 2456 sermoni
819 2407 920 2449 suo
960 2387 1208 2446 conciliat
1252 2384 1376 2453 (hoc
1399 2379 1542 2435 enim
1568 2372 1886 2444 signiﬁcavit

266 2494 269 2495 ⁷
297 2495 626 2566 evangelista
656 2505 776 2544 cum
807 2486 976 2550 dixit,
1008 2481 1136 2536 Cum
1161 2477 1450 2532 adeat-asset
1475 2468 1715 2538 deinde),
1759 2479 1885 2519 nec-

299 2604 409 2643 non
437 2554 502 2640 ex
535 2579 790 2652 temporis
813 2571 1229 2645 Opportunitate.
1276 2565 1561 2632 Postquam
1599 2557 1738 2610 cuitu
1767 2554 1886 2607 illos

298 2681 669 2738 confutaverat
707 2683 760 2727 et
804 2671 1036 2728 vicerat,
1075 2671 1348 2734 postquam
1376 2670 1441 2710 ex
1472 2649 1727 2722 propheta
1769 2643 1888 2698 red-

300 2777 585 2843 arguerat,
630 2774 757 2818 tunc
805 2760 974 2830 legem
1022 2755 1164 2810 ferre
1227 2747 1446 2818 incipit,
1511 2757 1631 2795 cmn
1685 2736 1888 2792 facilius

302 2870 552 2936 poterant
591 2857 732 2914 dicta
780 2852 1064 2918 excipere;
1123 2858 1224 2899 nec
1267 2841 1428 2896 modo
1475 2837 1734 2897 adrocat,
1793 2830 1886 2885 sed

302 2923 620 3013 intentiores
664 2947 856 3005 reddit.
898 2942 1199 3013 lnteltigite,
1241 2935 1446 3006 inquit;
1489 2931 1592 2984 hoc
1629 2937 1742 2992 est,
1787 2923 1888 2977 Co-

302 3053 470 3122 gitate
487 3090 503 3111 ,
525 3048 760 3101 animum
790 3040 981 3109 erigite
998 3076 1015 3103 ,
1038 3031 1330 3088 attentione
1365 3025 1520 3094 digna
1545 3029 1626 3076 est
1648 3019 1731 3073 lex
1768 3031 1888 3070 mox

303 3139 610 3197 scribenda.
657 3133 788 3188 Nam
820 3131 862 3184 si
903 3127 980 3182 illi
1021 3134 1260 3191 tempore
1295 3133 1399 3170 non
1431 3119 1788 3169 consentaneo
1814 3106 1892 3161 lc-

303 3247 428 3304 gem
478 3227 757 3284 solverunt
811 3227 1028 3288 propter
1071 3209 1408 3268 traditionem
1458 3217 1642 3267 suam,
1690 3208 1744 3254 et
1795 3210 1892 3251 vos

305 3289 533 3378 audistis
568 3317 688 3372 illos
725 3330 740 3367 :
782 3310 950 3376 multo
980 3305 1146 3375 magis
1188 3317 1274 3356 me
1313 3297 1494 3355 audire
1519 3301 1765 3363 Oportet,
1801 3289 1890 3359 qui

307 3425 554 3484 tempore
598 3414 898 3476 opportuno
944 3399 1010 3453 ad
1050 3394 1306 3466 majorem
1359 3403 1452 3444 vos
1499 3381 1889 3458 philosophiam

311 3473 532 3562 induco.
586 3473 696 3555 Nec
732 3497 904 3556 dixit,
952 3488 1094 3546 Nihil
1140 3495 1223 3541 est
1267 3483 1508 3537 ciborum
1552 3473 1890 3536 observatio,

307 3597 426 3659 vel,
456 3593 665 3664 Moyses
690 3587 741 3642 id
769 3585 908 3639 male
935 3576 1188 3652 praecepit
1209 3616 1221 3636 ,
1250 3572 1332 3627 vel
1367 3584 1487 3625 sese
1511 3567 1662 3621 vobis
1699 3573 1893 3618 attem-

309 3655 561 3762 peravit;
596 3679 689 3734 sed
729 3675 877 3747 quasi
918 3665 1256 3725 admonendo
1295 3672 1350 3716 et
1385 3655 1743 3719 consulendo,
1783 3662 1833 3707 et
1862 3667 1892 3706 a

311 3742 495 3835 ζει-ωτι
539 3742 725 3826 natura
749 3742 1116 3821 testimonium
1156 3754 1422 3824 accipiens
1449 3749 1580 3805 dicit
1607 3764 1621 3802 :
1654 3747 1741 3801 11.
1773 3742 1893 3796 Νοη

310 3886 424 3940 qua:
451 3868 646 3920 intrant
679 3862 734 3913 in
768 3875 852 3920 os,
883 3853 1208 3924 coinquinant
1248 3846 1500 3901 hominem
1521 3883 1536 3906 ,
1566 3839 1655 3894 sed
1687 3851 1801 3906 quae
1835 3850 1898 3888 ea:

314 3929 401 4016 ore
428 3957 706 4028 procedunt
734 3967 755 4007 :
784 3946 1074 4004 secundum
1109 3943 1280 4011 ipsum
1324 3946 1565 3991 naturam
1587 3974 1603 3998 ,
1642 3939 1698 3986 et
1725 3929 1896 3998 legem

315 4024 521 4122 profert
567 4056 621 4100 et
664 4041 982 4099 sententiam
1010 4035 1159 4090 dicit.
1208 4031 1330 4087 itare
1361 4028 1434 4082 illi
1473 4024 1751 4079 audientes
1791 4033 1897 4073 non

315 4112 752 4198 contradixerunt
774 4174 788 4194 ,
834 4145 1006 4200 neque
1052 4126 1339 4188 dixerunt,
1367 4118 1503 4188 Quid
1546 4125 1603 4170 tu
1629 4112 1741 4168 ais?
1777 4126 1899 4165 cum

317 4239 460 4292 Deus
502 4233 572 4289 de
612 4230 854 4286 ciborum
894 4220 1265 4279 observatione
1306 4217 1584 4270 innumera
1629 4219 1900 4278 praecepe-

316 4330 420 4390 rit.
450 4336 508 4380 tu
540 4317 843 4392 huiusmodi
875 4315 1018 4384 leges
1049 4306 1250 4366 tradis?
1276 4305 1368 4361 sed
1405 4304 1526 4374 quia
1555 4299 1900 4355 vehementer

317 4423 442 4476 illos
467 4390 793 4487 represserat
813 4452 827 4473 ,
857 4425 962 4462 non
1005 4400 1327 4460 coufutando
1365 4397 1569 4456 Solum,
1600 4392 1692 4447 sed
1723 4390 1899 4445 dolum

320 4516 561 4582 ipsorum
619 4508 673 4561 iu
730 4503 962 4559 medium
1007 4494 1314 4559 allen-cudo,
1371 4505 1435 4546 ac
1489 4501 1606 4557 quae
1642 4486 1777 4539 clam
1830 4480 1902 4534 illi

322 4613 666 4667 struxerant,
730 4612 1028 4666 arcanaque
1088 4590 1281 4646 mentis
1330 4599 1515 4642 eorum
1578 4576 1903 4639 revelando,

324 4716 448 4756 cum
488 4695 704 4752 silentio
743 4697 1099 4747 recesserunt.
1141 4683 1221 4739 Tu
1263 4695 1391 4734 vero
1429 4674 1556 4731 mihi
1592 4667 1864 4743 perpende
1887 4708 1902 4731 ,

326 4787 598 4863 quomodo
648 4799 747 4840 nec
795 4779 1073 4836 manifeste
1121 4789 1219 4828 nec
1280 4770 1452 4840 palam
1491 4766 1560 4821 de
1594 4762 1725 4818 cibis
1767 4759 1910 4813 edis—

325 4855 494 4943 serat.
524 4879 754 4948 Ideoque
784 4890 887 4929 non
913 4872 1078 4934 dixit,
1118 4866 1260 4927 Cibi,
1291 4861 1383 4918 sed
1407 4902 1422 4927 ,
1457 4859 1566 4923 Ea,
1607 4855 1906 4922 quwitigre-

325 4977 572 5036 diautur,
605 4985 708 5024 non
750 4963 1076 5032 coinquinant
1119 4957 1404 5016 hominem;
1446 4949 1584 5021 quod
1616 4948 1774 5003 etiam
1818 4956 1912 5010 po-

327 5073 510 5122 terant
559 5061 629 5116 de
664 5057 826 5114 illotis
883 5053 1126 5109 manibus
1164 5045 1442 5115 suSpicari.
1503 5041 1622 5110 ipse
1682 5046 1912 5102 namque

325 5159 397 5214 de
451 5154 593 5211 cibis
628 5147 981 5220 quuehatur;
1023 5147 1336 5213 poteratque
1375 5147 1548 5188 tamen
1589 5127 1806 5196 intelligi
1846 5124 1914 5178 de

326 5246 493 5304 illotis
523 5219 790 5299 manibus.
830 5237 998 5292 Tanta
1041 5234 1183 5287 enim
1218 5238 1334 5283 erat
1376 5224 1614 5279 ciborum
1658 5219 1915 5272 observa-

327 5339 437 5403 tio,
480 5343 540 5388 ut
582 5334 744 5388 etiam
787 5337 906 5397 post
945 5318 1390 5379 resurrectionem
1433 5313 1621 5367 Petrus
1658 5308 1860 5363 diceret
1897 5317 1913 5355 :

333 5427 492 5492 Non,
543 5422 796 5485 Domine,
835 5418 953 5489 quia
1009 5427 1284 5484 numquam
1329 5419 1625 5468 commune,
1679 5409 1767 5453 aut
1818 5399 1918 5451 im-

332 5489 576 5574 mundum
622 5514 746 5586 quid
786 5507 981 5566 σοηιριιι
1035 5505 1173 5575 (Act.
1220 5501 1308 5556 to.
1351 5499 1463 5569 tt).
1511 5491 1729 5550 Etiamsi
1777 5489 1918 5544 enim

331 5613 560 5669 aliarum
598 5621 761 5664 causa
808 5604 924 5658 haec
952 5600 1189 5663 diceret,
1223 5603 1279 5648 ut
1316 5590 1415 5646 sibi
1463 5587 1720 5642 adversus
1761 5595 1920 5636 accu-

334 5715 539 5762 satores
575 5697 954 5758 defensionem
1001 5695 1245 5761 pararet,
1295 5679 1708 5746 ostenderetque
1749 5689 1809 5728 se
1833 5686 1924 5727 re-

335 5800 566 5868 stitisse,
597 5806 773 5866 neque
796 5788 876 5845 sic
910 5783 963 5841 id
990 5783 1089 5838 sibi
1119 5789 1435 5836 concessum
1461 5770 1626 5827 fuisse
1644 5807 1662 5840 ,
1691 5776 1924 5823 attamen

1308 336 1375 395 ΙΝ
1413 322 1822 392 ΜΑῙὝΗΕΗΜ
1861 319 2092 379 ΗΟΜΙΙ..
2131 319 2217 377 LI.
2259 321 2329 376 al.
2370 318 2478 376 Lll.

3441 305 3550 363 5M

1966 435 2194 490 ostendit
2216 450 2457 504 magnam
2488 432 2644 502 hujus
2673 432 2749 486 rei
2774 444 2955 484 curam
2986 436 3041 482 et
3071 425 3396 496 opinionem.
3426 421 3550 476 Ideo

1963 527 2206 582 Christus
2226 528 2278 581 in
2302 525 2562 596 principio
2596 539 2704 578 non
2736 524 2806 578 ita
2834 531 3019 592 aperte
3043 519 3111 574 de
3135 518 3270 572 cibis
3296 516 3548 585 loquutus

1963 628 2073 684 est,
2102 618 2194 672 sed
2233 616 2394 679 dixit,
2427 615 2553 680 Qua:
2591 630 2682 685 per
2703 631 2759 668 os
2791 612 3144 683 ingrediuntur
3181 625 3199 664 :
3235 622 3298 662 ac
3326 618 3510 660 rursus
3532 642 3550 670 ,

1965 725 2086 765 cum
2128 708 2457 765 manifestius
2488 707 2586 783 hac
2619 706 2687 760 de
2731 721 2789 761 re
2833 713 3014 774 postea
3057 702 3310 770 loquutus
3336 696 3552 751 videre-

1969 815 2056 858 tur
2078 845 2094 870 ,
2125 819 2154 858 a
2188 803 2294 856 line
2322 803 2407 856 illa
2432 801 2767 855 obumbravit
2793 798 2977 854 dicens
3005 814 3020 850 :
3050 795 3219 850 Illotis
3243 801 3410 846 autem
3445 805 3557 842 ma-

1968 895 2114 949 nibus
2155 893 2463 948 manducare
2505 909 2606 946 non
2649 891 2937 959 coinquinat
2981 887 3274 941 hominem:
3318 891 3376 937 ut
3434 881 3559 934 ltinc

1970 989 2240 1043 videretur
2269 987 2475 1041 initium
2516 985 2743 1046 ducere,
2789 981 3105 1051 interimque
3144 979 3233 1034 illa
3261 977 3329 1033 de
3363 990 3422 1031 re
3449 973 3561 1029 dis-

1973 1081 2224 1136 seruisse.
2247 1079 2471 1150 idcirco
2496 1093 2602 1132 non
2645 1075 2808 1140 dixit,
2837 1072 3090 1129 Ciborum
3111 1085 3237 1126 esus
3269 1084 3375 1124 non
3405 1069 3559 1121 coin-

1972 1175 2156 1243 quinat
2175 1172 2475 1235 hominem;
2508 1169 2600 1224 sed
2627 1169 2775 1240 quasi
2811 1165 2881 1220 de
2913 1165 3016 1219 alia
3056 1179 3116 1218 re
3155 1161 3432 1230 disputans
3453 1200 3470 1226 ,
3502 1165 3562 1211 ut

1977 1265 2110 1320 nihil
2150 1271 2369 1333 possent
2408 1261 2482 1317 illi
2509 1261 2764 1331 objicere.
2806 1257 2931 1313 Haec
2969 1271 3089 1311 cum
3129 1253 3440 1316 audissent,
3475 1249 3559 1303 itt-

1975 1360 2118 1428 qnit,
2147 1356 2490 1412 scandalizati
2520 1363 2678 1418 sunt,
2712 1350 2963 1407 Pharisaei
2991 1363 3207 1417 nempe,
3240 1361 3344 1399 non
3368 1344 3557 1399 turban

1978 1449 2066 1505 12.
2109 1448 2415 1502 Accedentes
2459 1446 2632 1508 enim,
2684 1444 2877 1514 inquit,
2910 1439 3151 1510 discipuli
3193 1439 3302 1507 ejus
3328 1437 3563 1490 dia-erunt

1978 1542 2068 1595 ei:
2099 1539 2214 1595 Scis
2253 1539 2373 1607 quia
2421 1535 2703 1596 Pharisaei.
2734 1534 2908 1586 audito
2943 1532 3037 1586 hoc
3080 1529 3230 1584 verba
3251 1568 3268 1593 ,
3305 1525 3565 1581 scandati-

1979 1635 2079 1687 sati
2107 1633 2268 1685 sunt?
2299 1631 2362 1685 Et
2388 1639 2563 1684 tamen
2595 1626 2998 1682 nihiladversus
3025 1637 3120 1678 eos
3146 1621 3345 1675 dictum
3373 1618 3564 1671 fuerat.

1981 1724 2116 1792 Quid
2149 1723 2307 1792 igitur
2340 1719 2618 1775 Christus?
2652 1719 2766 1774 Non
2799 1716 2956 1772 solvit
3001 1712 3310 1768 scandalum
3337 1721 3524 1765 eorum
3548 1747 3563 1770 ,

1983 1816 2076 1872 sed
2106 1815 2432 1884 increpavit,
2477 1814 2662 1868 dicens
2691 1829 2708 1866 :
2739 1812 2828 1866 15.
2861 1808 3038 1862 Omnis
3089 1803 3370 1876 plantatio,
3413 1816 3567 1871 quam

1984 1923 2084 1960 non
2112 1906 2357 1976 plantavit
2397 1905 2548 1958 Pater
2589 1919 2729 1956 meus
2762 1900 2972 1954 caelestis
2992 1939 3008 1965 ,
3055 1895 3412 1953 eradicabitur.
3455 1892 3568 1947 No-

1985 2007 2135 2054 verat
2179 2000 2322 2052 enim
2362 1995 2698 2067 quandonam
2751 1991 2999 2047 scandala
3040 1986 3428 2046 contemnenda
3452 2025 3466 2049 ,
3515 1990 3569 2040 et

1984 2092 2197 2163 quando
2248 2106 2353 2144 non
2404 2087 2742 2159 despicienda
2788 2095 2960 2141 erant.
3003 2084 3141 2137 Alibi
3190 2081 3384 2150 quippe
3429 2078 3503 2132 ait
3551 2093 3566 2130 :

1990 2184 2073 2239 Ne
2096 2182 2495 2237 scandalizemus
2518 2196 2631 2243 eos,
2675 2179 2815 2232 mitte
2856 2177 3062 2229 [tantum
3085 2174 3140 2226 in
3177 2187 3319 2225 mare
3355 2168 3568 2238 (Matth.

1991 2278 2080 2332 17.
2107 2276 2240 2346 26);
2277 2275 2363 2328 hic
2401 2288 2530 2328 vero
2557 2272 2686 2327 dicit
2717 2288 2730 2322 :
2766 2271 2852 2325 14.
2896 2267 3060 2323 Sinite
3087 2265 3236 2328 illos,
3264 2262 3383 2316 eieci
3419 2269 3569 2321 sunt,

1989 2378 2036 2423 et
2078 2369 2228 2422 duces
2275 2380 2542 2420 meorum.
2606 2361 2779 2417 Caecus
2827 2371 2994 2414 autem
3053 2359 3096 2411 si
3142 2371 3273 2408 circa
3333 2351 3572 2405 ducatum

1991 2469 2220 2528 proruet,
2248 2457 2395 2511 ambo
2427 2458 2482 2511 in
2511 2459 2705 2526 foveam
2733 2452 2931 2505 cadent.
2963 2448 3090 2504 Ha'c
3117 2455 3296 2502 autent
3324 2443 3572 2499 dicebant

1991 2551 2270 2620 discipuli,
2317 2563 2422 2603 non
2452 2556 2558 2601 tant
2587 2544 2727 2615 quod
2768 2541 2836 2597 de
2865 2541 2970 2595 illis
2993 2539 3267 2599 dolerent,
3295 2535 3389 2590 sed
3429 2531 3572 2603 quod

1994 2658 2046 2702 et
2073 2647 2173 2717 ipsi
2219 2646 2547 2714 aliquantum
2595 2639 2953 2693 turbarentur.
2985 2633 3120 2700 Quia
3149 2646 3274 2686 vero
3321 2645 3428 2683 non
3471 2642 3570 2680 au-

1995 2739 2191 2795 debant
2238 2735 2366 2791 illud
2409 2749 2472 2788 ex
2506 2730 2718 2802 propria
2751 2741 2976 2798 persona
3020 2724 3230 2786 dicere,
3277 2721 3328 2774 in
3377 2733 3565 2772 narra-

1997 2835 2138 2888 tione
2171 2830 2240 2885 de
2291 2829 2408 2882 aliis
2442 2825 2678 2881 instituta
2730 2821 2781 2875 id
2831 2818 3071 2874 ediscere
3115 2813 3384 2868 volebant.
3441 2811 3572 2864 Nam

1993 2926 2135 2998 quod
2163 2937 2252 2979 res
2284 2921 2354 2976 ita
2389 2935 2448 2975 se
2472 2917 2665 2972 habeat
2684 2955 2700 2978 ,
2727 2912 2848 2967 audi
2883 2907 3150 2981 quomodo
3176 2915 3357 2977 postea
3388 2904 3575 2956 Petrus

1998 3019 2212 3076 fervens
2240 3017 2359 3079 ille,
2388 3013 2476 3084 qui
2520 3024 2734 3078 semper
2761 3005 2908 3076 prior
2933 3000 3172 3065 accedit,
3199 2999 3344 3052 dicat
3375 3015 3386 3048 :
3424 2993 3576 3047 Edis-

1994 3127 2098 3166 sere
2126 3109 2266 3164 nobis
2306 3104 2599 3177 parabolam
2619 3102 2747 3153 hanc
2780 3093 2990 3165 (Matth.
3023 3093 3109 3148 i5.
3139 3089 3264 3160 l5);
3303 3088 3466 3141 animi
3491 3086 3573 3140 sui

1997 3201 2446 3274 perturbationem
2503 3192 2814 3251 declarans,
2861 3201 2959 3241 nec
3005 3183 3210 3237 audens
3255 3179 3424 3248 palam
3489 3177 3574 3229 di-

1995 3310 2151 3358 cere,
2204 3291 2305 3344 hoc
2351 3286 2450 3342 sibi
2508 3279 2826 3338 ollendiculo
2890 3290 3043 3336 esse,
3095 3272 3192 3328 sed
3237 3284 3462 3340 rogans,
3517 3283 3576 3320 se

1996 3390 2357 3446 commotum,
2449 3371 2884 3443 interpretatione
2969 3364 3177 3429 sedari;
3256 3370 3577 3432 quapropter

1997 3475 2158 3531 etiam
2218 3474 2519 3539 increpatus
2571 3463 2687 3519 fuit.
2753 3459 2889 3528 Quid
2939 3457 3097 3528 igitur
3156 3455 3232 3508 ait
3291 3451 3578 3508 Christus?

2000 3566 2178 3623 Omnis
2219 3560 2467 3633 plantatio
2491 3600 2505 3624 ,
2561 3571 2713 3627 quam
2764 3569 2865 3606 non
2927 3547 3167 3619 plantavit
3219 3544 3377 3600 Pater
3437 3558 3580 3596 meus

1999 3659 2246 3721 (celestis,
2295 3650 2652 3708 eradicabitur.
2705 3647 2816 3700 lloc
2845 3643 2912 3697 de
2962 3643 3074 3710 lege
3108 3640 3305 3693 dictum
3353 3635 3581 3688 aﬂ'erunt

2004 3756 2036 3809 ii
2065 3753 2152 3822 qui
2204 3748 2616 3803 Manichaeorum
2667 3739 2855 3794 morbo
2895 3735 3138 3790 laborant
3164 3731 3274 3802 (a);
3319 3729 3412 3784 sed
3459 3743 3578 3797 qua:

2003 3818 2148 3916 prius
2172 3845 2312 3898 dicta
2357 3845 2515 3902 sunt,
2548 3850 2642 3888 ora
2673 3833 2880 3886 illorum
2914 3827 3218 3881 obstruunt.
3267 3820 3398 3875 Nam
3443 3820 3485 3871 si
3511 3818 3582 3872 de

2003 3911 2118 4006 lege
2153 3934 2404 3994 dixisset,
2436 3923 2706 3997 quomodo
2735 3935 2892 3987 supra
2923 3917 3096 3985 legem
3116 3911 3479 3972 defendisset,
3517 3923 3582 3962 ac

2003 4003 2099 4100 pro
2145 4043 2205 4081 ea
2247 4027 2530 4095 pugnasset
2559 4010 2955 4071 dicendo:Cur
2998 4003 3408 4077 transgredimini
3433 4018 3582 4055 mauo

2005 4093 2179 4176 datum
2221 4093 2310 4169 Ilei
2349 4129 2438 4184 per
2465 4107 2787 4163 traditionem
2813 4099 3070 4156 uestram?
3112 4093 3380 4166 quomodo
3403 4101 3581 4147 autem

2007 4214 2318 4286 prophetam
2365 4207 2418 4261 in
2463 4202 2696 4258 medium
2742 4195 2944 4252 inducit
2986 4191 3254 4246 dicentem
3303 4206 3316 4240 :
3353 4184 3584 4254 Populus

2008 4279 2283 4362 hic'labiis
2335 4315 2414 4353 me
2469 4298 2722 4356 honorat,
2771 4300 2877 4345 etc.
2940 4284 3046 4341 Sed
3097 4283 3166 4338 de
3212 4281 3314 4335 illis
3359 4279 3489 4349 ipsis
3529 4286 3586 4333 et

2007 4403 2074 4456 de
2106 4392 2476 4453 traditionibus
2503 4401 2688 4441 eorum
2722 4383 2838 4437 lucc
2877 4378 3127 4448 loquitur.
3173 4373 3302 4426 Nam
3349 4371 3394 4427 si
3447 4369 3590 4423 Deus

2008 4491 2174 4554 dixit,
2247 4485 2458 4539 Honora
2516 4487 2708 4550 patrem
2772 4482 2912 4524 tuum
2935 4510 2952 4535 ,
3017 4478 3063 4521 et
3122 4474 3329 4518 matrem
3392 4471 3588 4514 tuam:

2010 4579 2281 4654 quomodo
2299 4577 2348 4631 id
2379 4573 2520 4644 quod
2541 4587 2569 4623 a
2596 4570 2704 4624 Deo
2731 4566 2928 4620 dictum
2956 4569 3058 4622 est,
3088 4575 3191 4613 non
3224 4564 3306 4612 est
3334 4553 3592 4623 platttatio

2015 4677 2105 4732 Dei
2124 4676 2150 4729 ἲ

2085 4767 2137 4821 4.
2171 4762 2226 4818 ld
2265 4759 2428 4816 etiam
2479 4751 2620 4824 quod
2668 4748 2907 4817 sequitur
2944 4741 3166 4814 probat,
3197 4738 3262 4793 de
3293 4737 3396 4791 illis
3421 4744 3478 4792 et
3523 4733 3592 4788 de

2018 4850 2390 4912 traditionilms
2441 4844 2653 4899 illorum
2711 4838 2826 4893 hmc
2869 4835 3008 4888 dicta
3040 4831 3202 4886 fuisse
3255 4849 3268 4883 :
3317 4842 3437 4880 nam
3463 4825 3594 4879 sub-

2013 4950 2190 5020 junxit
2218 4963 2232 4998 :
2259 4941 2392 5000 Circi
2419 4947 2534 4994 sunt
2575 4936 2726 4989 duces
2761 4943 3023 4984 clarorum.
3059 4925 3112 4979 Si
3138 4922 3207 4977 de
3250 4923 3367 4989 lege
3417 4919 3468 4973 id
3513 4920 3596 4971 lo-

2020 5049 2217 5110 quutus
2245 5036 2427 5090 luisset
2448 5075 2463 5099 ,
2493 5030 2737 5084 dicturus
2765 5031 2880 5078 erat
2899 5063 2914 5086 ,
2959 5021 3070 5076 Dux
3100 5027 3178 5072 est
3227 5030 3398 5070 caicus
3426 5027 3599 5067 caeco-

2020 5149 2173 5196 rum;
2221 5142 2403 5184 verum
2448 5139 2551 5178 non
2601 5122 2670 5174 ita
2721 5117 2886 5180 dixit,
2933 5113 3061 5176 sed,
3117 5109 3282 5163 Duces
3330 5116 3444 5162 sunt
3481 5105 3600 5158 carri

2022 5238 2302 5282 caecorum,
2347 5217 2516 5285 legem
2559 5212 2627 5267 ab
2655 5207 2992 5264 accusatione
3018 5202 3327 5264 vindicans,
3360 5199 3411 5252 in
3457 5197 3603 5250 illos-

2023 5331 2125 5385 que
2166 5323 2332 5368 totum
2363 5305 2673 5362 refundens.
2720 5298 2919 5355 Deinde
2957 5305 3014 5351 ut
3043 5293 3249 5349 turbam
3297 5288 3364 5342 ab
3393 5288 3494 5340 illis
3518 5287 3603 5337 di-

2026 5407 2245 5463 vclleret
2269 5443 2284 5466 ,
2320 5417 2384 5452 uc
2426 5399 2479 5451 in
2511 5391 2815 5448 barathrum
2851 5389 2916 5440 ab
2945 5384 3073 5454 ipsis
3100 5380 3454 5450 dejiceretur,
3481 5376 3555 5429 ait
3587 5389 3604 5429 :

2029 5499 2088 5554 Si
2118 5510 2282 5550 cazcus
2310 5505 2496 5545 meum
2539 5486 2722 5546 ducat,
2767 5477 2989 5533 amboin
3031 5475 3224 5544 foveant
3267 5466 3464 5523 cadent.
3495 5465 3607 5521 Ma.

2031 5602 2188 5660 gnum
2215 5583 2426 5655 quidem
2453 5577 2652 5633 malum
2682 5571 2893 5627 czccitas
2918 5575 3000 5622 est
3046 5583 3061 5620 :
3104 5563 3196 5618 sed
3222 5575 3342 5617 esse
3373 5572 3609 5625 caecum,

2101 5762 2172 5822 (α)
2209 5754 2450 5809 ttanicbmi
2477 5751 2641 5812 legem
2665 5757 2760 5794 non
2784 5754 2812 5789 a
2829 5739 2942 5788 Deo
2965 5743 3100 5786 Patre
3125 5744 3236 5783 esse
3254 5729 3501 5780 dicebant.
