4028 6152
497 303 602 360 M5

500 437 599 477 nec
629 422 825 478 habere
848 421 1070 485 ducem,
1102 428 1162 474 et
1187 435 1244 473 se
1267 419 1459 472 ducem
1488 416 1754 486 praebere,
1789 412 1840 466 id
1885 411 2080 480 duplex

500 514 802 584 triplexque
847 513 1052 566 crimen
1103 519 1209 564 est.
1255 508 1389 565 Nam
1442 507 1487 562 si
1533 505 1888 576 periculosum
1937 516 2082 556 caeco

499 617 583 662 est
609 649 624 670 ,
659 623 762 659 non
811 604 1008 659 habere
1037 603 1259 666 ducem,
1296 601 1462 655 multo
1506 597 1857 669 periculosius
1898 595 2000 649 erit
2037 595 2078 648 si

500 714 559 751 se
603 697 756 750 alteri
800 695 987 750 ducem
1019 695 1275 763 praebeat.
1306 691 1441 758 Quid
1487 691 1646 760 igitur
1693 687 1917 742 Petrus?
1964 686 2079 741 Non

499 789 668 852 dixit,
697 787 804 841 Cur
858 786 974 840 hch
1019 784 1240 839 dixisti?
1286 783 1379 837 sed
1425 782 1576 852 quasi
1625 780 1704 835 rei
1757 779 2081 834 obscuritate

501 891 719 944 pressus
741 876 1055 948 interrogat.
1089 875 1198 929 Nec
1231 875 1358 929 dicit
1387 885 1403 922 :
1428 873 1536 927 Cur
1560 881 1742 926 contra
1787 871 1958 940 legem
1999 871 2080 923 lo-

497 978 691 1036 quutus
721 968 819 1023 es?
850 968 1069 1022 timebat
1097 967 1238 1021 enim
1279 981 1346 1019 ne
1375 964 1763 1018 scandalizatus
1808 963 1971 1016 fuisse
1996 961 2072 1014 vi-

497 1061 746 1125 deretur;
773 1059 870 1114 sed
916 1060 1065 1128 quasi
1093 1057 1318 1111 obscura
1348 1071 1434 1110 res
1461 1062 1609 1110 esset
1647 1054 1899 1122 loquitur.
1927 1053 2078 1118 Quod

496 1167 629 1206 vero
669 1168 775 1207 non
806 1151 1147 1206 obscuritatis
1172 1163 1367 1212 causa,
1414 1147 1510 1202 sed
1562 1147 1702 1216 quod
1754 1144 2079 1200 scandaliza-

495 1255 674 1308 retur,
722 1245 839 1298 haec
861 1243 1090 1303 dixerit,
1127 1242 1298 1310 palam
1343 1250 1423 1294 est
1455 1258 1466 1292 :
1502 1239 1628 1292 nihil
1673 1238 1814 1292 enim
1861 1237 1927 1292 ibi
1979 1237 2077 1290 ob-

495 1335 765 1390 scuritatis
818 1335 1004 1389 iuerat.
1059 1332 1316 1398 Quocirca
1369 1330 1610 1385 Christus
1658 1329 1898 1396 increpat
1956 1328 2077 1382 illos

495 1427 727 1481 dicens:
773 1425 861 1480 16.
917 1424 1097 1477 Adhuc
1135 1440 1222 1478 vos
1269 1423 1419 1476 etiam
1462 1422 1571 1476 sine
1616 1421 1869 1474 intellectu
1913 1420 2077 1475 estis?

496 1520 626 1574 Nam
657 1519 827 1574 turbae
847 1517 1066 1572 forsitan
1089 1517 1228 1571 dicta
1253 1532 1358 1570 non
1386 1515 1759 1570 intellexerunt
1785 1531 1797 1566 :
1828 1514 1924 1582 ipsi
1948 1529 2077 1569 vero

495 1610 836 1666 scandalizati
873 1609 1104 1665 fuerant.
1149 1608 1327 1676 Quare
1369 1608 1548 1672 initio;
1595 1606 1744 1674 quasi
1785 1607 1851 1659 de
1894 1605 2078 1659 Phari-

495 1704 616 1756 $.l'lS
664 1703 1086 1770 interrogantes,
1145 1699 1385 1754 ediscere
1429 1696 1708 1763 volebant;
1756 1697 1842 1749 ubi
1896 1703 2074 1750 autem

493 1794 779 1848 audierunt
815 1808 935 1847 eum
959 1792 1193 1861 graviter
1215 1788 1632 1844 comminantem
1675 1803 1738 1842 ac
1763 1788 2030 1842 dicentem
2055 1829 2071 1852 ,

497 1885 676 1938 Omnis
715 1884 999 1952 plantatio,
1047 1898 1200 1951 quant
1260 1896 1361 1934 non
1414 1879 1658 1949 plantavit
1723 1877 1882 1933 Pater
1934 1895 2074 1932 meus

491 1977 731 2043 rwlestis,
772 1973 1138 2040 eradicabitur,
1166 1981 1254 2034 et,
1286 1970 1419 2025 chi
1441 1979 1558 2025 sunt
1599 1969 1751 2024 duces
1790 1985 2068 2035 cazcorum,

489 2069 724 2135 repressi
764 2078 906 2122 sunt.
958 2066 1063 2121 Sed
1123 2065 1310 2119 Petrus
1351 2078 1564 2132 semper
1607 2061 1835 2126 ardens,
1883 2076 1950 2116 ne
1994 2061 2075 2116 sic

488 2161 702 2230 quidem
735 2168 914 2213 tacere
955 2157 1160 2226 potuit,
1203 2154 1297 2208 sed
1325 2154 1452 2208 dicit
1482 2170 1495 2206 :
1529 2153 1615 2208 {5.
1665 2151 1904 2206 Edissere
1930 2152 2072 2206 nobis

490 2251 789 2323 paraboiam
837 2251 987 2302 Itane.
1018 2247 1156 2316 Quid
1203 2260 1331 2315 ergo
1377 2244 1661 2300 Christus?
1696 2243 2071 2298 Vehementius

490 2341 776 2412 respondet
827 2357 840 2392 :
888 2341 1069 2393 Adhuc
1118 2338 1267 2390 etiam
1317 2352 1406 2392 vos
1459 2336 1568 2390 sine
1618 2335 1872 2389 intellectu
1913 2334 2071 2389 estis?

491 2439 577 2494 Π.
610 2436 851 2491 Nondum
895 2433 1194 2503 itttelligitis.
1226 2430 1349 2486 Haec
1392 2429 1527 2484 dixit
1556 2431 1866 2498 increpans,
1914 2437 1971 2484 ttt
2002 2428 2070 2482 il-

491 2530 660 2584 lorum
700 2525 1097 2598 praeiudicium
1136 2522 1442 2592 opinionem
1478 2520 1728 2588 ejiceret,
1759 2534 1859 2575 nec
1910 2519 2070 2574 finem

488 2621 696 2678 dicendi
739 2621 891 2681 fecit,
920 2617 1015 2672 sed
1045 2617 1162 2672 hinc
1201 2614 1437 2685 adjecit:
1467 2613 1632 2668 Omne
1673 2613 1808 2683 quod
1835 2613 1988 2666 intrat
2015 2613 2070 2667 in

489 2730 578 2778 cs,
641 2714 698 2766 in
751 2720 970 2764 ventrem
1026 2705 1198 2773 vadit,
1255 2715 1303 2761 et
1358 2707 1417 2760 in
1480 2721 1730 2759 secessum
1793 2705 2070 2768 emittitur;

490 2805 576 2860 18.
606 2819 719 2873 quin
753 2811 918 2856 autem
957 2799 1232 2871 procedunt
1277 2813 1344 2852 ea:
1391 2813 1512 2857 ore,
1563 2796 1626 2849 de
1673 2795 1822 2848 corde
1847 2803 2028 2850 exeunt
2049 2832 2067 2860 ,

489 2906 532 2954 tt
553 2896 644 2950 illa
668 2893 994 2963 coinquinant
1022 2892 1293 2956 hominem.
1338 2887 1420 2942 l9.
1455 2885 1533 2940 De
1554 2886 1706 2938 corde
1729 2885 1863 2938 enim
1885 2893 2071 2940 exeunt

487 2989 810 3060 cogitationes
860 2985 1044 3047 malae,
1087 2981 1392 3042 homicidia,
1439 2980 1722 3044 adulteria,
1774 2978 2069 3049 fornicatio-

487 3099 608 3146 nes,
664 3082 836 3151 furta,
883 3077 1246 3146 blasphemia,
1295 3074 1428 3142 falsa
1477 3072 1780 3128 testimonia.
1839 3071 1930 3128 20.
1999 3070 2069 3128 Et

489 3174 594 3226 hinc
621 3181 735 3225 sunt
777 3186 890 3239 qure
928 3169 1252 3237 coinquinant
1293 3165 1561 3219 hominem.
1591 3163 1714 3218 Non
1749 3163 1864 3218 lotis
1901 3171 2070 3216 autem

487 3265 717 3319 manibus
744 3263 1083 3324 manducare,
1119 3277 1220 3314 non
1255 3258 1544 3328 coinquinat
1580 3256 1848 3310 hominem.
1881 3254 2068 3310 Viden‘

486 3373 646 3427 quam
679 3354 1028 3409 vehementer
1054 3354 1172 3407 illos
1201 3349 1474 3418 increpet?
1514 3347 1716 3403 Deinde
1738 3363 1766 3401 a
1795 3346 2066 3401 (:ounnuui

486 3458 676 3512 natura
725 3445 1150 3505 sermocinatur,
1195 3452 1251 3496 ut
1307 3443 1425 3495 illos
1476 3439 1540 3493 ad
1591 3441 1781 3493 bonam
1833 3446 2066 3492 mentem

487 3542 666 3595 ducat.
709 3538 843 3594 Cum
873 3537 1016 3592 enim
1061 3536 1220 3601 dicit,
1253 3534 1319 3588 lu
1356 3544 1577 3588 ventrem
1617 3533 1786 3597 vadit,
1816 3541 1860 3585 et
1895 3532 1949 3584 in
1990 3547 2069 3584 se-

488 3648 682 3686 cessum
722 3630 992 3693 emittitur,
1033 3627 1208 3682 adhuc
1253 3625 1544 3681 secundum
1594 3623 1872 3680 Judaicum
1917 3622 2067 3692 abie-

486 3734 631 3779 ctum
657 3737 874 3778 sensum
902 3719 1153 3788 loquitur.
1183 3717 1319 3772 Dicit
1339 3718 1516 3782 enim,
1550 3715 1641 3771 illa
1669 3731 1775 3771 non
1804 3729 2026 3771 manere
2047 3753 2064 3778 ,

485 3819 579 3874 sed
623 3813 826 3887 egredi.
859 3813 1190 3883 Quamquam
1220 3812 1430 3867 etiamsi
1473 3817 1780 3877 manerent,
1811 3824 1921 3866 non
1964 3809 2068 3865 imv

484 3907 742 3969 mundum
787 3905 1093 3962 redderent.
1141 3902 1248 3959 Sed
1278 3901 1509 3957 nondum
1557 3911 1805 3972 poterant
1832 3901 1946 3957 haec
1972 3917 2068 3956 au-

481 4001 621 4059 dire.
652 3999 776 4056 ideo
803 3999 1076 4067 legislator
1119 4004 1268 4053 tanto
1297 3994 1515 4049 dimittit
1557 4002 1832 4063 tempore,
1867 4001 2067 4063 quanto

484 4093 629 4149 intus
669 4099 882 4144 maneat
922 4107 939 4144 ς
981 4104 1102 4141 cum
1151 4097 1326 4141 autem
1379 4101 1654 4155 egressum
1722 4085 1908 4147 fuerit,
1958 4102 2064 4139 non

485 4184 645 4237 ultra.
677 4181 912 4248 Vespere
951 4181 1109 4247 igitur
1137 4177 1299 4231 lavari
1319 4176 1504 4245 jubet,
1527 4190 1591 4230 ac
1626 4176 1882 4230 mundum
1907 4190 2062 4241 esse,

483 4272 798 4341 digestionis
827 4279 880 4323 et
905 4268 1233 4336 expulsionis
1258 4276 1466 4336 tempus
1489 4275 1736 4321 accurate
1760 4265 2062 4321 dimetiens.

484 4365 616 4432 Qua:
654 4371 830 4417 autem
860 4359 1036 4415 cordis
1091 4368 1248 4423 sunt,
1293 4357 1494 4426 inquit,
1544 4357 1686 4410 intus
1735 4366 1985 4421 manent,
2013 4366 2068 4411 et

485 4471 605 4510 eum
647 4452 1020 4525 egrediuntur,
1049 4451 1428 4520 coinquinant,
1469 4465 1570 4507 nec
1599 4448 1758 4504 modo
1787 4464 1907 4504 cum
1952 4464 2066 4502 ma-

485 4556 646 4612 nent,
697 4546 749 4602 id
787 4545 1004 4601 faciunt.
1054 4544 1233 4599 Primo
1278 4542 1428 4612 ponit
1473 4540 1638 4595 malas
1679 4541 2061 4610 cogitationes,

482 4637 950 4710 qttothtdatoruut
977 4643 1090 4690 erat
1144 4651 1156 4686 :
1208 4650 1306 4687 uec
1332 4631 1506 4686 adhuc
1550 4646 1580 4684 a
1629 4641 1853 4697 natura,
1896 4630 1988 4685 sed
2031 4646 2064 4685 a

484 4740 638 4795 partu
665 4729 866 4785 ventris
889 4736 946 4783 et
972 4725 1150 4781 cordis
1188 4724 1489 4794 redarguit,
1519 4733 1574 4778 et
1598 4738 1662 4778 ex
1687 4737 1754 4778 eo
1794 4721 1934 4792 quod
1961 4722 2062 4776 alia

485 4823 766 4877 maneant,
805 4815 910 4869 alia
939 4830 1046 4869 non
1073 4815 1222 4868 item.
1266 4816 1382 4869 Alia
1411 4817 1578 4882 enim,
1598 4817 1664 4871 dc
1699 4817 1833 4872 foris
1859 4818 2063 4888 ingres-

482 4921 583 4970 sa,
629 4905 778 4962 foras
822 4922 1017 4963 rursus
1057 4916 1261 4962 exeunt
1293 4927 1306 4962 :
1338 4909 1444 4964 alia
1485 4925 1635 4973 vero,
1679 4911 1825 4965 intus
1859 4911 2060 4979 genita,

483 5012 614 5054 cum
668 5007 904 5061 exeunt,
955 4999 1358 5068 coinquinant,
1410 5007 1468 5054 et
1520 5007 1650 5054 tunc
1691 4999 1902 5071 magis,
1936 5016 2062 5056 cum

483 5089 850 5155 egrediuntur.
897 5084 1137 5139 Nominat
1170 5085 1312 5138 enim
1358 5092 1642 5153 poterant,
1675 5093 1730 5138 ut
1775 5085 1917 5148 dixi,
1948 5084 2063 5139 lta-c

477 5191 600 5233 cum
639 5175 952 5246 congruenti
987 5175 1318 5244 philosophia
1361 5174 1566 5229 audire.
1599 5173 1805 5230 Marcus
1830 5174 1977 5244 (Cap.
2006 5177 2056 5230 7.

480 5270 570 5339 l9)
594 5280 772 5324 autem
797 5267 956 5330 dicit,
989 5267 1161 5336 ipsum
1190 5266 1254 5320 ad
1284 5266 1582 5336 purgandos
1608 5266 1757 5320 cibos
1773 5268 1886 5321 hate
1903 5267 2064 5320 dixis-

479 5379 572 5430 se;
605 5379 708 5418 non
761 5372 936 5417 tamen
997 5361 1047 5415 id
1099 5359 1392 5429 expressit,
1421 5358 1560 5428 quod
1608 5358 1730 5412 talia
1777 5358 2058 5412 comedere

481 5469 587 5508 non
619 5452 929 5522 coinquinet
973 5451 1246 5505 hominem
1297 5465 1310 5502 :
1363 5464 1468 5502 non
1499 5448 1641 5503 enim
1672 5448 1962 5502 voluissent
1991 5448 2055 5500 il-

480 5547 591 5600 lum
619 5555 726 5600 tam
755 5545 899 5600 clare
937 5545 1240 5613 loquentem
1280 5541 1486 5596 audire.
1521 5539 1642 5595 ldeo
1668 5539 1783 5595 bace
1809 5539 2010 5594 addidit
2041 5558 2055 5594 :

482 5635 604 5690 Non
643 5635 758 5689 lotis
800 5634 1030 5688 manibus
1078 5632 1382 5686 manducare
1403 5673 1418 5696 ,
1447 5648 1548 5684 non
1575 5633 1864 5698 coinquinat
1892 5631 2056 5683 homi-

483 5742 620 5781 nem.
650 5725 924 5781 Discamus
950 5738 1079 5796 ergo
1099 5738 1342 5795 quaenam
1372 5723 1715 5794 coinquiueut
1739 5723 2006 5781 hominem
2037 5741 2052 5778 :

1203 301 1262 359 S.
1303 299 1577 358 JOANNIS
1611 292 2084 353 CHRYSOSTOMI
2126 292 2440 348 ARCHIEP.
2479 294 3014 354 CONSTANTINOP.

3672 304 3774 361 επις

2189 409 2451 466 discamus
2480 412 2627 479 inec,
2655 424 2710 468 et
2736 415 3018 484 fugiamus.
3043 414 3174 470 Nam
3205 416 3257 471 in
3284 416 3507 473 ecclesia
3533 418 3783 475 videmus

2189 501 2330 558 hunc
2371 519 2574 559 morem
2622 505 2762 576 apud
2809 509 3002 562 multos
3026 507 3234 578 vigere,
3268 509 3358 579 qui
3411 511 3624 565 mundis
3677 527 3777 568 ve-

2187 593 2358 648 stibus
2404 593 2602 651 intrare
2650 596 2892 662 student,
2953 598 3186 668 itemque
3235 601 3356 654 lotis
3397 601 3671 668 manibus;
3722 616 3780 658 ut

2188 699 2316 738 vero
2351 685 2584 742 animant
2629 702 2815 756 puram
2845 689 2957 743 Deo
2982 690 3208 756 sistant,
3253 691 3383 746 nihil
3410 704 3619 748 curant.
3652 694 3781 751 [hoc

2190 791 2351 844 porro
2371 777 2526 843 diro,
2560 795 2666 834 non
2716 781 2856 848 quod
2910 781 3218 850 prohibeam
3250 799 3441 838 manus
3479 786 3563 841 vel
3593 802 3655 841 os
3696 789 3777 842 la-

2187 881 2310 921 vare
2331 909 2346 934 ,
2377 869 2471 923 sed
2502 870 2642 938 quod
2671 872 2826 925 velint
2851 872 2918 926 ita
2951 872 3111 926 lavari
3143 882 3198 927 ut
3225 889 3319 942 par
3343 885 3463 941 est,
3498 891 3604 931 non
3636 892 3779 947 aqua

2185 956 2356 1010 solum
2378 997 2392 1020 ,
2434 958 2527 1012 sed
2574 961 2872 1016 virtutibus.
2905 962 3038 1017 Nam
3066 965 3255 1019 sordes
3297 967 3408 1021 oris
3436 977 3564 1022 sunt
3604 969 3777 1022 male-

2186 1047 2355 1113 dicta,
2415 1048 2780 1120 blasphemia,
2847 1054 3182 1117 convicium,
3246 1057 3408 1111 verba
3485 1059 3777 1115 iracundia:

2186 1137 2361 1204 plena,
2389 1142 2472 1195 vel
2498 1141 2747 1198 obscena
2768 1185 2782 1209 ,
2812 1143 3032 1200 ridicula
3053 1187 3069 1211 ,
3102 1147 3363 1202 scurrilia.
3397 1148 3454 1203 Si
3497 1164 3626 1220 ergo
3679 1152 3771 1204 tihi

2184 1229 2430 1284 conscius
2469 1230 2544 1286 sis
2574 1232 2702 1286 nihil
2731 1233 2836 1288 tale
2859 1233 3058 1290 dixisse
3100 1244 3184 1303 te,
3213 1252 3386 1307 neque
3414 1238 3496 1294 bis
3524 1240 3774 1296 sordibus

2187 1321 2482 1388 inquinari,
2514 1339 2633 1378 cum
2677 1325 2866 1380 fiducia
2913 1327 3142 1393 accede;
3173 1329 3253 1383 sin
3305 1331 3496 1386 millies
3527 1333 3623 1388 has
3672 1338 3770 1389 ad-

2185 1413 2371 1468 misisti
2419 1417 2686 1482 maculas,
2716 1434 2813 1473 cur
2864 1419 3056 1475 frustra
3109 1422 3340 1492 linguam
3388 1426 3596 1495 abluis,
3639 1429 3771 1485 dunt

2186 1506 2513 1574 perniciosas
2534 1519 2589 1563 et
2618 1511 2803 1564 noxias
2824 1513 3011 1569 sordes
3041 1513 3094 1567 in
3122 1515 3206 1568 illa
3231 1518 3574 1576 circumfers?

2343 1598 2456 1662 Qua
2483 1600 2678 1654 ratione
2701 1602 2952 1656 orandum
2975 1604 3058 1656 sit.
3075 1605 3296 1661 -—Nam
3332 1607 3416 1664 dic
3443 1611 3572 1664 mihi
3597 1653 3610 1673 ,
3634 1613 3677 1666 si
3710 1614 3771 1668 fi-

2184 1701 2325 1741 mum
2369 1699 2424 1743 et
2469 1690 2632 1745 lutum
2674 1709 2783 1762 prae
2829 1695 3072 1751 manibus
3120 1696 3374 1768 haberes,
3423 1717 3491 1756 an
3540 1705 3771 1760 auderes

2180 1782 2377 1835 orare?
2408 1781 2769 1854 Nequaquam.
2801 1786 3051 1844 Attamen
3085 1790 3214 1844 nihil
3241 1791 3367 1848 hinc
3392 1793 3570 1850 damni
3597 1815 3609 1858 ;
3638 1798 3770 1854 illttd

2178 1882 2354 1927 autem
2383 1875 2740 1942 perniciosum
2765 1887 2862 1932 est.
2898 1879 3005 1934 Cur
3033 1896 3160 1951 ergo
3188 1883 3239 1936 in
3281 1883 3438 1940 rebus
3465 1886 3771 1945 indiil‘eren-

2180 1965 2321 2020 tibus
2359 1971 2494 2035 pius,
2530 1968 2579 2022 in
2607 1969 2889 2038 prohibitis
2911 1972 2979 2025 ita
3005 1973 3278 2044 negligens
3306 1992 3365 2032 es
3390 1978 3413 2030 ἶ)
3440 1978 3576 2046 Quid
3603 1984 3769 2052 ergo?

2180 2057 2420 2128 inquies;
2455 2076 2558 2114 non
2602 2064 2810 2131 precari
2852 2068 3106 2135 oportet?
3135 2066 3361 2136 Oportet
3400 2073 3637 2141 quidem,
3673 2076 3768 2130 sed

2179 2167 2283 2205 non
2318 2154 2564 2208 sordibus
2611 2156 2956 2224 maculatum,
2997 2176 3100 2214 non
3129 2170 3274 2215 tanto
3302 2177 3457 2218 emno
3491 2177 3764 2222 onustum.

2176 2243 2312 2309 Quid
2341 2243 2386 2300 si
2406 2259 2532 2300 casu
2559 2246 2739 2316 lapsus
2761 2248 2952 2304 fuero?
2979 2250 3151 2321 Perga
3179 2253 3424 2322 teipsum.
3446 2255 3725 2324 Quomodo
3743 2261 3768 2312 2

2177 2334 2343 2404 Luge,
2371 2350 2544 2404 geme,
2573 2338 2965 2411 elecmosynam
2995 2357 3173 2412 eroga,
3203 2360 3365 2415 purga
3395 2355 3448 2402 te
3470 2349 3612 2418 apud
3641 2366 3766 2406 eum

2176 2440 2333 2494 quem
2360 2429 2679 2482 contumelia
2711 2430 2957 2498 affecisti,
2984 2433 3267 2490 reconcilia
3307 2446 3360 2492 te
3389 2436 3484 2503 illi,
3519 2439 3767 2511 absterge

2177 2516 2432 2586 linguam,
2463 2534 2530 2575 ne
2558 2520 2770 2589 gravius
2799 2521 2962 2577 Deum
2991 2525 3184 2580 irrites.
3215 2526 3349 2580 Nam
3376 2531 3419 2582 si
3450 2533 3570 2599 quis
3591 2533 3767 2589 sordi~

2175 2605 2314 2661 datis
2342 2617 2580 2664 stercore
2617 2611 2860 2668 manibus
2892 2614 3056 2682 pedes
3088 2625 3205 2671 tuos
3228 2619 3536 2688 supplicans
3578 2631 3764 2693 tange-

2176 2707 2276 2764 ret,
2297 2713 2401 2754 uon
2429 2700 2590 2755 modo
2616 2701 2759 2770 illum
2784 2719 2887 2758 non
2910 2705 3145 2773 audires,
3165 2708 3257 2763 sed
3291 2711 3424 2778 pede
3447 2713 3760 2783 impeteres:

2174 2791 2442 2858 quomodo
2464 2792 2628 2848 audes
2657 2795 2735 2850 sic
2764 2795 2931 2851 Deum
2961 2798 3148 2854 adire?
3173 2799 3302 2857 Nam
3334 2803 3506 2874 lingua
3537 2821 3764 2874 precan-

2177 2882 2304 2936 tium
2341 2893 2423 2938 est
2451 2900 2660 2949 manus,
2690 2902 2753 2942 ac
2790 2904 2887 2958 per
2909 2904 3029 2945 eam
3073 2891 3162 2946 Dei
3193 2909 3366 2962 genua
3410 2898 3765 2966 apprehendi-

2175 2991 2315 3029 mus.
2337 2975 2414 3030 Ne
2455 2977 2631 3047 itaque
2661 2979 2802 3032 illam
2831 2983 3208 3051 commacules,
3234 3001 3301 3039 tte
3328 2986 3421 3040 tibi
3456 2988 3594 3042 dicat
3622 2989 3717 3044 ille
3743 3008 3759 3044 :

2177 3068 2238 3121 Si
2259 3068 2710 3137 ntultiplicavcritis
2731 3071 3152 3140 deprecationem,
3187 3092 3285 3128 non
3311 3079 3577 3132 exaudiam
3606 3079 3760 3151 (Isai.

2176 3158 2359 3230 1.15).
2384 3159 2515 3214 Nam
2542 3160 2609 3214 In
2636 3178 2787 3215 manu
2813 3164 2998 3232 lingua:
3023 3165 3123 3218 vita
3152 3175 3348 3222 etmors
3367 3179 3436 3222 est
3458 3168 3640 3240 (Prov.
3674 3173 3760 3229 18.

2174 3249 2233 3303 21
2265 3249 2284 3322 )
2307 3267 2320 3316 ;
2351 3262 2405 3305 et
2431 3251 2515 3305 Ea:
2541 3254 2852 3307 sermonibus
2875 3255 2974 3306 luis
2993 3257 3374 3325 justiﬁcaberis,
3397 3269 3546 3329 atque
3563 3280 3628 3316 ex
3652 3281 3762 3318 ser-

2174 3340 2401 3395 monibus
2445 3342 2542 3395 tuis
2580 3342 2988 3397 condemnaberis
3024 3344 3252 3416 (Matth.
3299 3348 3386 3401 12.
3429 3351 3496 3405 57
3522 3350 3562 3420 ).
3596 3352 3761 3425 Magis

2173 3433 2332 3500 igitur
2357 3448 2516 3503 quam
2556 3434 2810 3505 pupillam
2845 3435 2983 3490 oculi
3017 3436 3248 3508 linguam
3285 3448 3427 3494 tuam
3469 3446 3762 3499 custodias.

2175 3525 2372 3596 Regius
2397 3527 2611 3596 quidam
2649 3544 2818 3596 equus
2845 3538 2931 3584 est
2975 3529 3174 3599 lingua.
3205 3531 3259 3586 Si
3290 3549 3418 3603 ergo
3445 3535 3518 3590 illi
3552 3535 3763 3592 frenum

2175 3620 2482 3684 immiseris,
2507 3631 2564 3676 et
2587 3622 2847 3677 concinne
2879 3623 2955 3677 ire
2985 3623 3262 3692 docueris,
3285 3642 3378 3680 rex
3407 3627 3459 3681 iu
3490 3629 3579 3682 illa
3609 3632 3765 3685 sedc-

2176 3711 2253 3765 bit
2277 3719 2333 3765 ct
2356 3710 2626 3780 quiescet;
2659 3713 2744 3766 sin
2775 3712 3035 3768 infrenem
3068 3715 3182 3770 fieri
3213 3727 3267 3771 et
3282 3716 3470 3787 jactari
3505 3722 3764 3789 permise-

2175 3801 2269 3866 ris,
2310 3801 2505 3858 diaboli
2547 3813 2602 3859 et
2641 3802 2945 3860 daemonum
2991 3805 3295 3862 vehiculum
3339 3810 3462 3866 erit.
3506 3810 3586 3866 Tu
3634 3827 3763 3868 vero

2173 3896 2386 3967 quando
2409 3913 2529 3953 cum
2558 3913 2724 3954 uxore
2742 3899 3096 3967 concubuisti,
3124 3900 3266 3971 quod
3292 3917 3421 3957 sane
3449 3904 3603 3973 culpa
3633 3905 3762 3961 libe-

2173 4007 2289 4044 rum
2315 3999 2416 4056 est,
2449 3991 2652 4059 precari
2679 4005 2785 4045 non
2811 3990 3009 4057 audes;
3038 4001 3157 4060 post
3183 3992 3481 4048 convicium
3504 4003 3682 4052 autem
3709 4007 3762 4052 et

2173 4083 2545 4137 contumeliam
2571 4124 2587 4146 ,
2617 4097 2736 4152 quae
2757 4082 3050 4152 gehennam
3078 4092 3372 4150 merentur,
3394 4095 3679 4154 antequam
3711 4098 3762 4144 te

2176 4175 2341 4242 probe
2365 4175 2691 4245 purgaveris,
2714 4176 2956 4230 extendis
2981 4176 3210 4230 manus?
3233 4185 3288 4231 et
3313 4179 3601 4248 quomodo,
3617 4196 3762 4250 qua:-

2174 4280 2252 4328 so,
2284 4281 2390 4318 non
2439 4264 2801 4333 perhorrescis
2819 4267 2843 4316 ’ἐ
2867 4266 2982 4321 Νοη
3009 4266 3202 4320 audisti
3231 4266 3448 4322 Paulum
3470 4269 3756 4336 dicentem,

2177 4358 2487 4422 Honorabili!
2500 4359 2813 4428 conjugium,
2843 4369 2889 4412 et
2918 4368 3056 4412 torus
3075 4359 3429 4414 immaculatus
3457 4360 3653 4430 (Hebr.
3672 4365 3761 4419 15.

2172 4453 2206 4506 4
2230 4450 2247 4520 )
2271 4452 2294 4504 ?
2327 4451 2380 4505 Si
2409 4459 2584 4505 autem
2611 4465 2678 4504 ex
2701 4451 3040 4505 immaculato
3077 4460 3192 4504 toro
3211 4466 3437 4522 surgens
3461 4468 3564 4506 non
3593 4454 3767 4510 audes

2171 4542 2237 4599 ad
2284 4544 2580 4599 orationem
2625 4543 2904 4609 accedere,
2932 4558 3055 4597 cum
3099 4558 3165 4598 ex
3195 4554 3310 4598 toro
3353 4545 3619 4600 diabolico
3664 4548 3762 4612 sis,

2170 4653 2267 4692 cur
2332 4636 2588 4692 horribile
2659 4636 2784 4690 illud
2852 4636 3192 4706 lerribileque
3256 4652 3450 4694 nomen
3511 4639 3765 4696 invocare

2171 4730 2372 4785 audes?
2417 4727 2618 4783 Diaboli
2648 4728 2842 4797 quippe
2871 4727 3039 4781 lectus
3075 4735 3157 4782 est
3198 4727 3250 4781 in
3295 4728 3550 4784 conviciis
3577 4739 3633 4784 et
3660 4746 3765 4800 op-

2171 4821 2398 4891 probriis
2424 4818 2587 4874 lavari
2615 4817 2709 4890 (a).
2741 4819 2818 4873 Ac
2849 4819 2993 4873 velut
3015 4818 3342 4887 perniciosus
3366 4819 3579 4890 quidam
3611 4821 3766 4876 adul-

2173 4921 2254 4966 ter
2295 4911 2568 4966 iracnndia
2625 4924 2725 4964 nos
2769 4923 2890 4964 cum
2945 4924 3134 4980 magna
3179 4911 3449 4981 voluptate
3513 4911 3763 4978 invadit,

2172 5004 2467 5074 perniciosa
2511 5004 2564 5058 iu
2614 5003 2768 5058 nobis
2813 5002 3017 5070 jaciens
3073 5003 3314 5068 semina,
3362 5011 3417 5058 et
3468 5002 3766 5059 diabolicas

2167 5097 2390 5165 gignens
2421 5094 2745 5154 inimicitias,
2769 5109 2830 5147 ac
2854 5103 3038 5148 contra
3067 5093 3389 5148 conuubium
3407 5094 3585 5148 omnia
3612 5094 3762 5148 facit.

2169 5189 2298 5242 Nam
2327 5188 2632 5256 eonjugium
2680 5186 2728 5239 id
2773 5185 2901 5240 facit
2945 5195 3003 5239 ut
3048 5185 3154 5239 duo
3182 5187 3288 5240 sint
3328 5199 3454 5240 caro
3493 5200 3630 5248 una;
3677 5185 3761 5239 ita

2166 5298 2295 5336 vero
2320 5266 2417 5335 eos
2435 5281 2524 5349 qui
2563 5278 2731 5348 juncti
2771 5288 2896 5334 sunt
2923 5278 2976 5331 in
3017 5287 3192 5346 partes
3225 5276 3449 5340 dividit,
3480 5277 3763 5345 ipsamque

2167 5373 2399 5426 animam
2443 5371 2638 5426 scindit
2682 5378 2738 5424 et
2792 5369 3011 5423 lacerat.
3055 5367 3124 5422 Ut
3167 5368 3342 5437 itaque
3384 5383 3505 5422 ctnn
3563 5367 3760 5421 fiducia

2168 5463 2334 5522 Deum
2370 5462 2551 5525 adeas,
2597 5462 2727 5514 iram
2759 5467 2812 5514 te
2849 5458 3188 5514 invadentem
3219 5473 3286 5512 ne
3331 5457 3578 5512 admittas
3601 5497 3616 5521 ,
3660 5458 3760 5513 sed

2165 5553 2315 5623 quasi
2342 5551 2583 5607 rabidum
2609 5565 2796 5604 canem
2826 5548 3055 5620 depelle.
3087 5547 3219 5603 lllud
3247 5548 3387 5602 enim
3412 5546 3604 5600 Paulus
3635 5543 3760 5616 jus-

2156 5675 2605 5804 ἱαέαέίΝέἓέἓῖὶρὲ
2629 5678 2802 5728 horum
2829 5681 3214 5730 consonantiam.
3242 5704 3297 5713 -
3326 5676 3455 5728 Vidit
3480 5679 3643 5742 Ficld,

2327 5775 2340 5790 .
2526 5777 2536 5789 .
2585 5755 2701 5788 'Dl‘l'.

2327 5775 2340 5790 ο
2366 5755 2536 5790 Διιηοι.
2565 5755 2701 5790 ινιτ.
