4028 6152
358 318 457 375 517

358 433 554 505 σχύνῃς
581 434 681 506 τὴν
724 436 1001 504 γλῶτταν·
1060 439 1181 493 ἐπεὶ
1215 440 1332 504 πῶς
1370 443 1510 516 ὑπὲρ
1542 445 1635 497 σοῦ
1669 445 2011 516 δεηθήσεται,

349 521 479 572 ὅταν
504 521 604 590 τὴν
655 525 860 577 οἰκείαν
910 528 1216 596 παρρησίαν
1249 529 1519 602 ἀπολέσῃς
1548 532 1683 586 ἀλλὰ
1739 533 2017 603 κόσμησον

350 607 521 678 αὐτὴν
566 611 851 681 ἐπιεικείᾳ,
905 615 1401 687 ταπεινοφροσύνῃ·
1451 620 1676 689 ποίησον
1709 619 1866 685 ἀξίαν
1923 619 2016 673 τοῦ

353 696 837 767 παρακαλουμένου
861 699 995 752 Θεοῦ
1017 718 1028 729 ·
1068 702 1312 770 εὐλογίας
1348 707 1516 777 αὐτὴν
1538 707 1835 777 ἔμπλησον,
1864 708 2016 777 ἐλεη-

356 779 594 850 μοσύνης
618 784 835 854 πολλῆς.
870 787 1026 840 "Em
1047 788 1157 860 γὰρ
1185 792 1278 843 καὶ
1310 791 1398 845 διὰ
1431 794 1692 864 ῥημάτων
1718 794 2016 866 ἐλεημοσύ-

351 882 450 934 νην
479 872 669 923 ποιεῖν.
704 872 984 938 Κρεῖττον
1015 876 1123 945 γάρ
1148 879 1350 945 λόγος,
1374 879 1412 947 ἢ
1446 880 1618 946 δόσις
1641 896 1657 912 ·
1688 881 1801 945 καὶ,
1849 882 2013 934 Ἀπο-

351 953 583 1020 κρίθητι
623 954 701 1020 τῷ
750 958 963 1027 πτωχῷ
994 962 1064 1013 ἐν
1109 966 1396 1031 πραΰτητι
1444 966 1732 1033 εἰρηνικά.
1781 968 1891 1021 Καὶ
1924 967 2014 1020 τὸν

349 1038 506 1091 ἄλλον
533 1040 591 1094 δὲ
617 1041 831 1097 ἅπαντα
847 1047 1039 1115 χρόνον
1067 1052 1132 1119 τῇ
1172 1052 1419 1122 διηγήσει
1465 1054 1571 1105 τῶν
1611 1053 1769 1108 θείων
1804 1054 2013 1107 καλλώ-

349 1124 472 1190 πιζε
494 1129 693 1197 νόμων.
726 1131 901 1185 Πᾶσα
932 1135 1041 1204 γάρ
1063 1136 1101 1203 ἡ
1132 1136 1414 1207 διήγησίς
1442 1154 1558 1193 σου
1578 1140 1734 1193 ἔστω
1754 1142 1824 1194 ἐν
1852 1142 2014 1209 νόμῳ

360 1211 675 1299 ’Υψίστοω
704 1216 893 1282 Οὕτως
923 1222 1150 1285 ἑαυτοὺς
1174 1226 1549 1296 κοσμήσαντες
1582 1228 2013 1299 προσερχώμεθα

344 1297 425 1369 τῷ
454 1300 694 1365 Βασιλεῖ,
737 1307 828 1359 καὶ
860 1306 1145 1377 πίπτωμεν
1190 1311 1281 1364 ἐπὶ
1310 1313 1532 1380 γόνατα,
1584 1314 1658 1383 μὴ
1688 1297 1766 1385 τῷ
1792 1297 2009 1386 σώματι

349 1389 528 1455 μόνον,
560 1391 695 1443 ἀλλά
724 1394 815 1446 καὶ
835 1398 899 1466 τῇ
929 1393 1152 1466 διανοίᾳ.
1198 1398 1567 1471 Ἐννοήσωμεν
1588 1403 1692 1455 τίνι
1718 1405 2008 1474 πρόσιμεν,

343 1475 440 1561 καὶ
454 1476 594 1548 ὑπὲρ
613 1479 791 1542 τίνων,
824 1484 915 1535 καὶ
934 1484 984 1535 τί
1005 1485 1312 1556 βουλόμενοι
1337 1489 1548 1543 ἀνύσαι.
1580 1489 1699 1561 Θεῷ
1719 1492 2008 1561 πρόσιμεν,

342 1560 402 1613 ὃν
434 1566 502 1615 τά
539 1565 789 1637 Σεραφὶμ
830 1570 1001 1623 ἰδόντα
1027 1573 1124 1636 τὰς
1152 1574 1303 1643 ὄψεις
1346 1560 1684 1646 ἀπέστρεψεν
1711 1560 1777 1644 ’³,
1809 1579 1869 1634 οὐ
1890 1560 2005 1647 ἐφέ-

345 1663 511 1715 ροντα
537 1650 636 1720 τὴν
666 1650 987 1725 λαμπηδόνα
1013 1675 1027 1689 °
1080 1658 1139 1710 ὃν
1167 1662 1200 1731 ή
1245 1663 1315 1731 γῆ
1350 1660 1621 1729 βλέπουσα
1644 1664 1853 1733 τρέμει.
1887 1663 2005 1733 Θεῴ

344 1735 634 1805 πρόσιμεν,
686 1740 764 1809 τῷ
809 1742 921 1809 φῶς
953 1744 1186 1799 οἰκοῦντι
1240 1749 1547 1817 ἀπρόσιτον.
1588 1751 1694 1803 Καὶ
1745 1751 2009 1820 πρόσιμεν

344 1822 486 1893 ὑπὲρ
514 1827 736 1898 γεέννης
755 1831 1092 1904 ἀπαλλαγῆς,
1129 1835 1268 1905 ὑπὲρ
1297 1838 1707 1909 ἁμαρτημάτων
1740 1840 2006 1908 ἀφέσεως,

344 1908 484 1982 ὑπὲρ
501 1911 595 1965 τοῦ
623 1913 847 1985 λυθῆναι
876 1918 972 1982 τάς
998 1921 1305 1993 ἀφορήτους
1325 1926 1456 1995 ήμῖν
1477 1908 1745 1995 τιμωρίας
1773 1926 2004 1988 ἐκείνας,

342 1997 480 2068 ὑπὲρ
520 2000 612 2054 τοῦ
657 2002 764 2056 τῶν
799 2005 1044 2075 οὐρανῶν
1085 2012 1267 2080 τυχεῖν
1310 2012 1405 2064 καὶ
1444 2011 1553 2065 τῶν
1582 2014 1596 2043 ¹
1648 2012 1869 2078 ἀγαθῶν
1899 2011 2008 2066 τῶν

343 2086 479 2137 ἐκεῖ.

415 2179 491 2237 ς’.
517 2175 921 2247 Προσπέσωμεν
952 2180 1131 2234 τοίνυν
1161 2183 1256 2235 καὶ
1294 2182 1369 2252 τῷ
1404 2182 1616 2253 σώματι
1664 2187 1759 2237 καὶ
1791 2186 1857 2255 τῇ
1894 2184 2009 2237 δια-

341 2262 477 2334 νοίᾳ,
507 2264 595 2317 {va
623 2266 783 2328 αὐτὸς
803 2269 951 2336 ἡμᾶς
976 2270 996 2299 ²
1014 2270 1291 2344 ἀναστήσῃ
1327 2274 1611 2341 κειμένους
1636 2290 1650 2303 ·
1678 2273 1814 2342 μετά
1840 2275 2011 2326 ἐπιει-

341 2349 497 2411 κείας
525 2349 893 2422 διαλεχθῶμεν
923 2354 1015 2407 καὶ
1047 2356 1351 2427 πραότητος
1393 2358 1629 2427 ἀπάσης.
1669 2359 1777 2412 Καὶ
1800 2357 1885 2422 τίς
1920 2358 2011 2411 οὓ-

342 2451 448 2497 τως
478 2436 679 2502 ἄθλιος,
717 2441 871 2509 φησὶ,
906 2442 999 2494 καὶ
1027 2441 1402 2513 ταλαίπωρος,
1442 2445 1516 2508 ὡς
1542 2446 1599 2497 ἐν
1632 2445 1764 2517 εὐχῇ
1814 2446 1888 2517 μὴ
1913 2461 2011 2514 γε·

340 2524 530 2578 νέσθαι
575 2528 865 2599 ἐπιεικής;
913 2530 970 2582 Ὀ
1019 2530 1158 2600 μετά
1198 2533 1339 2602 ἀρᾶς
1372 2532 1681 2603 εὐχόμενος,
1714 2534 1807 2586 καὶ
1835 2531 2009 2603 θυμοῦ

340 2612 569 2684 πληρῶν
602 2615 814 2681 ἑαυτὸν,
858 2618 951 2671 καὶ
993 2618 1102 2671 τῶν
1146 2619 1355 2691 ἐχθρῶν
1406 2621 1709 2674 καταϐοῶν.
1750 2622 1814 2674 El
1852 2622 1961 2691 γὰρ
1986 2620 2010 2653 ³

341 2699 522 2768 βούλει
553 2707 897 2775 κατηγορεῖν,
937 2706 1134 2759 σαυτοῦ
1181 2708 1494 2779 κατηγόρει.
1531 2708 1680 2781 [5‘28]
1732 2710 1794 2762 Εἰ
1830 2708 2009 2779 βούλει

340 2790 441 2862 τὴν
471 2791 717 2861 γλῶτταν
748 2796 948 2865 ἀκονᾷν
979 2800 1071 2851 καὶ
1097 2798 1305 2869 θήγειν,
1328 2800 1469 2853 κατά
1488 2801 1595 2853 τῶν
1628 2802 1735 2854 σῶν
1753 2804 2008 2875 ἁμαρτη-

342 2879 550 2948 μάτων.
598 2883 709 2935 Kal
739 2882 813 2954 μή
858 2883 909 2937 τί
958 2884 1144 2956 ἕτερός
1178 2902 1237 2939 σε
1288 2888 1581 2955 εἰργάσατο
1620 2888 1788 2941 κακὸν
1820 2889 2005 2961 εἴπῃς,

340 2966 476 3021 ἀλλά
517 2968 574 3022 τί
603 2971 665 3023 σύ
702 2971 897 3024 σαυτὸν
949 2973 1191 3043 εἰργάσω
1213 2989 1226 3004 ·
1279 2973 1437 3028 τοῦτο
1469 2976 1577 3045 γάρ
1625 2976 1864 3045 μάλιστά
1893 2979 2008 3031 ἐστι

339 3058 530 3110 κακόν.
576 3057 709 3111 Οὐδέ
740 3058 848 3129 γάρ
879 3060 1063 3131 ἕτερός
1092 3062 1151 3114 σέ
1179 3078 1261 3125 τις
1294 3062 1548 3133 ἀδικῆσαι
1586 3063 1872 3134 δυνήσεται
1897 3106 1911 3131 ,
1940 3063 2008 3118 ἂν

344 3141 421 3213 μὴ
457 3144 520 3196 σὺ
556 3145 752 3197 σαυτὸν
801 3146 1015 3216 ἀδικῇς.
1062 3147 1223 3200 Ὥστε
1264 3150 1311 3201 εί
1353 3148 1493 3201 κατά
1525 3150 1631 3202 τῶν
1681 3148 2011 3205 ἀδικούντων

339 3228 593 3296 γενέσθαι
613 3230 809 3299 βούλει,
844 3232 984 3286 κατά
1016 3234 1212 3288 σαυτοῦ
1249 3236 1511 3306 πρόσελθε
1560 3236 1806 3307 πρῶτον·
1835 3237 2011 3303 οὐδεὶς

340 3318 371 3369 6
398 3316 622 3370 κωλύων
644 3333 655 3348 ·
682 3317 757 3382 ὡς
792 3318 859 3373 ἂν
898 3320 1038 3375 κατά
1070 3322 1260 3392 ἐτέρου
1306 3323 1628 3395 προσέλθῃς,
1657 3323 1879 3394 μείζονα
1902 3324 2011 3379 ἀδι-

342 3405 531 3477 κηθεὶς
554 3407 817 3479 ἀπῆλθες.
847 3411 981 3464 Τίνα
1006 3411 1063 3464 δὲ
1083 3412 1220 3476 ὅλως
1258 3413 1352 3466 καὶ
1381 3414 1596 3467 ἀδικίαν
1625 3414 1768 3485 ἔχεις
1793 3416 2011 3485 είπεῖνδ

344 3494 467 3549 ὀτι
498 3497 525 3547 6
554 3494 701 3548 δεῖνα
736 3494 947 3566 ὕϐρισε,
977 3498 1069 3551 καὶ
1118 3500 1333 3570 ἥρπασε
1354 3542 1369 3565 ,
1408 3501 1501 3554 καὶ
1535 3500 1800 3565 κινδύνοις
1855 3519 2012 3575 περι-

342 3581 569 3646 έϐαλεν;
607 3582 764 3636 Ἀλλά
786 3584 942 3638 τοῦτο
969 3587 1069 3639 οὐκ
1100 3588 1247 3640 ἔστιν
1278 3588 1587 3657 ἠδικῆσθαι,
1636 3590 1751 3643 ἀλλ’
1793 3591 1887 3645 ἐάν
1912 3593 2010 3662 νή-

343 3686 552 3737 φωμεν,
584 3672 675 3724 καὶ
712 3671 1036 3740 ὠφελεῖσθαι
1066 3674 1133 3726 τά
1161 3675 1411 3743 μέγιστα.
1458 3677 1515 3729 ’0
1545 3678 1650 3746 γάρ
1682 3680 2013 3750 ἠδικημένος

340 3757 370 3809 6
401 3757 469 3809 τά
493 3752 713 3812 τοιαῦτα
742 3759 763 3790 ⁸
796 3762 1028 3831 ποιήσας
1054 3764 1199 3815 ἐστὶν
1223 3805 1237 3825 ,
1279 3764 1376 3834 οὐχ
1406 3767 1434 3817 6
1480 3764 1684 3819 παθών.
1720 3768 1828 3819 Καὶ
1855 3766 2012 3819 τοῦτο

344 3844 581 3914 μάλιστά
632 3848 750 3901 ἐστι
803 3846 867 3900 16
916 3850 1133 3903 πάντων
1162 3852 1334 3905 αίτιον
1389 3852 1497 3905 τῶν
1531 3853 1738 3918 κακῶν,
1770 3855 1852 3907 ὅτι
1890 3853 2010 3906 οὐδέ

343 3934 499 4004 ῐσμεν
526 3936 608 3999 τίς
659 3937 792 3990 ποτέ
837 3940 984 3991 ἐστιν
1018 3940 1045 3992 ὁ
1075 3940 1446 4011 ἀδικούμενος,
1500 3945 1593 3995 καὶ
1620 3944 1703 4005 τίς
1730 3944 1759 3995 6
1786 3941 2007 3995 ἀδικῶν.

351 4020 440 4085 Ὦς
473 4025 521 4076 εί
548 4024 704 4078 τοῦτο
728 4025 949 4097 ᾔδειμεν
977 4028 1175 4091 καλῶς,
1203 4032 1302 4082 οὐκ
1334 4031 1399 4083 ἂν
1422 4029 1647 4092 ἐαυτούς
1678 4047 1806 4082 ποτε
1828 4029 2012 4100 ἠδική-

343 4111 655 4182 σαμεν,οὐκ
681 4112 747 4166 ἂν
774 4114 893 4166 καθ’
919 4116 1106 4186 ἐτέρου
1132 4115 1439 4186 ηὐξάμεθα,
1474 4117 1736 4185 μαθόντες
1765 4118 1847 4169 ὅτι
1878 4114 2009 4185 παρ’

342 4198 530 4269 ἐτέρου
554 4199 814 4254 ἀδύνατον
837 4202 1028 4256 παθεῖν
1049 4203 1251 4266 κακῶς.
1281 4204 1417 4256 Οὐδὲ
1436 4203 1545 4272 γὰρ
1562 4203 1622 4255 τδ
1645 4204 2007 4274 ἁρπάζεσθαι,

343 4285 480 4338 ἀλλά
495 4285 556 4337 16
584 4286 848 4356 ἁρπάζειν
877 4288 1067 4342 κακόν.
1096 4290 1257 4341 Ὥστε
1279 4291 1327 4343 εί
1351 4290 1450 4359 μὲν
1477 4290 1751 4360 ἥρπασας,
1771 4292 2011 4360 κατηγό-

348 4388 430 4440 ρει
465 4372 689 4425 σαυτοῦ·
716 4374 763 4424 εί
790 4373 847 4426 δέ
878 4375 1157 4446 ἡρπάγης,
1181 4376 1275 4428 καὶ
1296 4376 1456 4446 εὔχου
1484 4377 1625 4449 ὑπὲρ
1655 4378 1748 4431 τοῦ
1774 4380 2012 4452 ήρπακόο

344 4473 456 4520 τος,
490 4458 573 4510 ὅτι
600 4474 659 4509 σε
691 4457 760 4511 τὰ
795 4458 1027 4528 μέγιστα
1059 4459 1285 4531 ὤνησεν.
1325 4462 1388 4515 El
1414 4462 1521 4534 γάρ
1556 4465 1649 4517 καὶ
1684 4464 1760 4534 μὴ
1788 4465 2008 4538 τοιαύτη

416 4567 462 4601 θ’
495 4566 669 4620 ἀπέστ
780 4583 845 4620 αν
881 4567 945 4622 G.
980 4567 1041 4623 ll.
1077 4569 1414 4641 ὑπέστρεψεν
1449 4571 1517 4626 Μ.
1598 4572 1614 4601 ¹
1653 4572 1746 4625 καὶ
1794 4572 1901 4626 τῶν
1958 4572 2009 4628 Si

446 4634 512 4690 Κ.
585 4637 607 4668 ³
631 4565 778 4707 γξῖΐ
802 4638 899 4707 μὲν
934 4637 1065 4693 Εάιι.
1146 4641 1167 4671 δ
1194 4641 1261 4695 τά
1291 4640 1550 4707 τοιαῦταὶ
1570 4642 1740 4695 ταῦτα
1781 4643 1839 4698 L.

2113 4576 2159 4632 ί..
2218 4577 2436 4633 favente
2477 4577 2575 4633 Ge.
2625 4575 2809 4632 caeteri
2862 4576 2957 4629 καὶ
3014 4574 3117 4628 ύτιὲ

2113 4649 2155 4700 tl
2186 4648 2296 4701 τῶν
2326 4646 2748 4707 φιλοχρημάτων
2771 4645 2983 4707 λογίζου
3015 4642 3079 4698 Κ.

708 4637 762 4708 ρ]
802 4637 1072 4718 μεένλίᾱιιἰ
1116 4637 1263 4718 ,⁸.τά
1291 4640 1550 4718 τοιαῦταΙ
1570 4642 1740 4718 ταῦτα
1762 4643 1839 4718 _L.
1876 4637 1967 4718 M._
2011 4646 2031 4676 '
2061 4646 2155 4718 ἐπὶ
2186 4648 2296 4701 τῶν
2326 4646 2748 4718 φιλοχρημάτων
2771 4645 2994 4718 λογίζου,
3015 4642 3079 4718 Κ.

344 4633 408 4689 G.
446 4634 512 4690 Κ.
585 4637 675 4704 ³γς

1254 326 1535 385 JOANNIS
1574 328 2060 388 CHRYSOSTOMI
2099 331 2413 391 ARCHIEP.
2455 332 2994 390 (IONSTANTINOP.

3674 329 3782 386 513

2115 450 2148 521 ἠ
2176 450 2367 520 γνώμη
2407 449 2503 503 τοῦ
2540 451 2920 519 πεποιηκότος,
2953 444 3091 502 ἀλλά
3118 445 3182 499 σὺ
3210 446 3277 499 τὰ
3319 444 3551 516 μέγιστα
3568 443 3790 514 ὠφελή-

2117 537 2238 607 θης,
2272 537 2337 591 ἂν
2364 538 2628 605 γενναίως
2653 538 2900 609 ἐνέγκῃς.
2949 536 3184 588 Ἐκεῖνον
3221 533 3320 604 μὲν
3346 533 3456 606 γὰρ
3486 535 3582 587 καὶ
3610 533 3662 585 οί
3692 531 3791 585 άν-

2116 624 2321 694 θρωποι
2350 626 2438 678 καὶ
2466 626 2515 677 οἱ
2539 624 2669 678 θεῖοι
2694 622 3034 688 ταλανίξουσι
3056 621 3243 690 νόμοι·
3297 620 3357 673 σέ
3392 620 3449 674 δέ
3470 620 3557 673 τὸν
3588 619 3787 689 ἠδικη-

2119 710 2277 778 μένον
2307 712 2398 764 καὶ
2426 710 2744 778 στεφανοῦσι
2776 711 2867 763 καὶ
2894 706 3382 778 ἀνακηρύττουσιν.
3418 706 3555 761 Οὐδέ
3594 705 3707 775 γὰρ
3737 704 3789 756 εί

2117 799 2400 869 πυρέττων
2426 816 2509 863 τις
2534 800 2749 870 ἥρπασε
2775 797 2925 867 παρά
2946 813 3090 858 τινος
3112 795 3333 861 ἀγγεῖον
3358 792 3503 865 ὕδωρ
3525 792 3669 863 ἔχον,
3691 790 3792 843 καὶ

2114 890 2412 962 ἐνεφορήθη
2458 891 2557 959 τῆς
2584 886 2852 958 βλαϐερᾶς
2894 886 3208 956 ἐπιθυμίας,
3240 883 3327 937 τὸν
3362 881 3683 952 ἁρπαγέντα
3708 878 3792 932 εί-

2116 995 2312 1048 ποιμεν
2368 977 2432 1030 ἂν
2483 974 2793 1046 ἠδικῆσθαι,
2832 973 2967 1026 ἀλλά
3020 973 3111 1025 τὸν
3160 972 3518 1042 ἁρπάσαντα·
3556 969 3647 1020 τὸν
3674 967 3791 1036 γὰρ

2116 1067 2347 1137 πυρετὸν
2386 1064 2611 1136 ηὐξησε,
2661 1064 2754 1115 καὶ
2799 1061 2897 1133 τὴν
2928 1061 3081 1115 νόσον
3115 1058 3504 1131 χαλεπωτέραν
3536 1054 3784 1125 ἐποίησε.

2114 1154 2284 1208 Τοῦτο
2313 1152 2487 1208 τοίνυν
2517 1151 2609 1203 καὶ
2632 1151 2722 1203 ἐπὶ
2745 1149 2838 1202 τοῦ
2874 1148 3280 1219 φιλοχρημάτου
3322 1144 3418 1198 καὶ
3443 1140 3784 1213 φιλαργύρου

2113 1240 2327 1310 λογίζου
2355 1240 2399 1294 ⁵.
2431 1238 2543 1293 Kal
2570 1237 2678 1308 γάρ
2703 1230 2855 1299 οὗτος
2886 1236 3169 1307 πυρέττων
3191 1232 3370 1302 πολλῷ
3402 1230 3787 1302 χαλεπώτερον

2113 1331 2345 1395 ἐκείνου,
2366 1329 2456 1382 διά
2477 1329 2575 1397 τῆς
2594 1326 2852 1397 ἁρπαγῆς
2891 1324 3095 1394 ταύτης
3123 1322 3220 1393 τὴν
3264 1322 3442 1391 φλόγα
3478 1317 3653 1388 ἀνῆψε
3686 1317 3787 1387 τὴν

2112 1418 2329 1473 ἐαυτοῦ.
2364 1416 2474 1470 Kal
2503 1416 2655 1484 ξίφος
2685 1414 2743 1466 δὲ
2766 1414 2820 1466 εί
2848 1430 2933 1475 τις
2978 1411 3300 1482 μαινόμενος
3349 1407 3602 1479 ἀρπάσας
3650 1404 3785 1475 παρ’

2110 1505 2332 1560 ότουοῦν
2361 1503 2548 1557 ἐαυτὸν
2578 1500 2936 1573 διεχειρίσατο
2961 1502 3002 1565 ⁸,
3041 1498 3125 1559 τίς
3162 1495 3229 1568 ἦν
3254 1500 3282 1551 6
3313 1494 3639 1566 ἠδικημένος
3675 1493 3786 1545 πά·-

2111 1596 2195 1647 λιν
2220 1609 2234 1656 ;
2257 1594 2286 1645 6
2313 1591 2605 1661 ἀρπαγεὶς,
2630 1589 2663 1661 ἢ
2692 1589 2721 1640 6
2743 1589 3035 1658 ἀρπάσας;
3073 1584 3308 1655 Εὔδηλον
3338 1586 3420 1637 ὅτι
3453 1585 3482 1636 6
3504 1580 3784 1652 ἀρπάσας.

2111 1680 2321 1736 Οὐκοῦν
2364 1680 2458 1731 καὶ
2511 1678 2604 1729 ἐπὶ
2647 1678 2745 1746 τῆς
2775 1674 2886 1727 τῶν
2918 1673 3218 1744 χρημάτων
3251 1669 3508 1741 ἁρπαγῆς
3559 1668 3621 1721 16
3650 1664 3787 1718 αὐτὸ

2109 1768 2267 1822 τοῦτο
2292 1764 2681 1837 ψηφιζώμεθα.
2716 1765 2891 1833 Ὅπερ
2918 1761 3027 1832 γάρ
3056 1759 3369 1830 μαινομένῳ
3416 1754 3587 1825 ξίφος,
3621 1754 3786 1807 τοῦτο

2110 1857 2206 1910 καὶ
2248 1852 2569 1925 φιλαργύρῳ
2617 1849 2843 1913 πλοῦτος
2863 1867 2876 1880 ·
2921 1847 3122 1918 μᾶλλον
3165 1846 3223 1900 δὲ
3256 1845 3350 1899 καὶ
3377 1842 3779 1914 χαλεπώτερον.

2118 1944 2181 1998 '0
2214 1944 2311 2014 μὲν
2343 1942 2453 2013 γάρ
2484 1939 2827 2010 μαινόμενος,
2851 1937 2911 1989 16
2946 1936 3098 2004 ξίφος
3116 1932 3295 1988 λαϐὼν
3324 1933 3418 1985 καὶ
3461 1929 3685 2001 ὠθήσας
3712 1928 3783 1981 δι’

2109 2028 2326 2095 ἐαυτοῦ,
2358 2030 2457 2099 τῆς
2485 2045 2544 2081 τε
2579 2025 2776 2096 μανίας
2814 2022 3127 2093 ἀπηλλάγη,
3163 2021 3258 2075 καὶ
3288 2019 3474 2072 οὐκέτι
3521 2016 3782 2086 δευτέραν

2109 2120 2375 2190 λαμϐάνει
2416 2116 2659 2185 πληγήν·
2693 2114 2722 2167 6
2753 2112 2811 2165 δέ
2857 2110 3191 2181 φιλάργυρος
3225 2106 3393 2177 μυρία
3423 2101 3783 2175 χαλεπώτερα

2109 2207 2318 2260 ἐκείνου
2342 2202 2631 2275 τραύματα
2660 2198 2781 2252 καθ’
2808 2198 3044 2267 ἑκάστην
3064 2195 3277 2265 δέχεται
3304 2193 3402 2262 τὴν
3421 2191 3658 2261 ἡμέραν,
3680 2190 3783 2242 οὐκ

2110 2291 2467 2346 ἀπαλλάττων
2497 2288 2598 2357 τῆς
2644 2285 2836 2356 μανίας
2871 2283 3084 2345 ἐαυτὸν,
3131 2281 3243 2336 ἀλλ’
3276 2279 3559 2333 ἐπιτείνων
3593 2275 3781 2347 μειζό-

2110 2393 2249 2443 νως·
2278 2378 2373 2431 καὶ
2401 2378 2619 2447 ὅσῳπερ
2657 2374 2722 2427 ἂν
2750 2372 2892 2445 λάϐῃ
2920 2370 3140 2424 πλείονα
3183 2367 3493 2440 τραύματα,
3540 2363 3784 2433 τοσούτῳ

2115 2465 2316 2536 μᾶλλον
2346 2463 2600 2516 ὑπόθεσιν
2623 2460 2838 2532 ἑτέραις
2872 2462 2891 2490 ⁷
2925 2458 3154 2528 παρέχει
3195 2456 3430 2525 πληγαῖς
3474 2451 3785 2522 χαλεπωτέο

2112 2570 2257 2623 ραις.
2292 2551 2454 2604 Ταῦτ’
2500 2544 2591 2603 οὖν
2635 2547 2961 2609 ἐννοοῦντες,
3009 2544 3271 2613 φύγωμεν
3302 2541 3455 2595 τουτὶ
3499 2541 3560 2593 16
3606 2537 3781 2608 ξίφος,

2111 2642 2371 2717 φύγωμεν
2419 2637 2515 2708 τὴν
2570 2636 2785 2707 μανίαν,
2818 2634 2923 2688 κᾶν
2955 2634 2976 2665 ⁸
3007 2632 3105 2701 ὀψέ
3154 2646 3283 2683 ποτε
3314 2628 3779 2717 σωφρονήσωμεν.

2111 2714 2219 2782 Καὶ
2250 2727 2359 2798 γὰρ
2383 2725 2479 2779 καὶ
2501 2724 2705 2794 ταύτην
2734 2723 2832 2794 τὴν
2865 2720 3063 2792 ἀρετὴν
3091 2717 3445 2788 σωφροσύνην
3469 2715 3549 2768 δεῖ
3570 2714 3780 2775 καλεῖν.

2109 2816 2208 2886 οὐχ
2236 2808 2399 2886 ἦττον
2422 2812 2634 2881 ἐκείνης
2666 2812 2767 2882 τῆς
2808 2808 2959 2880 παρά
2992 2808 3127 2861 πᾶσι
3174 2804 3588 2875 νενομισμένης.
3635 2800 3785 2854 Ἐκεῖ

2114 2901 2214 2972 μὲν
2249 2901 2358 2971 γάρ
2389 2899 2524 2970 πρὸς
2554 2898 2683 2968 μίαν
2718 2894 3012 2966 ἐπιθυμίας
3038 2891 3328 2964 τυραννίδα
3374 2892 3409 2962 ή
3439 2889 3586 2959 πάλη
3630 2887 3781 2957 ¹γίνε-

2109 3006 2198 3041 ται
2216 3004 2227 3016 ·
2260 2987 2495 3040 ἐνταῦθα
2521 2986 2578 3039 δὲ
2602 2983 2813 3038 πολλῶν
2837 2983 2939 3036 καί
2967 2980 3321 3034 παντοδαπῶν
3354 2976 3663 3046 ἐπιθυμιῶν
3684 2992 3784 3029 πι-

2109 3074 2413 3147 ριγίνεσθαι
2448 3073 2546 3126 δεῖ.
2597 3072 2764 3125 Οὐδὲν
2804 3068 2956 3141 [529]
3001 3067 3140 3139 γὰρ,
3183 3066 3335 3120 οὐδὲν
3382 3064 3784 3134 ἀφρονέστερον

2106 3161 2201 3215 τοῦ
2229 3161 2530 3232 χρημάτων
2551 3159 2759 3213 δούλου.
2790 3160 2949 3211 Δοκεῖ
2982 3157 3223 3226 κρατεῖν,
3251 3152 3653 3224 κρατούμενος·
3693 3150 3782 3204 6o-

2108 3254 2195 3304 κεῖ
2213 3250 2402 3321 κύριος
2433 3245 2592 3310 εἶναι,
2610 3246 2794 3309 δοῦλος
2817 3244 2892 3299 ὥν
2911 3262 2926 3275 ·
2952 3245 3044 3298 καὶ
3062 3242 3236 3313 δεσμά
3256 3238 3553 3313 περιτιθεὶς
3574 3237 3782 3308 ἐαυτῷ,

2108 3337 2323 3408 χαίρει·
2354 3332 2734 3406 χαλεπώτερον
2767 3330 2827 3384 16
2850 3330 3037 3402 θηρίον
3062 3327 3462 3399 ἐργαζόμενος,
3493 3322 3786 3396 εὐφραίνε-

2108 3441 2229 3479 ται·
2271 3424 2366 3477 καὶ
2396 3421 2746 3494 αἰχμάλωτος
2796 3419 3100 3489 γινόμενος,
3134 3413 3431 3483 ἀγάλλεται
3461 3411 3555 3464 καὶ
3604 3410 3783 3481 πηδᾷο

2109 3510 2206 3565 καὶ
2243 3509 2384 3581 ὀρῶν
2416 3508 2554 3561 κύνα
2601 3505 2876 3560 λυττῶντα
2931 3503 3025 3557 xal
3077 3502 3440 3572 ἐφαλλόμενον
3491 3496 3662 3551 αὐτοῦ
3713 3497 3783 3567 τῇ

2107 3598 2278 3671 ψυχῇ,
2309 3597 2468 3668 δῆσαι
2506 3596 2623 3649 δέον
2651 3594 2747 3648 καὶ
2778 3593 2922 3664 λιμῷ
2948 3589 3131 3661 τῆξαι,
3168 3594 3196 3644 6
3223 3590 3279 3642 δὲ
3308 3588 3401 3643 καὶ
3424 3587 3520 3621 ⁹·¹⁰
3548 3586 3784 3655 ἄφθονον

2111 3687 2264 3757 αὐτῷ
2292 3687 2521 3756 παρέχει
2547 3683 2775 3754 τροφὴν,
2810 3682 2898 3735 ἵνα
2928 3680 3190 3751 μειζόνως
3220 3677 3520 3748 ἐφάλληται
3554 3677 3651 3727 καὶ
3682 3692 3783 3743 φο-

2111 3773 2414 3845 ϐερώτερος
2441 3772 2481 3802 ¹¹
2601 3769 2785 3823 Ταῦτα
2809 3764 2901 3821 οὖν
2931 3768 3145 3822 ἃπαντα
3168 3763 3496 3826 ἐννοοῦντες,
3526 3760 3783 3830 λύσωμεν

2109 3862 2178 3915 τά
2212 3859 2409 3928 δεσμὰ,
2436 3858 2714 3928 ἀνέλωμεν
2742 3856 2803 3909 16
2831 3855 3040 3924 θηρίον,
3080 3852 3441 3919 ἀπελάσωμεν
3475 3849 3575 3916 τὴν
3602 3848 3781 3914 νόσον,

2110 3947 2427 4018 ἐκϐάλωμεν
2469 3946 2568 4018 τὴν
2609 3945 2803 4016 μανίαν
2842 3942 3045 4012 ταύτην
3069 3980 3084 4005 ,
3134 3940 3220 3993 ἵνα
3247 3938 3491 4008 γαλήνης
3536 3932 3780 3990 ἀπολαύ-

2114 4053 2294 4108 σωμεν
2319 4035 2413 4089 καὶ
2438 4033 2648 4102 ὑγιείας
2672 4032 2937 4105 καθαρᾶς,
2969 4030 3063 4083 καὶ
3085 4027 3223 4099 μετὰ
3242 4025 3445 4095 πολλῆς
3466 4026 3566 4095 τῆς
3588 4022 3782 4094 ἡδονῆς

2113 4127 2192 4186 είς
2216 4124 2305 4178 τὸν
2332 4124 2505 4177 εὐδιον
2534 4121 3006 4183 καταπλεύσαντες
3029 4118 3242 4189 λιμένα,
3272 4116 3380 4169 τῶν
3407 4113 3640 4168 αἰωνίων
3664 4116 3782 4167 ἐπι-

2114 4213 2365 4282 τύχωμεν
2394 4209 2613 4279 ἀγαθῶν
2633 4226 2648 4242 ·
2682 4203 2756 4262 ὧν
2786 4208 2995 4276 γένοιτο
3042 4206 3253 4267 πάντας
3290 4203 3439 4274 ἡμᾶς
3470 4203 3778 4271 ἐπιτυχεῖν,

2115 4300 2295 4370 χάριτι
2321 4300 2411 4351 καὶ
2441 4296 2820 4371 φιλανθρωπία
2852 4297 2945 4348 τοῦ
2981 4294 3185 4363 Κυρίου
3215 4292 3371 4363 ήμῶν
3427 4287 3603 4359 Ἰησοῦ
3647 4289 3781 4358 Χρι-

2116 4385 2273 4449 στοῦ,
2293 4379 2337 4452 ᾧ
2357 4387 2390 4457 ή
2413 4385 2537 4453 δόξα
2569 4386 2664 4439 καὶ
2689 4386 2750 4438 16
2774 4385 2993 4455 κράτος,
3024 4381 3119 4434 νῦν
3149 4382 3243 4435 καὶ
3293 4378 3380 4432 ἀεὶ
3410 4377 3505 4433 καὶ
3537 4379 3618 4439 είς
3657 4375 3781 4438 τοὺς

2112 4471 2314 4533 αἰῶνας
2341 4472 2449 4526 τῶν
2487 4471 2718 4527 αἰώνων.
2770 4473 2964 4543 Ἀμήν.

3203 4572 3334 4629 τῶν.
3426 4572 3448 4604 ³
3480 4569 3777 4640 liv-5901p.

3178 4635 3611 4723 ,ἐπὶγχρημάἶων
3637 4638 3688 4692 λ.

347 4705 783 4791 ξδιαχειρίσαίτο
913 4707 982 4761 Μ.
1030 4711 1089 4791 ⁸⁷-
1103 4711 1317 4791 ἐτέροις
1350 4728 1410 4764 π.
1446 4705 1662 4791 πληγῆς·
1692 4714 2009 4791 χαλεπωτέρ

2113 4717 2164 4772 Β.
2196 4705 2354 4791 et_si6
2382 4705 2646 4791 εάξὺέίψ·
2669 4724 2798 4791 aut};
2818 4705 3038 4791 Bleﬁ.__ln
3075 4715 3174 4768 hac
3204 4705 3439 4791 Ιεςιιῖὂηέ
3466 4708 3781 4791 ρςο

348 4724 369 4735 -
394 4724 783 4777 οιαχειρισαιτο
813 4724 875 4760 ιι.
913 4724 982 4761 Μ.
1056 4724 1067 4741 ι
1111 4724 1317 4835 ετειροις
1350 4728 1410 4764 π.
1446 4724 1520 4765 πλλ

345 4776 552 4852 ἑτέροις
572 4779 776 4852 ιιτςεὺθι
796 4776 939 4852 ΕΙογΓ.
957 4796 1010 4847 p.
1029 4780 1166 4851 ἳίθ(
1217 4799 1326 4852 om.
1350 4798 1441 4836 xu.
1469 4798 1520 4852 p.

1582 4781 1835 4853 δὲηζΜοχ
1865 4781 2216 4851 ἐννοήσαντες
2247 4785 2378 4841 Edd.
2442 4789 2464 4819 ⁸
2482 4786 2608 4854 κᾶνῖ
2639 4787 2733 4838 καὶ
2755 4785 2820 4840 H.
2847 4784 2909 4839 L.
2935 4784 3006 4839 Μ.
3030 4781 3362 4854 σωφρονήσειέ

3437 4780 3491 4851 ν]
3515 4777 3696 4851 δίοΑΗ.

343 4848 526 4901 caeteri
548 4847 826 4918 νήφωμεν.
885 4846 979 4881 ’·¹⁶
1002 4854 1095 4905 καὶ
1113 4846 1223 4907 oin.
1251 4851 1316 4908 (ἓ.
1340 4852 1404 4906 Κ.
1425 4846 1493 4906 Μ’.
1513 4870 1566 4923 p.
1595 4846 1661 4923 p.'
1678 4854 1776 4925 τὴν
1792 4846 2009 4925 τροφὴν

2113 4856 2174 4910 Η.
2197 4846 2210 4851 ⁷
2234 4859 2274 4889 ¹¹
2293 4858 2382 4913 Sic
2398 4856 2542 4913 Flor.
2561 4846 2618 4927 p'.
2645 4857 2746 4913 178
2766 4856 2943 4927 (Tom.
2968 4871 3064 4909 xu.
3089 4846 3319 4923 0.609).
3338 4846 3510 4922 γυικδ
3528 4846 3777 4919 φοϐερός-

1951 5028 2198 5081 ΟΜΙΛΙΑ
2236 5026 2364 5082 ΝΒ’.

344 5087 454 5143 Kal
478 5085 741 5151 ἐξελθὼν
769 5086 997 5141 ἐκεῖθεν
1040 5091 1074 5140 ό
1109 5089 1365 5155 Ἰησοῦς,
1400 5090 1782 5160 ἀνεχώρησεν
1824 5096 1910 5160 εις
1936 5096 2009 5149 τὰ

410 5165 559 5235 μέρη
603 5168 787 5234 Τύρου
811 5167 908 5220 καὶ
942 5166 1218 5233 Σιδῶνος.
1240 5169 1347 5221 Kal
1381 5168 1509 5222 ἰδοὺ
1530 5170 1683 5238 γυνὴ
1705 5174 2008 5228 Χαναναία

413 5245 531 5300 ἀπὸ
549 5244 667 5298 τῶν
683 5246 863 5314 ὁρίων
882 5245 1127 5298 ἐκείνων
1147 5244 1500 5312 ἐξελθοῦσα,
1516 5249 1770 5317 ἔκραξεν
1784 5252 1825 5282 ¹¹
1849 5252 2008 5319 αὐτῷ

336 5342 339 5343 ⁷
412 5323 706 5393 λέγουσα·
747 5341 765 5375 ι
789 5324 1083 5391 Ἐλέησόν
1095 5341 1194 5392 με,
1235 5325 1428 5393 Κύριε,
1462 5327 1555 5381 υἱὲ
1585 5329 1797 5383 Δαυΐδ·
1833 5332 1871 5400 ἠ
1906 5337 2006 5388 θυ-

414 5402 599 5472 γάτηρ
612 5420 732 5471 μου
756 5402 953 5471 κακῶς
971 5403 1388 5474 δαιμονίζεται.
1421 5424 1438 5457 ι

410 5526 479 5581 a'.
523 5529 581 5582 Ὀ
605 5528 662 5582 δέ
692 5531 917 5601 Μάρκος
933 5532 1119 5603 φησὶν,
1139 5532 1220 5585 ὅτι
1235 5532 1337 5586 οὐκ
1356 5532 1590 5605 ἠδυνήθη
1610 5532 1812 5601 λαθεῖν,
1836 5535 2006 5591 ἐλθὼν

342 5615 421 5678 είς
452 5615 547 5685 τήν
580 5618 774 5672 οἰκίαν.
807 5620 872 5672 Τί
920 5619 979 5672 δὲ
1006 5620 1144 5683 δλως
1175 5620 1339 5691 ἀπῄει
1376 5622 1456 5684 είς
1502 5621 1571 5674 τά
1607 5622 1746 5694 μέρη
1794 5625 2002 5689 ταῦτα;

345 5702 473 5755 Ὅτε
510 5704 607 5773 τῆς
643 5704 750 5757 τῶν
797 5705 1103 5777 βρωμάτων
1153 5710 1585 5779 παρατηρήσεως
1625 5710 1901 5780 ἀπήλλαξε
1936 5713 2002 5775 ¹³,

339 5788 461 5843 τότε
492 5791 585 5843 καὶ
612 5795 723 5856 τοῖς
762 5793 938 5846 έθνεσι
978 5795 1147 5868 θύραν
1180 5795 1386 5863 ἀνοίγει
1423 5795 1606 5850 λοιπὸν
1639 5799 1742 5868 ὀδῷ
1773 5800 2002 5871 προϐαί-

411 5902 457 5934 ι⁸
483 5900 824 5975 ἐκραύγασεν
858 5902 991 5959 ΕιΜ.
1069 5907 1112 5938 ¹³
1152 5908 1348 5973 αὐτοὺς
1381 5908 1656 5976 ἀπήλλαξε
1690 5909 1753 5963 ι..

2115 5116 2220 5151 νων
2239 5115 2253 5129 ·
2283 5097 2472 5169 ὥσπερ
2497 5093 2590 5152 οὖν
2613 5099 2708 5153 καὶ
2734 5097 2960 5169 Πέτρος,
2987 5096 3252 5167 πρότερον
3279 5094 3468 5148 τοῦτον
3496 5092 3778 5159 ἐπιταγεὶς

2113 5185 2274 5239 λῦσαι
2316 5186 2409 5240 τὸν
2435 5186 2619 5256 νόμον,
2650 5188 2927 5257 πέμπεται
2965 5185 3101 5256 πρὸς
3132 5185 3225 5237 τὸν
3260 5183 3578 5254 Κορνήλιον.
3611 5181 3676 5235 El
3717 5182 3779 5235 δὲ

2112 5272 2261 5340 λέγοι
2309 5290 2421 5337 τις,
2457 5274 2581 5336 Πῶς
2631 5270 2723 5327 οὖν
2777 5274 2889 5336 τοῖς
2932 5272 3199 5343 μαθηταῖς
3246 5270 3440 5337 λέγων,
3489 5271 3595 5334 Είς
3639 5267 3780 5321 ὁδὸν

2111 5359 2303 5413 ἐθνῶν
2312 5360 2398 5429 μὴ
2422 5360 2741 5427 ἀπέλθητε,
2758 5364 2962 5431 ταύτην
2983 5359 3267 5430 προσίεται
3285 5358 3423 5424 ¹δ⁶¹⁸;
3443 5356 3659 5428 πρῶτον
3684 5356 3778 5425 μὲν

2113 5450 2289 5502 ἐκεῖνο
2309 5448 2374 5502 ἂν
2393 5447 2660 5518 εἴποιμεν,
2683 5449 2765 5503 ὅτι
2794 5449 2891 5518 οὐχ
2912 5449 3048 5519 ὅπερ
3078 5446 3310 5510 ἐπέταξε
3343 5448 3456 5509 τοῖς
3484 5444 3775 5515 μαθηταῖς,

2110 5538 2285 5609 τούτῳ
2335 5539 2428 5592 καὶ
2454 5539 2615 5603 αὐτὸς
2649 5536 2948 5601 ὑπεύθυνος
2977 5532 3046 5608 ἦν
3079 5551 3094 5566 ·
3129 5534 3382 5604 δεύτερον
3420 5534 3475 5587 δὲ
3497 5571 3513 5596 ,
3547 5533 3628 5586 ὅτι
3658 5531 3777 5585 οὐδὲ

2111 5626 2186 5690 ὡς
2216 5626 2464 5699 κηρύξων
2502 5627 2771 5697 ἀπῆλθεν·
2821 5628 2957 5697 ὅπερ
2986 5624 3079 5680 οὖν
3108 5626 3202 5678 καὶ
3239 5627 3268 5679 ό
3291 5624 3516 5694 Μάρκος
3540 5620 3776 5676 αἰνιττό-

2113 5731 2271 5784 μενος
2297 5714 2504 5782 ἐλεγεν,
2535 5716 2615 5767 ὅτι
2650 5715 2744 5767 καὶ
2768 5714 3005 5786 ἔκρυψεν
3039 5713 3253 5779 ἐαυτὸν,
3299 5712 3395 5766 καὶ
3432 5710 3533 5763 οὐκ
3566 5708 3755 5763 ἔλαθεν

2112 5800 2319 5872 Ὠσπερ
2351 5799 2456 5870 γὰρ
2474 5801 2533 5853 τὸ
2562 5800 2635 5871 μὴ
2665 5802 2892 5873 δραμεῖν
2917 5803 3003 5857 ἐπ’
3032 5802 3228 5866 αὐτοὺς
3258 5798 3508 5871 πρώτους
3529 5794 3631 5867 τῆς
3649 5793 3773 5851 ἀκό-

1833 5911 1874 5941 “
1904 5912 1947 5943 ¹¹
1987 5911 2228 5971 προίεται
2267 5913 2392 5968 Sav.
2433 5911 2617 5970 invitis
2649 5912 2811 5969 codd.
