4028 6152
381 299 482 354 517

377 417 482 469 sit:
514 414 753 470 Levantes
782 424 981 468 sanctas
1009 429 1188 468 manus
1221 414 1406 485 absque
1437 414 1514 466 ira
1537 423 1584 466 et
1604 413 1964 483 disceptatione

377 507 467 577 (1.
501 504 632 560 Tim.
680 505 735 559 ‘2.
769 505 860 577 8).
891 504 970 560 Ne
1018 505 1251 575 linguam
1309 520 1439 575 ergo
1484 504 1735 574 deturpes
1774 522 1785 556 :
1841 518 1962 556 nam

375 598 644 668 quomodo
672 613 769 666 pro
800 609 851 653 te
876 597 1177 668 precabitur
1197 639 1212 660 ,
1239 611 1358 650 cum
1391 596 1636 650 ﬁduciam
1682 595 1966 650 amiseris!

374 691 467 744 sed
498 705 628 744 orna
654 691 792 744 illam
824 690 1100 753 modestia,
1125 689 1452 742 humilitate:
1487 687 1568 742 fac
1590 688 1800 757 dignam
1831 686 1958 752 Deo,

373 781 464 851 qui
507 798 602 850 per
649 783 788 835 illam
835 789 1090 851 rogatur;
1125 781 1264 834 illam
1310 779 1456 848 reple
1498 779 1866 834 benedicﬁone
1908 787 1962 832 et

372 875 736 943 elcemosyua.
792 871 922 926 Nam
973 872 1150 926 verbis
1201 872 1360 926 etiam
1408 879 1578 940 potest
1623 871 1960 937 eleemosyna

373 967 582 1035 erogari
606 984 618 1019 :
655 966 838 1020 Melior
862 975 934 1018 est
962 965 1103 1020 enim
1127 981 1310 1030 sermo,
1340 981 1489 1034 quam
1511 963 1699 1016 donum
1723 969 1801 1027 ;et
1821 976 1835 1014 :
1857 959 1957 1014 [ιε.

370 1059 564 1127 sponde
593 1058 802 1126 pauperi
827 1058 1042 1128 paciﬁca
1071 1058 1124 1110 in
1150 1055 1532 1110 mansuetudine
1551 1053 1737 1126 (Eccli.
1761 1053 1844 1108 18.
1870 1053 1956 1107 16.

369 1158 414 1202 et
442 1149 492 1202 4.
512 1146 588 1220 8).
613 1149 802 1202 Totum
829 1163 953 1201 vero
979 1149 1237 1218 reliquum
1262 1157 1469 1218 tempus
1490 1147 1784 1201 divinarum
1807 1161 1959 1198 enar-

369 1241 576 1294 ratione
607 1240 779 1308 legum
817 1255 1037 1295 eXorna.
1069 1240 1244 1294 Omnis
1273 1240 1526 1293 enarratio
1549 1249 1632 1292 tua
1673 1239 1734 1291 sit
1763 1238 1816 1290 in
1856 1237 1959 1305 lege

369 1331 615 1385 Altissimi
642 1329 813 1402 (Ibid.
841 1333 891 1386 9.
923 1331 993 1385 9.3
1013 1330 1056 1402 ).
1092 1331 1162 1385 Ita
1219 1347 1318 1385 nos
1347 1331 1630 1386 adorantes
1659 1329 1724 1383 ad
1759 1329 1955 1396 Regem

367 1423 688 1476 accedamus
710 1463 726 1488 ,
756 1431 810 1477 et
855 1422 920 1476 ad
964 1437 1133 1492 genua
1162 1423 1276 1492 ejus
1305 1422 1640 1492 procidamus
1659 1463 1672 1486 ,
1705 1437 1810 1476 non
1840 1437 1960 1474 cor-

369 1529 498 1584 pore
549 1524 793 1578 tantum,
839 1514 932 1570 sed
980 1515 1140 1568 etiam
1193 1524 1392 1569 mente.
1446 1513 1753 1584 Cogitemus
1799 1529 1955 1582 quem

365 1607 639 1670 adeamus,
688 1616 743 1660 et
786 1621 882 1674 pro
929 1606 1140 1674 quibus,
1179 1617 1233 1660 et
1271 1604 1394 1676 quid
1439 1607 1678 1661 volentes
1721 1604 1952 1658 efﬁcere.

366 1697 531 1751 Deum
568 1698 798 1763 adimus,
821 1713 977 1767 quem
1005 1697 1284 1766 Serapbim
1316 1696 1576 1761 videntes,
1601 1697 1774 1750 vultus
1800 1711 1952 1751 aver-

366 1799 504 1857 tunt,
537 1806 641 1844 non
674 1791 906 1844 ferentes
938 1789 1198 1859 fulgorem
1226 1807 1240 1854 ;
1264 1805 1422 1858 quem
1448 1789 1632 1844 videns
1661 1799 1798 1845 terra
1829 1805 1956 1844 con-

369 1885 651 1938 tremiscit.
682 1884 846 1937 Deum
877 1882 1106 1945 adimus,
1141 1883 1228 1952 qui
1267 1882 1437 1936 lucem
1480 1880 1680 1937 habitat
1717 1882 1955 1936 inacces-

363 1977 594 2030 sibilem.
627 1976 869 2040 Adimus,
914 1985 970 2030 ut
999 1991 1026 2028 a
1053 1975 1298 2046 gehenna
1331 1975 1637 2041 liberemur,
1667 1983 1724 2028 ut
1768 1975 1958 2028 remis-

365 2071 570 2124 sionem
597 2080 934 2139 peccatorum
957 2069 1320 2139 impetremus,
1343 2077 1398 2124 ut
1425 2068 1608 2123 abillo
1635 2067 1952 2122 intolerabili

363 2160 625 2228 supplicio
652 2160 958 2225 liberemur,
989 2167 1045 2214 ut
1085 2158 1275 2214 calum
1320 2167 1375 2214 et
1425 2158 1498 2214 ibi
1539 2159 1766 2228 reposita
1817 2157 1953 2214 bona

358 2267 770 2320 consequamur.

434 2342 486 2396 6.
519 2341 856 2396 Mansuetudo
883 2343 936 2396 in
955 2343 1182 2398 oratione
1201 2343 1504 2397 adhibenda.
1537 2342 1702 2396 Nemo
1733 2343 1951 2409 (reditur,

361 2435 460 2486 nisi
495 2450 527 2486 a
567 2434 754 2502 seipse.
795 2432 982 2488 Contra
1015 2450 1097 2488 eos
1127 2435 1211 2504 qui
1234 2436 1449 2489 aliorum
1477 2437 1604 2489 bona
1633 2436 1854 2506 rapiunt.
1886 2465 1956 2476 —-

362 2524 709 2578 Procidamus
735 2525 892 2594 igitur
915 2535 969 2579 et
1006 2540 1232 2595 corpore
1261 2536 1314 2581 ct
1339 2535 1537 2592 mente,
1570 2534 1625 2578 ut
1656 2524 1744 2579 ille
1767 2525 1952 2594 jacen-

363 2626 445 2671 tes
485 2617 656 2686 erigat
705 2634 717 2669 :
772 2633 892 2671 cum
941 2617 1199 2672 modestia
1250 2619 1500 2687 omnique
1549 2619 1955 2674 mansuetudine

366 2707 540 2776 ipsum
567 2707 922 2776 alloquamur.
957 2708 1024 2763 Et
1047 2710 1164 2778 quis
1191 2719 1291 2774 est,
1330 2709 1556 2780 inquies,
1592 2711 1661 2764 ita
1694 2712 1858 2767 miser
1903 2721 1956 2766 et

365 2798 574 2864 infelix,
600 2807 659 2854 ut
684 2801 736 2854 in
767 2801 1006 2856 oratione
1034 2817 1138 2856 non
1167 2803 1237 2856 sit
1263 2804 1607 2858 moderatus?
1631 2805 1723 2859 Ille
1750 2805 1838 2876 qui
1871 2805 1953 2859 vel

360 2891 630 2962 precando
657 2894 934 2948 maledicta
982 2895 1202 2964 profert,
1239 2895 1524 2964 furoreque
1556 2898 1742 2966 plenus
1771 2907 1872 2964 est,
1901 2907 1955 2951 ct

360 2994 548 3037 contra
593 2984 838 3040 inimicos
881 2987 1157 3041 acclamat.
1199 2986 1252 3042 Si
1286 2987 1363 3042 vis
1404 3003 1692 3051 accusare,
1725 2989 1951 3058 tcipsum

361 3091 577 3130 accusa.
616 3077 669 3132 Si
718 3077 796 3132 vis
840 3077 1069 3148 linguam
1114 3094 1324 3141 acuere,
1362 3089 1546 3134 contra
1599 3093 1810 3150 peccata
1866 3091 1952 3136 tua

361 3185 512 3224 acue.
535 3170 642 3226 Nec
670 3171 816 3226 dicas
844 3172 968 3241 quid
999 3172 1133 3226 alius
1161 3173 1251 3227 tibi
1278 3175 1401 3226 mali
1432 3174 1685 3237 intulerit,
1710 3174 1801 3228 sed
1828 3174 1952 3244 quid

363 3270 418 3313 tu
457 3262 552 3314 tibi
585 3261 706 3315 mali
737 3261 965 3317 feceris:
998 3263 1121 3316 illud
1170 3264 1311 3317 enim
1343 3265 1571 3318 maxime
1613 3265 1804 3318 malum
1849 3274 1950 3320 est.

358 3351 546 3422 Neque
574 3353 715 3406 enim
744 3354 862 3423 quis
894 3364 944 3409 te
973 3353 1167 3410 lmdere
1210 3357 1402 3425 poterit
1425 3397 1440 3423 ,
1479 3355 1577 3410 nisi
1626 3367 1675 3411 te
1703 3357 1814 3426 ipse
1859 3358 1953 3412 Ιω-

355 3445 458 3499 das
489 3443 586 3516 (a).
621 3444 804 3516 Itaque
847 3448 890 3501 si
924 3447 1002 3502 vis
1047 3456 1231 3502 contra
1274 3448 1526 3504 laedentes
1566 3460 1616 3504 te
1656 3451 1948 3521 insurgere,

364 3536 594 3604 teipsum
625 3537 850 3604 primum
886 3536 1126 3606 impetas.
1162 3538 1328 3594 Nemo
1365 3540 1414 3593 id
1447 3541 1702 3610 impedit;
1756 3558 1875 3596 nam
1906 3544 1949 3597 si

358 3626 522 3680 alium
552 3627 898 3697 aggrediaris,
934 3630 1099 3699 magis
1123 3631 1276 3685 lzesus
1299 3632 1486 3686 abibis.
1518 3635 1684 3701 Quam
1713 3651 1840 3688 vero
1859 3635 1951 3690 tibi

361 3719 566 3772 illatam
613 3720 858 3787 injuriam
900 3721 1138 3789 proferre
1175 3723 1370 3791 potes?
1399 3723 1491 3777 llle
1531 3725 1658 3778 mibi
1705 3725 1950 3792 injuriam

361 3810 564 3875 intulit,
609 3811 742 3864 bona
772 3813 968 3881 rapuit,
1001 3828 1086 3868 me
1118 3813 1167 3867 in
1199 3816 1428 3883 pericula
1459 3817 1677 3885 injecit?
1706 3819 1810 3872 Sed
1853 3819 1952 3874 hoc

365 3916 471 3954 non
501 3911 583 3953 cst
627 3901 768 3967 la-di,
801 3903 915 3968 sed,
947 3903 990 3957 si
1038 3904 1221 3974 vigiles
1246 3906 1444 3969 simus,
1479 3909 1592 3962 hare
1621 3909 1774 3964 nobis
1814 3911 1951 3964 lttlll-

362 4003 472 4047 tum
520 3994 777 4063 prodesse
815 4004 1082 4064 poterunt.
1120 3996 1251 4052 Nam
1292 3998 1452 4053 ltesus
1478 4009 1560 4054 est
1600 4001 1686 4055 ille
1723 4003 1809 4071 qui
1838 4002 1953 4057 haec

364 4088 500 4140 mala
535 4089 732 4151 intulit,
764 4106 868 4142 non
898 4091 986 4158 qui
1016 4106 1202 4160 passus
1228 4101 1327 4147 est.
1361 4093 1427 4147 Et
1458 4093 1561 4149 hoc
1588 4096 1814 4157 maxime
1843 4114 1954 4151 ma-

363 4178 534 4232 lormn
553 4181 788 4233 omnium
808 4197 964 4235 causa
987 4191 1087 4247 est,
1105 4184 1245 4254 quod
1277 4186 1572 4242 nesciamus
1594 4187 1710 4256 quis
1734 4189 1948 4254 laedens,

362 4269 485 4336 quis
531 4270 687 4322 la-sus
718 4272 806 4324 sit.
854 4270 907 4326 Si
939 4272 1068 4326 illud
1111 4274 1276 4342 probe
1320 4278 1616 4344 sciremus,
1664 4295 1950 4349 numquam

364 4376 463 4414 nos
516 4362 929 4428 ulciscerentur,
978 4379 1081 4418 non
1128 4382 1466 4437 precaremur
1511 4378 1691 4425 contra
1743 4372 1904 4426 alium
1934 4413 1950 4440 ,

426 4532 500 4593 (a)
538 4533 592 4582 lu
633 4533 757 4584 banc
779 4533 1153 4598 pulcherrimam
1176 4542 1469 4590 sententiam
1503 4545 1771 4594 orationem
1807 4547 1956 4597 edidit

359 4592 737 4662 Chrysostomus
769 4592 930 4662 exsul,
957 4599 1046 4647 hoc
1067 4599 1223 4658 titulo,
1249 4603 1382 4660 ()uod
1404 4615 1541 4653 nemo
1581 4592 1777 4655 aeditui

359 4659 537 4716 seipso,
562 4670 708 4719 quam
728 4659 880 4706 babes
897 4672 1042 4721 supra
1065 4668 1210 4710 'l‘omo
1233 4659 1281 4722 3,
1305 4663 1398 4713 col.
1425 4665 1658 4716 459-460.

1370 293 1438 351 ΙΝ
1476 292 1878 351 .‘llATTll/EUM
1923 290 2151 351 HOMIL.
2196 295 2302 350 Lll.
2346 298 2416 352 al.
2461 297 2593 353 Llll.

3557 303 3661 361 518

2072 413 2222 482 gnari
2256 428 2362 469 non
2407 429 2564 484 posse
2594 429 2692 470 nos
2719 415 2859 470 malo
2887 414 3026 471 aflici
3054 417 3122 472 ab
3150 415 3274 472 alio.
3307 418 3490 490 Neque
3516 427 3663 481 enim

2070 504 2308 574 rapinam
2341 506 2469 575 pati,
2501 507 2593 562 sed
2614 505 2810 572 facere,
2841 507 3060 564 malum.
3084 507 3139 565 Si
3169 510 3409 580 rapuisti,
3431 513 3657 584 teipsum

2068 605 2356 662 accusato;
2385 597 2467 652 sin
2498 613 2628 654 vero
2655 606 2741 653 tua
2783 598 2917 653 alius
2957 601 3150 669 rapuit,
3175 615 3392 670 precare
3435 618 3534 675 pro
3569 619 3658 658 ra-

2070 697 2240 758 ptore,
2273 688 2396 758 quia
2447 689 2539 743 tibi
2585 689 2814 745 maxime
2855 690 3074 760 profuit.
3107 691 3324 746 Etiamsi
3357 694 3500 749 enim
3549 711 3655 750 non

2069 781 2186 836 talis
2212 781 2281 836 sit
2305 795 2457 836 mens
2487 781 2647 847 illius,
2679 790 2824 837 certe
2854 793 2906 836 tu
2929 799 3171 853 magnam
3202 785 3480 840 utilitatem
3509 803 3660 843 acce-

2067 872 2188 942 pisti
2215 913 2230 938 ,
2266 872 2311 926 si
2341 871 2549 926 fortiter
2592 872 2798 927 tuleris.
2829 872 2980 928 Illum
3009 875 3151 929 enim
3179 884 3235 930 et
3261 875 3453 932 divina:
3478 887 3531 932 et
3557 880 3658 932 Ιιιι-

2066 978 2237 1017 mana:
2255 963 2397 1032 leges
2429 963 2682 1018 miserum
2716 962 3037 1032 praedicant;
3063 975 3114 1020 te
3140 980 3268 1020 vero
3293 966 3476 1022 laesum
3503 983 3660 1023 coro-

2066 1063 2194 1108 nant
2218 1061 2274 1108 et
2300 1053 2594 1108 celebrant.
2635 1052 2817 1123 Neque
2844 1054 2986 1108 enim
3015 1054 3059 1109 si
3090 1055 3210 1124 quis
3236 1056 3542 1114 febricitans
3564 1075 3658 1114 vas

2064 1162 2198 1217 aqua
2229 1148 2440 1218 plenum
2473 1151 2710 1217 rapuerit
2735 1148 2803 1202 ab
2829 1149 2954 1216 alio,
2988 1157 3042 1203 et
3067 1150 3285 1205 noxiam
3320 1153 3532 1208 bibendi
3563 1169 3655 1209 cu-

2066 1241 2342 1310 piditatem
2367 1242 2696 1313 espleverit,
2725 1243 2966 1300 dicemus
3012 1245 3194 1299 laesum
3232 1246 3380 1300 illum
3427 1248 3586 1303 fuisse
3625 1263 3654 1302 a

2064 1346 2168 1400 quo
2205 1342 2415 1401 raptum
2459 1347 2554 1388 vas
2581 1343 2683 1399 cst,
2725 1334 2817 1388 sed
2862 1335 3039 1404 potius
3085 1335 3375 1405 rapientem
3409 1356 3422 1392 :
3468 1337 3654 1391 febrim

2063 1423 2205 1478 cnim
2252 1424 2423 1491 auxit,
2453 1425 2805 1494 morbumque
2834 1428 3092 1481 acriorem
3121 1427 3318 1482 ell'ecit.
3344 1427 3453 1483 lloc
3483 1428 3654 1498 ipsum

2061 1514 2128 1568 de
2155 1515 2496 1583 pecuniarum
2524 1525 2578 1570 et
2601 1531 2758 1584 opmn
2786 1527 2998 1572 amante
3019 1529 3224 1588 reputa.
3250 1519 3379 1574 Nam
3423 1520 3508 1574 hic
3542 1521 3656 1590 plus

2061 1622 2218 1676 quam
2262 1607 2350 1662 ille
2375 1607 2508 1661 alius
2538 1607 2862 1672 febricitans,
2892 1625 2986 1678 per
3025 1611 3160 1664 hanc
3198 1614 3473 1681 rapinam,
3505 1628 3655 1666 suam

2061 1699 2295 1753 incendit
2327 1699 2615 1753 ﬂammam.
2663 1699 2727 1754 Et
2753 1701 2794 1754 si
2827 1702 2943 1769 quis
2984 1699 3169 1756 furens
3194 1703 3415 1773 abrepto
3458 1719 3487 1757 a
3520 1719 3653 1774 quo-

2063 1791 2199 1859 piam
2229 1790 2404 1860 gladio
2440 1807 2498 1846 se
2540 1791 2871 1857 confoderit,
2903 1793 3020 1862 quis
3052 1793 3210 1849 lassus
3249 1795 3365 1850 est?
3394 1796 3435 1847 is
3477 1812 3508 1850 a
3549 1812 3654 1867 quo

2060 1883 2312 1950 abreptus
2337 1882 2576 1952 gladius,
2607 1898 2674 1936 an
2705 1883 2792 1952 qui
2835 1883 3052 1952 rapuit?
3079 1885 3173 1938 llic
3212 1886 3413 1955 utique.
3449 1887 3522 1941 De
3559 1902 3650 1957 pe-

2060 1974 2334 2027 cuniarum
2365 1973 2520 2042 igitur
2548 1974 2728 2042 rapina
2760 1974 2986 2044 idipsum
3018 1975 3482 2046 cogitemus.Nam
3511 1978 3652 2047 quod

2062 2062 2254 2118 furenti
2285 2064 2489 2133 gladius
2531 2073 2642 2130 est,
2673 2064 2724 2119 id
2755 2079 2916 2119 avaro
2947 2065 3144 2120 divitiae
3187 2077 3348 2133 sunt;
3391 2067 3497 2121 imo
3536 2085 3653 2138 ρει-α

2061 2156 2390 2210 niciosiores.
2421 2155 2552 2209 Nam
2582 2157 2671 2226 qui
2702 2155 2866 2223 furit,
2896 2165 2950 2212 et
2978 2172 3098 2212 sese
3145 2157 3324 2228 gladio
3377 2160 3613 2214 conrodit
3634 2203 3651 2226 ,

2055 2251 2164 2321 jam
2199 2267 2227 2304 a
2258 2252 2432 2306 furore
2471 2251 2727 2305 liberatus
2771 2260 2852 2306 est
2876 2293 2890 2317 ,
2922 2266 3096 2321 neque
3138 2253 3431 2306 secundum
3461 2255 3649 2322 accipit

2063 2346 2257 2398 vulnus
2286 2357 2517 2399 :avarus
2554 2359 2680 2397 vero
2717 2343 2994 2397 innumera
3041 2342 3278 2411 quotidie
3317 2351 3372 2397 et
3407 2344 3650 2413 graviora

2059 2437 2251 2505 accipit
2278 2436 2517 2500 vulnera,
2555 2449 2662 2488 non
2693 2448 2813 2489 sese
2833 2433 2901 2487 ab
2932 2431 3031 2488 bac
3057 2433 3260 2488 insania
3289 2433 3539 2500 educens,
3557 2435 3651 2490 sed

2059 2530 2227 2599 magis
2253 2542 2454 2598 augens
2481 2527 2532 2581 in
2559 2527 2674 2582 dies
2702 2543 2715 2582 :
2748 2535 2801 2581 et
2827 2535 3024 2596 quanto
3054 2526 3200 2595 plura
3233 2528 3498 2596 acceperit
3530 2529 3651 2583 vul-

2060 2636 2184 2674 nera
2215 2662 2230 2686 ,
2265 2629 2410 2673 tanto
2439 2618 2605 2689 magis
2642 2618 2976 2672 occasionem
3008 2619 3213 2688 prazbet
3238 2618 3404 2688 plagis
3431 2618 3651 2689 majori-

2060 2711 2177 2764 bus.
2210 2710 2334 2763 "an
2372 2725 2500 2779 ergo
2527 2710 2853 2779 cogitantes,
2887 2707 3150 2778 fugiamus
3196 2709 3337 2764 hunc
3376 2710 3609 2778 gladium
3633 2751 3649 2776 ,

2059 2800 2197 2854 hanc
2237 2801 2515 2864 insaniam,
2540 2808 2595 2855 et
2627 2816 2750 2854 sero
2779 2799 2990 2854 tandem
3023 2799 3320 2870 vigilemus.
3351 2799 3483 2854 Nam
3515 2800 3650 2858 hanc

2056 2901 2204 2946 certe
2234 2893 2478 2946 virtutem
2517 2891 2896 2946 continentiam
2923 2901 3067 2947 recte
3093 2906 3346 2947 vocemus
3369 2934 3384 2953 ,
3415 2908 3518 2948 non
3546 2895 3650 2949 mi-

2059 3001 2160 3039 nus
2200 2999 2357 3055 quam
2405 2984 2546 3039 illam
2595 2999 2714 3055 quas
2757 2984 2836 3038 sic
2885 2984 3081 3054 passim
3116 2994 3353 3039 vocatur.
3400 2986 3471 3040 lbi
3504 2988 3647 3040 enim

2057 3086 2241 3132 c0ntra
2286 3092 2441 3130 unam
2485 3074 2930 3145 concupiscentia:
2974 3075 3309 3146 tyrannidem
3343 3086 3646 3146 pugnatur,

2059 3166 2143 3220 hic
2169 3182 2296 3221 vero
2311 3168 2504 3221 multas
2522 3180 2586 3220 ac
2609 3167 2846 3220 diversas
2870 3165 3189 3235 cupiditates
3215 3181 3467 3236 superare
3490 3181 3650 3238 opor-

2059 3268 2152 3315 tet.
2177 3260 2344 3314 Nemo
2369 3260 2534 3324 enim,
2559 3273 2716 3314 nemo
2740 3258 2956 3314 stultior
2984 3272 3050 3315 eo
3079 3258 3168 3328 qui
3193 3258 3500 3314 divitiarum
3531 3273 3647 3314 scr-

2057 3367 2154 3406 vns
2181 3360 2282 3406 est.
2322 3351 2591 3420 Imperare
2631 3349 2732 3406 sibi
2779 3349 3029 3416 videtur,
3074 3349 3202 3404 dum
3243 3349 3485 3404 subditus
3520 3361 3644 3416 est;

2056 3444 2318 3501 dominari
2348 3443 2561 3498 videtur
2583 3485 2598 3510 ,
2631 3458 2751 3497 cum
2799 3443 2870 3497 sit
2913 3457 3136 3508 servus;
3169 3441 3294 3497 dum
3324 3457 3383 3496 se
3425 3442 3646 3499 vinculis

2056 3535 2400 3606 constringit,
2449 3534 2676 3606 gaudet;
2705 3550 2826 3589 cum
2868 3534 3131 3589 acriorem
3182 3533 3347 3589 feram
3387 3533 3644 3599 reddidit,

2057 3629 2305 3691 lzetatur;
2337 3640 2457 3680 cum
2488 3626 2731 3694 captivus
2758 3624 2988 3690 ducitur,
3020 3623 3284 3688 exsultat;
3309 3640 3371 3678 ac
3401 3624 3527 3678 dum
3573 3627 3648 3678 vi-

2056 3719 2146 3773 dct
2194 3733 2380 3772 canem
2431 3717 2673 3770 rabidum
2723 3717 2774 3769 in
2821 3716 3051 3769 animam
3096 3731 3243 3768 suam
3289 3715 3639 3778 insilientem,

2056 3827 2178 3867 cum
2208 3818 2479 3880 oporteret
2502 3809 2647 3862 illum
2676 3810 2838 3879 ligare
2854 3818 2904 3863 et
2927 3807 3066 3862 fame
3088 3809 3348 3874 cruciare,
3377 3808 3472 3877 ipsi
3503 3808 3648 3876 large

2057 3903 2231 3959 cibum
2257 3899 2580 3970 suppeditat,
2613 3908 2668 3952 ut
2697 3898 3064 3952 vehementius
3107 3896 3304 3951 insiliat
3343 3908 3393 3950 et
3420 3897 3648 3951 ferocior

2058 3997 2146 4050 sit.
2175 3995 2298 4048 llarc
2328 3995 2505 4060 itaque
2546 3989 2722 4043 omnia
2755 3989 3072 4058 cogitantes,
3101 3987 3310 4042 vincula
3351 3989 3645 4054 solvamus,

2057 4084 2224 4142 feram
2255 4081 2582 4145 occidamus,
2607 4079 2849 4133 morbum
2884 4078 3144 4148 pellamus
3170 4119 3182 4142 ,
3220 4078 3457 4133 furorem
3506 4078 3646 4133 hunc

2059 4177 2355 4248 ejiciarnus,
2390 4183 2446 4228 ut
2491 4171 2864 4241 tranquillitate
2905 4179 2958 4224 et
3002 4185 3130 4239 pura
3172 4170 3475 4226 valetudine
3503 4171 3643 4224 frua-

2062 4285 2198 4334 mur,
2226 4275 2431 4323 etcum
2477 4265 2640 4319 multa
2682 4263 2952 4331 voluptate
2991 4259 3057 4314 ad
3097 4260 3432 4330 tranquillum
3463 4261 3646 4330 appel-

2061 4361 2230 4415 lentes
2260 4368 2490 4430 portum,
2511 4366 2708 4410 aeterna
2735 4355 2868 4408 bona
2896 4353 3285 4422 adipiscamur:
3308 4369 3423 4422 quae
3448 4354 3646 4408 utinam

2060 4466 2246 4506 omnes
2272 4464 2639 4520 assequamur,
2667 4445 2836 4515 gratia
2868 4454 2917 4498 et
2953 4445 3275 4513 benignitate
3309 4444 3514 4498 Domini
3556 4461 3645 4500 no-

2060 4543 2292 4599 striJesu
2316 4541 2528 4603 Christi,
2554 4539 2636 4593 cui
2668 4536 2832 4605 gloria
2861 4545 2913 4589 et
2940 4535 3397 4602 imperium,nunc
3423 4545 3475 4588 et
3504 4551 3645 4590 seru-

2064 4652 2176 4707 per,
2200 4643 2253 4688 et
2275 4634 2326 4686 in
2351 4631 2540 4685 saecula
2567 4628 2902 4683 surculorum.
2928 4627 3116 4678 Amen.

359 4779 2941 4810 _.________________________________________________

1585 4865 1930 4930 HOMILIA
1973 4870 2105 4931 LII.
2162 4866 2248 4928 al.
2289 4862 2449 4924 Llll.

351 5005 490 5059 CAP.
517 5007 603 5061 15.
628 5023 679 5060 v.
703 5005 792 5059 21.
821 5005 883 5058 Et
907 5024 1134 5078 egressus
1167 5011 1283 5064 inde
1301 5011 1334 5064 J
1340 5029 1472 5078 esus,
1497 5016 1694 5069 secessit
1715 5017 1766 5070 in
1790 5026 1953 5085 partes

2060 5005 2219 5077 aperit
2245 5021 2258 5057 :
2285 4995 2732 5072 quemadmodum
2763 5005 2819 5049 et
2858 4991 3067 5051 Petrus.
3115 5002 3237 5043 cum
3263 4985 3631 5085 iprlmumnju-

429 5096 557 5166 Tyri
583 5109 629 5150 et
657 5099 877 5154 Sidonis.
908 5100 995 5155 22.
1022 5101 1090 5156 Et
1115 5120 1224 5156 ecce
1245 5106 1422 5158 mulier
1442 5107 1732 5162 Chanauara
1756 5125 1956 5179 egressa

428 5206 496 5244 ea:
523 5194 710 5255 ﬁnibus
742 5193 870 5256 suis,
911 5193 1144 5246 claumuit
1184 5197 1354 5250 dicens
1392 5200 1437 5252 ei
1481 5213 1498 5251 :
1541 5198 1781 5254 Miserere
1819 5202 1950 5266 mei.

426 5277 648 5333 Domine
668 5280 746 5346 ﬁli
769 5279 969 5348 David;
991 5284 1098 5350 ﬁlia
1119 5301 1229 5338 mea
1250 5286 1379 5338 male
1399 5303 1429 5338 a
1450 5287 1699 5341 daunonio
1721 5301 1949 5345 vexatur.

426 5371 478 5424 1.
511 5370 615 5424 Cur
637 5370 869 5427 Christus
905 5385 1074 5444 gentes
1107 5375 1252 5429 adiit.
1279 5406 1350 5416 —
1383 5377 1592 5433 Marcus
1635 5390 1813 5434 autem
1856 5382 1948 5446 ait,

349 5463 526 5532 ipsum
561 5465 732 5519 latere
764 5481 867 5520 non
900 5468 1169 5534 potuisse;
1201 5484 1321 5523 cum
1358 5469 1410 5523 in
1457 5469 1673 5525 domum
1719 5473 1951 5526 venisset

346 5553 552 5624 (Marc.
590 5557 646 5612 7.
687 5558 812 5626 24).
853 5558 960 5613 Cur
988 5570 1162 5613 autem
1205 5561 1256 5613 in
1295 5570 1474 5631 partes
1518 5562 1634 5617 illas
1679 5562 1950 5634 prolectus

349 5654 472 5705 est!
505 5650 736 5720 Quando
767 5649 1010 5704 liberavit
1040 5665 1133 5704 eos
1160 5652 1227 5705 ab
1255 5653 1626 5708 observatione
1665 5655 1904 5707 ciborum
1927 5694 1942 5718 ,

351 5751 482 5796 tunc
505 5743 699 5797 eadem
731 5741 812 5791 via
847 5755 1174 5812 progressus,
1209 5743 1454 5810 gentibus
1483 5760 1690 5813 quoque
1732 5744 1945 5811 ianuam

688 5844 959 5901 ΡΑΤιιυι..
1011 5843 1127 5902 (in.
1186 5845 1274 5901 LV
1290 5843 1306 5900 1
1323 5843 1394 5901 ll.

2053 5100 2209 5156 betur
2262 5094 2400 5148 hanc
2445 5091 2613 5160 legem
2659 5086 2890 5150 solvere,
2942 5082 3169 5138 mittitur
3215 5078 3280 5134 ad
3325 5078 3631 5135 Cornelium

2053 5191 2192 5259 (Act.
2228 5188 2337 5254 l0).
2372 5184 2426 5239 Si
2464 5183 2583 5252 quis
2615 5192 2747 5235 vero
2793 5177 3008 5241 dixerit,
3035 5173 3144 5228 Cur
3188 5187 3316 5240 ergo
3356 5169 3446 5240 qui
3475 5167 3636 5259 discl-

2054 5256 2198 5351 t-ulis
2222 5277 2372 5339 dicit,
2396 5275 2457 5328 In
2481 5275 2613 5326 viam
2632 5269 2854 5342 gentium
2873 5284 2936 5321 ne
2962 5264 3184 5319 abieritis
3202 5260 3417 5332 (Matt/5.
3441 5257 3528 5316 10.
3551 5256 3632 5351 ξ),

2056 5347 2193 5424 hanc
2234 5371 2350 5437 ipse
2397 5367 2535 5419 viam
2564 5360 2712 5416 adit?
2740 5360 2912 5430 primo
2937 5355 3154 5427 quidem
3184 5351 3310 5405 illud
3343 5347 3632 5417 responde-

2054 5461 2249 5521 bimus,
2305 5472 2408 5511 nou
2457 5455 2769 5509 adstrictum
2818 5449 2964 5503 illum
3005 5446 3073 5499 iis
3119 5439 3407 5498 servandis:
3448 5439 3639 5495 fuisse.

2055 5569 2172 5622 qua:
2198 5549 2476 5619 discipulis
2505 5545 2788 5616 pra‘cepit;
2817 5537 3078 5603 secundo,
3104 5536 3249 5590 illum
3275 5547 3379 5587 non
3407 5543 3466 5588 ut
3494 5545 3635 5598 pne-

2053 5648 2352 5702 dicaturum
2381 5642 2473 5696 illo
2500 5640 2721 5700 abiisse;
2749 5633 2888 5706 quod
2914 5629 3255 5688 subindicans
3269 5625 3474 5680 Marcus
3487 5622 3637 5674 dice-

2055 5741 2162 5805 bat,
2183 5737 2304 5808 quia
2323 5733 2608 5791 occultavit
2637 5729 2871 5797 seipsum
2887 5733 2941 5781 et
2965 5739 3070 5778 non
3093 5722 3256 5776 latere
3276 5717 3463 5790 potuit.
3483 5712 3633 5767 Sicut

3290 5837 3326 5896 Ε
