4028 6152
410 233 513 291 319

407 440 608 509 prunos
625 447 931 493 accurreret
959 456 973 492 :
1001 439 1076 491 sic
1097 439 1412 494 accedentes
1433 440 1691 509 repellere
1717 440 1989 511 indignum

402 540 519 585 erat
549 529 691 585 illius
719 530 1061 601 benignitate.
1088 529 1217 586 Nam
1240 533 1283 585 si
1315 530 1576 602 fugientes
1601 533 1802 603 insequi
1830 549 1988 604 Opor-

404 621 583 689 tebat,
629 623 797 679 multo
826 622 992 693 magis
1018 622 1358 692 insequentes
1401 623 1580 693 fugere
1610 640 1716 678 non
1744 625 1983 681 decebat.

407 715 536 773 \‘ide
561 715 721 785 igitur
744 714 1013 786 quomodo
1037 717 1180 770 omni
1210 717 1469 773 beneﬁcio
1493 717 1648 787 digna
1677 719 1746 771 sit
1771 719 1980 773 mulier.

399 806 580 877 Neque
608 806 750 861 enim
779 820 906 861 ausa
936 815 1018 863 est
1049 807 1230 863 venire
1263 807 1649 879 .lerosolymam
1668 850 1683 873 ,
1714 809 1904 865 timens
1930 819 1983 865 et

394 912 455 953 se
488 913 548 951 re
588 896 676 952 illa
722 897 988 968 indignam
1026 907 1297 966 reputans.
1336 898 1446 953 Nisi
1473 897 1613 952 enim
1645 899 1744 955 hoc
1766 899 1981 955 detenta

396 998 540 1045 tnctu
570 987 787 1053 fuisset,
831 998 1048 1044 ventura
1079 988 1170 1043 illo
1193 998 1338 1054 erat,
1371 997 1427 1043 ut
1453 1004 1516 1042 ex
1545 989 1795 1059 praesenti
1823 987 1980 1045 vehe-

392 1079 589 1134 mentia
616 1078 802 1150 liquet,
825 1088 882 1135 et
901 1094 966 1135 ex
989 1094 1055 1133 eo
1081 1077 1221 1148 quod
1248 1078 1380 1133 ﬁnes
1405 1092 1529 1134 suos
1554 1093 1767 1149 egressa
1797 1080 1973 1134 fuerit.

393 1168 616 1236 Quidam
635 1185 759 1224 vero
775 1168 892 1225 hare
908 1169 1192 1239 allegorice
1207 1168 1531 1238 explicantes
1546 1169 1746 1237 dicunt,
1763 1170 1975 1240 quando

392 1280 456 1319 ex
484 1263 666 1321 Iud-asa
697 1278 944 1334 egressus
971 1271 1050 1319 est
1077 1262 1334 1328 Christus,
1371 1271 1493 1317 tunc
1532 1262 1599 1317 ad
1641 1263 1786 1319 illum
1817 1277 1972 1319 acce-

391 1357 520 1411 dere
544 1370 726 1411 ausam
752 1371 873 1411 esse
901 1354 1233 1421 Ecclesium,
1268 1368 1387 1422 qua:
1425 1364 1478 1408 et
1520 1354 1630 1423 ipsa
1671 1370 1737 1408 ex
1782 1354 1972 1409 ﬁnilms

393 1447 501 1502 suis
525 1460 736 1516 egressa
765 1454 873 1511 est;
903 1445 978 1500 ait
997 1445 1138 1499 enim
1170 1461 1181 1496 :
1209 1443 1510 1499 Ubliviscere
1537 1444 1780 1514 populum
1807 1456 1967 1511 tuum,

391 1550 435 1600 et
464 1539 669 1593 domum
696 1539 856 1610 patris
881 1538 956 1592 tui
980 1536 998 1606 (
1020 1536 1165 1592 Psal.
1194 1538 1285 1593 Μ.
1316 1538 1376 1593 ‘ll
1398 1535 1440 1610 ).
1478 1536 1608 1592 Nam
1636 1538 1879 1594 Christus
1902 1554 1970 1595 ex

390 1629 581 1687 tinibus
599 1629 709 1683 suis
728 1630 982 1694 excessit,
1008 1637 1063 1683 et
1085 1628 1280 1683 mulier
1294 1644 1503 1699 quoque
1521 1644 1587 1684 ex
1610 1628 1803 1684 finibus
1822 1631 1932 1685 suis
1952 1647 1965 1684 :

387 1728 439 1775 et
465 1719 542 1774 sic
575 1727 860 1788 potuerunt
884 1736 984 1774 una
1012 1719 1261 1790 colloqui.
1288 1718 1420 1773 Ecce
1447 1719 1619 1785 enim,
1651 1720 1756 1783 ait,
1789 1719 1967 1774 mulier

382 1810 674 1869 Chananwa
708 1828 907 1884 egressa
945 1829 1007 1865 ea:
1044 1811 1228 1880 ﬁnibus
1266 1813 1389 1865 suis.
1425 1814 1650 1866 Accusat
1691 1812 1963 1866 mulierem

386 1905 736 1975 evangelista,
766 1915 819 1957 ut
846 1904 1094 1977 ostendat
1124 1903 1469 1967 miraculum,
1501 1902 1773 1973 ipsamque
1798 1904 1964 1972 magis

387 1996 652 2064 praedicet.
684 1994 892 2049 Etenim
923 2010 1042 2048 cunt
1082 1992 1232 2048 audis
1258 1992 1639 2059 Chananteatu,
1683 1994 1964 2049 recordare

383 2088 616 2159 gentium
646 2087 856 2141 illarum
884 2087 1181 2156 iniquarum
1201 2127 1215 2147 ,
1254 2102 1372 2156 quin
1399 2088 1556 2140 etiam
1594 2086 1735 2157 leges
1762 2095 1962 2140 natura:

383 2199 411 2237 a
449 2180 808 2237 fundamentis
835 2189 1154 2234 everterant.
1198 2180 1411 2234 Illorum
1452 2195 1578 2235 vero
1617 2181 1960 2248 recordatus,

382 2274 553 2345 cogita
575 2273 679 2327 vim
701 2272 896 2328 Christi
924 2273 1201 2326 adventus.
1231 2271 1328 2338 Qui
1355 2272 1495 2326 enim
1524 2271 1680 2341 ejecti
1708 2283 1861 2338 sunt,
1895 2289 1961 2329 ne

382 2365 593 2421 Judzeos
620 2373 1019 2434 perverterent,
1055 2364 1107 2418 hi
1135 2363 1268 2418 adeo
1301 2362 1497 2418 ludatis
1527 2365 1809 2420 meliores‘
1843 2363 1954 2420 fuc-

381 2467 593 2525 runt,ut
611 2458 766 2511 etiam
788 2473 852 2511 ex
880 2456 1069 2511 finibus
1090 2457 1201 2511 suis
1220 2456 1416 2526 egressi
1441 2454 1706 2509 Christum
1732 2457 1956 2523 adirent,

381 2549 504 2605 dum
535 2548 704 2605 Judaei
735 2548 880 2602 illum
911 2546 975 2600 ad
1002 2562 1059 2601 se
1091 2547 1386 2601 venientem
1419 2548 1756 2615 repellerent.
1787 2550 1955 2602 Acre-

380 2642 509 2705 dcns
540 2656 673 2712 ergo
713 2640 841 2694 nihil
885 2639 1024 2694 aliud
1071 2637 1231 2706 dixit,
1279 2639 1411 2702 nisi,
1460 2637 1698 2693 Miserere
1734 2640 1864 2703 mei,
1906 2649 1959 2694 et

378 2734 610 2790 clamore
637 2748 734 2788 suo
760 2748 1011 2804 magnum
1040 2731 1303 2787 theatrum
1330 2741 1605 2788 convocat.
1648 2731 1773 2786 Erat
1815 2733 1955 2788 enim

380 2825 678 2883 miserabile
707 2827 1065 2896 spectaculqu
1087 2867 1102 2889 ,
1143 2824 1421 2880 mulierem
1452 2839 1674 2881 cernere
1713 2840 1832 2881 cum
1873 2826 1952 2880 af-

378 2921 517 2979 feetu
548 2929 695 2976 tanto
721 2922 1070 2985 clamantem,
1099 2929 1153 2974 et
1176 2917 1452 2975 mulierem
1483 2927 1706 2973 matrem
1735 2932 1830 2989 pro
1852 2918 1955 2973 filia

374 3016 757 3087 supplicantem
800 3015 1008 3077 videre,
1051 3029 1147 3084 pro
1185 3014 1328 3079 filia,
1380 3014 1624 3083 inquam,
1673 3023 1775 3067 tam
1819 3014 1957 3068 male

373 3107 583 3164 aﬂecta.
612 3106 793 3177 Neque
822 3110 962 3161 enim
990 3121 1119 3162 ausa
1147 3105 1242 3160 fuit
1272 3106 1325 3161 in
1351 3105 1580 3175 Magistri
1612 3117 1953 3175 conspectum

370 3199 754 3255 dtrmoniacam
793 3199 1100 3255 adducere:
1131 3198 1223 3254 sed
1267 3198 1355 3252 illa
1393 3198 1536 3253 domi
1580 3199 1796 3264 relicta,
1843 3199 1952 3266 ipsa

370 3306 433 3347 se
459 3291 750 3361 supplicem
775 3290 934 3354 si8tit,
958 3289 1309 3360 morbumque
1329 3298 1528 3343 tantum
1550 3299 1952 3352 commemorat,

373 3383 504 3438 nihil
530 3382 759 3453 amplius
785 3381 1069 3451 adjiciens;
1115 3395 1287 3451 neque
1325 3380 1585 3436 medicum
1623 3379 1838 3434 donuun
1872 3388 1955 3433 at-

371 3475 568 3540 trahit,
611 3474 747 3528 sicut
783 3472 994 3542 regulus
1032 3472 1151 3533 ille,
1190 3471 1279 3541 qui
1307 3470 1517 3526 diccbat
1550 3487 1563 3523 :
1606 3468 1731 3524 Veni
1771 3481 1816 3524 et
1857 3472 1955 3523 im-

374 3582 504 3637 pone
532 3581 739 3619 manum
771 3573 939 3629 luant,
981 3573 1027 3618 et
1056 3562 1297 3617 descende
1324 3573 1589 3632 antequam
1619 3563 1861 3615 moriatur
1887 3564 1952 3631 [i-

373 3659 472 3714 lius
497 3674 634 3713 meus
665 3655 855 3729 (Joau.
884 3657 939 3710 ι.
962 3652 1070 3725 49)
1099 3652 1229 3709 :sed
1254 3653 1551 3708 calamitate
1570 3667 1662 3707 sua
1689 3654 1952 3721 exposita,

372 3761 425 3808 et
451 3750 619 3807 morbi
650 3747 1045 3821 magnitudine,
1080 3745 1496 3802 miscricordiam
1528 3743 1734 3798 Domini
1764 3757 1955 3812 magno

371 3845 604 3899 clamore
649 3841 896 3911 tmplorat
940 3856 953 3894 :
1004 3854 1103 3897 nec
1132 3838 1291 3903 dicit,
1332 3836 1584 3892 Miserere
1627 3835 1747 3890 filia:
1786 3850 1952 3898 meae,

371 3937 466 3992 sed
487 3978 505 4000 ,
540 3935 778 3991 Miserere
800 3934 917 3990 mei.
952 3932 1041 3989 Illa
1070 3933 1266 4004 quippe
1296 3931 1464 3986 morbi
1495 3944 1709 3986 sensum
1752 3929 1952 3984 nullunt

372 4025 563 4089 habet;
596 4041 694 4095 ego
720 4039 847 4080 vero
877 4024 1065 4078 millies
1093 4023 1405 4086 discrucior,
1447 4023 1498 4075 iu
1539 4036 1754 4076 sensum
1797 4022 1954 4092 a‘gri-

374 4118 572 4172 tudiuis
598 4119 772 4178 venio.
811 4125 866 4170 et
903 4118 1015 4170 viso
1053 4118 1240 4169 morbo
1279 4116 1503 4169 insanio.
1543 4114 1630 4171 25.
1668 4114 1764 4170 Ille
1790 4124 1955 4169 autem

375 4226 474 4262 non
501 4208 760 4277 respondit
790 4208 835 4260 ei
864 4206 1084 4261 verbum.
1112 4206 1279 4271 Quam
1313 4221 1503 4259 novum
1535 4203 1637 4260 hoc
1662 4216 1717 4260 et
1747 4205 1953 4259 inaudi-

379 4300 519 4355 tum!
552 4299 765 4353 .luda-os
795 4308 845 4353 et
886 4297 1119 4366 ingratos
1159 4296 1392 4359 inducit,
1432 4303 1485 4350 ct
1525 4294 1957 4365 blaSphemantes

378 4398 560 4461 rogat,
608 4400 660 4443 et
715 4397 978 4443 tentantes
1021 4401 1123 4440 non
1168 4386 1387 4441 dimittit
1429 4403 1442 4440 :
1486 4385 1620 4439 hanc
1664 4401 1792 4441 vero
1838 4402 1956 4456 qua:

374 4481 441 4536 ad
473 4481 642 4549 ipsum
672 4480 934 4543 accurrit,
965 4493 1084 4547 qua:
1120 4487 1270 4548 rogat
1298 4488 1350 4531 et
1376 4476 1669 4547 supplicat,
1702 4492 1819 4547 qua:
1858 4493 1955 4531 nec

378 4575 429 4627 in
462 4574 575 4642 lege
606 4588 703 4626 nec
735 4571 785 4625 iu
818 4568 1089 4640 prophetis
1118 4570 1369 4634 educata,
1416 4576 1611 4621 tantam
1641 4577 1814 4621 numen
1848 4567 1951 4636 pie-

377 4674 537 4718 tatem
567 4664 802 4730 exhibet,
833 4678 899 4717 ne
922 4661 1271 4732 responsione
1295 4658 1505 4730 quidem
1537 4658 1796 4727 dignatur.
1828 4659 1953 4724 Quis

375 4771 479 4810 non
511 4756 746 4811 ommsus
774 4754 990 4821 fuisset,
1019 4753 1171 4807 fama:
1199 4752 1364 4823 ipsius
1392 4768 1503 4806 rem
1542 4752 1612 4807 ita
1637 4752 1954 4805 contrariam

380 4847 602 4902 ridens?
630 4846 921 4901 Audierant
961 4845 1139 4912 enim,
1183 4844 1351 4914 ipsqu
1397 4842 1541 4897 vicos
1580 4843 1956 4897 circumeundo

378 4937 594 4991 morbos
613 4950 803 4990 curare
824 4954 837 4990 :
862 4936 999 4990 hanc
1027 4950 1153 4990 vero
1174 4933 1513 4989 accedentem
1532 4934 1767 5003 depcllit.
1787 4936 1953 5000 Quem

377 5044 485 5084 non
524 5028 759 5083 flexisset
796 5027 1013 5081 morbus
1052 5028 1170 5081 talis
1210 5039 1369 5096 atque
1409 5028 1751 5095 supplicatio,
1797 5044 1955 5097 quam

377 5117 651 5173 emittebat
675 5133 770 5188 pro
791 5116 895 5170 ﬁlia
916 5126 1020 5171 tam
1045 5117 1182 5173 male
1200 5117 1426 5173 affecta?
1448 5118 1625 5185 Neque
1645 5120 1785 5173 enim
1807 5120 1955 5189 quasi

381 5211 537 5280 digna
569 5207 847 5271 beneﬂcio,
869 5219 920 5263 et
950 5209 1100 5277 quasi
1130 5208 1367 5264 debitum
1403 5212 1677 5277 pustulans
1701 5212 1950 5273 accessit,

384 5303 477 5358 sed
510 5301 933 5358 misericordiam
963 5300 1192 5373 petebat,
1220 5310 1273 5355 et
1294 5301 1647 5359 calamitatem
1678 5318 1826 5359 suam
1854 5313 1960 5358 tra-

390 5396 505 5467 gice
547 5396 831 5463 narrabat,
874 5411 1051 5466 neque
1087 5404 1260 5451 tamen
1301 5398 1648 5467 responsione
1690 5399 1954 5470 dignatur.

382 5486 534 5541 Multi
577 5488 800 5542 fortasse
837 5503 901 5543 ex
933 5487 1269 5543 audientibus
1306 5489 1491 5543 offensi
1532 5500 1653 5545 sunt
1684 5506 1696 5544 :
1727 5490 1813 5545 illa
1854 5508 1957 5547 non

445 5646 463 5674 ¹
488 5644 603 5695 Mss.
628 5639 1041 5706 plurimihahent,
1066 5639 1391 5705 sapientiores,
1413 5655 1520 5706 pro,
1546 5640 1787 5694 meliores.

1153 233 1208 290 S.
1248 234 1520 292 JOANNIS
1542 235 2011 292 CHRYSOSTOMI
2053 239 2370 301 ARCHIEP.
2410 247 2936 311 CONSTANTlNOP.

405 346 547 402 enim
576 361 752 405 rerum
780 348 1156 415 consequentia
1189 348 1519 417 postulabat,
1561 358 1615 402 nt
1658 365 1723 406 ne
1762 349 1826 404 ad
1872 351 1990 406 illos

3570 267 3684 323 5‘30

2101 353 2245 410 item.
2279 357 2481 431 Ecquid
2522 363 2671 432 dico,
2702 382 2764 421 ex
2796 370 3167 427 audientibus’
3197 374 3327 431 Nam
3356 389 3482 447 puto
3517 381 3670 439 disci-

2096 448 2244 513 pulos
2268 450 2412 520 ipsos
2426 452 2491 505 de
2513 455 2811 511 calamitate
2832 461 3067 516 mulieris
3095 464 3313 520 affectos
3338 469 3685 539 turbato~que

2092 534 2273 594 fuisse.
2303 540 2483 610 Neque
2513 553 2719 613 tamen,
2753 549 2947 603 turbati
2978 552 3133 618 licet,
3162 553 3342 611 dicere
3369 559 3482 611 ausi
3515 534 3633 615 sunt
3663 578 3679 614 :

2093 626 2238 682 Hane
2278 630 2354 684 illi
2395 636 2626 689 concede
2652 639 2876 713 gratiam
2919 658 2933 696 :
2973 643 3064 698 sed
3106 644 3405 702 Accedentes
3439 651 3685 718 discipuli

2087 719 2329 788 rogabant
2353 739 2463 775 eum
2492 724 2710 781 dicentes
2732 744 2752 782 :
2779 726 2988 784 Dimitte
3016 732 3180 800 illam,
3208 738 3325 804 quia
3352 737 3540 792 clamat
3565 753 3687 810 post

2085 823 2194 862 nos.
2223 808 2332 864 Nos
2362 813 2504 867 enim
2533 831 2653 869 runt
2685 819 2928 873 volumus
2952 823 3147 893 aliquid
3175 828 3438 893 suadere,
3463 808 3680 885 contra-

2085 897 2163 951 ria
2203 912 2345 968 δευρί)
2382 901 2609 959 dicimus
2642 923 2653 956 :
2686 908 2929 965 Christus
2957 926 3084 966 vero
3114 915 3187 968 ait
3216 933 3229 967 :
3257 916 3344 971 24.
3395 917 3515 973 Non
3560 934 3675 973 sum

2084 986 2264 1042 missus
2295 991 2390 1043 nisi
2417 994 2485 1045 ad
2514 1009 2624 1047 oves
2651 1013 2761 1063 (μίαν
2785 1000 3037 1065 perierunt
3065 1004 3241 1059 domus
3270 1005 3455 1062 Israel.

2150 1078 2203 1132 2.
2233 1081 2365 1146 Quid
2400 1085 2556 1162 igitur
2585 1089 2812 1144 tttttliut‘?
2852 1109 2917 1146 an
2956 1110 3075 1149 cum
3120 1100 3232 1152 tuaac
3269 1099 3541 1169 audisset,
3582 1111 3663 1157 ta-

2080 1171 2227 1224 cuit?
2245 1186 2310 1225 au
2336 1175 2616 1229 discessit?
2639 1194 2703 1231 an
2726 1182 2955 1235 studium
2980 1196 3033 1237 et
3054 1187 3285 1240 animum
3313 1195 3662 1260 compressit?

2075 1259 2322 1327 Minime;
2368 1264 2473 1318 imo
2514 1272 2681 1336 magis
2720 1270 2965 1326 instabat.
3008 1274 3200 1331 Verum
3240 1277 3379 1333 haud
3420 1259 3489 1334 ita
3529 1298 3660 1349 nos;

2074 1352 2166 1405 sed
2198 1369 2315 1407 cum
2347 1357 2606 1424 postulata
2636 1376 2739 1415 non
2765 1365 3119 1433 assequimur,
3149 1368 3486 1434 desistimus.
3534 1390 3658 1430 cum

2075 1446 2241 1515 magis
2282 1447 2477 1503 ίιιμιςιτθ
2515 1465 2610 1519 par
2645 1463 2804 1508 esset.
2845 1455 3006 1526 Atqui
3049 1473 3206 1527 quem
3239 1476 3343 1514 non
3373 1463 3655 1533 dejecisst-t

2071 1534 2269 1590 dictum
2310 1537 2649 1609 hujusntodi?
2678 1541 2854 1613 Ipsum
2884 1547 3150 1602 silentium
3179 1562 3383 1619 poterat
3422 1555 3561 1609 illam
3603 1556 3654 1609 in

2070 1628 2495 1699 desperationem
2525 1636 2822 1706 conjicere;
2863 1640 3137 1710 multoque
3171 1643 3338 1713 magis
3377 1649 3655 1716 I‘CSIIOﬂSit)

2073 1720 2212 1775 talis.
2232 1720 2364 1775 Nam
2384 1736 2501 1777 cum
2524 1738 2774 1793 patronos
2794 1743 2918 1782 suos
2945 1744 3127 1785 secum
3152 1734 3412 1801 repulsam
3441 1739 3546 1807 pati
3573 1741 3649 1792 vi-

2068 1809 2571 1885 deret,audiretque,
2590 1833 2699 1871 rem
2719 1817 2831 1872 fieri
2851 1836 2953 1872 non
2975 1821 3209 1891 posse,in
3226 1823 3650 1893 desperationem

2067 1907 2411 1975 assequendae
2439 1910 2513 1963 rei
2544 1911 2734 1980 cenjici
2780 1918 3002 1981 poterat.
3036 1915 3281 1968 Attamen
3324 1931 3428 1970 non
3471 1920 3650 1973 animo

2066 1995 2259 2050 defecit
2283 1999 2506 2064 mulier;
2540 1999 2632 2054 sed
2674 2002 2759 2055 ubi
2793 2001 2942 2067 vidit,
2980 2003 3110 2057 nihil
3133 2015 3381 2073 patronos
3412 2005 3645 2073 efﬁcere,

2065 2100 2162 2139 ceu
2182 2087 2503 2156 impudentia
2527 2089 2809 2146 laudabili‘
2833 2108 2924 2146 usa
2947 2095 3219 2148 est.Antea
3239 2094 3288 2148 in
3303 2107 3646 2167 conspectum

2066 2178 2245 2232 venire
2275 2194 2376 2233 non
2409 2180 2634 2234 audebat
2675 2198 2687 2234 :
2716 2180 2932 2249 Clamat,
2962 2184 3222 2253 inquiunt,
3247 2195 3358 2255 post
3379 2202 3469 2239 nos
3485 2201 3507 2249 ;
3525 2202 3644 2241 cum

2064 2277 2239 2322 autent
2260 2270 2546 2325 verisimile
2575 2271 2860 2335 videretur,
2884 2272 3053 2343 ipsam
3075 2275 3235 2329 animi
3260 2274 3470 2330 dubiam
3501 2289 3645 2331 retro

2064 2372 2356 2423 cessuram,
2383 2359 2606 2415 tuucilla
2632 2364 2847 2432 propius
2874 2367 3118 2431 accessit,
3144 2376 3195 2419 ct
3222 2364 3449 2421 adorans
3469 2366 3600 2423 dixit
3628 2386 3641 2422 :

2062 2450 2151 2504 25.
2184 2449 2417 2515 Domine,
2449 2453 2634 2522 adjuva
2664 2471 2758 2508 me.
2780 2456 2914 2523 Quid
2944 2456 3045 2510 hoc
3073 2465 3176 2524 est,
3201 2472 3236 2512 ο
3264 2458 3487 2513 mulier?
3515 2476 3639 2513 num

2063 2541 2316 2610 majorem
2348 2542 2529 2609 habes,
2554 2559 2710 2613 quam
2737 2547 2984 2615 apostoli,
3013 2546 3293 2602 fiduciam?
3319 2565 3443 2603 nqu
3476 2551 3642 2619 majo~

2063 2648 2173 2687 rem
2204 2631 2599 2690 fortitudinem?
2625 2635 2890 2692 Fiduciam
2913 2649 2965 2694 et
2990 2638 3345 2696 fortitudinem
3385 2643 3601 2698 minime
3623 2680 3639 2704 .

2063 2724 2167 2779 imo
2186 2725 2384 2794 pudore
2400 2726 2692 2794 suffundor;
2712 2731 2804 2784 sed
2824 2730 3247 2786 inverecundiam
3262 2733 3358 2803 pro
3374 2749 3433 2788 su
3441 2735 3639 2804 pplica-

2062 2815 2205 2869 tione
2230 2815 2458 2873 adhich
2488 2834 2501 2869 :
2536 2818 2863 2873 rererebitur
2888 2820 3129 2876 fiduciam
3157 2837 3348 2878 meam.
3379 2823 3484 2879 Sed
3512 2825 3640 2895 quid

2061 2907 2198 2962 hoc?
2227 2925 2331 2963 non
2358 2910 2549 2964 audisti
2586 2912 2848 2967 dicentem
2869 2955 2884 2975 ,
2918 2912 3038 2968 Non
3074 2931 3187 2969 sum
3224 2915 3404 2971 missus
3444 2918 3543 2971 nisi
3569 2918 3638 2970 ad

2059 3015 2170 3052 oves
2196 3014 2307 3068 qua:
2335 3001 2585 3069 perierunt
2614 3001 2791 3056 domus
2819 3001 3024 3058 Israel?
3047 3005 3238 3059 Audivi
3262 3046 3278 3071 ,
3311 3005 3511 3077 inquit,
3542 3006 3638 3062 sed

2061 3092 2172 3161 ipse
2200 3093 2453 3147 Dominus
2480 3102 2582 3149 est.
2616 3094 2740 3151 Ideo
2768 3111 2874 3151 non
2901 3097 3139 3153 dicebat.
3170 3097 3274 3154 Ora
3302 3109 3355 3154 et
3380 3114 3635 3169 precare;

2059 3182 2175 3248 sed,
2207 3183 2402 3253 Adjuva
2430 3202 2522 3238 me.
2554 3186 2691 3252 Quid
2718 3201 2843 3258 ergo
2868 3185 3146 3244 Christus?
3174 3188 3250 3245 Ne
3277 3190 3393 3246 istis
3419 3191 3635 3261 quidem

2058 3282 2367 3334 Contentus.
2399 3274 2778 3332 dubitationem
2809 3279 2983 3345 auxit,
3015 3278 3196 3335 dicens
3226 3298 3239 3333 :
3267 3280 3357 3336 26.
3403 3280 3523 3335 Non
3562 3294 3637 3337 est

2060 3366 2244 3416 bonum
2268 3380 2463 3419 sumere
2486 3382 2664 3435 panem
2690 3368 2942 3436 ﬁliorum,
2985 3378 3031 3422 et
3059 3370 3248 3423 mittere
3270 3370 3497 3425 canibus.
3528 3371 3636 3426 fle-

2059 3469 2256 3524 Sponso
2293 3457 2460 3526 magis
2504 3473 2660 3527 quam
2699 3459 2908 3515 silentio
2949 3461 3197 3514 tumstitia
3237 3461 3378 3515 illam
3422 3461 3631 3516 affecit.

2057 3545 2173 3601 Jam
2218 3563 2321 3602 non
2362 3549 2428 3601 ad
2466 3549 2626 3604 alium
2673 3564 2885 3606 causam
2927 3551 3209 3616 transfert,
3260 3569 3432 3623 neque
3469 3554 3633 3620 dicit,

2063 3637 2183 3691 Non
2207 3655 2316 3693 sum
2335 3640 2514 3694 missus
2538 3655 2555 3695 :
2578 3640 2670 3695 sed
2692 3651 2888 3711 quanto
2911 3643 3075 3713 magis
3095 3644 3177 3696 illa
3205 3643 3429 3712 petendo
3449 3643 3633 3711 instat,

2062 3740 2206 3784 tanto
2249 3731 2503 3801 majorem
2544 3732 2632 3788 ille
2673 3732 2763 3786 dat
2802 3734 3089 3801 repulsam.
3132 3733 3313 3805 Neque
3349 3734 3459 3804 jam
3506 3752 3635 3790 oves

2060 3831 2210 3877 vocat
2232 3822 2463 3889 Judaeos,
2488 3824 2581 3879 sed
2604 3825 2758 3888 filios,
2784 3825 2947 3894 ips-am
2971 3842 3094 3880 vero
3114 3842 3319 3881 canem.
3349 3828 3482 3894 Quid
3505 3843 3634 3899 ergo

2060 3914 2284 3969 mulier?
2319 3915 2394 3969 Ex
2436 3916 2560 3983 ipsis
2602 3915 2782 3969 verbis
2817 3916 3181 3972 defensionem
3224 3919 3322 3972 sibi
3365 3929 3536 3988 parat.
3577 3920 3632 3974 Si

2059 3992 2206 4060 canis
2242 4021 2397 4071 sum,
2444 4007 2644 4077 inquit,
2689 4025 2792 4062 non
2834 4024 2950 4062 sum
2996 4010 3189 4066 aliena.
3231 4009 3358 4065 Jure
3393 4012 3635 4066 Christus

2060 4098 2300 4161 dicebat,
2332 4096 2396 4151 In
2417 4099 2667 4168 judicium
2697 4116 2786 4170 ego
2815 4101 2924 4153 veni
2966 4099 3156 4169 (Joan.
3196 4101 3248 4156 9.
3289 4101 3413 4171 '59).
3446 4102 3637 4156 Mulier

2062 4189 2146 4241 illa
2177 4188 2594 4259 philosophatur,
2624 4192 3073 4260 perseterantiam
3113 4204 3164 4247 ct
3205 4192 3358 4247 fidem
3391 4206 3632 4263 magnam

2061 4277 2307 4345 exhibet,
2335 4280 2436 4334 etsi
2460 4282 2791 4360 contumeliis
2820 4280 3006 4335 affeeta
3036 4299 3052 4336 :
3084 4282 3251 4337 Judaei
3283 4298 3408 4336 vero
3433 4298 3561 4338 cura
3578 4294 3632 4337 et

2062 4370 2262 4425 honore
2293 4371 2440 4436 culti,
2472 4374 2792 4427 contrariam
2819 4375 2987 4428 vicem
3017 4374 3330 4442 rependunt.
3360 4373 3515 4437 Novi.
3551 4375 3633 4429 iu-

2061 4462 2173 4532 quit
2200 4463 2306 4524 illa,
2328 4463 2501 4517 cibum
2535 4465 2654 4519 filiis
2680 4479 2797 4518 esse
2831 4465 3224 4530 necessarium;
3259 4481 3427 4536 neque
3460 4475 3638 4520 tamen

2060 4569 2179 4624 ego,
2208 4557 2304 4609 etsi
2333 4556 2497 4620 ranis,
2530 4556 2715 4625 repelli
2741 4555 2929 4611 debeo.
2962 4556 3093 4611 Nam
3123 4557 3168 4612 si
3197 4557 3344 4612 nefas
3370 4568 3451 4612 est
3477 4558 3635 4627 quid-

2061 4665 2216 4719 quam
2249 4647 2489 4718 accipere
2508 4687 2523 4711 ,
2556 4647 2636 4701 vel
2665 4662 2693 4699 tt
2726 4645 2874 4700 micis
2900 4646 3305 4712 abstinendum;
3347 4649 3428 4701 sin
3457 4649 3636 4701 tantil-

2062 4741 2166 4794 lam
2206 4749 2408 4810 partem
2457 4738 2651 4792 habere
2690 4737 2843 4801 licet,
2887 4752 2987 4792 nec
3023 4752 3122 4808 ego
3164 4738 3467 4808 prohibeor,
3516 4737 3635 4791 licet

2061 4833 2211 4887 canis
2239 4832 2372 4894 sint;
2406 4830 2496 4887 sed
2526 4830 2643 4884 ideo
2668 4830 2897 4884 tnaxime
2923 4829 2974 4882 in
3003 4839 3200 4899 partem
3235 4830 3469 4883 vocanda
3497 4843 3635 4882 sunt.

2064 4923 2137 4977 Ea
2176 4922 2243 4977 de
2281 4938 2438 4975 causa
2479 4921 2720 4975 Christus
2756 4919 3065 4983 differebat,
3109 4920 3248 4989 quod
3292 4922 3454 4974 sciret
3496 4920 3636 4974 illm

2062 5012 2175 5067 inec
2204 5012 2463 5065 dicturam
2495 5024 2634 5074 esse,
2664 5009 2783 5063 ideo
2809 5009 3003 5062 donum
3035 5009 3277 5077 negabat,
3312 5018 3364 5061 ut
3389 5010 3505 5078 ejus
3528 5009 3640 5078 plti~

2064 5104 2358 5174 losotthiam
2390 5103 2680 5157 exhiberet.
2711 5102 2819 5157 Nisi
2852 5102 2991 5155 enim
3019 5103 3238 5156 daturus
3265 5101 3447 5157 fuisset
3475 5144 3492 5170 ,
3535 5118 3641 5157 non

2063 5204 2246 5265 postea
2264 5192 2527 5258 dedisset,
2551 5210 2722 5264 neque
2749 5194 2891 5247 illam
2915 5194 3103 5248 iterum
3132 5195 3474 5263 repressisset
3504 5213 3517 5249 :
3550 5195 3644 5252 sed

2064 5285 2202 5358 quod
2231 5300 2351 5356 erga
2383 5286 2744 5340 centurionem
2772 5282 2898 5337 fecit
2919 5326 2935 5350 ,
2964 5283 3147 5339 dicens
3176 5302 3187 5336 :
3217 5283 3327 5355 Ego
3358 5284 3571 5341 ueniam.
3601 5294 3645 5339 et

2061 5371 2246 5434 curabo
2275 5395 2388 5433 eum
2418 5380 2435 5446 (
2460 5377 2643 5431 Matth.
2673 5378 2726 5432 8.
2756 5376 2855 5447 7);
2891 5385 2946 5430 ut
2983 5377 3099 5444 ejus
3128 5375 3377 5445 pietatem
3405 5376 3643 5429 discere-

2065 5486 2183 5525 mus
2204 5513 2217 5535 ,
2250 5480 2299 5525 ct
2330 5470 2631 5524 audiremus
2663 5468 2808 5522 illum
2837 5468 3103 5524 dicentem
3131 5486 3145 5519 :
3177 5466 3294 5521 Non
3323 5468 3644 5536 stoudigmts

2128 5648 2143 5679 ³
2170 5648 2224 5696 In
2263 5661 2359 5694 uno
2377 5645 2550 5698 Codice
2571 5645 2711 5697 deos!
2742 5660 2847 5707 vox,
2873 5644 3122 5698 laudabili.
