4028 6152
1442 190 1469 201 δα
1480 197 1484 200 .

358 307 455 363 ﬁl

360 441 413 484 ut
436 432 588 483 intres
618 426 709 481 sub
739 433 918 480 tectum
958 438 1158 487 mentri;
1195 421 1442 492 quodque
1483 419 1535 474 in
1576 418 1776 473 ﬂuxum
1817 430 1913 471 san

358 522 531 593 guinis
553 520 788 590 patiente
810 517 932 573 fecit
949 559 962 579 ,
987 515 1099 587 Ego
1117 557 1131 580 ,
1163 513 1358 583 inquit,
1387 511 1502 566 novi
1528 511 1757 566 virtutem
1782 524 1846 563 ea:
1871 524 1950 562 me

356 630 606 684 egressam
636 610 798 683 (Luc.
830 610 880 666 8.
914 611 982 665 46
1003 611 1041 678 ),
1083 614 1143 662 ιιι
1171 607 1313 661 illius
1343 605 1501 660 ﬁdem
1531 604 1860 665 declararet;
1893 610 1945 656 et

356 705 498 773 quod
526 705 578 756 in
606 703 936 759 Samaritana
958 743 973 768 ,
1007 708 1064 755 ut
1100 697 1407 753 ostenderet
1434 712 1587 761 eam,
1630 711 1696 750 ne
1734 694 1946 763 quidem

357 797 679 851 confutatam
708 794 966 849 absistere
986 793 1005 864 (
1024 792 1180 846 Joan.
1212 792 1282 860 tl)
1308 808 1321 844 :
1344 790 1422 844 sic
1446 799 1499 843 et
1524 789 1625 843 hoc
1652 787 1770 843 loco
1800 786 1946 842 facil.

356 888 470 943 Non
503 888 646 942 enim
676 894 875 939 tantam
901 884 1111 938 volebat
1137 882 1373 936 mulieris
1395 881 1641 935 virtutem
1668 879 1854 935 latere.
1878 880 1948 934 Λι

357 981 499 1033 enim
534 995 639 1033 non
670 976 1041 1047 exprobrantis
1068 984 1222 1031 erant
1246 989 1309 1028 ea
1334 988 1452 1044 qum
1479 972 1708 1038 dicebat,
1736 971 1827 1028 sed
1854 970 1947 1026 ad-

361 1070 626 1135 vocantis,
668 1081 722 1124 et
752 1068 1018 1122 occultum
1049 1067 1358 1122 thesaurum
1388 1065 1696 1119 revelantis.

427 1158 733 1214 Chaunum
761 1158 887 1228 ﬁdes
922 1167 967 1210 et
1004 1155 1460 1210 humilitas.—Tu
1496 1171 1624 1210 vero
1668 1155 1795 1209 mihi
1839 1172 1942 1210 una

356 1268 480 1306 cum
514 1250 617 1305 ﬁde
641 1250 990 1304 humilitatem
1018 1263 1230 1318 quoque
1253 1248 1491 1302 mulieris
1512 1246 1803 1316 perpende.
1829 1245 1946 1316 Ipse

359 1355 589 1412 namque
620 1341 755 1395 filios
786 1340 993 1395 vocarit
1027 1338 1273 1405 Judteos;
1306 1338 1419 1392 hzrc
1444 1352 1570 1392 vero
1597 1337 1645 1391 id
1673 1350 1776 1390 non
1815 1337 1946 1393 satis

360 1433 599 1498 habens,
636 1430 882 1485 dominos
920 1429 1205 1501 appellavit
1247 1447 1259 1481 :
1298 1435 1503 1484 tantum
1543 1427 1742 1492 abfuit,
1782 1436 1842 1483 ut
1879 1427 1946 1483 de

355 1525 528 1578 aliena
555 1522 711 1577 laude
734 1521 940 1577 doleret
962 1539 975 1577 :
1001 1520 1090 1575 27.
1122 1519 1321 1574 Etenim
1340 1519 1508 1573 catelli
1525 1561 1539 1585 ,
1565 1518 1768 1590 inquit,
1793 1518 1946 1573 edunt

356 1616 421 1670 de
460 1617 605 1669 micis
650 1631 763 1684 qut:
803 1615 987 1668 eadunt
1036 1615 1098 1667 de
1138 1628 1310 1667 mensa
1349 1611 1668 1666 dominorum
1716 1627 1942 1666 sitorum.

360 1707 551 1762 Video’
582 1707 915 1778 prudentiam
943 1705 1221 1761 mulieris?
1248 1704 1519 1776 quomodo
1548 1719 1646 1759 nec
1670 1702 1943 1760 contradi-

355 1815 481 1853 cere
507 1798 701 1852 audeat
721 1839 737 1864 ,
767 1812 866 1852 nec
888 1796 1112 1851 aliorum
1142 1794 1285 1850 laudi
1316 1795 1583 1861 invideat,
1624 1809 1723 1849 nec
1746 1805 1939 1850 contu-

356 1888 573 1943 meliam
605 1902 747 1960 a-gre
775 1889 943 1941 lerat?
968 1886 1140 1940 viden’
1167 1885 1652 1956 perseverantiam?
1684 1884 1776 1940 Ille
1795 1885 1941 1949 dicit,

360 1977 482 2032 Non
510 1988 581 2031 est
611 1977 830 2040 bonum;
866 1977 954 2031 illa
979 1977 1285 2045 respondet,
1316 1974 1506 2041 Etiam,
1536 1974 1749 2029 Domine
1777 1990 1796 2030 :
1832 1976 1947 2047 ipse

360 2069 497 2123 ﬁlios
529 2078 715 2133 vocat;
750 2068 864 2123 haec
888 2067 1134 2122 dominos
1162 2084 1176 2121 :
1205 2067 1316 2136 ipse
1345 2081 1531 2122 canem
1559 2067 1826 2137 appellat;
1856 2068 1944 2123 illa

357 2176 550 2216 canum
598 2176 803 2216 morem
857 2160 1075 2215 addidit.
1131 2160 1315 2215 Vidisti
1365 2162 1505 2216 illius
1552 2161 1947 2217 humilitatem?

358 2253 494 2307 Audi
530 2252 838 2309 Judzeornm
872 2254 1203 2325 iactantiam.
1249 2252 1432 2309 Semen
1476 2253 1693 2308 Abralnz
1733 2271 1943 2322 uanius,

359 2348 626 2418 inquiunt,
668 2357 713 2402 et
752 2348 881 2402 nulli
920 2363 1159 2419 umquam
1188 2347 1512 2413 seruiuimus,
1549 2356 1701 2417 atque
1735 2364 1798 2402 ea:
1838 2345 1947 2403 Deo

357 2444 462 2497 nati
482 2460 657 2498 sumus
677 2441 856 2515 (-Ioan.
881 2443 933 2498 8.
956 2442 1070 2514 3‘5).
1094 2440 1200 2497 Sed
1230 2457 1333 2495 non
1357 2441 1428 2495 ita
1455 2441 1678 2508 mulier;
1700 2441 1946 2496 catellum

358 2551 418 2590 se
446 2544 601 2589 vocat
619 2575 635 2599 ,
669 2534 894 2604 illosque
932 2534 1177 2589 dominos
1202 2553 1217 2589 :
1245 2535 1470 2604 ideoque
1499 2532 1602 2588 ﬁlia
1630 2532 1815 2588 edet-ta
1841 2544 1945 2588 est.

358 2626 495 2694 Quid
518 2642 648 2696 ergo
666 2626 948 2681 Christus?
968 2624 1057 2681 28.
1088 2622 1134 2680 0
1155 2626 1371 2680 mulier!
1394 2641 1578 2696 magna
1595 2634 1669 2679 est
1687 2624 1815 2693 ﬁdes
1837 2635 1943 2679 tua.

361 2717 486 2773 Ideo
527 2734 755 2789 namque
799 2718 1106 2785 differebat,
1139 2727 1192 2774 ut
1225 2721 1275 2774 in
1309 2719 1447 2775 hanc
1475 2734 1659 2775 vocem
1697 2735 1948 2790 erumpe-

361 2823 478 2878 ret,
511 2820 570 2867 ιιι
591 2813 873 2869 mulierem
899 2823 1200 2868 coronaret.
1227 2812 1349 2867 Fiat
1374 2815 1461 2868 tibi
1487 2816 1614 2868 sicut
1639 2815 1730 2869 eis.
1759 2813 1816 2869 Id
1841 2821 1944 2877 est,

363 2903 496 2959 ﬁdes
522 2912 611 2956 tua
644 2904 728 2958 his
755 2903 956 2973 majora
997 2912 1171 2973 potest
1212 2902 1499 2972 perﬁcere;
1537 2915 1788 2960 caeterum
1826 2902 1948 2959 Fiat

362 2995 449 3050 tibi
473 2997 601 3051 sicut
629 2996 723 3051 vis.
758 2996 882 3052 Iltec
911 3011 1009 3051 vox
1038 2996 1212 3052 afﬁnis
1237 3006 1320 3051 est
1349 2997 1457 3063 illi,
1502 2995 1619 3051 Fiat
1658 2997 1838 3052 ctutum
1856 3038 1871 3062 ,
1900 3007 1949 3053 et

361 3092 553 3158 factum
579 3097 652 3142 est
681 3088 881 3142 aetum.
910 3087 977 3142 Et
1001 3098 1181 3144 sanata
1211 3098 1281 3143 est
1317 3089 1427 3157 ﬁlia
1453 3090 1561 3161 ejus
1587 3089 1649 3144 ab
1676 3089 1770 3144 illa
1798 3090 1944 3144 hora.

362 3178 550 3233 Viden‘
573 3196 679 3233 non
707 3194 891 3249 parum
918 3180 1063 3235 illam
1087 3178 1327 3234 intulisse
1350 3178 1415 3233 ad
1442 3179 1771 3234 curationem
1795 3177 1949 3235 ﬁlim?

362 3268 487 3325 Ideo
506 3271 650 3325 enim
672 3284 776 3323 non
798 3270 925 3325 dicit
943 3268 1187 3325 Christus
1207 3312 1222 3336 ,
1252 3270 1481 3326 Sanetur
1503 3270 1607 3324 ﬁlia
1640 3279 1728 3326 tua
1750 3272 1802 3332 ἰ
1826 3269 1946 3339 sed,

364 3363 558 3435 Magna
584 3372 658 3418 est
684 3362 810 3430 ﬁdes
836 3373 923 3417 tua
942 3405 957 3428 ,
988 3363 1080 3431 ﬁat
1108 3363 1196 3417 tibi
1219 3372 1273 3416 ut
1294 3363 1367 3416 eis
1387 3378 1406 3417 :
1426 3371 1486 3417 ut
1510 3362 1704 3430 discas,
1733 3377 1839 3418 non
1864 3376 1951 3418 as-

354 3457 678 3512 sentationis
707 3456 863 3511 verba
895 3454 1058 3511 fuisse
1078 3497 1092 3521 ,
1126 3455 1219 3510 sed
1244 3455 1495 3510 eximiam
1527 3455 1646 3511 lidei
1675 3457 1947 3512 virtutem.

365 3548 672 3617 lterumque
695 3546 908 3603 eventui
938 3556 1238 3602 accuratam
1267 3547 1343 3601 rei
1371 3546 1738 3616 probationem
1768 3555 1824 3602 et
1850 3546 1947 3603 de-

364 3640 803 3695 monstrationem
843 3637 1087 3694 Christus
1116 3638 1349 3710 reliquit.
1383 3637 1577 3694 Saoata
1603 3646 1713 3704 est,
1745 3638 1948 3708 inquit,

364 3734 544 3788 statim
574 3731 680 3786 tilia
704 3731 838 3801 ejus.

436 3826 474 3881 ὃ
524 3824 806 3878 Assiduitas
833 3825 1073 3894 precandi
1101 3834 1290 3894 quanta
1327 3842 1427 3880 res.
1451 3825 1603 3880 -Τιι
1632 3840 1758 3880 vero
1780 3825 1953 3880 anim-

364 3917 606 3982 adverte,
637 3915 929 3987 qnomodo,
957 3916 1215 3987 apostolis
1255 3917 1520 3986 superatis
1558 3917 1794 3986 nihilque
1826 3931 1954 3986 ope-

369 4010 533 4073 ratis,
568 4008 662 4063 illa
711 4016 882 4063 totum
928 4009 1170 4079 perfecit.
1213 4009 1381 4064 Tanta
1434 4023 1520 4064 res
1548 4018 1629 4063 est
1672 4008 1955 4064 assiduitas

372 4101 714 4171 precationis.
742 4101 873 4156 Nam
913 4117 1033 4156 cum
1076 4101 1143 4158 de
1172 4102 1332 4157 rebus
1376 4102 1574 4157 nostris
1605 4103 1812 4172 agitur,
1843 4118 1955 4157 ma-

372 4195 486 4249 vult
528 4209 559 4248 a
610 4194 767 4248 nobis
794 4196 973 4265 potius
1003 4196 1178 4266 rogari
1203 4238 1219 4259 ,
1248 4211 1407 4265 quam
1446 4195 1514 4249 ab
1532 4195 1651 4250 aliis
1680 4210 1776 4264 pro
1802 4195 1957 4250 nobis

375 4287 768 4357 precantibus:
811 4302 1134 4357 quamquam
1185 4288 1259 4342 illi
1313 4288 1518 4358 majore
1564 4296 1717 4342 erant
1767 4288 1957 4343 ﬁducia

373 4380 624 4435 instructi
653 4396 671 4441 ξ
700 4379 797 4435 sed
829 4379 944 4434 inec
971 4380 1191 4435 multam
1212 4380 1664 4448 perseverantiam
1694 4379 1953 4436 exhibuit.

374 4473 481 4528 Per
508 4472 715 4526 exitum
750 4480 930 4526 autem
960 4470 1038 4525 rei
1058 4470 1344 4540 discipulis
1365 4470 1517 4540 quasi
1546 4486 1667 4526 sese
1691 4472 1954 4542 purgavit,

375 4561 517 4634 quod
556 4561 888 4629 distulisset,
916 4569 972 4617 et
998 4562 1122 4632 jure
1149 4576 1208 4617 se
1238 4562 1342 4617 illis
1376 4564 1689 4633 rogantibus
1719 4578 1827 4618 non
1867 4580 1960 4617 an-

378 4655 559 4710 nuisse
594 4654 837 4711 ostendit
866 4654 990 4709 :29.
1026 4653 1096 4709 Et
1117 4671 1231 4709 cum
1256 4656 1517 4711 transisset
1539 4655 1659 4712 inde
1679 4655 1850 4725 Iesus,
1878 4674 1961 4713 ue—

380 4746 455 4799 nit
488 4760 637 4799 secns
668 4759 813 4796 mare
859 4740 1118 4796 Galiltrte.
1169 4740 1239 4793 Et
1285 4743 1569 4793 ascendens
1618 4740 1673 4792 in
1708 4746 1955 4804 montem,

380 4835 586 4890 sedebat
617 4833 711 4888 ibi.
742 4833 830 4887 50.
864 4830 938 4885 Et
965 4838 1295 4885 accesserunt
1325 4829 1394 4882 ad
1419 4845 1536 4883 eum
1573 4828 1740 4882 turba:
1776 4826 1958 4880 multae

381 4927 627 4981 habentes
677 4940 852 4978 secum
907 4924 1153 4988 claudos,
1201 4936 1396 4985 cwcos,
1451 4919 1686 4980 debiles,
1730 4928 1902 4971 mutos
1937 4931 1957 4972 :

377 5029 425 5071 et
459 5017 795 5087 projeeerunt
836 5030 921 5068 eos
971 5024 1092 5067 ante
1133 5012 1286 5082 pedes
1321 5011 1433 5082 ejus
1466 5027 1484 5064 :
1517 5020 1566 5063 et
1612 5009 1816 5062 curauit
1847 5024 1955 5072 eos,

379 5110 458 5163 ita
502 5116 564 5162 stt
605 5105 775 5160 turbae
822 5107 1176 5169 mirarentur,
1216 5104 1338 5157 dum
1382 5101 1609 5155 viderent
1656 5108 1825 5151 mutos
1874 5097 1957 5150 lo-

379 5209 617 5268 quentes,
665 5196 860 5250 debiles
887 5211 1065 5261 sanos,
1098 5203 1149 5248 et
1196 5209 1359 5248 ctecos
1399 5192 1627 5246 uidentes
1651 5230 1666 5255 ,
1709 5201 1756 5243 et
1797 5188 1959 5259 glori-

379 5294 670 5358 ﬁcaverunt
718 5287 882 5342 Deum
930 5285 1125 5341 Israel.
1179 5284 1486 5354 Aliquando
1531 5283 1647 5351 ipse
1684 5281 1957 5346 circumit,

376 5380 677 5452 aliquando
730 5377 883 5432 sedet
920 5392 1095 5445 aegros
1147 5383 1490 5445 exspectans,
1539 5381 1593 5425 et
1629 5371 1852 5427 claudos
1891 5370 1961 5426 ad

380 5482 616 5528 montem
671 5468 911 5523 adducit.
978 5464 1168 5537 Neque
1216 5481 1361 5520 nunc
1405 5464 1785 5519 vestimentum
1840 5471 1960 5516 tan-

377 5575 544 5637 gent,
618 5561 719 5620 sed
761 5556 834 5615 ad
861 5557 1170 5614 sublimiora
1199 5557 1446 5623 adducti,
1492 5555 1849 5627 projiciuntur
1893 5553 1960 5608 ad

433 5749 450 5782 ι
480 5743 702 5806 Quidam
725 5739 928 5799 habent,
961 5736 1062 5797 tibi,
1091 5749 1196 5800 pro,
1224 5739 1323 5786 tua.

1396 299 1463 357 IN
1502 295 1910 356 ΜΑἸΤΗᾸΞΡΜ
1949 294 2176 357 1101111..
2221 301 2326 359 Lii.
2369 305 2437 359 al.
2483 304 2613 361 LIII.

3537 309 3638 365 16ὲέ

2058 417 2221 486 pedes
2250 417 2386 490 ejus,
2413 421 2788 494 duplicemque
2820 423 2977 477 ﬁdem
3019 438 3168 479 suam
3216 436 3544 488 monstrant,
3587 441 3635 480 et

2054 511 2194 582 quod
2223 512 2395 569 claudi
2426 515 2478 570 in
2508 525 2741 573 moment
2773 517 3084 584 ascendant,
3118 528 3171 573 ct
3195 519 3339 589 quod
3368 521 3513 575 nullo
3535 520 3638 574 alio

2052 613 2267 673 egeant,
2299 605 2401 659 nisi
2429 614 2629 661 tantum
2677 617 2734 662 ιιι
2782 609 3128 678 projiciautur
3152 618 3275 663 ante
3311 610 3471 678 pedes
3500 611 3634 678 ejus.

2054 696 2286 768 Eratque
2330 714 2414 755 res
2444 701 2577 754 mira
2605 716 2668 756 ac
2694 702 2956 770 stupenda
2982 745 2999 767 ,
3028 703 3148 757 illos
3177 704 3264 771 qui
3293 703 3640 771 gestabantur

2051 789 2385 844 ambulantes
2415 791 2797 860 nullojuvaote
2823 792 3022 857 videre,
3055 808 3227 847 czecos
3256 792 3515 852 videntes.
3544 810 3587 845 ιι·
3611 808 3639 847 c

2051 883 2185 937 duce
2214 897 2347 952 opus
2375 883 2652 939 habentes.
2678 884 2808 938 Nam
2838 895 2892 940 et
2923 886 3204 940 multitudo
3229 901 3412 941 eorum
3434 886 3523 954 qui
3549 902 3635 939 en-

2054 974 2152 1027 rati
2185 972 2416 1038 fuerant,
2444 983 2498 1029 et
2525 976 2814 1030 ettrationis
2842 973 3065 1029 facilitas
3089 977 3140 1030 in
3162 987 3431 1046 stuporem
3451 990 3638 1030 mones

2051 1064 2299 1134 c0ojecit.
2339 1066 2521 1121 Viden'
2545 1066 2817 1137 quomodo
2837 1081 2959 1122 eum
2982 1076 3123 1122 tanta
3151 1070 3487 1123 cunctatione
3519 1085 3635 1122 mu-

2056 1156 2201 1212 lieris
2228 1157 2389 1211 tiliam
2413 1159 2703 1221 sanaverit,
2734 1157 2833 1213 hos
2854 1173 2984 1213 vero
3010 1158 3230 1213 statim?
3255 1159 3367 1213 Non
3395 1158 3535 1229 quod
3564 1159 3635 1213 illi

2052 1247 2304 1302 meliores
2324 1258 2528 1316 essent,
2560 1249 2654 1303 sed
2683 1248 2823 1319 quod
2848 1248 2935 1303 illa
2968 1249 3019 1303 in
3044 1248 3147 1304 ﬁde
3170 1248 3482 1304 ferventior.
3512 1250 3636 1304 Ideo

2048 1338 2188 1393 circa
2215 1339 2358 1394 illam
2374 1349 2672 1405 cunctatur,
2693 1348 2747 1395 ut
2770 1342 3219 1412 perseverantiam
3245 1342 3361 1411 ejus
3377 1341 3633 1405 declaret;

2051 1429 2132 1484 bis
2161 1432 2339 1485 statim
2366 1430 2567 1487 donum
2585 1432 2805 1502 prabet,
2831 1444 2884 1488 ut
2914 1434 3309 1490 incredulorum
3332 1432 3636 1489 Judaeorum

2048 1536 2140 1576 ora
2205 1523 2479 1590 obstruat,
2542 1540 2862 1595 omnemque
2928 1525 3033 1581 illis
3098 1525 3463 1596 Purgationem
3518 1524 3638 1580 adi-

2049 1624 2178 1669 mat.
2206 1615 2416 1684 Quanto
2452 1617 2594 1673 enim
2641 1616 2841 1686 majora
2889 1616 3006 1687 quis
3045 1616 3301 1672 beneﬁcia
3331 1617 3599 1687 acceperit
3621 1659 3635 1680 .

2050 1714 2200 1761 tanto
2226 1706 2413 1777 majori
2444 1707 2708 1778 supplicio
2733 1707 2977 1763 addictus
3000 1717 3082 1763 est
3107 1717 3167 1763 ut
3186 1708 3443 1779 ingratus,
3470 1708 3515 1763 si
3543 1722 3635 1763 ne-

2050 1811 2152 1867 que
2178 1812 2246 1852 ex
2270 1798 2464 1853 collato
2491 1799 2693 1855 honore
2719 1799 2914 1855 melior
2931 1799 3002 1855 sit
3031 1798 3273 1855 ell‘ectns.
3296 1798 3527 1870 Ideoque
3547 1796 3633 1854 di-

2050 1889 2184 1942 vites
2210 1889 2380 1958 magis
2419 1905 2577 1960 quam
2628 1905 2888 1961 pauperes
2932 1891 3223 1961 puniuntur
3249 1932 3265 1957 ,
3315 1894 3358 1944 si
3408 1890 3634 1960 improbi

2050 1983 2189 2047 sint,
2219 1981 2359 2053 quod
2399 1997 2467 2037 ne
2511 1982 2563 2036 in
2611 1998 2788 2038 rerum
2829 1985 2979 2054 copia
3004 1983 3218 2055 quidem
3245 1984 3636 2040 mansuetiores

2050 2070 2269 2129 fuerint.

2123 2162 2461 2236 Eleemosyna
2505 2182 2621 2221 vera
2645 2183 2777 2238 quae.
2813 2198 2887 2210 —-
2906 2167 2985 2224 Ne
3007 2169 3133 2224 mihi
3153 2168 3320 2237 dicas,
3354 2169 3474 2225 illos
3494 2169 3636 2226 eice-

2051 2271 2327 2328 mosynam
2357 2257 2588 2313 dedisse.
2621 2257 2752 2313 Nam
2779 2259 2878 2313 nisi
2909 2260 3202 2316 secundum
3234 2260 3512 2316 facultates
3536 2261 3634 2316 de-

2051 2345 2230 2401 derint
2255 2390 2269 2413 ,
2302 2363 2474 2417 neque
2505 2350 2574 2403 ita
2606 2348 2878 2420 eﬂ‘ugient.
2910 2349 3025 2405 Non
3062 2351 3205 2405 enim
3236 2366 3306 2406 ex
3331 2350 3459 2406 doni
3485 2365 3638 2406 men-

2049 2455 2170 2493 sura
2195 2440 2534 2510 eleemosyna
2560 2441 2874 2508 a-stimatur,
2894 2441 2987 2497 sed
3014 2457 3080 2498 ex
3101 2443 3261 2497 animi
3292 2443 3631 2498 liberalitate.

2051 2531 2104 2586 Si
2135 2543 2310 2586 autem
2342 2533 2393 2587 lii
2438 2548 2623 2602 poenas
2662 2534 2813 2601 dent,
2840 2536 3009 2590 multo
3036 2537 3205 2608 magis
3247 2537 3338 2608 qui
3369 2537 3650 2606 superfluis

2051 2629 2264 2689 inhiant
2293 2628 2331 2691 ί,
2353 2627 2439 2697 qui
2466 2626 2621 2681 trium
2645 2637 2939 2698 quatuorve
2958 2629 3312 2684 tabulatorum
3332 2629 3476 2685 aedes
3501 2645 3635 2684 eon—

2050 2727 2280 2785 struunt,
2302 2718 2677 2791 famelicosque
2705 2721 3027 2792 deSpiciunt,
3045 2722 3135 2792 qui
3152 2722 3390 2778 avaritiae
3420 2722 3637 2778 student

2050 2819 2104 2863 et
2146 2810 2541 2884 eleemosynam
2584 2815 2871 2886 negligant.
2909 2814 3012 2870 Sed
3060 2815 3181 2885 quia
3231 2815 3283 2869 in
3329 2830 3634 2872 sermonem

2052 2899 2118 2955 de
2139 2901 2481 2973 eleemosyna
2510 2903 2796 2960 incidimus
2829 2923 2843 2960 :
2877 2921 2976 2976 age
3023 2907 3336 2962 concionem
3381 2907 3523 2963 illam
3568 2908 3635 2963 da

2053 2991 2403 3060 humanitate,
2433 3009 2590 3063 quam
2618 3003 2742 3051 ante
2770 2996 3003 3051 triduum
3029 2992 3394 3067 imperfectam
3421 2998 3638 3068 reliqui-

2053 3098 2194 3149 mus,
2216 3082 2373 3139 hodie
2396 3100 2752 3141 resumamus.
2785 3086 3102 3143 Meministis
3133 3104 3220 3144 me
3256 3104 3427 3166 nuper
3456 3089 3524 3145 de
3552 3089 3637 3147 ni-

2052 3178 2156 3231 mia
2175 3176 2475 3233 calceorum
2503 3179 2812 3236 curiositate
2833 3179 3154 3236 disseruisse
3180 3221 3196 3248 ,
3227 3181 3294 3236 de
3334 3181 3638 3253 hujusmodi

2054 3282 2245 3337 nempe
2272 3267 2524 3335 vanitate,
2543 3281 2595 3324 et
2621 3269 2689 3325 de
2710 3270 2965 3340 iuvenum
2994 3271 3236 3338 mollitie;
3263 3280 3389 3327 tunc
3408 3273 3477 3328 ab
3499 3274 3639 3330 elec-

2055 3373 2275 3430 mosyna
2305 3360 2435 3425 orsi,
2471 3361 2522 3415 in
2554 3361 2681 3416 illud
2730 3362 3031 3418 incidimus.
3068 3363 3142 3419 De
3166 3365 3484 3435 quibusnam
3510 3382 3639 3436 ergo

2057 3462 2182 3507 tunc
2233 3466 2536 3507 sermonem
2584 3454 2910 3512 habuimus?
2957 3455 3195 3512 Diximus
3242 3458 3635 3530 eleemosyuam

2056 3558 2177 3599 esse
2205 3555 2398 3608 artem.
2424 3562 2541 3616 qua;
2569 3545 2836 3603 ofﬁcinam
2879 3547 3073 3603 habeat
3107 3549 3158 3603 in
3185 3550 3337 3617 carlo,
3367 3560 3422 3606 et
3448 3550 3642 3606 docto-

2057 3654 2168 3692 rem
2203 3654 2308 3692 nou
2358 3637 2629 3695 hominem
2660 3681 2677 3707 ,
2707 3639 2802 3696 sed
2847 3640 3030 3699 Deum.
3066 3641 3267 3699 Deinde
3295 3653 3597 3712 quaerentes
3623 3683 3638 3707 ,

2057 3727 2186 3798 quid
2214 3746 2300 3783 ars
2331 3729 2434 3783 diei
2465 3739 2663 3799 posset,
2693 3731 2818 3801 quid
2849 3746 3008 3788 secus
3030 3773 3049 3799 ,
3078 3732 3130 3787 in
3169 3747 3330 3790 vanas
3367 3734 3641 3803 malasque

2058 3831 2202 3874 artes
2231 3819 2545 3888 incidimus,
2575 3821 2627 3875 in
2658 3823 2850 3894 quibus
2894 3824 2962 3878 de
2990 3823 3293 3880 calceorum
3335 3833 3451 3879 arte
3478 3825 3642 3881 verba

2060 3910 2302 3965 fecimus.
2357 3910 2492 3965 Num
2525 3911 2576 3965 iu
2626 3920 2862 3969 mentem
2902 3913 3166 3968 revocatis
3185 3914 3211 3968 ?
3231 3914 3345 3985 Age
3372 3929 3501 3987 ergo
3526 3930 3644 3985 qua:

2059 4013 2186 4058 tunc
2202 4004 2454 4070 diximus,
2476 4004 2632 4060 hodie
2653 4019 3004 4072 resumanms,
3028 4006 3480 4079 ostendamusque
3503 4008 3644 4064 eice-

2062 4111 2338 4167 mosynam
2370 4107 2539 4151 artem
2588 4110 2708 4151 esse
2748 4105 2803 4151 et
2842 4096 3081 4154 omnium
3121 4098 3318 4153 artium
3366 4099 3643 4168 optimam.

2062 4189 2192 4245 Nam
2219 4190 2262 4244 si
2290 4189 2422 4244 artis
2460 4197 2542 4244 est
2583 4189 2857 4262 proprium
2899 4188 2953 4245 in
2982 4189 3183 4261 aliquid
3213 4190 3345 4246 utile
3373 4191 3644 4259 desinere,

2061 4282 2399 4351 eleemowyna
2427 4295 2554 4335 vero
2580 4280 2710 4335 nihil
2732 4289 2818 4337 est
2844 4281 3043 4345 utilius.
3069 4281 3236 4352 liquet
3261 4296 3379 4338 eam
3400 4292 3454 4338 et
3476 4292 3644 4338 artem

2062 4384 2183 4425 esse
2213 4380 2265 4424 et
2294 4373 2531 4426 oomium
2567 4373 2763 4429 artium
2810 4374 3327 4441 praestantissimam.
3356 4373 3469 4428 Non
3500 4377 3642 4429 enim

2064 4464 2152 4518 illa
2193 4463 2346 4517 nobis
2387 4464 2596 4520 calceos
2627 4473 2816 4534 parat,
2850 4481 2957 4522 non
2996 4466 3312 4522 vesﬁmenta
3353 4464 3508 4530 texit,
3538 4480 3644 4520 non

2064 4553 2234 4608 luteas
2264 4553 2452 4608 domos
2471 4555 2769 4617 construit;
2801 4555 2902 4610 sed
2926 4556 3088 4610 vitam
3119 4556 3497 4626 sempiternam
3523 4570 3640 4611 con-

2064 4647 2253 4712 ciliat,
2286 4655 2445 4717 atque
2487 4664 2552 4702 ex
2604 4648 2793 4702 mortis
2847 4648 3093 4705 manibus
3143 4663 3243 4703 nos
3290 4648 3481 4719 eripit,
3515 4648 3649 4705 etin

2067 4745 2290 4808 utraque
2317 4738 2423 4792 vita
2451 4737 2758 4807 splendidos
2780 4736 2970 4801 reddit,
2993 4739 3295 4793 mansiones
3316 4737 3470 4793 nobis
3495 4738 3651 4794 caele-

2068 4838 2178 4884 stes
2203 4827 2502 4884 exaediﬁcat
2542 4837 2597 4884 et
2628 4828 2716 4882 illa
2747 4838 2948 4883 aeterna
2998 4829 3356 4884 tabernacula.
3390 4829 3515 4884 Hmc
3545 4845 3649 4887 non

2071 4919 2206 4973 sinit
2235 4919 2510 4988 lampades
2560 4926 2774 4972 nostras
2814 4920 3117 4988 exstingui,
3149 4934 3250 4974 nec
3276 4934 3395 4974 cum
3423 4920 3651 4982 sordidis

2071 5011 2310 5065 vestibus
2356 5010 2554 5080 nuptiis
2581 5009 2877 5074 interesse;
2911 5008 3003 5065 sed
3055 5011 3190 5064 lavat
3234 5018 3289 5065 et
3318 5010 3438 5066 nive
3465 5011 3648 5067 candi-

2070 5100 2249 5156 diores
2276 5100 2471 5157 reddit.
2504 5101 2565 5156 Si
2591 5102 2722 5156 enim
2753 5101 2939 5173 fuerint
2967 5111 3171 5170 peccata
3200 5110 3362 5156 vestra
3391 5103 3536 5172 quasi
3557 5119 3656 5174 pit-

2073 5192 2289 5257 nicenm,
2310 5193 2453 5262 quasi
2481 5193 2641 5247 nivem
2662 5189 2904 5246 dealbabo
2935 5191 2952 5263 (
2986 5190 3114 5245 lsai.
3142 5192 3194 5247 1.
3219 5192 3287 5246 18
3315 5192 3354 5260 ).
3383 5191 3498 5247 Νοιι
3529 5191 3655 5246 sinit

2076 5300 2172 5338 nos
2204 5284 2295 5338 illo
2321 5283 2555 5338 incidere
2575 5324 2587 5346 ,
2617 5298 2724 5353 quo
2766 5281 2915 5337 dives
2943 5281 3033 5336 ille
3059 5323 3076 5349 ,
3106 5296 3278 5352 neque
3322 5282 3508 5335 audire
3549 5291 3652 5336 tre-

2075 5376 2296 5431 mendas
2325 5391 2522 5440 voces;
2552 5375 2645 5429 sed
2673 5372 2891 5429 deducit
2923 5374 2976 5428 in
3007 5374 3185 5428 sinum
3216 5371 3445 5426 Abrahae
3474 5370 3494 5441 l
3524 5370 3650 5426 Luc.
3716 5442 3722 5445 _

2078 5469 2146 5526 16
2174 5471 2216 5541 ).
2244 5469 2400 5524 Certe
2427 5480 2570 5524 artes
2605 5468 2893 5523 saeculares
2932 5466 3156 5538 singulae
3184 5480 3338 5520 suum
3368 5462 3566 5521 habent
3593 5464 3655 5518 ﬁ-

2079 5576 2199 5616 nem
2230 5580 2241 5614 :
2271 5561 2606 5631 agricultura:
2635 5571 2715 5614 est
2749 5559 2972 5624 nutrire,
2999 5556 3239 5615 textorize
3261 5557 3410 5625 artis,
3431 5556 3655 5620 vestire;

2143 5744 2161 5778 ⁸
2187 5744 2305 5796 Alii.
2325 5744 2406 5809 qui
2428 5739 2667 5803 superﬂua
2692 5742 2907 5788 retinent.
