4028 6152
431 297 536 353 Ηῖ

434 413 542 467 imo
568 426 633 464 ne
665 409 880 481 quidetu
921 408 1023 463 hoc
1051 406 1230 461 facere
1261 414 1436 475 potest
1482 423 1494 458 :

436 500 633 556 sufficit
662 499 728 554 ad
768 513 862 552 sua
896 498 1051 552 nobis
1075 496 1492 566 suppeditanda.

507 593 560 647 4.
593 593 736 645 Artes
762 588 976 660 singula:
1018 589 1133 641 aliis
1177 587 1370 641 artibus
1409 602 1537 656 θρίω
1567 585 1765 638 habent.
1797 584 2027 638 Elocuta-

442 700 584 754 rgno:
606 683 970 752 pz'a‘rogatire.
999 710 1069 720 —
1095 678 1148 734 Si
1173 680 1252 732 vis
1271 687 1471 740 autem,
1489 675 1863 745 agriculturam
1880 674 2026 775 prius

436 777 801 843 exploremus.
846 770 957 826 Nisi
1008 770 1152 824 enim
1183 770 1272 823 illa
1312 768 1585 824 ferrariam
1622 776 1791 821 artem
1828 768 2024 818 sociam

440 865 654 932 haheat,
682 880 800 934 qua:
828 863 1057 933 ligonem
1079 903 1095 928 ,
1138 877 1432 925 vomerem,
1475 858 1661 912 falcem
1690 867 1744 912 et
1787 857 2021 911 svcurim

437 958 650 1027 aliaque
680 956 841 1011 nmita
868 954 1193 1025 suppeditet,
1219 954 1452 1021 itemque
1482 951 1745 1012 fabrilem,
1766 967 1883 1020 qua:
1909 964 2028 1002 ara-

440 1061 602 1114 trum,
625 1049 811 1119 jugum
835 1057 890 1103 et
932 1048 1228 1117 plaustrum
1260 1053 1530 1099 construat
1559 1043 1626 1097 ad
1653 1044 1826 1113 spicas
1853 1051 2026 1094 teren-

438 1142 570 1207 das;
603 1152 659 1195 et
681 1140 996 1203 coriariam,
1027 1154 1147 1208 qua:
1190 1137 1487 1205 corrigias;
1522 1133 1986 1190 architeCIouieam
2009 1174 2023 1196 ,

437 1251 556 1305 qua:
586 1233 861 1288 arautibus
882 1230 1053 1286 bobus
1074 1228 1360 1294 stabulum,
1386 1226 1634 1297 agricolis
1652 1240 1830 1279 casam
1864 1223 2025 1326 fabri-

440 1337 564 1391 cet;
595 1335 650 1380 et
689 1324 969 1393 lignariam
993 1364 1008 1387 ,
1035 1336 1156 1391 qum
1197 1319 1335 1390 ligna
1358 1328 1538 1382 secet;
1570 1332 1631 1372 ac
1660 1326 1914 1387 praeterea
1942 1319 2025 1385 pi-

447 1419 692 1484 storium,
723 1432 840 1487 qua:
884 1430 1078 1486 panem
1099 1413 1467 1468 suluninistret
1501 1427 1513 1462 :
1545 1419 1687 1464 stare
1713 1409 1893 1478 nequit
1913 1422 2028 1462 om-

445 1511 593 1566 nino.
625 1510 714 1566 Sic
740 1508 899 1562 ctiam
928 1522 1017 1561 ars
1039 1503 1285 1568 tcxtoria,
1313 1502 1356 1555 si
1379 1500 1503 1572 quid
1533 1500 1708 1564 faciat,
1727 1499 1920 1554 multas
1935 1498 2029 1552 atl-

448 1611 601 1657 vocat
626 1610 792 1666 artes,
823 1614 941 1666 quae
982 1611 1140 1666 opem
1171 1594 1377 1654 ferant;
1405 1609 1523 1661 qum
1549 1591 1592 1645 si
1623 1606 1725 1645 non
1752 1589 2025 1655 accedant,

448 1701 555 1746 stat
579 1693 665 1746 illa
697 1690 917 1746 inutilis.
964 1686 1056 1742 Sic
1098 1684 1321 1756 singula:
1350 1692 1493 1736 artes
1519 1683 1730 1736 caeteris
1766 1689 1942 1750 egent.
1971 1679 2027 1735 Si

451 1799 579 1839 vero
620 1779 1042 1838 miserictu'diam
1074 1792 1332 1831 exoret-re
1360 1775 1621 1839 velimus,
1666 1788 1770 1827 una
1813 1786 2030 1842 egemus

447 1878 739 1932 voluntate.
764 1875 816 1929 Si
845 1872 1046 1928 dixeris
1075 1870 1314 1939 pecuniis
1343 1883 1464 1921 esse
1504 1881 1657 1934 Opus,
1688 1864 1907 1929 :rdihus,
1938 1880 2030 1917 ve-

450 1970 640 2027 stibus,
664 1966 858 2020 calet-is
883 2005 896 2023 .
933 1962 1048 2032 lege
1078 1960 1163 2014 illa
1193 1958 1388 2013 Chriin
1425 1956 1606 2020 verba,
1637 1971 1755 2026 quae
1782 1955 1847 2009 dc
1875 1955 2027 2008 vidua

444 2060 577 2115 dixit
606 2057 625 2130 (
650 2057 774 2110 Luc.
798 2056 888 2110 9.1.
920 2054 953 2109 5
980 2054 996 2121 )
1022 2095 1036 2117 ,
1074 2061 1128 2107 et
1173 2052 1312 2104 hanc
1357 2048 1770 2103 sollicitudinem
1798 2044 2026 2115 depone.

448 2150 506 2208 Si
530 2148 816 2205 admodum
849 2162 1053 2217 pauper
1098 2144 1205 2208 sis,
1237 2151 1291 2197 et
1320 2139 1579 2196 mendicis
1607 2140 1735 2210 ipsis
1768 2138 1954 2201 vilior,
1985 2137 2028 2190 si

467 2243 573 2296 dna
601 2241 810 2294 minuta
837 2236 1111 2304 injeceris,
1152 2239 1323 2283 totum
1358 2241 1441 2295 pet
1456 2224 1664 2290 fecisti;
1708 2224 1752 2279 si
1781 2223 1876 2278 des
1920 2237 2027 2276 ma-

472 2346 591 2387 tam
618 2344 785 2399 quam
810 2328 989 2383 solum
1023 2323 1218 2387 habes,
1256 2319 1323 2374 ad
1353 2318 1489 2374 artis
1516 2316 1676 2373 tinem
1714 2313 2022 2385 pervenisti.

451 2417 597 2469 lianc
637 2417 813 2480 itaque
839 2412 1179 2480 disciplinam
1207 2452 1221 2475 ,
1253 2408 1392 2465 hanc
1433 2419 1602 2463 artem
1629 2409 1953 2479 accipiamus
1980 2416 2034 2463 et

450 2504 784 2576 impleamus.
817 2502 1114 2572 Optabilius
1137 2501 1332 2571 quippe
1351 2508 1435 2555 est
1462 2500 1604 2553 illam
1637 2499 1851 2563 habere,
1875 2514 2031 2568 quam

449 2612 627 2666 regem
672 2608 792 2650 esse
813 2635 829 2661 ,
860 2602 913 2648 et
957 2592 1256 2647 diademate
1294 2592 1493 2646 ornari.
1522 2591 1704 2661 Neque
1729 2594 1868 2646 enim
1897 2591 2034 2647 hanc

451 2689 623 2743 solum
657 2685 1060 2757 praerogativam
1093 2683 1274 2746 habet,
1302 2682 1441 2752 quod
1471 2683 1682 2737 caeteris
1710 2698 1815 2736 non
1847 2693 2032 2751 egeat,

450 2780 543 2835 sed
567 2778 707 2850 quod
735 2778 896 2833 etiam
925 2774 1090 2830 multa
1118 2784 1172 2829 et
1192 2774 1334 2828 varia
1362 2774 1571 2841 negotia
1600 2772 1860 2844 perficiat.
1891 2773 2023 2828 Nam

451 2872 595 2928 :rdes
621 2869 883 2926 construit
928 2869 981 2923 in
1010 2866 1157 2923 catlis
1186 2881 1400 2936 semper
1427 2874 1704 2919 manentes
1733 2905 1746 2930 ,
1773 2864 2035 2935 docetque

449 2963 684 3017 cultores
726 2974 856 3014 suos
881 2958 1151 3029 quomodo
1178 2967 1431 3012 artcruam
1466 2968 1691 3011 mortem
1739 2957 1988 3027 effugiant
2016 2999 2030 3024 ,

449 3053 833 3122 thesaurosque
858 3051 952 3107 tibi
992 3050 1104 3117 dat,
1131 3050 1220 3120 qui
1251 3064 1539 3118 numquam
1574 3049 1931 3113 insumuntur,
1982 3062 2034 3106 et

450 3146 630 3201 damni
655 3153 908 3215 expertes
936 3152 1058 3198 sunt
1084 3185 1099 3209 ,
1139 3158 1238 3197 nec
1284 3141 1479 3207 furum,
1511 3157 1607 3196 nec
1631 3143 1909 3205 vermium,
1937 3159 2036 3199 nec

450 3237 732 3299 tinearum,
749 3249 849 3288 nec
876 3233 1131 3303 temporis
1159 3231 1330 3286 labem
1361 3232 1629 3286 timentes.
1656 3232 1811 3302 Atqui
1833 3233 1875 3286 si
1894 3233 2033 3287 circa

452 3326 704 3382 frumenti
735 3323 1029 3379 custodiam
1059 3323 1218 3379 talem
1266 3322 1359 3377 tibi
1404 3322 1525 3392 quis
1572 3331 1743 3377 artem
1787 3323 2032 3389 doceret,

454 3420 581 3491 quid
613 3434 716 3474 non
746 3417 903 3471 dares
930 3426 988 3474 ut
1026 3430 1212 3487 posses
1238 3414 1419 3469 multis
1439 3414 1592 3469 annis
1626 3413 1947 3470 frumentum
1969 3416 2037 3471 il-

456 3511 641 3567 lmsum
671 3507 930 3563 servare?
969 3507 1108 3562 Ecce
1130 3506 1266 3560 hanc
1293 3505 1386 3561 tibi
1414 3519 1520 3560 non
1542 3503 1791 3560 frumenti
1812 3516 2033 3576 tantum,

454 3601 549 3656 sed
567 3599 803 3654 omnium
832 3597 1128 3652 custodiam
1148 3596 1466 3667 suppeditat,
1485 3596 1747 3668 docetque
1771 3598 2039 3667 quomodo

454 3704 507 3748 et
538 3694 697 3757 bona,
731 3699 785 3746 et
811 3689 984 3743 anima
1013 3699 1067 3744 et
1094 3703 1291 3759 corpus
1324 3689 1489 3744 illaesa
1521 3704 1736 3760 semper
1766 3699 2034 3746 maneant.

454 3788 522 3842 Et
547 3803 643 3840 cur
681 3784 811 3839 artis
842 3781 1064 3852 hujusce
1093 3796 1257 3852 opera
1300 3783 1596 3837 minutatim
1623 3784 2039 3855 persequamur?

455 3877 546 3933 llla
574 3878 771 3949 quippe
820 3884 870 3929 te
897 3874 1055 3928 docet
1096 3887 1203 3943 quo
1231 3882 1383 3943 pacto
1412 3872 1523 3928 Deo
1551 3874 1742 3930 similis
1770 3890 1890 3931 esse
1917 3863 2040 3946 pos-

1539 418 1712 474 neque
1738 402 1882 458 enim
1908 400 2022 455 sola

451 3972 545 4035 sis,
572 3967 710 4039 quod
733 3976 891 4036 caput
910 3973 993 4021 est
1009 3964 1247 4027 omnium
1284 3965 1566 4019 bonorum.
1592 3965 1780 4021 Vitlen’
1804 3981 1910 4036 quo
1940 3981 2036 4036 pa-
2082 3952 2091 3969 ’

452 4070 540 4115 eto
572 4074 673 4112 non
700 4072 860 4111 unum
891 4055 1010 4124 ejus
1036 4070 1169 4125 opus
1199 4056 1303 4121 sit,
1341 4056 1435 4109 sed
1476 4056 1743 4129 plurima?
1778 4058 1905 4113 Sine
1933 4059 2037 4113 ulla

454 4150 674 4205 alterius
704 4149 833 4202 artis
871 4162 973 4218 ope
999 4146 1187 4202 domos
1225 4150 1529 4212 construit,
1561 4159 1737 4204 vestes
1779 4152 2036 4217 contexit,

467 4240 748 4296 thesauros-
772 4246 995 4307 apparat
1021 4244 1184 4301 tutos,
1209 4237 1396 4291 mortis
1424 4239 1656 4294 victores
1685 4239 1896 4307 reddit,
1927 4242 2041 4296 dia-

459 4332 584 4388 bolo
605 4332 850 4400 imperat,
882 4327 990 4383 Deo
1011 4326 1215 4382 similes
1238 4326 1415 4382 efficit.
1434 4327 1569 4396 Quid
1587 4344 1717 4401 ergo
1739 4332 1916 4387 utilius
1942 4333 2041 4388 hac

469 4435 584 4479 arte
608 4422 630 4476 2
658 4422 788 4476 Aliae
819 4433 1049 4490 namque
1076 4426 1220 4473 artes
1243 4460 1258 4485 ,
1281 4427 1474 4488 pra-ter
1491 4435 1553 4475 ea
1574 4437 1691 4492 qua:
1712 4420 1850 4477 dicta
1876 4433 2035 4491 sunt,

459 4532 579 4572 cum
627 4511 872 4585 praisenti
918 4511 1021 4565 vita
1070 4520 1423 4582 przetereunt,
1455 4527 1575 4566 cum
1603 4512 1836 4569 artifices
1865 4530 2037 4585 agro-

462 4616 597 4673 tant,
617 4607 722 4660 illa:
750 4610 982 4670 cessant,
1007 4618 1170 4673 opera
1201 4618 1412 4674 quoque
1449 4619 1633 4660 eorum
1679 4621 1788 4661 non
1832 4623 2044 4678 perma-

462 4710 612 4764 nent,
648 4698 829 4753 labore
858 4706 912 4752 et
943 4705 1184 4767 tempore
1219 4697 1386 4752 multo
1421 4709 1598 4769 egent,
1631 4700 1856 4772 aliisque
1882 4703 2042 4758 innu-

465 4794 663 4849 meris:
697 4791 814 4847 haec
842 4805 970 4846 vero
992 4800 1112 4858 post
1156 4790 1345 4847 nmndi
1387 4792 1547 4849 tinem
1578 4796 1814 4850 maxime
1854 4795 2040 4868 fulget,

462 4895 581 4957 post
608 4891 833 4939 mortem
860 4882 1089 4936 maxime
1110 4881 1370 4951 Splendet,
1388 4892 1443 4938 et
1471 4900 1631 4955 opera
1660 4899 1754 4940 sua
1775 4889 2039 4956 ostendit,

462 4989 633 5046 neque
681 4985 922 5043 tempore
952 4972 1034 5027 vel
1063 4972 1246 5027 labore
1285 4975 1455 5042 eget‘,
1486 4990 1656 5046 neque
1680 4978 1781 5032 alia
1822 4994 1881 5034 re
1907 4996 2041 5051 qua-

467 5068 609 5140 piam
636 5083 651 5132 ;
680 5064 772 5120 sed
799 5107 814 5132 ,
852 5075 904 5119 te
942 5081 1153 5135 quoque
1197 5075 1485 5136 :rgrotante
1514 5077 1569 5123 ct
1595 5071 1745 5125 senio
1765 5071 2006 5127 c0nfecto
2025 5116 2040 5139 ,

460 5170 735 5234 operatur,
756 5172 818 5211 ac
835 5166 1007 5212 tecum
1029 5159 1081 5212 in
1104 5157 1328 5213 futuram
1350 5157 1507 5212 vitam
1528 5163 1737 5229 transit,
1758 5180 2043 5235 numquam

465 5265 518 5309 te
563 5249 856 5321 relinquit;
901 5259 951 5302 te
999 5249 1253 5317 sophistis
1282 5259 1337 5304 et
1375 5249 1675 5308 rhetoribus
1714 5256 2041 5324 superiorem

461 5343 656 5400 reddit.
691 5340 821 5396 Nam
849 5340 938 5409 qui
971 5339 1022 5394 in
1049 5341 1152 5395 i!lis
1171 5339 1375 5394 artiluts
1401 5342 1624 5409 flarent,
1654 5345 1833 5400 multis
1855 5347 2044 5404 invidis

467 5434 664 5504 objecti
693 5443 817 5487 sunt
849 5450 862 5486 :
895 5432 982 5502 qui
1015 5441 1190 5485 autem
1228 5434 1277 5485 in
1309 5431 1410 5487 hac
1436 5435 1709 5503 conspicui
1733 5447 1877 5503 sunt,
1909 5440 2046 5493 mul-

466 5531 639 5577 torum
671 5522 914 5591 precibus
941 5519 1309 5591 juvantur.llli
1335 5522 1547 5593 quidem
1577 5522 1849 5583 hominum
1879 5528 2046 5586 tribu-

532 5694 547 5724 ⁸
584 5700 729 5751 tinus,
752 5705 899 5756 neque
924 5693 1086 5743 labore
1110 5700 1229 5755 eget.

1169 294 1226 349 S.
1255 292 1532 349 JOANNIS
1568 284 2042 345 CllllYSOS'l'OMl
2084 287 2400 347 AiiﬂlllEP.
2426 290 2964 351 CONSTANTINOP.

3608 302 3718 357 δεμ

2134 401 2346 459 nalibus
2365 404 2597 470 adstant,
2632 406 2928 480 iujuriaque
2949 409 3170 466 allectos
3198 411 3511 483 defendunt,
3530 415 3586 472 et
3610 435 3710 474 δεε-

2132 505 2200 561 pe
2247 492 2499 563 iujuriam
2546 495 2898 553 inferentibus
2938 509 3341 569 patrocinantur
3383 522 3397 559 :
3440 504 3556 561 ha-e
3589 524 3720 562 vero

2131 595 2256 640 ante
2281 587 2508 642 tribunal
2530 586 2727 644 Christi
2751 607 2812 645 se
2832 591 2994 654 sistit.
3016 609 3112 649 nec
3134 594 3307 650 solum
3334 599 3717 666 patrocinatur,

2132 673 2226 729 sed
2258 675 2354 743 ipsi
2381 692 2592 748 quoque
2615 677 2786 735 Judici
2812 683 3040 749 suadet,
3075 695 3131 736 ut
3163 686 3525 752 patrocinetur
3547 690 3618 752 ei,
3650 690 3721 745 de

2133 779 2239 834 quo
2261 766 2518 834 judicium
2548 770 2857 835 instituitur,
2892 782 2947 827 et
2976 788 3071 843 pro
3098 775 3191 830 illo
3214 780 3531 833 sententiam
3560 781 3717 847 ferat;

2131 856 2341 911 etiamsi
2372 860 2567 915 millies
2596 864 2915 930 peccaverit,
2938 876 3161 921 coronat
3189 877 3245 922 et
3265 870 3516 938 prardicat
3541 873 3718 927 illum.

2132 945 2264 1002 Nam
2305 950 2382 1004 ait
2425 967 2439 1003 :
2494 951 2623 1007 Date
2651 955 3019 1027 cleemosynam
3043 999 3059 1025 ,
3091 971 3136 1013 et
3161 962 3332 1016 omnia
3361 965 3550 1019 munda
3574 977 3721 1021 erunt

2135 1039 2154 1110 (
2179 1039 2304 1093 Luc.
2342 1042 2427 1096 ll.
2452 1044 2512 1097 tl
2537 1042 2581 1117 ).
2609 1045 2812 1116 Ecquid
2840 1048 3013 1103 futura
3041 1050 3207 1105 dico?
3233 1051 3288 1107 Si
3324 1055 3467 1108 enim
3497 1056 3550 1110 in
3583 1072 3722 1126 pra:-

2134 1130 2270 1184 senti
2295 1132 2401 1186 vita
2431 1132 2674 1189 homines
2703 1137 3101 1194 sciscitaremur
3117 1141 3244 1211 quid
3275 1144 3596 1209 mallent,an
3624 1160 3719 1200 so-

2136 1218 2344 1288 phistas
2385 1231 2441 1277 et
2483 1224 2730 1280 rhetores
2753 1241 2874 1282 esse
2913 1229 3109 1285 multos
3129 1271 3144 1297 ,
3173 1248 3241 1286 an
3267 1234 3642 1292 misericordes
3664 1248 3722 1294 et

2132 1309 2388 1380 benignos
2419 1332 2431 1368 :
2462 1312 2566 1368 ltoc
2588 1314 2831 1371 ultimum
2849 1319 3026 1387 pctius
3052 1320 3308 1391 eligerent
3333 1341 3348 1390 ;
3380 1335 3433 1380 et
3455 1325 3579 1396 jure
3601 1329 3724 1399 qui-

2131 1401 2275 1458 dem.
2303 1405 2435 1459 Nam
2473 1407 2516 1460 si
2564 1407 2807 1484 facundia
2858 1411 3095 1477 tollatur,
3144 1415 3280 1470 nihil
3313 1417 3440 1470 mali
3482 1418 3534 1472 in
3557 1420 3720 1476 vitam

2134 1506 2374 1551 nostram
2397 1498 2799 1569 importabitur;
2823 1513 3105 1574 antequam
3132 1507 3274 1562 enim
3296 1509 3384 1564 illa
3410 1512 3722 1578 exsisteret,

2134 1588 2302 1642 nmlto
2334 1599 2573 1660 tempore
2601 1593 2840 1649 constitit
2868 1613 2882 1649 :
2913 1596 2957 1649 si
2985 1612 3117 1653 vero
3150 1600 3570 1659 misericordiam
3598 1621 3722 1661 sus.

2136 1678 2339 1747 tuleris,
2371 1683 2550 1736 omnia
2594 1684 2860 1753 peribunt.
2885 1685 2954 1741 Et
2978 1690 3424 1757 quemadmodum
3453 1709 3549 1763 per
3569 1711 3725 1753 mare

2134 1771 2382 1840 navigare
2409 1788 2512 1827 non
2551 1775 2745 1845 possis,
2779 1779 2825 1831 si
2854 1785 3037 1846 portus
3067 1788 3121 1837 et
3146 1782 3405 1839 stationes
3422 1785 3713 1842 obstruast

2134 1864 2211 1918 sic
2238 1880 2343 1917 non
2372 1874 2547 1933 potest
2585 1866 2700 1922 haec
2727 1868 2834 1923 vita
2865 1878 3132 1939 constare,
3170 1873 3216 1928 si
3261 1875 3685 1932 miscricordiam
3705 1921 3721 1946 ,

2133 1955 2340 2008 veniam
2371 1965 2426 2010 et
2448 1955 2832 2014 humanitatem
2858 1961 3159 2017 sustuleris.

2204 2043 2258 2099 5.
2299 2044 2635 2117 Quapmpter
2662 2063 2767 2103 non
2802 2049 3035 2107 humano
3075 2052 3246 2108 solum
3275 2056 3557 2113 ratiocinio
3602 2058 3719 2116 haec

2134 2135 2279 2191 Deus
2304 2138 2564 2206 permisit,
2595 2140 2687 2194 sed
2715 2152 2768 2196 et
2793 2144 2984 2198 multas
3007 2159 3191 2200 eorum
3223 2156 3401 2216 partes
3437 2160 3642 2206 natura:
3671 2153 3725 2208 vi

2135 2227 2345 2283 insevit.
2374 2226 2469 2284 Sic
2500 2240 2676 2301 patres
2701 2240 2755 2287 et
2775 2243 2975 2288 matres
2995 2250 3118 2307 erga
3140 2235 3336 2293 liberos
3360 2241 3727 2298 misericordia

2135 2329 2451 2387 moventur;
2482 2322 2560 2376 sic
2581 2323 2671 2376 filii
2691 2338 2812 2394 erga
2838 2333 3083 2394 parentes
3109 2344 3122 2381 :
3151 2343 3323 2399 neque
3345 2331 3396 2385 in
3424 2331 3729 2388 hominibus

2137 2417 2362 2475 tantum,
2383 2410 2475 2466 sed
2498 2411 2549 2465 in
2565 2411 2736 2469 brutis
2754 2430 2767 2465 :
2788 2415 3085 2487 eodemque
3097 2428 3223 2472 sunt
3237 2419 3408 2475 affecti
3432 2421 3593 2477 modo
3612 2421 3727 2477 fra-

2140 2509 2267 2567 tres,
2298 2503 2583 2573 propiuqui
2603 2513 2655 2558 et
2700 2505 2888 2560 affines
2907 2548 2921 2573 ,
2951 2515 3007 2562 ct
3034 2506 3279 2565 homines
3302 2511 3391 2566 alii
3418 2528 3542 2583 erga
3567 2514 3726 2569 alios.

2139 2592 2185 2645 A
2213 2605 2400 2647 natura
2420 2592 2617 2664 quippe
2647 2595 2800 2665 proni
2830 2595 2896 2650 ad
2924 2598 3345 2656 misericordiam
3372 2619 3579 2662 sumus.
3603 2606 3728 2661 Ideo

2138 2682 2278 2737 circa
2313 2682 2503 2753 injuria
2537 2684 2757 2742 affectos
2796 2687 3165 2759 indignamur,
3199 2691 3342 2747 circa
3379 2693 3732 2768 interemptos

2142 2771 2418 2840 dolemus,
2469 2776 2512 2831 si
2544 2776 2787 2847 lugentes
2829 2780 3103 2836 videamus
3126 2823 3142 2851 ,
3182 2784 3555 2854 lacrymatnur.
3595 2790 3728 2856 Quia

2139 2865 2281 2920 enim
2328 2869 2437 2922 vult
2483 2869 2622 2925 Deus
2647 2911 2662 2935 ,
2709 2880 2766 2925 ut
2795 2871 2847 2927 id
2888 2873 3206 2931 observetur
3230 2919 3244 2943 ,
3301 2888 3543 2936 naturam
3569 2883 3732 2952 jussit

2140 2957 2305 3011 multa
2336 2957 2434 3012 hac
2461 2957 2512 3012 in
2543 2974 2602 3014 re
2627 2976 2692 3015 ex
2724 2977 2783 3016 se
2806 2964 3069 3029 conferre,
3101 2967 3392 3025 ostendens
3417 2969 3469 3025 id
3489 2972 3589 3026 sibi
3615 2989 3733 3029 ma-

2141 3046 2281 3101 xime
2308 3048 2358 3101 in
2386 3050 2582 3118 optatis
2610 3065 2752 3106 esse.
2779 3051 2906 3109 Haec
2932 3053 3110 3125 itaque
3129 3057 3308 3113 animo
3334 3072 3605 3119 versantes
3627 3104 3642 3129 ,
3675 3073 3728 3119 et

2138 3150 2238 3190 nos
2268 3148 2319 3191 t-t
2361 3138 2499 3194 filios
2539 3150 2591 3193 et
2630 3142 2956 3211 pr0pinquos
2988 3145 3052 3200 ad
3081 3147 3441 3221 eleemosynze
3486 3152 3727 3209 scholam

2139 3225 2396 3282 ducamus
2419 3246 2434 3293 ;
2463 3229 2564 3285 hoc
2587 3240 2709 3286 ante
2736 3234 2913 3287 omnia
2940 3234 3110 3291 discat
3131 3238 3322 3307 homo;
3352 3257 3472 3297 nam
3502 3245 3625 3299 illud
3649 3257 3729 3300 est

2141 3316 2407 3373 hominem
2432 3334 2589 3384 esse;
2623 3321 2813 3395 Magna
2836 3325 3023 3395 quippe
3046 3344 3126 3382 res
3151 3339 3221 3385 est
3242 3330 3411 3397 homo,
3442 3344 3489 3388 et
3511 3339 3731 3405 pretiosa

2140 3424 2218 3462 res
2246 3419 2320 3464 est
2348 3410 2422 3463 vir
2441 3412 2760 3489 misericors(
2785 3414 2940 3473 Prov.
2970 3418 3061 3475 20.
3091 3421 3164 3493 6)
3188 3439 3202 3486 ;
3234 3424 3278 3477 si
3307 3424 3355 3479 id
3387 3441 3490 3480 non
3513 3426 3730 3497 habeat,

2142 3512 2171 3552 a
2196 3509 2384 3555 natura
2410 3504 2639 3558 hominis
2659 3504 2876 3561 decidit.
2904 3509 3014 3564 Hoc
3033 3513 3301 3581 sapientes
3318 3514 3499 3573 efficit.
3527 3519 3729 3590 Ecquid

2143 3589 2372 3659 miraris,
2405 3594 2450 3648 si
2480 3594 2582 3650 hoc
2604 3608 2685 3652 est
2708 3596 2975 3655 hominem
3003 3604 3158 3658 esse?
3178 3604 3291 3660 Hoc
3316 3617 3398 3664 est
3421 3609 3558 3666 Deus

2144 3698 2265 3738 nam
2287 3686 2360 3740 ait
2384 3703 2396 3740 :
2420 3684 2594 3742 Estote
2616 3691 2980 3760 misericordes,
3005 3695 3133 3750 sicut
3154 3707 3201 3751 et
3218 3697 3374 3754 Pater
3393 3712 3551 3756 vester
3575 3704 3732 3776 (Luc.

2143 3776 2197 3830 6.
2230 3778 2357 3848 '56).
2389 3779 2665 3837 Discamus
2701 3783 2860 3854 igitur
2887 3787 3261 3847 misericordes
3299 3809 3446 3861 esse,
3481 3805 3591 3851 tum
3616 3814 3735 3854 om-

2146 3870 2291 3925 nium
2319 3884 2478 3926 causa
2499 3912 2514 3937 ,
2545 3882 2655 3928 tum
2688 3876 2920 3932 maxime
2948 3879 3088 3948 quod
3119 3892 3171 3936 et
3204 3884 3301 3953 ipsi
3331 3887 3493 3941 multa
3519 3890 3734 3946 miseri-

2143 3961 2323 4017 cordia
2348 3978 2618 4034 egeamus.
2649 3964 2831 4036 Neque
2860 3983 2959 4024 nos
2984 3972 3158 4027 vivere
3188 3986 3432 4043 putemus
3459 3994 3564 4049 quo
3592 3989 3750 4042 tem-_

2145 4067 2273 4122 pore
2298 4055 2672 4111 misericordes
2692 4072 2797 4112 non
2828 4073 3042 4126 sumus;
3073 4062 3141 4119 de
3161 4064 3499 4139 eleemosyna
3518 4070 3730 4141 loquor,

2144 4161 2262 4215 qme
2284 4147 2350 4201 ab
2379 4147 2601 4203 avaritia
2626 4163 2680 4203 et
2704 4151 2887 4221 rapina
2920 4168 3048 4222 pura
3073 4157 3158 4210 sit.
3191 4156 3246 4214 Si
3275 4160 3416 4215 enim
3455 4165 3544 4232 qui
3579 4165 3733 4220 honis

2146 4236 2256 4289 suis
2277 4246 2581 4304 contentus,
2606 4240 2736 4295 nihil
2755 4242 2870 4297 aliis
2890 4243 3132 4313 largitur,
3156 4263 3261 4303 non
3286 4261 3368 4306 est
3392 4252 3725 4312 misericors:

2146 4328 2236 4399 qui
2263 4331 2433 4384 aliena
2464 4333 2623 4402 rapit,
2652 4335 2918 4404 quomodo
2943 4337 3249 4395 misericors
3274 4335 3375 4405 sit'.
3404 4346 3612 4402 etiamsi
3645 4348 3726 4401 in-

2148 4436 2369 4477 ntnnera
2415 4426 2635 4494 eroget?
2673 4425 2805 4481 Nam
2854 4428 2898 4481 si
2940 4428 2983 4482 is
3024 4431 3114 4501 qui
3154 4432 3266 4488 suis
3293 4443 3494 4491 tantum
3532 4438 3727 4495 fruitur

2148 4513 2320 4578 bonis,
2344 4524 2396 4568 et
2423 4515 2548 4569 nihil
2573 4517 2807 4586 largitur,
2829 4518 3204 4578 immisericors
3231 4536 3309 4581 est
3337 4528 3538 4581 :multo
3559 4546 3733 4601 magis

2149 4602 2192 4656 is
2223 4604 2311 4674 qui
2342 4603 2512 4659 aliena
2544 4606 2757 4678 abripit.
2792 4608 2846 4665 Si
2881 4612 2911 4665 ii
2944 4614 3032 4680 qui
3058 4598 3185 4669 nihil
3206 4616 3384 4672 damni
3412 4598 3728 4684 intulerunt.

2150 4694 2485 4764 plectuntur,
2513 4698 2634 4766 quia
2668 4700 2837 4770 largiti
2865 4717 2968 4756 non
2998 4716 3121 4760 sunt
3153 4725 3164 4760 :
3198 4709 3364 4764 multo
3386 4712 3552 4783 inagis
3578 4713 3615 4767 ii
3637 4717 3730 4784 qui

2147 4786 2319 4842 aliena
2342 4797 2649 4857 rapuerunt.
2668 4788 2747 4846 Ne
2767 4792 2923 4863 igitur
2939 4795 3077 4873 dixe:
3093 4796 3158 4865 is,
3183 4799 3333 4855 Alius
3358 4802 3551 4873 injuste
3573 4806 3735 4866 laesus

2150 4887 2251 4944 est,
2279 4888 2332 4933 et
2361 4879 2497 4934 alius
2518 4880 2911 4955 eleemosynam
2933 4871 3141 4957 accipit.
3168 4889 3220 4945 lu
3249 4890 3349 4947 hoc
3365 4871 3506 4948 enim
3530 4898 3733 4953 malum

2150 4980 2414 5024 versatur.
2451 4969 2556 5026 Par
2582 4973 2780 5044 quippe
2817 4985 2934 5030 erat
2972 4979 3216 5035 eumdem
3244 4982 3413 5051 ipsum
3442 4986 3528 5056 qui
3571 4987 3737 5045 laesus

2150 5068 2251 5125 est,
2281 5059 2675 5132 eleemosynam
2697 5065 2939 5136 accipere
2972 5085 2985 5121 :
3019 5083 3157 5124 nunc
3182 5087 3309 5126 vero
3341 5075 3474 5129 alios
3503 5078 3740 5133 vulneri-

2153 5154 2250 5209 bus
2269 5154 2457 5221 afticis,
2479 5164 2533 5210 et
2551 5155 2773 5212 aliorum
2794 5159 3008 5214 vulnera
3033 5178 3206 5231 curas,
3228 5181 3361 5235 quos
3389 5184 3493 5223 non
3513 5174 3739 5230 vulnere

2151 5242 2392 5309 affecisti,
2416 5260 2535 5300 cum
2562 5256 2835 5328 oporteret
2858 5249 2975 5304 illos
3003 5250 3146 5320 ipsos
3170 5269 3388 5314 curare:
3421 5258 3528 5313 imo
3555 5263 3739 5331 μυιξυς

2153 5350 2258 5389 non
2293 5336 2627 5394 vulnerasse.
2653 5324 2916 5411 Benignus
2937 5343 3076 5397 enim
3098 5342 3185 5399 ille
3209 5355 3311 5412 est,
3342 5364 3448 5403 non
3470 5353 3557 5419 qui
3577 5353 3741 5409 Caedit

2153 5434 2207 5478 et
2230 5436 2409 5494 postea
2437 5436 2606 5495 curat,
2623 5428 2717 5484 sed
2743 5431 2829 5500 qui
2854 5431 3065 5493 abaliis
3091 5435 3396 5494 vulneratos
3418 5451 3587 5495 curat.
3606 5441 3741 5499 Tuis

2153 5529 2279 5585 ergo
2305 5516 2459 5571 malis
2486 5518 2767 5587 medearis,
2801 5538 2907 5577 non
2933 5525 3121 5581 alienis
3146 5543 3161 5592 ;
3195 5527 3303 5582 imo
3331 5544 3457 5585 vero
3484 5546 3586 5586 nec
3606 5548 3733 5603 per-

2154 5605 2325 5659 cutias
2348 5645 2363 5670 ,
2396 5621 2493 5660 nec
2534 5605 2753 5676 dejicias
2782 5613 2800 5680 (
2826 5611 2927 5667 hoc
2960 5615 3103 5669 enim
3130 5616 3359 5674 ludentis
3389 5619 3606 5691 esset),
3639 5630 3737 5684 sed

2155 5695 2391 5766 dejeetos
2420 5698 2585 5768 erige.
2616 5700 2797 5772 Neque
2825 5705 2966 5760 enim
2994 5716 3144 5778 potes
3164 5710 3349 5769 eadem
3379 5713 3741 5784 electnosynae
