4028 6152
280 277 386 341 5'15

272 399 523 472 πλήττων
550 398 644 453 καὶ
676 398 1012 470 θεραπεύων,
1044 402 1158 456 ἀλλ’
1187 406 1215 457 6
1249 407 1377 471 τοὺς
1412 409 1540 480 παρ’
1573 410 1775 482 ἐτέρων
1806 413 1946 485 πλη-

272 486 468 554 γέντας
501 486 747 558 ἰώμενος.
777 489 858 542 Τά
881 489 1078 542 σαυτοῦ
1111 491 1290 544 τοίνυν
1325 495 1470 550 ίασαι
1507 499 1650 550 κακά
1670 541 1684 561 ,
1725 501 1854 569 μήδ’
1884 501 1950 554 τά

275 575 494 646 ἐτέρου·
539 575 741 646 μᾶλλον
770 576 827 629 δὲ
869 577 1003 646 μηδὲ
1037 578 1258 646 πλῆττε,
1282 583 1415 650 μηδέ
1446 587 1749 639 κατάϐαλλε
1773 588 1950 656 (τοῦτο
1983 570 2006 607 ⁸

274 663 385 732 7&9
435 664 718 728 παίζοντός
753 665 938 733 ἐστιν)
967 705 980 727 ,
1020 665 1134 718 ἀλλ’
1169 669 1474 740 άνάστησον
1515 674 1639 734 τοὺς
1679 674 1950 746 καταϐλη-

276 751 486 815 θέντας.
523 753 655 805 Ούδὲ
682 750 791 822 7&9
818 752 1042 805 δυνατὸν
1092 753 1168 823 τῷ
1193 755 1343 826 αὐτῷ
1373 758 1556 828 μέτρῳ
1604 761 1702 829 τῆς
1723 761 1948 832 ἐλεημο-

275 837 440 910 σύνης
477 839 809 908 θεραπεῦσαι
857 839 916 892 τὸ
957 839 1064 892 ἀπὸ
1107 840 1210 910 τῆς
1271 843 1582 909 πλεονεξίας
1623 847 1808 901 κακόν.
1851 851 1946 903 Ἂν

273 927 383 998 γὰρ
413 926 811 997 πλεονεκτήσῃς
843 926 1048 992 ὀϐολὸν,
1091 929 1189 982 οὐκ
1230 930 1417 984 ὀϐολοῦ
1460 950 1541 985 σοι
1570 934 1650 987 δεῖ
1679 935 1838 988 πάλιν
1868 939 1946 999 εἰς

274 1011 662 1081 ἐλεημοσύνην,
698 1013 786 1066 ἵνα
832 1014 1027 1084 ἀνέλῃς
1050 1015 1111 1068 τὸ
1147 1017 1255 1069 ἀπὸ
1294 1021 1392 1086 τῆς
1428 1019 1738 1086 πλεονεξίας
1766 1022 1941 1088 ἕλκος,

270 1098 406 1151 ἀλλὰ
430 1098 714 1152 ταλάντου.
752 1099 850 1156 Διά
874 1100 1035 1153 τοῦτο
1055 1103 1082 1154 6
1101 1102 1335 1174 κλέπτης
1366 1106 1526 1170 ἁλοὺς
1553 1108 1945 1179 τετραπλάσιον

271 1185 621 1238 καταϐάλλει·
648 1185 742 1239 τοῦ
767 1186 822 1239 δὲ
853 1188 1174 1254 κλέπτοντος
1201 1194 1227 1244 6
1252 1193 1512 1263 ἁρπάζων
1542 1195 1758 1268 χείρων.
1797 1197 1858 1248 Εἰ
1887 1197 1944 1250 δὲ

270 1275 471 1325 ἐκεῖνον
499 1273 934 1344 τετραπλασίονα
977 1276 1158 1329 δοῦναι
1187 1278 1269 1332 δεῖ
1292 1273 1365 1333 ὧν
1391 1280 1603 1350 ἔκλεψε,
1639 1283 1732 1336 τὸν
1768 1283 1946 1353 ἀρπά-

268 1361 428 1422 ζοντα
455 1361 855 1415 δεκαπλασίονα
882 1364 978 1417 καὶ
1008 1365 1184 1436 πολλῷ
1235 1367 1426 1421 πλέον·
1453 1371 1546 1424 καί
1572 1371 1855 1441 ἀγαπητὸν
1884 1369 1944 1422 τὸ

268 1449 364 1501 καὶ
396 1447 540 1502 οῦτω
568 1449 862 1520 δυνηθῆναι
894 1452 990 1523 τὴν
1019 1453 1234 1508 ἀδικίαν
1276 1457 1684 1521 ἐξιλεώσασθαι·
1723 1461 1946 1531 ἐλεημο-

270 1534 436 1606 σύνης
467 1535 576 1608 γάρ
615 1537 734 1591 οὐδὲ
926 1539 1044 1593 τότε
1075 1541 1301 1612 λήψεται
1339 1547 1570 1614 καρπόν.
1593 1548 1690 1602 Διά
1727 1548 1885 1602 τοῦτο
1919 1551 1947 1602 6

275 1624 567 1693 Ζακχαῖος,
598 1625 910 1690 Ἀποτίσω,
937 1628 1119 1697 φησὶν,
1143 1623 1230 1683 ὧν
1248 1631 1717 1702 ἐσυκοφάντησα
1745 1654 1946 1706 τετρα-

268 1710 592 1774 πλασίονα,
613 1711 709 1764 καὶ
729 1710 802 1766 τὰ
819 1713 1008 1782 ἡμίση
1030 1714 1146 1769 τῶν
1164 1718 1557 1786 ὑπαρχόντων
1567 1740 1688 1790 μου
1773 1724 1946 1778 δώσω

268 1797 543 1868 πτωχοῖς.
578 1799 640 1852 Εἰ
661 1799 716 1852 δὲ
761 1801 820 1853 ἐν
860 1801 936 1871 τῷ
965 1804 1113 1874 νόμῳ
1148 1807 1579 1878 τετραπλασίονα
1619 1811 1804 1865 δοῦναι
1846 1813 1944 1876 δεῖ,

268 1883 448 1955 πολλῷ
484 1885 684 1955 μᾶλλον
717 1889 774 1940 ἐν
803 1891 866 1959 τῇ
899 1889 1115 1960 χάριτι·
1154 1893 1201 1945 εἰ
1255 1893 1346 1946 τὸν
1396 1895 1716 1963 κλέπτοντα,
1765 1899 1947 1970 πολλῷ

269 1971 469 2041 μᾶλλον
489 1973 580 2026 τὸν
612 1975 945 2046 ἁρπάζοντα.
995 1977 1149 2031 Μετά
1179 1980 1287 2051 7&9
1318 1981 1416 2051 τῆς
1465 1983 1669 2052 ζημίας
1706 1986 1944 2041 ἐνταῦθα

268 2060 384 2146 καὶ,
412 2063 444 2130 ή
475 2061 631 2134 ῦϐρις
659 2063 849 2135 πολλή.
893 2065 1054 2118 Ὥστε
1093 2069 1198 2120 κᾶν
1247 2069 1774 2134 ἑκατονταπλασίονα
1812 2074 1940 2146 δῷς,

267 2145 480 2200 οὐδέπω
511 2149 572 2202 τὸ
609 2152 716 2204 πᾶν
768 2151 1052 2215 ἐδωκαςτθ.
1094 2155 1258 2226 Ὁρᾷς
1297 2155 1372 2220 ὡς
1408 2158 1468 2210 οὐ
1530 2159 1707 2230 μάτην
1736 2160 1941 2231 ἔλεγον,

269 2231 386 2284 Κᾶν
490 2234 674 2288 ὀϐολὸν
709 2237 963 2308 ἀρπάσῃς
998 2240 1088 2292 καὶ
1125 2240 1381 2296 τάλαντον
1408 2243 1636 2315 ἐπιδῷς,
1670 2246 1823 2316 μόλις
1851 2249 1945 2301 καὶ

1058 291 1115 344 S.
1159 291 1444 348 JOANNIS
1483 293 1972 354 CHRYSOSTOMI
2009 297 2332 355 ARCIIIEP.
2375 299 2926 360 CONS'I‘ANTINOP.

3615 305 3722 362 526

2055 413 2199 468 οὕτω
2220 414 2570 486 θεραπεύεις;
2601 416 2665 470 Εἰ
2695 418 2752 472 δὲ
2780 417 2938 470 τοῦτο
2966 415 3154 480 ποιῶν,
3185 417 3356 488 μόλις·
3404 418 3534 474 ὅταν
3571 421 3724 475 ἀντι-

2056 500 2294 572 στρέψῃς
2313 503 2413 574 τὴν
2441 503 2615 568 τάξιν,
2635 505 2728 557 καί¹
2753 504 3005 576 ἁρπάσῃς
3034 504 3132 575 μὲν
3156 505 3341 568 οὐσίας
3372 505 3725 576 ὁλοκλήρους,

2053 586 2208 654 ὀλίγα
2229 589 2284 640 δὲ
2314 590 2604 661 παράσχῃς
2622 631 2637 656 ,
2681 591 2776 644 καί
2813 592 2945 661 μηδὲ
2978 591 3205 654 ἐκείνοις
3231 594 3342 654 τοῖς
3365 592 3724 664 ἀδικηθεῖσιν,

2053 672 2164 725 ἀλλ’
2193 675 2397 746 ἑτέροις
2436 679 2550 730 ἀντ’
2581 679 2820 742 ἐκείνων,
2862 679 3018 732 ποίαν
3051 679 3190 744 ἕξεις
3224 679 3552 748 ἀπολογίαν;
3601 681 3727 735 τίνα

2056 761 2413 832 συγγνώμηνς
2469 765 2623 817 ποίαν
2685 767 2956 836 σωτηρίας
3008 767 3235 833 ἐλπίδα;
3298 768 3484 821 Βούλει
3533 769 3727 838 μαθεῖν

2052 848 2174 901 ὅσον
2197 852 2404 923 ἐργάζῃ
2439 853 2605 906 κακὸν
2637 853 2809 916 οὕτως
2832 855 2994 908 ἐλεῶν
3019 874 3032 919 ;
3073 857 3337 910 ’Λκουσον
3364 857 3467 927 τῆς
3498 857 3726 928 Γραφῆς

2052 936 2345 1008 λεγούσης·
2383 940 2478 1005 Ὧς
2525 943 2558 994 ό
2600 941 2946 994 ἀποκτένων
2981 942 3088 995 τὸν
3112 943 3157 974 ⁸⁸
3195 945 3328 996 υίόν
3382 943 3727 1013 ἔμπροσθεν

2051 1025 2158 1079 τοῦ
2187 1026 2410 1094 πατρὸς
2448 1027 2654 1093 αὑτοῦ,
2688 1029 2876 1094 οὕτως
2927 1034 2960 1084 ό
3016 1030 3339 1099 προσάγων
3385 1033 3610 1086 θυσίαν
3653 1032 3725 1084 ἐκ

2051 1113 2368 1182 χρημάτων
2391 1115 2682 1181 πενήτων.
2709 1116 2922 1187 Ταύτην
2953 1120 3129 1171 τοίνυν
3149 1118 3248 1186 τὴν
3279 1119 3506 1190 ἀπειλήν
3525 1119 3726 1190 ἐγγρά-

2049 1200 2247 1269 ψαντες
2292 1205 2356 1273 τῇ
2397 1203 2624 1274 διανοίᾳ,
2676 1204 3015 1274 ἀπέλθωμεν·
3049 1206 3250 1277 ταύτην
3273 1208 3330 1258 ὲν
3355 1209 3465 1271 τοῖς
3499 1207 3722 1277 τοίχοις,

2049 1285 2253 1356 ταύτην
2293 1289 2348 1340 ἐν
2373 1290 2494 1352 ταῖς
2549 1289 2724 1360 χερσὶ,
2749 1290 2948 1361 ταύτην
2978 1293 3036 1344 ἐν
3085 1291 3161 1361 τῷ
3197 1292 3475 1352 συνειδότι,
3519 1292 3726 1363 ταύτην

2051 1375 2324 1445 πανταχοῦ
2345 1391 2359 1405 ·
2397 1376 2482 1429 ἴνα
2517 1375 2618 1430 κᾶν
2648 1379 2676 1430 6
2714 1378 2872 1446 φόϐος
2901 1373 3054 1442 οὗτος
3083 1379 3347 1448 ἀκμάζων
3380 1378 3538 1448 ήμῶν
3564 1381 3622 1432 ἐν
3655 1382 3723 1451 τῇ

2049 1462 2254 1533 διανοίᾳ
2295 1462 2481 1534 κωλύῃ
2527 1464 2625 1527 τὰς
2663 1467 2848 1535 χεῖρας
2879 1465 3036 1536 ἡμῶν
3088 1466 3472 1536 καθημερινῶν
3521 1465 3721 1535 φόνων.

2049 1550 2214 1602 Φόνου
2231 1549 2338 1619 γὰρ
2359 1550 2581 1621 ἁρπαγή
2603 1551 2998 1623 χαλεπώτερον,
3019 1553 3157 1606 κατὰ
3180 1554 3374 1623 μικρὸν
3402 1552 3493 1606 τὸν
3518 1555 3727 1624 πένητα

2051 1636 2434 1690 ἀναλίσκουσα.
2487 1637 2582 1690 Ἵν’
2625 1633 2718 1692 οὖν
2769 1639 3164 1710 καθαρεύωμεν
3207 1639 3301 1693 τοῦ
3335 1640 3645 1711 μιάσματος
3676 1640 3727 1672 ⁷⁸

2051 1724 2262 1785 τούτου,
2296 1723 2606 1795 μελετῶμεν
2631 1727 2724 1778 καὶ
2757 1727 2891 1796 πρὸς
2918 1728 3141 1791 ἑαυτοὺς
3173 1728 3270 1782 καὶ
3294 1728 3429 1800 πρὸς
3458 1728 3727 1799 ἀλλήλους

2051 1812 2244 1865 ταῦτα.
2274 1810 2428 1864 υῦτω
2444 1812 2549 1883 γὰρ
2580 1814 2674 1867 καὶ
2708 1814 2844 1885 πρὸς
2869 1814 3014 1867 ἔλεον
3041 1816 3276 1885 ἐσόμεθα
3297 1817 3726 1887 προθυμότεροι,

2049 1898 2143 1950 καὶ
2177 1898 2452 1968 καθαροὺς
2475 1900 2602 1962 τοὺς
2632 1900 2724 1953 ἐπὶ
2756 1901 2926 1973 ταύτῃ
2960 1901 3245 1973 ληψόμεθα
3273 1903 3500 1974 μισθοὺς
3523 1903 3591 1968 ’⁸,
3627 1903 3726 1956 καὶ

2045 1984 2155 2038 τῶν
2181 1985 2416 2039 αἰωνίων
2467 1987 2845 2057 ἀπολαύσομεν
2897 1988 3139 2056 ἀγαθῶν,
3184 1992 3366 2061 χάριτι
3401 1990 3496 2043 καὶ
3530 1990 3724 2059 φιλαν-

2048 2073 2266 2142 θρωπίᾳ
2305 2072 2396 2126 τοῦ
2429 2073 2632 2144 Κυρίου
2660 2075 2815 2144 ήμῶν
2858 2075 3032 2146 Ἰησοῦ
3059 2077 3318 2146 Χριστοῦ,
3347 2071 3392 2147 ᾧ
3417 2080 3450 2148 ή
3483 2078 3608 2143 δόξα
3631 2077 3725 2132 καὶ

2047 2161 2108 2213 τὸ
2131 2161 2332 2230 κράτος
2364 2161 2460 2214 σὺν
2515 2161 2593 2232 τῷ
2622 2164 2798 2235 Πατρὶ
2849 2166 2944 2217 καὶ
2975 2163 3052 2235 τῷ
3085 2166 3226 2236 ἁγίῳ
3280 2165 3583 2234 Πνεύματι,
3627 2163 3729 2218 νῦν

2051 2249 2146 2302 καὶ
2171 2249 2258 2301 ἀεὶ⁵
2289 2250 2383 2302 καὶ
2419 2250 2500 2314 εἰς
2530 2251 2652 2313 τοὺς
2684 2249 2882 2315 αἰῶνας
2906 2251 3014 2306 τῶν
3043 2254 3276 2307 αἰώνων.
3320 2253 3514 2324 Ἀμήν.

316 2318 358 2350 ⁸⁷
408 2320 505 2393 μή]
539 2323 632 2376 καὶ
657 2323 730 2395 μή
765 2325 828 2377 Η.
866 2324 927 2379 L.
1005 2326 1049 2357 ⁸⁸
1076 2325 1168 2380 τὸν
1193 2342 1304 2382 om.
1325 2329 1396 2383 Μ.
1431 2330 1524 2384 τὸν
1563 2332 1677 2385 υἱὸν
1707 2333 1872 2387 αὑτοῦ
1907 2334 2217 2406 ἔμπροσθεν
2245 2336 2339 2390 τοῦ
2369 2339 2594 2411 πατρὸς,
2627 2338 2803 2403 οὕτως
2825 2339 2890 2395 G.
2923 2339 2990 2394 H.
3039 2341 3104 2395 Κ.

387 2430 1992 2458 -—-———-——__-—___—____—_.

1815 2500 2060 2553 ΟΜΙΛΙΛ
2099 2501 2224 2554 Nl".

282 2563 336 2615 Ὁ
366 2559 434 2614 δὲ
475 2559 706 2626 Ἰησοῦς
747 2563 1324 2631 προσκαλεσάμενος
1363 2564 1503 2632 τοὺς
1533 2567 1800 2635 μαθητὰς
1845 2571 1950 2623 αὐ-

2051 2573 2256 2638 αύτοῖς,
2285 2574 2464 2638 καθώς
2493 2592 2656 2646 φησιν
2677 2577 2705 2629 6
2729 2575 2975 2647 Μάρκος,
2993 2579 3073 2631 ὅτι
3090 2578 3136 2608 ⁸⁵
3161 2578 3359 2644 Οὕτως
3375 2580 3492 2632 εἰσί
3523 2596 3726 2648 πεπωο

340 2640 467 2735 {of},
682 2658 700 2690 ⁴
731 2640 1208 2735 Σπλμγχνίζομοει
1227 2643 1323 2696 ἐπὶ
1350 2645 1461 2735 ’ξδν
1483 2644 1670 2735 ὄχνξρν
1692 2646 1837 2735 ’λίην
1861 2647 1950 2735 (ξτι
2042 2636 2303 2730 ρωμέναι
2357 2665 2416 2716 al
2446 2636 2681 2728 καρδίαι
2724 2636 3350 2733 ὑμῶν;ηόφθαλμοὺς’
3375 2667 3620 2735 ἔχοντες

339 2719 460 2788 ἤδη
499 2720 710 2788 ἡμέραι
751 2718 910 2787 τρεῖς
962 2720 1377 2788 προσμένουσι
1435 2740 1538 2793 μοι
1567 2724 1636 2788 ⁷⁸,
1686 2726 1784 2778 καὶ
1838 2729 1950 2780 οὐκ

340 2799 560 2867 ἔχουσι
579 2798 638 2851 τί
663 2796 927 2866 φάγωσι·
961 2798 1059 2851 καὶ
1092 2800 1403 2854 ἀπολῦσαι
1445 2802 1669 2868 αὐτοὺς
1701 2803 1950 2873 νήστεις

343 2879 416 2931 οὐ
448 2875 622 2941 θέλω,
652 2875 887 2946 μήποτε
910 2876 1250 2932 ἐκλυθῶσιν
1283 2879 1353 2934 ἐν
1380 2878 1456 2949 τῇ
1483 2880 1620 2946 όὸῷ.
1663 2900 1683 2933 ι

341 3025 408 3073 α’.
435 3019 543 3072 Καὶ
561 3017 818 3090 ἀνωτέρω
839 3019 898 3071 τὸ
923 3021 1148 3090 σημεῖον
1168 3020 1325 3073 τοῦτο
1344 3021 1554 3092 μέλλων
1580 3024 1775 3088 ποιεῖν,
1799 3022 1950 3094 πρῶ-

271 3124 363 3159 τον
401 3105 734 3175 ἐθεράπευσε
763 3106 888 3168 τοὺς
916 3105 977 3160 τὸ
1027 3105 1186 3176 σῶμα
1245 3107 1676 3178 πεπηρωμένους
1697 3126 1712 3140 ·
1739 3111 1832 3164 καὶ
1862 3112 1951 3165 ἐν·

269 3193 443 3248 ταῦθα
480 3193 540 3246 τὸ
575 3192 705 3245 αὐτὸ
746 3192 906 3245 τοῦτο
961 3197 1100 3245 ποιεῖ
1123 3209 1137 3222 ·
1175 3192 1284 3247 ἀπὸ
1321 3195 1418 3264 τῆς
1467 3195 1578 3249 τῶν
1605 3196 1819 3265 τυφλῶν
1858 3200 1952 3252 καὶ

271 3281 460 3353 χωλῶν
491 3281 686 3343 ἰάσεως
704 3279 752 3311 τ’
781 3281 862 3343 εἰς
895 3278 1050 3333 τοῦτο
1077 3281 1326 3351 ἐμϐαίνει
1361 3282 1542 3338 πάλιν.
1572 3283 1636 3337 Τί
1665 3285 1864 3355 δήποτε
1895 3286 1951 3340 δὲ

271 3372 395 3424 τότε
429 3370 527 3439 μὲν
565 3364 720 3422 εἷπον
749 3371 796 3421 οἰ
832 3368 1090 3438 μαθηταὶ,
1135 3370 1473 3425 Ἀπόλυσον
1504 3373 1647 3440 τοὺς
1682 3374 1908 3458 ὄχλογς
1934 3394 1947 3410 ·

272 3461 366 3515 νῦν
394 3461 452 3515 δὲ
479 3461 578 3514 οὐκ
602 3457 777 3525 εἷπον,
797 3459 1080 3514 καὶταῦτα
1110 3461 1494 3531 παρελθουσῶν
1518 3462 1687 3532 τριῶν
1703 3457 1948 3535 ἡμερῶν;

273 3550 343 3603 Ἢ
373 3549 469 3603 καὶ
508 3547 661 3601 αὐτοὶ
699 3546 940 3618 βελτίους
969 3547 1250 3618 γενόμενοι
1281 3548 1486 3613 λοιπὸν,
1518 3549 1551 3621 ἢ
1584 3551 1678 3603 καλ⁸
1713 3551 1952 3615 ἐκείνους

273 3637 506 3708 ὁρῶντες
551 3635 610 3688 οὗ
645 3635 848 3706 σφόδρα
887 3634 1310 3706 αἰσθανομένους
1342 3637 1435 3690 τοῦ
1479 3637 1638 3707 λιμοῦ
1663 3656 1675 3670 ·
1713 3639 1808 3692 καὶ
1841 3641 1952 3711 γὰρ

273 3723 524 3791 ἐδόξαζον
559 3723 649 3776 τὸν
699 3723 832 3777 Θεὸν
863 3724 956 3777 ἐπὶ
1002 3726 1114 3786 τοῖς
1144 3725 1471 3796 γινομένοις.
1505 3727 1644 3780 Ἀλλ’
1683 3729 1786 3797 ὅρα
1837 3727 1950 3792 πῶς

273 3812 367 3866 καὶ
397 3811 490 3867 νῦν
519 3812 615 3881 οὐχ
645 3811 831 3875 ἁπλῶς
850 3811 943 3864 ἐπὶ
966 3809 1027 3865 τὸ
1050 3811 1764 3884 θαῦμα[558]ἔρχεται,ἀλλ⁹
1781 3816 1948 3870 ἐκκα-

278 3903 445 3955 λεῖται
469 3901 517 3933 ⁷⁸
546 3901 743 3964 αὐτοὺς
767 3901 848 3963 εἰς
867 3899 1045 3955 τοῦτο.
1072 3901 1134 3954 Ol
1161 3901 1260 3970 μὲν
1289 3901 1397 3973 γὰρ
1419 3901 1566 3972 ϐχλοι
1584 3903 1676 3956 ἐπὶ
1711 3904 1950 3974 ἰατρείαν

274 3987 520 4050 ἐλθόντες
556 3987 656 4039 οὐκ
705 3986 949 4056 ἐτόλμων
983 3988 1107 4050 τοὺς
1161 3987 1358 4056 ἄρτους
1389 3989 1646 4060 αἰτῆσαι·
1698 3990 1861 4054 αὐτὸς
1893 3991 1948 4045 δέ

274 4075 301 4126 6
319 4074 364 4105 ⁷⁸
396 4072 776 4142 φιλάνθριιιπος
805 4075 898 4126 καὶ
923 4073 1197 4143 κηδεμὼν,
1225 4076 1319 4127 καὶ
1349 4077 1450 4128 οὐκ
1492 4076 1702 4130 αἰτοῦσι
1739 4077 1947 4142 δίδωσι,

276 4161 369 4214 καί
405 4177 536 4230 φησι
585 4161 720 4230 πρὸς
757 4161 880 4224 τοὺς
930 4161 1206 4231 μαθητάς·
1240 4161 1711 4231 Σπλαγχνίζομαι
1736 4157 1802 4227 ⁸⁸,
1850 4167 1946 4219 καί

276 4248 584 4301 ἀπολῦσαι
639 4247 862 4311 αὐτοὺς
885 4247 1131 4312 νήστεις
1167 4250 1238 4301 οὑ
1282 4249 1453 4301 θέλω.
1485 4249 1600 4301 Ἵνα
1626 4249 1736 4321 γάρ
1765 4251 1838 4320 μὴ
1859 4251 1948 4304 λέ-

277 4352 467 4401 γωσιν,
515 4335 596 4387 ὅτι
636 4335 823 4403 ἐφόδια
858 4333 1074 4403 ἔχοντες
1109 4330 1292 4405 ἦλθον,
1333 4335 1493 4405 φησί·
1537 4335 1694 4403 Τρεῖς
1729 4337 1950 4408 ἡμέρας

278 4421 395 4490 ἤδη
409 4438 510 4490 μοι
531 4420 1002 4490 παραμένουσιν·
1021 4422 1160 4475 ὥστε
1183 4422 1229 4473 εἰ
1261 4422 1354 4474 καὶ
1382 4422 1592 4492 ἔχοντες
1615 4419 1798 4494 ἦλθον,
1820 4426 1951 4480 ἀνά-

278 4509 444 4562 λωται
476 4507 670 4562 ταῦτα.
702 4507 799 4562 Διά
829 4508 938 4579 γὰρ
973 4508 1130 4561 τοῦτο
1153 4509 1247 4560 καὶ
1273 4508 1432 4572 αὐτὸς
1453 4511 1552 4562 οὐκ
1582 4511 1638 4562 ἐν
1665 4513 1730 4580 τῇ
1762 4509 1953 4584 πρώτῃ

279 4596 375 4649 καὶ
399 4592 629 4668 δευτέρα
679 4595 837 4650 τοῦτο
878 4597 1196 4665 πεποίηκεν,
1235 4596 1351 4650 ἀλλ’
1401 4597 1489 4650 ὅτε
1519 4598 1701 4660 αὐτοῖς
1737 4597 1954 4652 ἅπαντα

281 4679 544 4738 ἀνάλωτο,
571 4679 713 4733 ὥστε
758 4681 1023 4752 πρότερον
1051 4681 1249 4743 αὐτοὺς
1279 4683 1336 4734 ἐν
1387 4681 1547 4754 χρείᾳ
1575 4684 1953 4746 καταστάντας

287 4767 423 4840 μετά
454 4767 699 4832 πλείονος
734 4769 829 4839 τῆς
857 4770 1166 4840 προθυμίας
1208 4769 1468 4837 δέξασθαι
1498 4773 1558 4824 τὸ
1586 4772 1949 4843 γινόμενονδι.

282 4849 379 4903 Διά
393 4849 552 4906 τοῦτό
578 4868 763 4921 φησιν,
782 4851 906 4905 Ἵνα
919 4852 1002 4921 μὴ
1030 4852 1369 4908 ἐκλυθῶσιν
1389 4855 1459 4907 ἐν
1479 4853 1553 4922 τῇ
1575 4854 1713 4920 ὀδῷ·
1736 4857 1952 4920 δεικνὺς

279 4938 360 4991 ὅτι
385 4939 479 4991 καὶ
529 4938 810 5011 πόρρωθεν
843 4941 1245 5012 ἀφεστήκεσαν,
1287 4943 1381 4995 καὶ
1414 4942 1567 4996 οὐδὲν
1605 4942 1787 5006 αὐτοῖς
1817 4943 1951 4996 ὑπο-

280 5025 631 5096 λελειμμένον
685 5021 775 5096 ἦν.
817 5027 926 5081 Καὶ
962 5030 1012 5080 εἰ
1068 5029 1141 5098 μή
1201 5027 1375 5093 θέλεις
1403 5029 1670 5084 ἀπολῦσαι
1709 5033 1948 5102 νήστεις,

286 5113 423 5176 τίνος
445 5113 631 5165 ἕνεκεν
661 5114 721 5164 ού
746 5116 918 5176 ποιεῖς
939 5114 981 5145 θ’
1005 5115 1064 5167 τὸ
1088 5119 1340 5186 σημεῖον;
1359 5117 1478 5170 Ἵνα
1509 5119 1566 5171 ἐν
1590 5121 1656 5190 τῇ
1685 5121 1954 5192 ἐρωτήσει

281 5201 452 5273 ταύτῃ
487 5200 580 5254 καὶ
609 5202 674 5271 τῇ
707 5201 996 5269 ἀποκρίσει
1023 5205 1564 5275 προσεκτικωτέρους
1592 5209 1794 5281 ποιήσῃ
1825 5208 1953 5272 τοὺς

288 5288 552 5359 μαθητὰς,
589 5289 682 5343 καὶ
714 5288 814 5360 τὴν
853 5288 1035 5344 πίστιν
1073 5290 1252 5343 αὐτῶν
1283 5292 1678 5356 ἐπιδείξωνται,
1706 5296 1956 5366 προσιόν-

285 5393 374 5440 τες
405 5377 498 5429 καὶ
545 5375 794 5443 λέγοντες
815 5376 891 5408 ⁸³·
934 5378 1165 5449 Ποίησον
1215 5380 1434 5449 ἄρτους.
1482 5381 1620 5436 Ἀλλ’
1655 5384 1776 5437 ούδέ
1811 5382 1956 5436 οὕτω

287 5462 524 5531 συνῆκαν
558 5451 657 5533 τῆς
691 5465 1010 5536 ἐρωτήσεως
1043 5465 1142 5536 τήν
1165 5465 1341 5520 αἰτίαν
1360 5483 1373 5495 ·
1400 5467 1520 5521 ὅθεν
1547 5469 1771 5540 ὕστερον
1805 5471 1952 5538 λέγει

2044 2750 2326 2814 βλέπετε,
2357 2750 2456 2803 καί
2485 2747 2605 2805 ὦτα
2629 2751 2873 2819 ἔχοντες
2903 2755 3012 2806 οὐκ
3047 2755 3327 2815 ἀκούετε;
3377 2757 3530 2808 Ἐπεὶ
3566 2758 3614 2809 εἰ
3647 2758 3725 2829 μὴ

2051 2838 2206 2890 τοῦτο
2228 2833 2316 2908 ἦν,
2353 2839 2495 2901 τίνος
2530 2839 2716 2892 ἕνεκεν
2746 2843 2856 2903 τοῖς
2894 2840 3162 2910 μαθηταῖς
3186 2841 3350 2909 λέγει,
3388 2845 3481 2896 καὶ
3511 2844 3726 2899 δείκνυ-

2052 2942 2136 2978 σιν
2165 2924 2346 2989 ἀξίους
2383 2926 2477 2979 τοῦ
2510 2926 2700 2979 παθεῖν
2749 2923 2806 2980 εὖ
2839 2929 2965 2990 τοὺς
3013 2927 3224 2996 ὄχλους,
3256 2929 3350 2982 καὶ
3393 2932 3724 3002 προστίθησι

2051 3016 2144 3068 καὶ
2181 3015 2271 3068 τὸν
2300 3015 2446 3069 ἔλεον
2483 3016 2573 3068 τὸν
2614 3018 2742 3086 παρ’
2791 3016 2988 3081 αὐτοῦς
3036 3017 3093 3069 Ὀ
3141 3017 3195 3070 δὲ
3225 3018 3502 3083 hia-:02“;
3531 3036 3724 3090 φησιν,

2050 3104 2132 3156 ὅτι
2159 3104 2296 3173 μετά
2334 3104 2505 3157 ταῦτα
2536 3105 2629 3157 καὶ
2659 3106 2992 3174 ἐπετίμησεν
3037 3108 3219 3169 αὐτοῖς
3252 3107 3425 3175 λέγων
3450 3125 3464 3140 ο
3509 3109 3730 3178 Ὀλιγό-

2051 3207 2274 3253 πιστοι,
2295 3192 2458 3244 οὔπω
2500 3192 2710 3254 νοεῖτε,
2743 3192 2884 3246 οὐδὲ
2905 3197 3314 3262 μνημονεύετε
3359 3195 3502 3262 τοὺς
3542 3197 3729 3250 πέντε

2051 3280 2267 3347 ἄρτους
2305 3279 2422 3332 τῶν
2465 3284 2990 3349 πεντακισχιλίων,
3029 3283 3126 3334 καὶ
3160 3285 3396 3348 πόσους
3428 3286 3728 3352 κοφίνους

2049 3368 2324 3431 ἐλάϐετε;
2369 3367 2513 3421 οὐδὲ
2547 3369 2686 3434 τοὺς
2724 3369 2873 3422 ἐπτά
2921 3369 3140 3436 ἄρτους
3183 3369 3302 3423 τῶν
3348 3387 3728 3440 τετρακισχι-

2049 3459 2218 3521 λίων,
2246 3458 2342 3511 καὶ
2367 3459 2563 3523 πόσας
2593 3457 2892 3525 σπυρίδας
2929 3459 3205 3519 ἐλιίϐετε;
3243 3458 3432 3524 Οὕτως
3473 3460 3730 3530 ἀλλήλας

2054 3544 2488 3615 συμφωνοῦσιν⁸⁵
2545 3547 2593 3597 οἰ
2651 3545 3049 3613 εὐαγγελισταί.
3100 3546 3164 3598 Τί
3205 3542 3296 3599 οὖν
3351 3550 3398 3600 οἰ
3445 3547 3726 3616 μαθηταί;

2056 3633 2178 3684 Ἔτι
2225 3632 2400 3701 χαμαί¹
2465 3631 2727 3702 ἓρπουσι·
2783 3633 2957 3686 καίτοι
3023 3633 3190 3705 μυρία
3250 3636 3526 3705 ἐποίησεν,
3582 3634 3730 3690 ὥστε

2057 3718 2495 3790 μνημονευθῆναι
2535 3719 2710 3772 ἐκεῖνο
2761 3720 2820 3773 τὸ
2847 3720 3068 3791 θαῦμα,
3105 3723 3198 3775 καὶ
3235 3723 3324 3776 διὰ
3364 3724 3464 3793 τῆς
3520 3725 3731 3794 ἐρωτή-

2059 3824 2213 3872 σεως,
2249 3808 2341 3860 καί
2370 3806 2459 3860 διὰ
2484 3807 2585 3876 τῆς
2611 3808 2976 3878 ἀποκρίσεως,
3007 3810 3100 3862 καί
3118 3809 3204 3862 διὰ
3232 3811 3327 3863 τοῦ
3360 3813 3583 3880 ποιῆσαι
3609 3810 3731 3863 δια-

2057 3895 2243 3959 κόνους
2277 3896 2493 3958 αὐτοὺς,
2527 3895 2620 3948 καὶ
2645 3895 2734 3949 διὰ
2757 3895 2848 3949 τοῦ
2877 3897 3120 3966 νεῖμαι⁸⁶
3149 3897 3272 3959 τοὺς
3295 3899 3548 3966 κοφίνους
3608 3897 3731 3951 ἀλλ’

2055 3983 2135 4035 ἔτι
2182 3982 2532 4054 ἀτελέστερον
2587 3981 2868 4036 διέκειντο.
2931 3984 3020 4036 Διὸ
3089 3983 3180 4037 καὶ
3231 3983 3480 4051 λέγουσιν
3537 3984 3724 4054 αὐτῷ·

2056 4073 2245 4124 Πόθεν
2271 4071 2417 4139 ἡμῖν
2445 4072 2514 4124 ἐν
2541 4069 2738 4139 ἐρήμῳ
2783 4070 2946 4137 ἄρτοι
2978 4069 3255 4124 τοσοῦτοι
3277 4087 3294 4134 ;
3321 4073 3432 4124 Καὶ
3463 4071 3572 4143 πρὸ
3599 4071 3730 4125 τού-

2055 4174 2148 4210 του
2201 4158 2294 4209 καὶ
2327 4156 2422 4210 νῦν
2447 4157 2546 4226 τῆς
2587 4156 2822 4226 ἐρημίας
2859 4156 3182 4227 μέμνηνται,
3223 4158 3376 4210 αὐτοὶ
3418 4157 3516 4227 μὲν
3569 4157 3732 4210 ἀσθε-

2057 4247 2138 4296 νεῐ
2183 4242 2428 4313 λογισμῷ
2463 4243 2621 4295 τοῦτο
2675 4243 2954 4311 λέγοντες,
3004 4245 3062 4296 τὸ
3095 4243 3151 4296 δέ
3211 4247 3433 4314 σημεῖον
3493 4245 3588 4298 καὶ
3636 4246 3728 4297 ἐνο

2049 4330 2239 4382 τεῦθεν
2285 4328 2590 4383 ἀνύποπτον
2645 4331 2938 4393 ποιοῦντες.
2991 4331 3108 4383 Ἵνα
3157 4332 3264 4401 γὰρ
3313 4333 3385 4401 μή
3431 4349 3514 4395 τις
3571 4333 3729 4404 λέγῃ,

2051 4419 2186 4489 ὅπερ
2243 4419 2337 4470 καὶ
2401 4419 2502 4488 ἤδη
2561 4413 2734 4483 εἷπον,
2797 4419 2876 4471 ὅτι
2936 4417 3042 4470 ἀπὸ
3084 4418 3308 4488 πλησίον
3339 4418 3480 4481 τινὸς
3535 4417 3730 4489 κώμης

2051 4506 2215 4576 οΰσης
2241 4504 2428 4558 ἔλαϐον
2452 4505 2518 4569 ⁸⁷,
2553 4505 2894 4576 ὁμολογεῖται
2940 4507 2968 4557 6
3011 4505 3197 4568 τόπος,
3241 4506 3327 4559 ἵνα
3360 4504 3624 4575 πιστευθῇ
3663 4505 3729 4557 τὸ

2054 4593 2254 4664 θαῦμα.
2302 4592 2401 4646 Διά
2449 4591 2606 4647 τοῦτο
2655 4593 2750 4649 καὶ
2789 4593 2849 4644 τὸ
2892 4593 3155 4663 πρότερον
3183 4595 3406 4664 σημεῖον
3445 4591 3538 4644 καὶ
3570 4591 3732 4644 τοῦτο

2054 4687 2111 4738 ὲν
2143 4684 2348 4755 ἐρημίᾳ
2387 4685 2547 4745 ποιεῖ,
2587 4682 2721 4735 πολὺ
2748 4684 2856 4735 τῶν
2885 4681 3086 4753 κωμῶν
3110 4680 3408 4752 ἀπεχούσῃ.
3437 4676 3540 4734 Ὧν
3574 4679 3731 4732 οὐδὲν

2056 4773 2323 4834 συνιέντες
2351 4771 2395 4803 ⁸⁸
2416 4771 2464 4828 οἱ
2503 4769 2740 4840 μαθηταί
2765 4769 2950 4838 ἔλεγον
2975 4786 2985 4796 ·
3029 4770 3221 4823 Πόθεν
3250 4767 3395 4836 ἡμῖν
3421 4767 3490 4820 ἐν
3516 4766 3731 4836 ἐρημίᾳ

2052 4860 2217 4928 ἄρτοι
2245 4859 2556 4921 τοσοῦτοι;
2589 4859 2696 4910 Καὶ
2718 4859 2825 4930 γὰρ
2863 4857 3108 4928 ἐνόμιζον
3149 4857 3319 4910 ταῦτα
3366 4855 3528 4909 αὑτὸν
3573 4857 3729 4926 εἰρη-

2054 4949 2229 5012 κέναι,
2265 4945 2340 5010 ὡς
2357 4947 2536 5007 αὐτοῖς
2564 4943 2822 5014 μέλλοντα
2845 4945 3150 4998 ἐπιτάττειν
3182 4943 3493 5012 διατρέφειν
3509 4941 3726 5004 αὐτούς·

2054 5034 2258 5103 σφόδρα
2286 5033 2530 5103 ἀνοήτως
2559 5032 2699 5085 ⁸⁹·⁹¹.
2731 5030 2830 5084 Διά
2869 5031 2977 5101 7&9
3008 5029 3166 5084 τοῦτο
3191 5029 3285 5082 καὶ
3317 5027 3508 5099 πρώην
3553 5027 3729 5096 ἔλεγε,

2054 5123 2194 5176 Δότε
2226 5121 2429 5186 αὐτοῖς
2469 5119 2639 5189 ὑμεῖς
2673 5118 2906 5189 φαγεῖν,
2961 5118 3048 5171 ἵνα
3097 5118 3294 5180 αὐτοὺς
3348 5118 3427 5179 εἰς
3474 5115 3731 5186 ἀφορμὴν

2053 5209 2264 5281 ἐμϐάλῃ
2308 5207 2401 5262 τοῦ
2451 5208 2612 5262 αὐτὸν
2661 5206 3058 5278 παρακαλέσαι.
3114 5205 3228 5258 Νῦν
3274 5205 3331 5257 δὲ
3395 5203 3516 5256 οὐδὲ
3573 5201 3731 5256 τοῦτό

2056 5313 2234 5367 φησιν,
2286 5299 2367 5350 ὅτι
2433 5297 2572 5351 Δότε
2599 5295 2803 5360 αὐτοῖς
2848 5294 3081 5364 φαγεῖν,
3105 5293 3241 5347 ἀλλὰ
3268 5292 3353 5357 τίς
3388 5291 3733 5359 Σπλαγχνί-

2056 5385 2235 5451 ζομαι.
2279 5384 2374 5436 καὶ
2405 5383 2710 5438 ἀπολῦσαι
2743 5382 2967 5447 αὐτοὺς
2995 5379 3243 5446 ⁴νήστεις
3277 5382 3349 5434 οὺ
3379 5375 3531 5449 [559]
3555 5375 3726 5430 θέλω·

2057 5472 2348 5542 ἐγγύτερον
2380 5470 2575 5532 αὐτοὺς
2603 5471 2751 5538 ἄγων
2780 5470 2874 5524 καὶ
2900 5466 3158 5540 ἐρεθίζων
3182 5465 3402 5536 μᾶλλον,
3427 5465 3522 5517 καὶ
3555 5462 3732 5526 διδοὺς

359 5573 472 5613 ⁶⁹οτ⁹
504 5571 681 5654 ὄχλον]
717 5573 840 5626 add.
871 5574 1056 5626 τοῦτον
1089 5577 1152 5628 Η.
1189 5577 1220 5628 αἰ
1255 5575 1460 5651 Mosqq.
1532 5579 1577 5610 ⁷⁸
1598 5580 1809 5705 ἓμέρας
1831 5581 1951 5702 τρεῖ

361 5642 484 5694 ίνων
530 5644 690 5694 πάλιν
739 5641 800 5696 ΙΙ.
843 5642 914 5696 Μ.
974 5644 1222 5705 ἐμϐαίνει
1264 5649 1352 5704 καὶ
1393 5649 1554 5701 πάλιν
1649 5690 1661 5702 .
1712 5650 1854 5705 ιμϐα
1881 5668 1952 5702 νω

2060 5577 2477 5703 εσιξιῖξροιξσί
2499 5577 2878 5700 #2250616.-
2946 5577 3270 5705 ἐξςιαξςεξίιῖ·
3292 5573 3446 5698 Ἢ·
3467 5590 3532 5676 ιο
3551 5591 3607 5705 ἓῐ
3629 5577 3732 5698 ξιξ

1649 5669 1783 5720 ,εμ

285 5642 484 5694 ϐαίνων
530 5640 690 5694 πάλιν
739 5641 800 5696 ΙΙ.
843 5642 914 5696 Μ.
974 5644 1222 5712 ἐμϐαίνει
1264 5649 1352 5704 καὶ
1389 5640 1554 5701 πάλιν

289 5713 424 5765 Ειίἀ.
527 5713 572 5742 ⁶⁰
613 5711 1066 5765 σπλαγγνίζοιιαι]
1107 5716 1230 5765 add.
1264 5719 1355 5765 ἐπὶ
1405 5719 1497 5765 τὸν
1537 5719 1554 5765 ι

289 5715 424 5768 ΕιίιΙ.

294 5783 580 5857 μαθητάς.-
604 5782 702 5852 τὴν
726 5782 1024 5857 π.-ὲαυτῶ·ι
1043 5782 1483 5857 ἐπιδεικνύντας,
1519 5782 1841 5857 προσιόντας
1872 5791 1952 5841 κατ

2060 5782 2258 5857 γοντας.
2299 5789 2450 5854 Quod
2484 5789 2628 5852 dedi,
2659 5797 2881 5842 tuemur
2913 5785 2972 5841 L.
3007 5785 3075 5857 Μ.
3112 5785 3207 5857 Ep3

1539 5856 1580 5888 "
1617 5860 1708 5913 Sic
1737 5874 1822 5926 ep.
1849 5859 1952 5910 ἔλα(

2060 5856 2119 5914 G.
2156 5860 2217 5914 Κ.
2293 5859 2338 5890 ⁸⁸
2370 5859 2697 5928 συνορῶντες
2722 5857 2781 5911 L.
2817 5857 2885 5928 Μ.
2960 5856 3075 5889 ⁸³·’ί
3109 5875 3124 5906 ι
3167 5856 3315 5912 Unus
3341 5857 3731 5926 ἁνεπινοήτως,

294 5850 338 5883 ⁸⁵
376 5850 766 5922 συμϐαίνουσιν
794 5851 854 5904 L.
891 5853 961 5905 Μ.
1039 5855 1084 5886 ⁸⁸
1125 5855 1242 5909 Vid.
1281 5850 1461 5911 adnoI;

1786 5650 1986 5702 ϐαίνων
2020 5667 2090 5703 κα

2093 5651 2113 5698 ἱ
2157 5645 2334 5702 πάλιν
2371 5647 2434 5700 K.
2501 5645 2558 5679 ’⁷⁸
2587 5648 2807 5718 ἐκκαλεῖ
2835 5647 2894 5718 L.
2946 5645 3048 5718 εἰς]
3077 5645 3168 5698 ἐπὶ
3200 5645 3291 5718 LL
3322 5645 3404 5718 M._
3461 5645 3605 5718 1’76]
3636 5645 3734 5698 καὶ

527 5713 572 5742 ⁶⁰
613 5711 1073 5793 σιπλαγχςιίζομαι]Δ
1107 5716 1230 5793 ηιίιι.
1264 5719 1355 5793 ἐπὶ
1405 5719 1497 5770 τὸν
1537 5711 1857 5793 ὸχλονᾼΕιΙά.

2060 5719 2412 5793 ,νόμενον-Ο.
2437 5718 2515 5793 _lI._
2685 5718 2728 5747 "'
2771 5715 2929 5793 θέλει-
2962 5711 3054 5793 ετξ
3069 5719 3210 5793 ποιεῖ
3257 5715 3319 5793 (ξτ
3361 5711 3734 5793 _”‘E_deli_:_n;u_r

3283 5785 3325 5816 ⁸⁵
3358 5783 3464 5855 ὅτι]
3484 5785 3562 5838 ἔτι
3593 5786 3731 5840 Edd.

293 5924 429 5979 alius
458 5924 849 5996 ἁπερινοήτως.
873 5941 888 5972 ι
917 5925 1126 5998 Monk/1
1147 5927 1512 5997 ἀπτρινοήτως
1541 5928 1603 5982 Η.
1634 5927 1690 5982 ιλ,
1723 5924 1895 5984 Vérba
1925 5947 1952 5980 τ

2060 5947 2122 6002 pa:
2158 5932 2395 6000 ἀνοήτως
2420 5924 2525 5984 noxi
2558 5936 2835 5983 verterunt
2863 5927 3101 5995 lntcrpp.
