4028 6152
379 277 490 336 535

366 407 613 450 mensura
634 392 832 449 malum
855 409 919 449 ex
945 394 1166 450 avaritia
1185 394 1385 449 illatum
1400 409 1610 454 curare.
1628 395 1758 451 Nam
1776 397 1821 451 si
1838 396 1944 451 obo

366 486 473 539 lum
492 485 865 555 rapueris,uon
879 485 1008 540 satis
1022 496 1102 541 est
1116 486 1330 540 obolum
1342 487 1394 540 in
1407 483 1800 558 eleetnosynam
1818 486 1966 545 dare.

364 590 419 630 ut
437 580 635 645 rapinae
657 577 809 631 ulcus
828 592 1007 640 sanes;
1029 578 1122 633 sed
1146 579 1343 633 talento
1363 594 1498 648 opus
1514 591 1614 633 est.
1637 581 1759 635 Ideo
1777 580 1966 635 turde-

364 667 660 737 prehensus
674 667 1027 737 quadruplum
1051 669 1332 724 restituere
1357 671 1563 740 cogitur
1585 669 1873 741 (Emathii.
1884 672 1906 725 I
1919 672 1958 736 ).

364 759 567 828 Raptor
605 772 783 812 autem
818 770 899 813 est
945 762 1060 815 iure
1106 762 1272 830 pejor.
1301 762 1354 818 Si
1384 778 1518 817 vero
1559 764 1704 817 illum
1734 764 1966 833 quadru-

362 850 507 919 plum
541 849 673 903 dare
702 858 919 917 Oporch
955 848 1065 920 (τι),
1108 862 1374 921 raptorem
1406 854 1688 923 decuplum
1721 864 1773 908 et
1798 856 1964 909 multo

364 944 484 1011 plus
507 944 794 996 restituere
815 957 910 1012 par
927 953 1040 1004 est;
1065 953 1224 1013 atque
1244 947 1581 1029 optabile‘est
1608 946 1687 1000 vel
1710 949 1787 1000 sic
1809 963 1963 1015 posse

370 1035 533 1088 Deum
564 1034 633 1087 ob
662 1032 971 1101 iniustitiam
1002 1035 1211 1103 placare
1243 1053 1256 1088 :
1290 1047 1413 1091 tunc
1437 1039 1580 1091 enim
1605 1054 1708 1091 non
1731 1038 1963 1093 eleemo-

361 1142 510 1196 syme
540 1127 767 1179 fructum
799 1127 1037 1197 recipiet.
1083 1126 1205 1181 Ideo
1231 1128 1517 1184 Zaccfimus
1564 1129 1728 1183 dicit:
1758 1129 1819 1183 Si
1837 1129 1962 1199 quid

361 1218 586 1287 aliquem
621 1218 949 1288 defraudavi,
983 1220 1196 1272 reddam
1222 1222 1598 1290 quadruplum,
1626 1232 1674 1275 ct
1696 1221 1961 1276 dimidium

363 1308 609 1361 bonorum
634 1324 857 1362 meorum
878 1309 1009 1363 dabo
1035 1310 1338 1381 pauperibus
1362 1314 1380 1380 (
1400 1311 1525 1366 Luc.
1571 1312 1656 1367 19.
1685 1311 1719 1367 8
1737 1318 1777 1383 ).
1806 1311 1960 1378 Quod

360 1401 406 1454 si
436 1401 487 1453 in
513 1400 629 1470 l.-ge
647 1400 1002 1471 quadruplum
1034 1402 1260 1457 reddere
1280 1403 1577 1471 oportebat,
1602 1404 1772 1458 multo
1792 1404 1958 1474 magis

365 1491 419 1546 in
447 1492 645 1561 gratia.
674 1491 728 1547 Si
761 1493 929 1546 larem
962 1502 1164 1547 tantum
1201 1494 1482 1549 restituere
1518 1505 1761 1564 Oportet,
1792 1495 1959 1549 multo

358 1587 526 1654 magis
554 1596 843 1654 raptorem.
873 1584 1003 1638 Nam
1041 1595 1233 1655 printer
1256 1585 1508 1641 damnum
1527 1625 1543 1652 ,
1574 1588 1956 1641 contumeliosa

357 1684 504 1729 certe
520 1690 605 1729 res
620 1683 721 1732 est.
744 1676 921 1745 Itaque
937 1676 1141 1730 etiamsi
1162 1676 1467 1745 centuplum
1488 1676 1799 1740 reddideris,
1823 1692 1958 1731 non-

357 1765 483 1819 dum
511 1774 680 1818 totum
703 1765 916 1821 dedisti.
944 1766 1129 1821 Yiden’
1158 1782 1244 1823 me
1286 1782 1390 1826 non
1415 1768 1604 1822 frustra
1634 1768 1832 1823 dixisse
1853 1812 1868 1835 ,
1898 1770 1956 1824 Si

357 1857 574 1912 obuium
596 1859 837 1926 rapuisti,
869 1857 1032 1913 redde
1054 1860 1311 1914 talentum
1329 1860 1353 1913 ἲ
1372 1861 1449 1914 sic
1468 1860 1627 1914 etiam
1652 1861 1740 1914 vix
1761 1860 1954 1917 vulnus

365 1956 514 2000 tuam
541 1947 777 2004 curabis.
808 1947 959 2014 Quod
985 1949 1029 2002 si
1055 1948 1141 2002 vcl
1171 1949 1271 2004 hoc
1301 1948 1523 2010 faciens,
1551 1951 1642 2003 vix
1668 1965 1825 2004 cures
1856 1968 1869 2001 :
1903 1951 1950 2005 si

363 2037 610 2091 ordinem
643 2038 899 2105 invertas,
933 2040 1270 2110 integrosque
1301 2041 1667 2109 possessiones
1688 2043 1950 2110 rapueris,

421 2171 502 2236 (α)
534 2178 624 2223 Fur
647 2172 995 2236 deprehensus
1017 2173 1338 2238 quadruplum
1375 2176 1641 2225 restituere
1663 2177 1950 2239 cogebatur.

1404 280 1469 339 IN
1505 282 1908 342 liATTlleUM
1948 283 2177 342 IIOMIL.
2217 286 2349 345 LIII.
2390 290 2463 348 al.
2507 288 2636 347 LIV.

3562 314 3669 371 526

2083 414 2246 467 pauca
2277 417 2403 457 vero
2432 407 2736 476 crogaveris
2755 450 2770 475 ,
2808 424 2982 482 neque
3016 413 3120 470 illis
3148 432 3284 487 quos
3325 418 3507 478 laesisti
3527 464 3544 490 ,
3571 427 3664 482 sed

2073 491 2229 555 aliis,
2271 509 2433 564 quam
2483 497 2850 557 defensionem
2899 504 3173 563 habebis?
3211 527 3371 581 quam
3420 516 3667 574 veniam?

2073 597 2234 678 quam
2254 600 2403 655 spem
2434 588 2662 644 salutis?
2691 591 2782 648 Vis
2813 595 2952 652 scire
2976 611 3232 666 quantum
3256 604 3451 659 malum
3477 606 3662 678 facias,

2071 674 2197 730 dum
2220 678 2297 733 sic
2314 679 2408 733 das
2429 681 2856 755 eleemosynam?
2873 688 3009 743 Audi
3028 690 3355 762 Scriptorum
3372 674 3661 757 dicentem}

2073 767 2216 822 Sicut
2244 773 2330 840 qui
2354 772 2517 840 ﬁlium
2546 791 2714 829 coram
2741 788 2884 847 patre
2910 799 3007 835 suo
3030 784 3287 850 inter/icit,
3309 790 3380 841 sic
3405 792 3490 855 qui
3513 792 3657 859 o/fcrt

2068 861 2373 930 sacriﬁcium
2398 881 2462 918 ea:
2482 867 2705 930 pecuniis
2725 885 3000 939 pauperum
3018 873 3038 944 (
3054 873 3221 930 Eccli.
3245 878 3333 935 54.
3356 880 3426 933 21
3449 882 3491 950 ).
3515 882 3660 937 lianc

2076 951 2252 1021 itaque
2282 957 2750 1013 comminationem
2782 960 2832 1013 in
2867 977 3043 1017 mente
3072 967 3447 1035 inscribentes,
3481 974 3656 1030 disce-

2066 1042 2252 1098 damus
2282 1063 2294 1098 :
2324 1045 2460 1100 hanc
2490 1049 2541 1100 in
2573 1050 2737 1104 inuris
2763 1092 2776 1112 ,
2826 1054 2875 1105 in
2904 1057 3148 1112 manilms
3169 1102 3181 1119 .
3213 1060 3264 1114 in
3291 1063 3614 1118 conscientia
3640 1107 3655 1131 ,

2064 1144 2116 1188 et
2146 1136 2338 1206 ubique
2379 1138 2674 1197 scribamus
2703 1158 2719 1196 :
2751 1152 2805 1197 ut
2855 1145 2938 1199 hic
2981 1147 3170 1202 saltem
3202 1162 3374 1206 metus
3399 1155 3451 1207 in
3480 1164 3658 1209 mente

2066 1236 2245 1279 nostra
2300 1229 2489 1295 vigens
2531 1246 2720 1287 manus
2760 1245 2970 1291 nostras
3009 1254 3037 1292 a
3064 1243 3384 1309 quotidianis
3421 1247 3658 1302 caedibus

2070 1315 2341 1370 cohibeat.
2371 1318 2525 1372 Caede
2551 1320 2755 1390 quippe
2776 1321 3013 1376 deterior
3034 1335 3115 1378 est
3146 1327 3337 1393 rapina
3359 1345 3480 1397 qua:
3508 1346 3641 1397 pau-

2073 1405 2222 1459 latim
2261 1421 2549 1476 pauperem
2580 1412 2873 1467 consumit.
2924 1414 2993 1468 Ut
3037 1415 3199 1485 igitur
3222 1417 3291 1470 ab
3319 1418 3425 1472 hoc
3458 1418 3640 1487 inqui-

2068 1508 2324 1551 namento
2350 1500 2364 1529 ‘
2394 1501 2510 1566 puri
2546 1501 2737 1565 simus,
2776 1504 2889 1557 hanc
2916 1507 3235 1560 meditemur
3270 1518 3321 1562 ct
3360 1524 3482 1563 cum
3517 1511 3639 1566 aliis

2066 1588 2470 1658 colloquantur.
2508 1591 2582 1645 Ita
2617 1593 2763 1646 enim
2789 1595 2857 1649 ad
2888 1596 3320 1654 misericordiam
3352 1601 3637 1671 proniores

2064 1677 2292 1742 erimus,
2322 1695 2630 1750 puramque
2651 1683 3023 1753 adipiscemur
3052 1689 3380 1756 mercedem,
3404 1700 3638 1749 aeterna-

2062 1783 2171 1838 que
2198 1769 2341 1825 bona
2367 1787 2788 1843 consequemur,
2823 1778 2998 1848 gratia
3042 1788 3099 1834 et
3123 1781 3504 1840 misericordia
3530 1786 3637 1841 Do-

2060 1860 2195 1914 mini
2237 1863 2413 1916 nostri
2448 1862 2578 1917 .lesu
2632 1864 2859 1932 Christi,
2902 1870 2990 1922 cui
3032 1870 3202 1941 gloria
3241 1883 3298 1929 et
3338 1875 3630 1945 imperium

2059 1965 2185 2006 cum
2223 1953 2381 2008 Patre
2409 1965 2466 2010 et
2498 1955 2703 2025 Spiritu
2731 1970 2943 2027 sancto,
2973 1978 3121 2019 nunc
3146 1973 3203 2022 et
3229 1980 3467 2037 semper,
3489 1976 3546 2024 et
3573 1969 3629 2024 in

2058 2041 2254 2094 saecula
2284 2041 2626 2099 saeculorum.
2660 2045 2855 2102 Amen.

2118 2198 2139 2233 ⁸
2162 2198 2277 2261 Alli,
2300 2199 2361 2251 ab
2380 2199 2471 2252 hoc
2493 2203 2677 2255 morbo.

1559 2450 1903 2514 HOMILIA
1946 2453 2112 2514 LIII.
2157 2452 2241 2514 al.
2290 2453 2448 2513 LIV.

356 2597 482 2652 Cn.
513 2599 598 2654 15.
628 2614 679 2651 v.
708 2599 798 2655 32.
824 2599 975 2653 Iesus
997 2608 1162 2653 autem
1185 2640 1199 2664 ,
1223 2600 1504 2654 convocatis
1535 2601 1796 2670 discipulis
1820 2601 1947 2665 suis,

428 2689 555 2743 dixit
578 2708 603 2743 ,ο
629 2689 874 2745 Misereor
910 2707 1061 2759 super
1085 2690 1281 2743 turbam
1300 2733 1316 2757 ,
1358 2692 1476 2761 quia
1500 2708 1611 2746 erce
1648 2692 1752 2757 iam
1783 2690 1950 2744 triduo

425 2783 671 2835 sustinent
716 2798 819 2846 me,
866 2798 955 2835 nec
994 2780 1174 2835 habent
1219 2782 1354 2850 quod
1400 2783 1702 2837 numduccut
1732 2798 1751 2835 :
1776 2791 1823 2835 ct
1870 2782 1947 2835 di-

426 2874 625 2928 mittere
649 2891 733 2928 eos
751 2875 958 2944 jejunos
986 2875 1125 2939 uolo,
1159 2891 1220 2927 nc
1241 2875 1477 2942 deﬁciant
1500 2877 1552 2929 in
1578 2876 1676 2929 via.

429 2966 480 3019 1.
507 2964 766 3033 Superius
793 2981 913 3022 cum
959 2965 1259 3033 huiusmodi
1291 2968 1498 3036 signum
1528 2967 1760 3022 facturus
1785 2977 1944 3028 esset,

355 3059 527 3128 primo
547 3058 755 3112 curavit
779 3074 872 3113 eos
896 3060 984 3129 qui
1006 3060 1248 3128 corporis
1273 3061 1584 3129 aegritudine
1605 3062 1800 3116 laborat
1816 3072 1906 3115 ent
1928 3080 1942 3116 :

353 3148 581 3218 idipsuin
626 3148 714 3203 liie
763 3148 928 3204 facit:
970 3159 1090 3219 post
1128 3166 1389 3205 ca'corum
1439 3162 1597 3222 atque
1636 3152 1943 3207 claudorum

350 3242 682 3295 ettrationetn
718 3241 766 3294 in
797 3241 1022 3311 idipsum
1055 3258 1236 3297 rursus
1268 3244 1468 3298 incidit.
1496 3244 1602 3299 Cur
1622 3256 1797 3299 autem
1822 3254 1947 3301 tunc

351 3331 604 3387 dixerunt
630 3331 914 3401 discipuli,
944 3332 1155 3388 Dimitte
1183 3337 1355 3388 turbas
1391 3335 1409 3397 (
1443 3335 1627 3390 Matth.
1663 3338 1748 3392 H.
1784 3338 1851 3392 15
1878 3337 1898 3409 )
1926 3356 1940 3392 :

350 3435 490 3475 nunc
519 3437 647 3475 vero
675 3437 779 3475 non
806 3421 1071 3489 dixerunt,
1103 3423 1270 3477 trilms
1298 3435 1470 3479 tamen
1500 3425 1686 3481 diebus
1704 3429 1943 3483 exactis?

349 3510 477 3566 Sive
502 3513 630 3579 quia
655 3513 767 3579 jam
814 3511 887 3565 illi
921 3513 1262 3580 pet-tectiores
1289 3525 1435 3567 erant
1460 3557 1474 3579 ,
1501 3517 1614 3569 sive
1639 3515 1779 3585 quod
1824 3517 1943 3573 illos

348 3602 591 3657 viderent
622 3617 727 3656 non
750 3611 897 3656 tanto
925 3601 1080 3657 famis
1106 3619 1266 3659 sensu
1295 3604 1433 3659 allici
1460 3623 1472 3657 :
1499 3621 1617 3660 nam
1641 3606 1693 3660 in
1717 3608 1801 3671 iis,
1824 3622 1942 3677 quae

347 3690 484 3747 facta
505 3703 680 3757 enim,
703 3694 810 3747 Deo
835 3694 1056 3762 gloriam
1080 3711 1119 3748 τι
1139 3693 1397 3750 ferebant.
1418 3696 1520 3750 Sed
1545 3698 1662 3752 vide
1677 3698 1941 3767 quomodo

345 3784 508 3838 etiam
535 3799 676 3838 nunc
698 3800 803 3838 non
840 3785 1154 3853 simpliciter
1178 3784 1244 3840 ad
1287 3789 1600 3842 miraculum
1622 3789 1939 3857 patrandum

347 3878 509 3943 venit,
544 3877 639 3932 si-d
670 3878 788 3932 illos
811 3878 876 3931 ad
906 3878 955 3932 id
988 3889 1193 3934 evocat.
1215 3878 1345 3934 Nam
1370 3880 1536 3934 turba.-
1561 3881 1795 3950 quidem,
1821 3898 1940 3951 quae

347 3967 411 4022 ad
444 3968 754 4021 morborum
782 3984 963 4022 curant
992 3979 1281 4035 venerant,
1314 3986 1477 4039 panes
1504 3980 1682 4040 petere
1713 3988 1815 4026 non
1846 3988 1938 4027 au-

346 4061 547 4114 debant
580 4078 593 4113 :
628 4059 745 4128 ipse
789 4075 918 4114 vero
941 4100 958 4127 ,
1001 4075 1120 4114 cum
1151 4061 1410 4130 benignus
1438 4063 1507 4114 sit
1545 4070 1596 4114 et
1642 4062 1895 4130 providus
1919 4104 1934 4129 ,

348 4166 453 4204 non
477 4151 783 4219 petentibus
799 4150 964 4215 dedit,
989 4152 1165 4220 aitque
1185 4151 1456 4222 discipulis
1488 4170 1500 4204 :
1527 4151 1771 4206 Misereor
1785 4169 1938 4221 super

346 4243 565 4307 turbam,
586 4245 849 4312 etjejunos
868 4244 1116 4298 dimittere
1129 4244 1244 4298 illos
1263 4243 1400 4297 nolo.
1425 4243 1499 4298 Ne
1514 4245 1750 4299 dicerent
1768 4246 1934 4310 enim,

347 4334 492 4403 ipsos
537 4350 661 4389 cum
706 4336 901 4389 viatico
929 4335 1178 4397 venisse,
1226 4336 1342 4388 ait:
1369 4335 1489 4387 .lam
1540 4336 1705 4389 triduo
1743 4352 1936 4390 mecum

346 4436 494 4491 sunt;
522 4428 593 4480 ita
635 4428 842 4481 etiamsi
871 4428 1060 4481 viatica
1096 4426 1407 4481 habuissent
1433 4468 1446 4490 ,
1471 4426 1580 4495 jam
1623 4437 1934 4495 consumpta

345 4525 547 4570 essent.
578 4516 783 4571 Idcirco
805 4519 948 4571 enim
987 4516 1076 4570 ille
1120 4532 1223 4570 non
1256 4517 1429 4585 primo
1453 4517 1533 4570 vel
1575 4515 1811 4571 secundo
1848 4518 1934 4573 die

347 4608 447 4662 hoc
474 4606 619 4671 fecit,
649 4609 743 4664 sed
772 4623 892 4662 cum
916 4608 1024 4677 jam
1053 4607 1228 4661 onmia
1251 4606 1556 4674 deﬁcerent,
1586 4618 1643 4661 ttt
1672 4610 1722 4661 in
1748 4623 1933 4663 neces-

345 4698 498 4752 sitate
520 4698 677 4766 positi
705 4713 826 4752 cum
851 4698 1035 4768 majori
1058 4698 1233 4752 studio
1254 4698 1447 4752 factum
1469 4700 1792 4768 exciperent.
1811 4698 1934 4754 Ideo

345 4789 438 4848 ait,
474 4787 556 4841 Ne
586 4788 825 4857 deﬁciant
868 4788 920 4841 in
966 4788 1081 4851 via;
1126 4788 1415 4842 OSlCIIdL'llS
1463 4788 1606 4856 ipsos
1653 4798 1705 4842 ct
1751 4790 1930 4858 procul

345 4883 545 4949 positos
574 4894 734 4944 esse,
784 4891 834 4934 et
878 4880 1054 4934 omnia
1104 4880 1522 4948 consumpsisse.
1573 4881 1676 4934 Sed
1726 4881 1769 4935 si
1821 4897 1926 4934 non

347 4974 423 5026 vis
446 4972 661 5042 jcjnuos
682 4973 954 5026 dimittere
973 5013 989 5038 ,
1018 4988 1115 5026 cur
1142 4973 1350 5041 signum
1384 4989 1486 5025 non
1533 4972 1699 5026 facis?
1732 4972 1800 5028 Ut
1829 4973 1929 5027 bac

343 5065 764 5134 interrogatione
809 5072 863 5118 et
909 5065 1258 5134 respon~ioue
1303 5075 1558 5134 sequente
1616 5066 1930 5121 attentiores

340 5158 591 5213 redderet
631 5156 927 5225 discipulos
950 5198 964 5221 ,
996 5166 1051 5211 et
1079 5156 1154 5210 illi
1182 5156 1337 5210 Iidem
1379 5173 1530 5211 suam
1560 5156 1927 5224 ostenderent,

339 5247 722 5318 d.ccretthui:,
749 5248 920 5302 Panes
947 5246 1124 5301 facito.
1150 5248 1251 5301 Sed
1286 5248 1354 5301 illi
1392 5264 1455 5301 ne
1484 5248 1558 5301 sic
1599 5248 1808 5315 quidem
1851 5250 1932 5303 iu-

341 5342 714 5411 terrogationis
742 5356 956 5395 causam
988 5342 1362 5397 intellexerunt
1389 5360 1401 5395 :
1428 5344 1564 5396 unde
1593 5352 1770 5411 postea
1793 5343 1931 5398 dixit

340 5434 478 5499 illis,
527 5443 584 5487 ut
625 5433 840 5488 Marcus
861 5434 937 5487 ait
966 5452 980 5488 :
1013 5434 1193 5487 Adhuc
1230 5435 1301 5486 ita
1333 5443 1449 5487 sunt
1491 5445 1734 5487 occa-cata
1775 5437 1929 5490 cora'a

339 5536 499 5578 testia
522 5541 541 5578 :
571 5526 750 5578 oculos
789 5524 1021 5578 habentes
1051 5542 1154 5579 non
1194 5526 1392 5587 videtis,
1432 5536 1474 5579 et
1500 5543 1646 5579 aures
1694 5527 1928 5583 habentes

338 5633 435 5670 non
472 5617 666 5669 auditis
696 5615 715 5686 (
747 5602 912 5668 Marc.
944 5614 1000 5670 8.
1031 5616 1119 5670 17.
1154 5615 1283 5686 l8).
1328 5615 1458 5669 Nam
1491 5617 1588 5670 nisi
1619 5617 1718 5670 hoc
1746 5628 1923 5684 esset,

335 5721 435 5776 qua
476 5706 546 5760 de
574 5719 739 5760 causa
790 5703 906 5761 hate
942 5704 1214 5777 discipulis
1239 5706 1476 5772 diceret,
1518 5708 1924 5777 ostenderetque

2055 2596 2238 2666 dignas
2269 2612 2389 2652 esse
2419 2597 2599 2652 turbas
2625 2598 2905 2668 beneﬁcio,
2932 2602 3255 2676 adderetque
3276 2608 3453 2673 ipsum
3476 2609 3639 2664 mise-

2058 2686 2284 2741 ricordia
2340 2698 2540 2744 motum
2567 2689 2774 2747 fuisse?
2803 2694 3082 2750 Mattlueus
3130 2715 3256 2753 vero
3298 2701 3428 2755 dicit
3468 2703 3638 2772 ipsum

2056 2788 2235 2845 postea
2266 2779 2569 2848 increpasse
2594 2797 2689 2837 eos
2723 2783 2804 2838 his
2837 2787 3011 2841 verbis
3045 2806 3057 2841 :
3095 2788 3313 2845 Medicae
3333 2792 3476 2860 ﬁdei,
3507 2811 3639 2849 non-

2053 2868 2172 2921 dum
2193 2868 2490 2939 intelligitis,
2522 2888 2614 2926 nec
2643 2875 2937 2928 meministis
2959 2878 3178 2948 quinque
3203 2898 3391 2949 panum
3411 2894 3456 2936 et
3482 2885 3635 2954 quiu-

2049 2976 2145 3030 qtte
2171 2961 2404 3025 millium,
2425 2974 2470 3016 et
2490 2974 2607 3032 quot
2645 2967 2888 3033 cophinos
2903 2972 3215 3038 sumpseritis
3229 2972 3255 3024 .9
3269 2990 3426 3044 neque
3445 2984 3634 3045 septem

2051 3068 2240 3120 panum
2282 3062 2327 3107 et
2354 3065 2569 3123 quatuor
2606 3059 2821 3111 millium
2844 3101 2857 3122 ,
2883 3071 2929 3113 et
2955 3072 3072 3130 quot
3102 3075 3299 3132 sportas
3324 3067 3636 3136 sumpseritis

2051 3140 2069 3211 (
2095 3140 2283 3199 Matth.
2317 3144 2404 3199 16.
2434 3145 2488 3199 8.
2522 3146 2555 3201 9
2579 3147 2597 3216 )
2624 3147 2647 3198 ἲ
2688 3148 2758 3201 Ita
2790 3151 3132 3220 evangelista:
3162 3155 3457 3211 concordes
3499 3157 3637 3212 inter

2049 3247 2108 3288 se
2137 3246 2282 3288 sunt.
2316 3236 2450 3302 Quid
2475 3254 2601 3307 ergo
2647 3240 2935 3310 discipuli?
2965 3243 3147 3298 Adhuc
3180 3245 3324 3301 lmmi
3371 3260 3633 3318 serpunt:

2045 3332 2102 3377 et
2130 3326 2370 3393 quamvis
2410 3326 2569 3381 millia
2612 3329 2793 3384 fecerit
2818 3372 2832 3397 ,
2865 3339 2920 3386 ut
2947 3334 3136 3402 prioris
3172 3337 3406 3394 miraculi
3436 3357 3635 3394 inemo-

2048 3414 2178 3468 riam
2205 3426 2479 3471 servarent
2501 3459 2516 3484 ,
2544 3428 2598 3473 et
2626 3435 2722 3489 per
2748 3420 3216 3493 interregationcm
3245 3444 3307 3483 ac
3333 3433 3636 3499 responsio-

2063 3524 2211 3572 nem,
2233 3523 2286 3564 et
2305 3511 2450 3581 quod
2468 3513 2589 3569 illos
2609 3513 2893 3569 ministros
2915 3514 3128 3578 fecerit,
3144 3519 3351 3587 etquod
3365 3517 3629 3586 cophinos

2058 3602 2138 3654 eis
2151 3602 2549 3672 distribuerit‘;
2571 3605 2663 3660 sed
2685 3607 2864 3662 adhuc
2879 3606 3305 3677 imperfectiores
3316 3616 3490 3663 erant.
3506 3607 3628 3662 Ideo

2046 3686 2227 3741 dicunt
2254 3688 2300 3740 ei
2332 3705 2345 3741 :
2375 3690 2463 3745 55.
2498 3688 2646 3743 Unde
2674 3691 2814 3745 nobis
2840 3693 2892 3746 in
2919 3695 3190 3750 solitudine
3228 3707 3300 3752 tot
3329 3700 3534 3767 partes?
3565 3701 3632 3755 Et

2044 3789 2195 3833 antea
2223 3788 2276 3832 et
2300 3796 2440 3835 nunc
2470 3782 2808 3838 solitudinem
2840 3799 3156 3852 memorant,
3181 3797 3232 3843 el
3258 3792 3501 3845 exanimi
3527 3793 3630 3848 itit-

2044 3869 2333 3923 becilfitatc
2365 3871 2431 3924 ita
2461 3871 2758 3941 loquentes,
2786 3875 2993 3943 signum
3024 3878 3091 3931 ab
3135 3881 3279 3933 omni
3331 3884 3631 3950 susiiicione

2043 3959 2355 4013 liberabant.
2391 3960 2466 4015 Ne
2494 3962 2613 4031 quis
2640 3963 2782 4018 enim
2810 3965 3006 4021 dicere!
3029 4009 3046 4034 ,
3081 3979 3138 4022 nt
3157 3969 3266 4038 jam
3297 3982 3451 4027 antea
3482 3973 3590 4029 dixi
3614 4017 3629 4039 ,

2044 4050 2213 4118 ipsum
2239 4066 2302 4106 ex
2332 4052 2505 4106 vicino
2539 4054 2766 4122 quodam
2804 4056 2920 4111 vico
2946 4073 3108 4128 panes
3135 4071 3430 4117 mutuatum
3473 4082 3591 4121 esse
3612 4109 3629 4134 ,

2041 4141 2187 4195 locus
2217 4141 2335 4211 quis
2361 4142 2431 4197 sit
2469 4141 2807 4214 declaratur,
2856 4157 2913 4203 ut
2954 4150 3262 4207 miraculum
3298 4154 3628 4211 crederetur.

2043 4230 2243 4286 Idcirco
2269 4241 2319 4287 et
2344 4234 2572 4303 primum
2599 4237 2776 4293 ethoc
2802 4255 3013 4310 quoque
3038 4243 3244 4313 signum
3274 4245 3326 4299 in
3348 4247 3631 4305 solitudine

2039 4321 2161 4376 facit
2186 4364 2199 4381 .
2254 4338 2284 4378 a
2315 4324 2502 4379 viculis
2547 4327 2704 4397 longe
2738 4329 2986 4385 distante.
3024 4332 3128 4387 Sed
3174 4333 3361 4390 horum
3392 4338 3523 4392 nihil
3553 4339 3631 4393 iu-

2041 4415 2339 4485 telligeutes
2364 4417 2609 4488 discipuli
2633 4420 2883 4476 dicebant
2906 4441 2918 4475 :
2947 4422 3094 4479 Unde
3116 4427 3256 4481 nobis
3286 4430 3337 4483 in
3361 4432 3631 4489 solitudine

2038 4513 2108 4558 tot
2137 4507 2331 4575 panes?
2356 4508 2486 4562 Nam
2508 4511 2757 4580 putabant
2786 4513 2930 4567 illum
2955 4514 3076 4570 ideo
3103 4516 3215 4571 huic
3236 4519 3452 4587 dixisse,
3478 4524 3627 4591 quasi

2040 4607 2403 4664 praecepturus
2428 4609 2572 4653 esset
2593 4608 2648 4653 ut
2679 4600 2797 4654 illos
2818 4602 3087 4666 cibareut;
3112 4606 3205 4660 sed
3237 4608 3523 4664 admodum
3558 4611 3628 4667 in-

2037 4688 2312 4758 sipienter.
2364 4690 2593 4760 Ideoque
2643 4692 2745 4747 illis
2787 4709 2958 4763 nuper
2986 4696 3232 4764 dixerat,
3272 4698 3404 4755 Date
3430 4717 3518 4757 vos
3557 4706 3630 4759 eis

2038 4779 2384 4851 manducare(
2416 4780 2603 4839 Matth.
2631 4783 2718 4838 14.
2746 4783 2811 4837 16
2832 4784 2851 4855 )
2871 4825 2886 4849 ,
2914 4796 2970 4838 ut
3002 4786 3103 4840 illis
3124 4789 3459 4845 occasionem
3476 4793 3626 4849 daret

2035 4887 2095 4928 se
2123 4873 2221 4929 liae
2254 4874 2320 4928 de
2345 4889 2507 4929 causa
2538 4876 2807 4944 precandi.
2838 4877 2989 4932 Nunc
3015 4895 3142 4933 vero
3171 4896 3276 4936 non
3306 4882 3467 4950 dicit,
3495 4884 3631 4939 Date

2034 4962 2138 5016 illis
2163 4964 2469 5018 manducare
2490 5006 2506 5031 ,
2539 4965 2631 5019 sed
2674 4966 2798 5035 quid
2822 4967 2844 5019 ?
2871 4967 3115 5023 Misereor
3139 4988 3290 5042 super
3316 4977 3511 5031 turbam
3533 5020 3548 5045 ,
3575 4985 3629 5033 et

2035 5054 2284 5109 dimittere
2303 5071 2385 5108 eos
2395 5056 2604 5125 jejunos
2626 5058 2740 5112 nolo
2760 5074 2779 5112 :
2809 5060 3025 5130 propius
3048 5074 3268 5120 movens
3295 5067 3623 5139 incitatisque

2035 5145 2175 5206 illos.
2209 5155 2263 5199 ut
2292 5147 2502 5201 videant
2528 5148 2655 5202 illud
2682 5151 2749 5204 ab
2775 5166 2832 5205 se
2861 5153 3146 5220 petendum
3174 5171 3313 5212 esse.
3343 5158 3474 5214 Nam
3511 5162 3622 5232 ipsa

2035 5239 2191 5293 verba
2221 5240 2581 5302 declarabant,
2615 5257 2771 5310 posse
2803 5245 2974 5313 ipsum
3000 5262 3103 5300 non
3131 5248 3401 5305 dimittere
3428 5266 3522 5306 eos
3542 5254 3625 5320 je-

2031 5332 2217 5401 junos.
2259 5340 2315 5386 et
2347 5335 2636 5403 potentiam
2683 5335 2849 5404 ipsius
2878 5339 3250 5393 ostendebant.
3293 5341 3421 5395 Illud
3449 5345 3620 5412 enim,

2036 5422 2212 5489 Nolo,
2263 5424 2315 5478 id
2360 5425 2641 5494 signiﬁcat.
2696 5427 2828 5494 Quia
2857 5444 2987 5483 vero
3032 5443 3087 5484 et
3133 5431 3521 5490 multitudinem
3570 5448 3620 5494 et

2033 5516 2206 5571 locum
2250 5526 2304 5571 et
2345 5517 2682 5572 solitudinem
2733 5532 3132 5588 tncmorarunt,
3185 5525 3349 5594 (nam
3397 5528 3620 5595 dicunt,

2037 5607 2184 5663 Unde
2228 5609 2368 5662 nobis
2410 5610 2458 5662 in
2487 5609 2756 5665 solitudine
2796 5622 2867 5665 tot
2906 5630 3061 5682 panes
3085 5657 3097 5676 ,
3141 5626 3193 5669 ut
3234 5619 3441 5674 satietur
3470 5627 3618 5672 tanta

2113 5725 2125 5753 ι
2150 5721 2244 5770 Cir.
2273 5721 2446 5772 .tdttot.
2479 5724 2636 5773 l~'icld.
2667 5724 2724 5772 ad
2751 5738 2861 5786 pag.
2886 5726 2993 5775 558.
