4028 6152
464 295 564 354 5‘37

467 409 608 462 turba
628 408 654 462 .’
676 409 695 477 )
723 421 894 477 neque
916 415 1091 461 tamen
1113 405 1310 460 Christi
1326 403 1484 459 verba
1510 403 1906 462 intellexerunt,
1926 409 2050 454 tunc

464 517 620 554 suum
648 500 764 570 ipse
802 514 935 569 opus
968 499 1202 567 peragit,
1241 505 1297 552 et
1336 496 1410 549 ait
1437 495 1538 548 illis
1565 513 1576 546 :
1611 495 1696 548 54.
1734 493 1866 560 Quot
1895 508 2050 563 panes

465 594 699 649 habetis?
728 593 752 646 Ι
763 593 820 646 lli
846 609 958 647 vero
982 591 1176 655 dicunt,
1203 589 1427 658 Septem,
1459 597 1504 641 et
1534 587 1801 658 pisciculos
1837 601 2046 655 paucos.

462 687 571 742 Nec
596 687 705 754 jam
736 684 938 746 dicunt,
969 683 1072 737 Sed
1097 683 1202 734 lucc
1230 680 1351 752 quid
1374 689 1490 733 sunt
1521 681 1649 731 inter
1674 687 1838 730 tantos
1866 676 2040 749 (Joan.

463 781 516 833 6.
552 776 664 851 9)?
715 791 770 830 ttt
815 787 969 829 antea
1012 773 1278 828 dicebant.
1325 772 1412 826 Sic
1465 770 1667 824 etiamsi
1719 784 1822 822 non
1881 777 2045 821 totum

461 870 1018 941 comprehenderent,
1047 868 1385 922 sublimiores
1414 875 1588 918 tamen
1629 861 1876 931 paulatim
1919 877 2046 915 eva-

463 966 677 1019 debant.
716 963 847 1018 Nam
891 972 946 1017 et
993 963 1106 1030 ipse
1139 958 1218 1012 his
1265 957 1475 1010 illorum
1514 963 1746 1010 mentem
1787 953 1999 1023 erigens
2029 994 2043 1018 ,

463 1056 652 1111 eodem
681 1070 787 1125 quo
816 1055 960 1123 prius
987 1051 1144 1106 modo
1174 1048 1566 1118 interrogabat,
1601 1055 1658 1100 ut
1689 1046 1766 1100 vel
1794 1062 1857 1100 ex
1887 1044 2045 1098 modo

466 1147 824 1218 interrogandi
853 1147 962 1216 jam
1007 1153 1151 1214 gesta
1181 1143 1230 1194 in
1267 1140 1576 1196 memoriam
1618 1145 1914 1192 revocaret.
1961 1135 2039 1189 Tu

460 1257 589 1296 vero
635 1251 692 1296 ut
735 1239 824 1294 hic
852 1237 1024 1292 vidisti
1055 1237 1262 1289 illorum
1295 1229 1768 1301 imperfectionetn,
1797 1228 1874 1282 sic
1898 1227 2044 1281 disce

461 1339 671 1392 illorum
692 1330 1109 1404 philosophicatn
1128 1336 1382 1393 mentem,
1402 1336 1454 1381 et
1470 1323 1806 1379 veracitatem
1826 1321 2040 1384 mirare,

460 1425 728 1498 quomodo
753 1438 944 1493 nempe
965 1421 1258 1476 scribentes
1283 1458 1298 1484 ,
1329 1415 1690 1486 stupitlitatem
1730 1428 1902 1476 suam,
1944 1411 2041 1465 etsi

460 1532 726 1588 magnam,
759 1531 861 1570 non
892 1512 1180 1568 occultent.
1210 1510 1391 1579 Neque
1418 1507 1558 1562 enim
1585 1503 1867 1560 mediocris
1888 1501 2040 1571 culpa

459 1619 595 1672 erat,
629 1623 797 1678 nuper
825 1606 947 1661 facti
975 1602 1211 1658 miraculi
1238 1610 1345 1654 tam
1371 1598 1475 1662 cito
1506 1594 1783 1661 oblivisci;
1816 1593 2042 1663 ideoque

460 1702 822 1770 increpantur.

527 1790 582 1845 2.
624 1790 704 1844 Ad
763 1791 876 1842 hac
921 1787 1079 1840 aliam
1123 1793 1334 1854 quoque
1381 1777 1731 1850 philosophia:
1778 1775 2037 1830 rationem

455 1885 656 1954 cogites
697 1882 854 1936 velim
903 1897 916 1933 :
955 1877 1223 1949 quomodo
1262 1881 1502 1930 ventrem
1528 1887 1712 1942 parum
1749 1869 2037 1930 curabant,

454 1972 721 2044 quomodo
751 1969 1177 2034 instituebantur,
1211 1981 1278 2021 ne
1308 1979 1506 2018 mensa:
1533 1961 1756 2016 multum
1776 1961 2040 2015 rationem

457 2067 731 2121 baberent.
755 2064 886 2118 Nam
917 2063 969 2117 in
994 2060 1277 2117 solitudine
1301 2073 1421 2113 cum
1440 2065 1637 2121 essent,
1666 2063 1784 2125 post
1805 2052 2036 2107 triduum

453 2169 655 2228 Septem
715 2172 880 2227 panes
931 2155 1216 2210 habebant.
1257 2151 1462 2206 Caetera
1512 2164 1638 2204 vero
1690 2147 1932 2203 Christus
1983 2153 2041 2199 ut

453 2252 598 2322 prius
626 2249 854 2318 disponit
889 2267 901 2301 :
931 2247 1240 2303 recumbere
1262 2243 1412 2312 jubet
1436 2242 1486 2296 iu
1513 2250 1673 2306 terra,
1705 2248 1758 2294 et
1783 2239 1834 2292 in
1863 2237 2036 2292 mani-

455 2344 552 2396 bus
578 2341 954 2411 discipulorum
984 2353 1146 2408 panes
1172 2335 1500 2405 multiplicat.
1533 2333 1621 2388 55.
1665 2331 1830 2386 Jussit
1869 2330 2033 2394 enim,

451 2437 544 2500 ait,
571 2444 622 2488 ut
648 2434 807 2488 turba:
825 2433 1187 2486 discumberent
1217 2445 1367 2500 super
1395 2437 1598 2480 terram.
1633 2423 1722 2478 36.
1753 2423 1819 2478 Et
1844 2422 2032 2490 accipi-

450 2544 538 2580 ens
564 2526 782 2597 quinque
809 2540 962 2595 panes
991 2532 1034 2577 et
1065 2523 1246 2590 pisces,
1278 2519 1467 2591 gratias
1494 2532 1646 2587 agens
1672 2515 1842 2585 fregit,
1863 2523 1908 2567 et
1937 2517 2032 2565 da-

449 2620 530 2672 bat
553 2617 814 2687 discipulis
835 2614 1101 2685 :discipuli
1127 2629 1241 2666 vero
1266 2611 1440 2664 turbte.
1469 2609 1612 2663 Finis
1634 2622 1761 2662 vero
1789 2604 2031 2660 miraculi

449 2711 610 2780 priori
639 2710 828 2765 similis
846 2724 949 2764 non
975 2707 1088 2762 fuit.
1117 2708 1202 2761 57.
1234 2703 1662 2758 Mandttcaverunt
1680 2703 1820 2756 enim
1839 2715 2029 2764 omnes,

447 2803 633 2869 inqttit,
676 2813 721 2856 et
758 2801 971 2856 saturati
1009 2809 1145 2861 sunt,
1186 2807 1231 2852 et
1272 2798 1491 2850 tulerunt
1531 2794 1663 2864 quod
1690 2803 1946 2861 supererat
1973 2793 2034 2845 de

447 2895 742 2964 fragmentis
770 2905 956 2961 septem
983 2901 1180 2961 sportas
1208 2891 1399 2958 plenas.
1435 2889 1521 2943 58.
1559 2889 1655 2952 Qui
1692 2897 1858 2940 autem
1895 2902 2031 2938 cont-

445 2985 650 3038 ederunt
673 2993 814 3039 erant
843 2993 1057 3053 quatuor
1076 2983 1213 3034 mille
1241 2981 1350 3040 viri,
1381 2989 1560 3048 prauer
1587 2977 1817 3030 mulieres
1837 2987 1881 3029 et
1907 2993 2027 3045 par-

447 3075 608 3129 vulos.
640 3074 744 3130 Sed
775 3091 872 3128 cur
900 3083 1023 3128 tunc
1049 3088 1169 3128 cutn
1197 3071 1474 3141 quinquies
1503 3069 1647 3122 mille
1671 3078 1870 3132 essent,
1900 3066 2028 3120 dno-

444 3165 615 3219 (lccim
655 3165 866 3233 cephini
898 3163 1292 3232 superfuerunt,
1341 3161 1425 3214 hic
1453 3175 1598 3223 vero,
1632 3169 1856 3228 quatuor
1886 3157 2030 3211 mille

444 3271 564 3308 cum
615 3257 742 3321 sint,
783 3264 984 3324 septem
1029 3263 1224 3324 sporta:
1253 3236 1536 3323 supersunt
1565 3254 1581 3321 (
1607 3250 1787 3304 Matth.
1819 3251 1905 3304 M.
1935 3250 2024 3303 20.

445 3349 506 3402 21
537 3347 599 3418 )?
627 3364 724 3402 cur
759 3363 888 3417 ergo
929 3347 1160 3401 minores
1185 3356 1334 3401 erant
1368 3344 1626 3414 reliquiae,
1668 3359 1788 3398 eum
1816 3359 1920 3396 non
1953 3351 2029 3395 tot

446 3449 626 3494 essent
647 3439 734 3509 qui
758 3438 1136 3494 comederent?
1165 3437 1254 3493 γει
1275 3437 1556 3491 dicemlnm
1579 3445 1678 3500 est,
1707 3445 1917 3504 SpOt‘laS
1939 3448 2029 3487 co-

445 3531 625 3600 phinis
655 3530 884 3598 majores
907 3529 1100 3595 fuisse;
1133 3529 1212 3583 vel
1235 3545 1302 3583 ne
1330 3530 1524 3597 paritas
1550 3528 1757 3582 numeri
1792 3528 1842 3580 iu
1870 3526 2026 3580 mira-

445 3622 565 3675 culo
606 3621 923 3676 oblivionem
977 3630 1219 3691 pareret,
1268 3637 1330 3675 ex
1378 3620 1672 3674 tlitl‘ercntia
1715 3619 2026 3674 memoriam

445 3712 659 3766 illorum
703 3714 981 3776 excitasse,
1035 3723 1090 3766 ιιι
1114 3730 1176 3767 ex
1211 3713 1465 3765 varietate
1505 3718 1562 3779 et
1601 3710 1758 3780 hujus
1787 3719 1839 3764 et
1887 3709 2026 3764 illius

445 3803 874 3858 recordarentur.
908 3803 1135 3873 ldeoque
1173 3812 1296 3857 tunc
1319 3802 1577 3871 cophinos
1612 3803 2025 3872 fragmentorutu

443 3896 720 3967 discipulis
771 3912 993 3952 numero
1035 3912 1188 3966 pares
1233 3895 1387 3961 facit,
1438 3910 1578 3950 nunc
1621 3910 1749 3949 vero
1803 3894 2027 3964 panibus

444 3997 674 4055 sportas,
714 3997 768 4042 et
809 3988 858 4041 iu
892 3987 993 4040 hoc
1022 4004 1231 4057 quoque
1259 4003 1406 4042 suam
1439 3987 1756 4042 incll'abilem
1792 3994 2025 4055 potesta-

446 4087 552 4131 tem
580 4078 830 4141 ostendit,
868 4088 920 4132 et
946 4077 1250 4132 facilitatem
1291 4079 1605 4146 itnperattdi,
1633 4093 1750 4130 cum
1780 4077 1944 4145 possit
1974 4086 2028 4130 ct

446 4169 548 4224 hoc
579 4180 633 4225 et
663 4171 754 4224 illo
781 4170 938 4224 modo
961 4171 1211 4224 miracula
1235 4169 1414 4224 edere.
1441 4169 1618 4237 Neque
1643 4167 1782 4222 enim
1806 4167 2027 4220 modij

447 4262 724 4330 potestatis
749 4270 863 4314 erat
887 4276 1163 4314 numerum
1189 4275 1342 4328 posse
1365 4274 1684 4313 conservare
1705 4259 1754 4310 in
1781 4266 2024 4325 utroque,

445 4369 567 4409 eum
593 4363 716 4408 tunc
739 4353 1020 4424 quinquies
1048 4354 1213 4418 mille,
1245 4367 1383 4406 nunc
1408 4360 1634 4420 quatuor
1656 4351 1798 4404 mille
1826 4359 2021 4412 essent,

447 4461 547 4501 nec
571 4445 743 4517 plura,
791 4460 890 4500 nec
934 4449 1179 4514 pauciora
1230 4444 1520 4512 fragmenta
1575 4443 1820 4512 relinqui,
1866 4458 2024 4512 quam

446 4547 570 4594 tunc
607 4536 844 4608 copbiui,
892 4552 1032 4591 nunc
1079 4546 1274 4604 sporta:
1315 4534 1729 4605 caperent,etsi
1776 4549 2027 4589 numerus

443 4631 784 4686 convivarum
835 4645 939 4684 non
987 4645 1079 4699 par
1101 4638 1260 4684 esset.
1295 4627 1439 4682 Finis
1478 4629 1559 4682 hic
1587 4627 1716 4681 etin
1748 4628 1924 4696 priore
1948 4626 2025 4680 si-

443 4722 586 4776 milis
603 4720 715 4775 l'uit.
736 4721 866 4775 Nam
896 4731 1037 4785 tunc,
1064 4719 1298 4772 dimissis
1327 4719 1514 4779 turbis,
1545 4718 1752 4786 navigio
1784 4718 2022 4784 recessit,

441 4823 495 4869 et
526 4814 610 4867 ltic
639 4814 786 4875 item,
821 4821 876 4866 ut
899 4812 1129 4867 Joanne.-
1163 4812 1310 4882 (Cap.
1335 4810 1387 4865 6.
1424 4811 1510 4874 l7)
1549 4810 1694 4864 dicit.
1721 4810 1850 4877 Quia
1883 4811 2022 4864 enim

444 4905 646 4959 nullum
673 4905 879 4974 signum
922 4904 1056 4958 adeo
1098 4903 1302 4958 turbam
1345 4903 1626 4958 inducebat
1662 4902 1726 4955 ad
1767 4903 1911 4956 illum
1940 4918 2025 4957 se-

441 4998 732 5066 queudum,
755 5006 814 5052 ut
840 5012 1033 5067 panum
1066 4997 1417 5061 miraculum,
1452 5005 1506 5050 et
1544 4995 1645 5049 hoc
1685 4995 1844 5051 modo
1876 4996 2024 5064 sequi

442 5090 632 5156 illum,
658 5089 751 5144 sed
795 5090 954 5144 etiam
999 5103 1178 5158 regem
1221 5089 1394 5144 facere
1423 5089 1706 5150 volebant,
1737 5099 1793 5143 nt
1812 5104 2024 5143 onmem

443 5179 740 5254 tyrannidis
779 5179 1132 5249 suspicionem
1167 5181 1402 5244 devitet,
1437 5190 1554 5248 post
1591 5179 1892 5248 lmjusmodi
1922 5180 2024 5232 mi-

440 5272 678 5329 raculum
725 5271 923 5328 recedit
949 5290 962 5324 :
993 5286 1092 5326 nec
1133 5273 1372 5341 pedibus,
1425 5289 1491 5326 ne
1535 5273 1606 5325 illi
1651 5282 2022 5340 sequerentur,

438 5367 534 5422 sed
565 5365 795 5435 navigio.
827 5363 916 5421 39.
947 5362 1016 5418 Et
1060 5364 1266 5417 dimissa
1299 5364 1464 5428 turba,
1502 5365 1688 5433 inquit.
1721 5364 1946 5417 ascendit
1974 5365 2024 5416 in

443 5459 747 5519 naviculam,
779 5467 825 5512 et
871 5458 1002 5511 venit
1047 5458 1099 5510 in
1140 5457 1268 5526 ﬁnes
1301 5455 1560 5527 Magdala.
1607 5455 1755 5524 (Cap.
1789 5455 1928 5524 XVI)
1971 5455 2020 5508 1.

443 5549 505 5603 Et
531 5551 823 5605 accedentes
846 5548 1095 5604 Pharisaei
1121 5559 1166 5603 et
1206 5549 1478 5604 Sadduca’i
1520 5550 1761 5618 rogabant
1795 5566 1926 5611 etmt,
1970 5558 2025 5600 ut

440 5643 639 5710 signum
676 5644 740 5696 de
775 5641 900 5696 cado
921 5641 1201 5696 ostenderet
1230 5643 1320 5694 eis.
1367 5641 1420 5694 2.
1454 5638 1551 5693 Ille
1570 5650 1737 5693 autem
1763 5640 1889 5694 dixit
1914 5641 2022 5694 eis:

449 5731 658 5804 Vespere
690 5735 829 5804 facta
853 5732 1050 5804 dicitis,
1086 5734 1329 5792 Serenum
1355 5737 1445 5788 erit
1472 5750 1488 5787 :
1513 5734 1846 5788 rubicundum
1885 5737 2018 5788 enim

1349 289 1399 342 S.
1435 284 1711 342 JOANNZS
1748 284 2214 340 CIIRYSOSTUMI
2256 286 2569 344 AliClllliP.
2611 290 3140 346 CONSTANTINOP.

3635 294 3740 349 528

2155 399 2332 452 cadum
2355 411 2425 455 cst
2444 417 2464 466 ,'
2493 404 2544 457 5.
2574 415 2620 458 et
2664 421 2828 463 mane.
2866 405 3032 459 Hodie
3076 415 3340 474 tempestas
3394 404 3486 457 erit
3516 420 3533 459 :
3563 409 3741 461 rutilat

2151 492 2281 544 enim
2307 494 2446 548 triste
2471 495 2665 548 cadum.
2696 497 2749 550 4.
2780 495 2984 550 Faciem
3004 497 3114 550 cceli
3145 498 3299 550 nostis
3329 497 3632 566 diiudicare,
3665 504 3736 553 si-

2150 598 2252 651 gna
2290 600 2404 638 vero
2451 595 2730 655 temporum
2775 605 2874 642 non
2917 589 3163 656 potestis?
3211 588 3478 642 Generatio
3505 608 3660 659 praeit
3692 603 3740 644 et

2149 675 2381 730 adultera
2406 680 2606 748 signum
2645 683 2842 750 quaerit,
2885 692 2930 735 et
2956 683 3154 752 signum
3183 699 3281 736 non
3307 683 3509 737 dabitur
3543 685 3608 746 ei,
3643 687 3739 738 nisi

2148 766 2346 836 signum
2375 767 2524 824 Jama
2551 776 2827 842 praphetas.
2857 771 2924 826 Et
2953 774 3297 842 derelinquens
3325 791 3408 828 eos
3436 775 3578 828 abiit.
3603 775 3740 828 Mar-

2148 875 2243 914 cus
2268 873 2444 915 autem
2475 864 2624 930 dicit,
2655 866 2788 920 (lum
2803 867 3152 920 accessissent
3178 877 3231 921 et
3252 878 3571 935 qna-rercnt,
3591 869 3734 936 inge-

2151 952 2346 1005 tnuisse
2367 954 2574 1021 spiritu,
2573 971 2662 1048 .ac
2693 956 2891 1011 dixisse
2923 975 2936 1011 :
2973 958 3107 1022 Quid
3130 960 3384 1028 generatio
3413 961 3509 1011 ista
3535 960 3738 1028 signum

2147 1046 2322 1112 quccrit
2351 1045 2538 1108 (Marc.
2569 1045 2619 1104 8.
2659 1049 2789 1118 l3)?
2819 1050 2927 1103 l-Itsi
2979 1051 3096 1103 talis
3127 1051 3474 1120 interrogatio
3520 1051 3652 1104 iram
3684 1062 3738 1103 et
3811 1050 3816 1054 ’

2149 1134 2563 1203 indignationem
2598 1139 2764 1208 possit
2801 1142 3050 1201 excitare.
3081 1151 3315 1194 attamen
3359 1142 3618 1209 benignus
3649 1142 3738 1194 ille

2149 1225 2406 1280 Dominus
2432 1245 2536 1281 non
2567 1230 2833 1297 irascitur,
2867 1231 2960 1286 sed
2993 1233 3275 1286 miseratur
3317 1232 3437 1284 illos
3465 1240 3734 1301 tamquam

2148 1317 2422 1372 incurahili
2470 1319 2657 1374 morbo
2683 1321 3003 1384 laborantes,
3041 1323 3130 1390 qui
3163 1333 3279 1390 post
3311 1332 3507 1376 tantam
3539 1333 3734 1391 poten-

2147 1406 2232 1459 ti;e
2263 1422 2374 1462 sua:
2417 1408 2948 1477 demonstrationem,
2993 1422 3249 1465 lentatum
3281 1413 3513 1466 veniant.
3551 1413 3734 1482 Neque

2143 1498 2286 1552 enim
2309 1500 2634 1556 accedebant
2661 1504 3030 1570 uteredcrent,
3056 1505 3146 1559 sed
3177 1514 3233 1558 ut
3254 1505 3730 1573 reprehenderent.

2145 1591 2276 1646 Nam
2308 1594 2373 1656 si,
2399 1603 2456 1647 ut
2496 1595 2798 1663 crederent,
2829 1599 3200 1665 accessissent,
3231 1599 3462 1654 dedisset
3501 1601 3681 1670 utique
3715 1620 3728 1656 :

2143 1685 2232 1752 qui
2273 1685 2412 1738 enim
2458 1687 2663 1742 mulieri
2709 1688 2860 1752 dixit,
2896 1688 3014 1743 Non
3041 1700 3114 1744 est
3160 1691 3344 1744 bonum
3383 1690 3609 1762 (Matth.
3639 1694 3728 1748 15.
3811 1708 3820 1714 ·

2143 1773 2258 1844 26),
2288 1783 2341 1829 et
2384 1785 2565 1844 postea
2611 1778 2818 1848 signum
2864 1779 3026 1843 dedit,
3065 1783 3229 1834 multo
3275 1782 3440 1851 magis
3472 1782 3555 1837 his
3580 1799 3724 1852 pra:-

2143 1864 2364 1919 buisset.
2391 1865 2586 1921 Verum
2614 1871 2734 1937 quia
2758 1885 2864 1924 non
2890 1871 3200 1940 qua-rebant
3227 1881 3284 1926 ut
3307 1873 3606 1937 crederent,
3635 1875 3731 1944 hy-

2145 1957 2371 2024 pocritas
2417 1958 2534 2013 illos
2573 1960 2698 2015 alibi
2747 1973 2920 2026 vocat,
2951 1963 3072 2032 quia
3099 1963 3238 2016 aliud
3269 1964 3535 2028 dicebant,
3581 1967 3727 2020 aliud

2141 2049 2463 2104 sentiebant.
2509 2051 2564 2106 Si
2592 2052 2731 2106 enim
2763 2053 3136 2114 credidissent.
3180 2071 3284 2108 non
3316 2058 3528 2123 petituri
3551 2069 3725 2111 erant.

2143 2139 2370 2194 Aliunde
2399 2141 2557 2194 etiatn
2583 2143 2754 2212 palam
2777 2153 2856 2198 est
2890 2145 3028 2213 ipsos
3057 2163 3160 2199 non
3194 2147 3502 2201 credidisse.
3544 2147 3725 2202 Incre-

2140 2231 2246 2298 pztti
2272 2233 2466 2302 quippe
2493 2243 2546 2288 ct
2567 2235 2844 2300 Confutati,
2875 2252 2978 2288 non
3007 2246 3336 2299 manserunt,
3364 2255 3536 2308 neque
3571 2240 3724 2294 dixe-

2139 2335 2300 2381 runt:
2344 2327 2652 2396 Ignoratnus
2699 2337 2753 2382 et
2790 2327 3030 2384 ediscere
3075 2331 3384 2400 qua-rimus.
3413 2331 3564 2398 Quod
3597 2348 3727 2386 vero

2137 2416 2342 2485 signum
2371 2416 2438 2470 de
2465 2418 2596 2470 caelo
2626 2419 2916 2487 petebant?
2958 2418 3027 2474 Ut
3065 2419 3232 2473 solem
3261 2421 3494 2485 sisteret,
3528 2423 3606 2475 vel
3638 2422 3723 2474 lu-

2138 2524 2258 2562 nam
2292 2508 2544 2572 frenaret,
2595 2521 2687 2564 aut
2733 2511 2953 2564 fulmina
2988 2514 3242 2578 mitteret,
3269 2525 3355 2565 aut
3385 2528 3563 2566 acrem
3601 2529 3723 2566 mtt-

2137 2609 2294 2668 tarct,
2341 2613 2430 2656 aut
2467 2605 2590 2672 quid
2641 2605 2830 2660 simile.
2875 2606 3010 2672 Quid
3055 2606 3212 2675 igitur
3233 2607 3307 2659 ait
3337 2607 3485 2674 ipse?
3515 2605 3722 2660 Faciem

2133 2695 2246 2748 ειειὶ
2273 2695 2552 2765 dijudirare
2575 2697 2730 2757 scitis,
2764 2699 2906 2766 signa
2934 2714 3047 2752 vero
3065 2709 3342 2768 temporum
3367 2715 3466 2752 non
3489 2698 3725 2766 potestis?

2138 2786 2353 2840 Vidistis
2384 2789 2845 2843 mansuetmliuem
2873 2799 2926 2842 et
2955 2789 3410 2844 moderationem?
3435 2790 3548 2844 Non
3577 2792 3719 2845 enim

2133 2886 2186 2932 ut
2219 2879 2364 2947 prius
2405 2879 2614 2948 negavit
2655 2892 2706 2934 et
2735 2881 2883 2941 dixit,
2919 2881 3036 2935 Non
3066 2880 3266 2934 dabitur
3295 2881 3341 2934 ei
3368 2880 3592 2946 (Matth.
3628 2882 3718 2937 l2.

2134 2971 2201 3025 59
2222 2969 2262 3042 ),
2296 2970 2388 3025 sed
2415 2986 2632 3024 causant
2663 2987 2757 3025 cur
2799 2987 2900 3026 non
2943 2971 3034 3026 det
3074 2971 3248 3038 allert,
3279 2971 3484 3026 etiamsi
3511 2972 3583 3025 illi
3611 2989 3717 3027 non

2135 3075 2189 3119 ttt
2213 3065 2480 3122 discerent
2507 3069 2910 3137 interrogarent.
2939 3069 3191 3136 Quaenam
3223 3069 3380 3139 igitur
3398 3084 3554 3123 causa
3579 3069 3719 3124 erat?

2133 3156 2200 3213 Ut
2228 3158 2280 3211 in
2303 3159 2454 3222 exulo,
2485 3160 2674 3229 inquit,
2702 3160 2842 3214 aliud
2870 3160 3082 3230 signum
3101 3170 3182 3213 est
3207 3163 3553 3230 tempestatis,
3576 3161 3716 3216 aliud

2131 3251 2546 3320 tranquillitatis,
2599 3268 2698 3307 nec
2725 3253 2844 3322 quis
2869 3261 3156 3322 cou5pecto
3187 3255 3514 3322 tempestatis
3537 3254 3714 3323 signo,

2133 3343 2563 3412 tranquillitatem
2609 3354 2900 3413 cXSpectat,
2935 3361 3105 3415 neque
3137 3347 3188 3399 in
3219 3347 3596 3414 tranquillitate
3625 3363 3716 3402 se-

2130 3449 2254 3488 rena
2281 3445 2645 3502 tempestatem
2681 3452 2692 3486 :
2722 3435 2799 3488 sic
2823 3435 2890 3488 de
2933 3451 3018 3488 tne
3047 3451 3255 3504 quoque
3283 3437 3714 3490 existimandum.

2128 3527 2285 3581 Aliud
2312 3527 2453 3581 enim
2499 3535 2581 3580 est
2613 3537 2817 3596 tempus
2850 3526 3006 3596 hujus
3031 3527 3310 3593 adventus,
3340 3527 3482 3582 aliud
3531 3531 3714 3582 luturi.

2130 3620 2280 3676 Nunc
2307 3635 2440 3690 opus
2470 3629 2553 3674 est
2595 3621 2758 3688 signis
2786 3621 2908 3686 illis,
2938 3637 3056 3690 qua:
3087 3621 3136 3674 itt
3170 3631 3308 3675 terra
3339 3621 3564 3687 dantur;
3596 3639 3718 3692 quae

2130 3715 2182 3768 in
2213 3715 2346 3770 caelo
2371 3723 2570 3779 autem,
2597 3715 2648 3766 in
2678 3713 2804 3766 illud
2850 3723 3059 3783 tempus
3087 3724 3453 3768 reservantur.
3482 3715 3630 3770 Nunc
3661 3728 3718 3771 ιιι

2130 3805 2369 3860 medicus
2390 3805 2529 3870 veni,
2561 3813 2683 3858 tunc
2709 3813 2766 3858 ut
2803 3803 2963 3873 judcx
2991 3803 3188 3869 adero;
3222 3820 3364 3860 nunc
3398 3815 3454 3860 ut
3479 3822 3713 3876 quaeram

2129 3911 2224 3952 eos
2251 3897 2340 3966 qui
2379 3905 2714 3960 erraverunt,
2764 3903 2889 3948 tunc
2919 3904 2976 3948 ut
3013 3897 3248 3950 rationes
3273 3907 3531 3964 repetam.
3567 3898 3716 3951 Ideo-

2127 3988 2422 4058 quolatens
2451 3985 2602 4048 veni;
2634 3997 2758 4040 tunc
2784 3987 2990 4055 publice
3017 3999 3069 4041 et
3097 3988 3268 4055 palam
3310 3990 3469 4042 caelos
3493 3994 3710 4044 convol-

2130 4096 2268 4146 vam,
2292 4080 2458 4133 solem
2489 4078 2828 4140 abscondam,
2854 4079 3030 4132 lunam
3057 4094 3160 4131 non
3187 4079 3357 4133 sinam
3386 4084 3514 4134 dare
3541 4082 3712 4135 lucem

2129 4186 2296 4225 suam.
2327 4170 2476 4223 Tunc
2498 4172 2717 4222 virtutes
2744 4169 2994 4223 caelorum
3033 4169 3402 4233 movebuntur,
3430 4173 3714 4226 adventus-

2129 4275 2232 4329 que
2271 4275 2419 4313 tneus
2449 4259 2637 4312 similis
2666 4259 2767 4312 erit
2805 4257 2994 4325 fulguri
3034 4257 3312 4313 confestim
3341 4262 3583 4315 omnibus
3615 4281 3710 4333 ap-

2130 4353 2354 4423 parenti.
2378 4352 2481 4407 Sed
2502 4368 2604 4408 non
2623 4363 2702 4408 est
2723 4351 2830 4421 jam
2857 4359 3063 4420 tempus
3089 4351 3388 4420 huiusmodi
3417 4354 3708 4421 signorum.

2127 4447 2258 4501 Nam
2287 4447 2404 4500 veni
2436 4447 2723 4499 moriturus
2753 4453 2807 4498 et
2838 4444 3137 4513 turpissima
3157 4460 3445 4512 passurus.
3472 4446 3584 4498 Non
3616 4465 3712 4500 au-

2127 4539 2281 4594 tliSlis
2328 4537 2639 4608 prophetam
2689 4537 2953 4592 dicentem
3000 4555 3012 4591 :
3063 4535 3180 4589 Non
3225 4537 3506 4601 contendet,
3557 4554 3715 4607 neque

2128 4631 2384 4693 clamabit,
2413 4644 2570 4697 neque
2609 4629 2840 4680 audietur
2869 4628 2992 4697 foris
3019 4643 3115 4678 vox
3145 4627 3289 4695 cjns(
3320 4626 3444 4679 lsai.
3481 4627 3568 4680 ἀεὶ.
3600 4628 3634 4679 ξ).
3657 4629 3714 4697 )?

2127 4732 2181 4776 et
2206 4722 2364 4775 alium
2391 4734 2572 4774 rursus
2606 4735 2620 4776 :
2649 4717 2925 4771 Descende!
2952 4718 3078 4770 sicut
3106 4716 3275 4785 pluvia
3297 4719 3348 4769 in
3366 4717 3522 4770 vellus
3543 4717 3712 4784 (Paul.

2128 4815 2215 4868 7t.
2247 4814 2330 4880 6')?

2199 4909 2252 4962 5.
2276 4907 2426 4974 Quod
2455 4908 2496 4958 si
2525 4920 2586 4958 ea
2618 4906 2763 4974 signa
2793 4903 2970 4956 dicant
2997 4919 3116 4970 qua:
3141 4903 3238 4955 sub
3276 4902 3550 4955 Pharaone
3582 4903 3716 4957 lat-ta

2127 5009 2272 5064 sunt,
2299 5013 2428 5051 sane
2473 4997 2561 5050 illo
2610 5007 2846 5063 tempore
2886 4995 2952 5048 ab
2978 4993 3128 5048 hoste
3165 4994 3294 5062 eripi
3324 4994 3622 5062 oportebat,
3653 5013 3717 5049 ae

2126 5090 2243 5160 jure
2266 5089 2351 5142 illa
2383 5088 2577 5142 tiebant
2606 5087 2750 5154 signa
2787 5103 2799 5138 :
2836 5085 2905 5139 illi
2934 5095 3130 5146 autem,
3159 5085 3245 5154 qui
3277 5084 3340 5136 ad
3381 5085 3584 5138 altliCuS
3615 5087 3714 5139 ad-

2130 5184 2290 5247 venit,
2326 5198 2430 5235 non
2460 5195 2594 5250 Opus
2621 5189 2702 5234 est
2732 5181 2896 5247 gignis
2924 5179 3044 5253 illis.
3081 5177 3360 5245 Quomodo
3396 5187 3571 5232 autem
3601 5195 3708 5232 ma-

2128 5291 2228 5346 gna
2248 5275 2335 5329 illa
2357 5274 2514 5340 dabo,
2542 5289 2660 5327 cum
2683 5287 2842 5342 parva
2863 5287 2964 5324 non
2989 5270 3308 5324 credantur?
3331 5271 3494 5323 PJI‘Va
3515 5269 3717 5323 scilicet

2126 5377 2382 5438 quantum
2427 5366 2494 5419 ad
2536 5364 2966 5428 ostentationem,
3018 5379 3138 5416 nam
3185 5363 3287 5415 il’is
3325 5362 3518 5414 virtute
3545 5362 3714 5415 multo

2129 5458 2330 5526 majora
2378 5465 2518 5509 sunt.
2567 5455 2701 5522 Quid
2745 5455 2885 5508 enim
2939 5470 3031 5521 par
3081 5454 3234 5504 luerit
3264 5460 3600 5520 peccatorum
3630 5467 3717 5505 rc-

2128 5548 2408 5604 missioni?
2451 5547 2575 5616 quid
2621 5556 2723 5600 tam
2773 5547 3013 5598 mirabile
3061 5545 3216 5597 fuerit
3263 5558 3419 5612 quam
3447 5552 3714 5596 mortuum

2128 5644 2416 5703 suscitare,
2468 5640 2739 5692 dartnonas
2787 5638 2980 5706 pellere
3006 5678 3019 5700 ,
3067 5649 3261 5704 corpus
3305 5635 3632 5696 reformare,
3661 5643 3714 5688 et

2130 5735 2304 5790 omnia
2357 5729 2692 5786 restaurare?
2733 5729 2810 5783 Tu
2853 5744 2978 5784 vero
3023 5743 3118 5782 cor
3163 5740 3346 5780 eorum
3385 5732 3706 5779 occaecatum
