4028 6152
442 319 547 376 ὗῖθ
1374 342 1381 353 ~
1460 316 1520 370 IN
1563 314 1964 371 MA'I‘TIleUM
2005 314 2230 370 IIOMIL.
2274 315 2402 372 LIII.
2443 320 2511 373 al.
2555 318 2688 375 LIV.
3591 326 3696 381 57,0

441 432 740 495 considera,
768 430 855 500 qni
883 445 1001 485 cum
1028 429 1320 491 audissent,
1349 427 1566 498 Signum
1589 444 1688 482 non
1723 429 1922 482 dabitur
1945 428 2015 481 eis

443 525 537 578 nisi
576 526 775 593 signum
807 521 957 576 Jonat
985 522 1264 592 prophetia,
1312 535 1417 574 non
1465 520 1810 589 interrogant.
1858 518 2016 590 Atqui

441 620 716 687 Oportebat
760 632 875 678 eos,
919 618 1006 687 qui
1052 616 1360 687 praphetam
1411 623 1702 679 noverant,
1733 615 2017 683 omniaque

441 722 563 765 ttmc
587 723 753 780 gesut,
783 717 837 763 et
862 709 975 762 iure
1008 709 1115 776 jam
1150 708 1325 761 denuo
1353 706 1649 770 audiebant,
1678 705 1938 760 sciscitari
1963 711 2018 759 et

439 801 667 864 discere,
709 815 808 852 cur
847 798 947 853 hoc
981 798 1249 852 diceretur
1275 818 1290 850 :
1319 796 1433 862 sed,
1479 795 1619 866 quod
1654 796 1786 861 dixi,
1815 810 1918 850 non
1948 810 2016 849 ex

436 891 673 946 discendi
699 887 967 943 desiderio
993 889 1092 941 hoc
1121 887 1415 956 proferunt.
1443 886 1670 955 Ideoque
1694 885 1892 940 relictis
1912 884 2017 940 illis

437 982 586 1035 abiit.
609 982 662 1037 5.
698 980 762 1033 Et
800 996 913 1033 cum
947 979 1208 1033 venissent.
1257 978 1443 1047 inquit,
1472 977 1705 1046 discipuli
1743 977 1851 1047 ejus
1878 986 2016 1032 trans

439 1078 640 1144 fretum,
671 1073 810 1125 obliti
835 1080 949 1123 sunt
979 1086 1133 1138 panes
1158 1069 1400 1139 accipere.
1429 1070 1481 1122 6.
1512 1067 1661 1122 Iesus
1695 1078 1859 1121 autem
1887 1067 2016 1122 dixit

437 1165 537 1216 illis
563 1179 582 1216 :
620 1161 792 1215 Videte
818 1172 864 1216 et
892 1171 1056 1214 cauete
1080 1178 1110 1213 a
1136 1163 1376 1231 [emtento
1407 1159 1780 1215 Pharisaeorum
1809 1172 1854 1215 et
1875 1161 2016 1215 Sad-

440 1258 745 1309 dumorum.
794 1253 904 1308 Cur
943 1268 1047 1307 non
1088 1253 1241 1316 dixit,
1285 1251 1479 1307 Cavete
1507 1267 1536 1306 a
1565 1251 1846 1307 doctrina?
1894 1252 2017 1307 Vult

438 1354 579 1400 certe
604 1345 731 1413 ipsis
757 1360 876 1414 qua-
896 1356 1042 1414 gesm
1066 1342 1271 1396 fuerant
1306 1342 1356 1395 in
1388 1342 1698 1395 memoriam
1733 1357 2012 1410 revocare;

437 1436 637 1491 sciebat
664 1435 807 1489 enim
847 1435 958 1501 jam
985 1447 1105 1488 esse
1129 1433 1341 1487 oblitos.
1371 1432 1475 1487 Sed
1506 1432 1818 1502 simpliciter
1855 1447 2013 1488 accu-

436 1542 555 1581 sare
597 1541 703 1580 non
750 1525 1031 1580 videbatur
1061 1533 1184 1578 tunc
1207 1533 1558 1592 opportunum
1598 1537 1760 1577 esse:
1809 1538 2011 1589 verum,

436 1620 715 1674 occasione
740 1618 932 1672 abillis
960 1627 1195 1686 accepta,
1237 1616 1511 1685 increpare
1540 1616 1657 1669 illos
1685 1615 2013 1671 tolerabilem

436 1709 690 1765 reddebat
732 1709 1141 1764 accusationem.
1194 1706 1258 1760 Et
1305 1721 1401 1761 cur
1444 1722 1548 1760 non
1580 1716 1699 1760 tunc
1727 1706 2014 1776 increpavit

435 1816 525 1855 eos
550 1816 671 1855 cum
698 1800 980 1877 dixerunt,‘
1001 1797 1147 1853 Unde
1173 1798 1315 1852 nobis
1343 1798 1395 1851 in
1422 1798 1692 1852 solitudine
1716 1807 1785 1852 tot
1820 1816 1973 1867 panes
1990 1800 2017 1854 .9

436 1891 567 1947 Nam
601 1902 728 1945 tunc
768 1891 1080 1946 videbantur
1110 1889 1224 1943 hmo
1269 1898 1563 1958 opportune
1599 1890 1701 1945 dici
1734 1906 1908 1960 posse.
1938 1891 2016 1947 Ne

436 1984 703 2037 videretur
727 1981 793 2037 ad
815 1983 1022 2052 signum
1054 1980 1351 2035 faciendum
1376 1995 1612 2036 currere.
1653 1983 1897 2052 Alioquin
1921 1999 2016 2038 an-

436 2084 539 2129 tem
567 2074 776 2129 nolebat
799 2089 979 2128 coram
1003 2075 1169 2128 turbis
1192 2074 1307 2127 illos
1328 2088 1571 2141 arguere,
1598 2076 1677 2129 vel
1700 2090 1818 2130 sese
1837 2087 2017 2131 osten-

436 2178 567 2219 tare.
620 2165 770 2219 Nunc
814 2180 945 2219 vero
1000 2164 1349 2234 opportunior
1398 2166 1684 2226 accusatio,
1737 2168 1854 2236 quia
1898 2178 2017 2237 post

434 2256 626 2326 duplex
655 2256 968 2311 miraculum
1003 2256 1134 2309 tales
1163 2266 1334 2309 crant.
1387 2254 1589 2309 Idcirco
1614 2273 1732 2310 cum
1760 2258 1900 2312 aliud
1934 2258 2013 2313 Ie-

434 2348 595 2400 cisset
649 2347 998 2407 miraculum,
1056 2357 1181 2401 tunc
1236 2347 1505 2415 increpat,
1565 2349 2016 2419 cogitationesque

433 2437 669 2505 ipsorum
702 2437 754 2491 in
784 2437 1017 2491 medium
1047 2437 1305 2506 producit.
1330 2438 1461 2504 Quid
1484 2453 1647 2509 porro
1674 2440 2015 2510 cogitabant?

435 2528 488 2581 7.
515 2528 649 2594 Quia
676 2544 834 2597 panes
862 2546 961 2582 non
987 2536 1288 2598 acceyn’mus,
1314 2529 1495 2597 inquit.
1524 2529 1710 2584 Adhuc
1735 2532 1873 2585 enim
1895 2548 2016 2600 pur-

433 2619 733 2688 gationibus
776 2618 1012 2672 .ludaicis
1054 2629 1206 2673 erant
1253 2618 1464 2681 addicti,
1514 2634 1744 2674 necnon
1771 2622 2013 2677 ciborum

432 2709 929 2775 observationibus;
982 2708 1205 2779 ideoque
1243 2724 1427 2763 eorum
1471 2711 1706 2765 omnium
1737 2727 1894 2767 causa
1922 2729 2014 2766 ve-

435 2798 736 2854 hementius
763 2800 814 2853 in
839 2800 955 2853 illos
976 2799 1260 2865 invehitur,
1287 2799 1471 2855 dicens
1502 2816 1514 2852 :
1546 2800 1599 2855 8.
1630 2800 1765 2866 Quid
1785 2804 2015 2872 cogitatis

431 2892 483 2944 in
511 2890 646 2945 vobis
668 2892 814 2960 ipsis,
844 2890 1054 2944 modica:
1081 2890 1229 2957 ﬁdei,
1258 2890 1393 2959 quod
1422 2907 1576 2954 panes
1603 2908 1702 2944 non
1741 2894 1967 2962 ceperitis
1988 2893 2014 2946 ?

432 2984 487 3039 9.
524 2982 766 3037 Nondum
791 2982 1085 3052 intelltgitis,
1114 2998 1269 3051 neque
1296 2983 1664 3036 recordamini?
1682 2983 2011 3038 Ocezccatum

430 3084 514 3130 est
534 3090 630 3129 cor
649 3082 909 3138 vestrum,
946 3072 1127 3126 oculos
1171 3072 1426 3126 habentes
1456 3088 1559 3126 non
1605 3072 1815 3139 videtis,
1856 3088 2015 3130 aures

432 3167 688 3221 habentes
719 3181 822 3219 non
849 3165 1060 3219 auditis.
1090 3162 1209 3218 Non
1233 3165 1568 3218 recordamini
1592 3166 1807 3236 quinque
1824 3184 2014 3239 panum

430 3258 483 3311 in
502 3258 720 3329 quinque
743 3256 904 3310 millia
933 3256 1208 3316 hominum,
1227 3265 1272 3311 et
1292 3267 1407 3326 quot
1429 3257 1672 3326 cap/tina:
1690 3259 1973 3327 stunpsistis
1987 3258 2015 3314 .9

430 3347 520 3402 10.
546 3364 703 3415 neque
723 3357 911 3416 septem
949 3363 1156 3416 panum,
1197 3347 1247 3399 in
1278 3357 1491 3415 quatuor
1536 3348 1695 3401 millia
1731 3348 2009 3417 honiinum,

428 3451 475 3493 et
498 3451 614 3509 quot
639 3452 837 3511 sportas
861 3440 1144 3508 sttntpsistis
1160 3440 1186 3492 .9

498 3530 791 3600 lncrepatio
838 3530 1212 3583 mansuetudini
1248 3532 1515 3601 conjuncta
1546 3532 1705 3587 utilis.
1731 3562 1803 3572 —
1830 3533 2014 3589 Viden’

428 3622 683 3690 grandem
709 3620 1160 3690 indignationem?
1185 3620 1366 3690 Neque
1392 3606 1610 3691 usquam
1640 3623 1762 3677 alibi
1804 3624 2013 3679 videtur

429 3712 547 3767 ilics
576 3715 655 3766 sic
685 3713 1005 3781 increpasse.
1040 3710 1144 3766 Cur
1174 3728 1300 3780 ergo
1327 3716 1393 3766 ita
1437 3712 1593 3767 facit?
1624 3713 1691 3769 Ut
1720 3730 1902 3769 rursus
1930 3716 2009 3770 ci-

428 3804 617 3857 borum
649 3804 1035 3857 observationis
1061 3804 1364 3871 Opinionem
1385 3805 1702 3861 eliminaret.
1725 3808 1848 3861 Ideo
1866 3809 2007 3862 enim

427 3902 553 3949 tunc
576 3894 790 3948 dicebat
818 3903 1044 3956 tantum,
1076 3894 1199 3947 Sine
1225 3895 1476 3948 intellectu
1511 3897 1646 3962 estis,
1678 3912 1778 3949 non
1817 3897 2007 3951 intelli-

424 3986 577 4056 gitis;
610 3986 697 4039 hic
725 4000 853 4040 vero
889 3988 1233 4041 vehementer
1261 3988 1585 4056 increpando
1614 3988 1761 4054 dicit,
1792 3990 2010 4045 Modica:

424 4078 564 4137 ﬁdei.
626 4077 744 4131 Non
802 4079 944 4130 enim
1001 4079 1192 4147 ubique
1241 4081 1697 4135 mansuetudinem
1753 4083 2009 4137 adhibere

422 4175 655 4235 Oportet.
687 4165 756 4222 Ut
784 4167 924 4221 enim
967 4167 1208 4221 liduciam
1240 4170 1367 4236 ipsis
1396 4170 1661 4225 indiderat
1692 4190 1704 4226 :
1734 4174 1811 4227 sic
1839 4183 1894 4228 et
1921 4175 2006 4227 in-

420 4268 626 4325 crepat,
657 4257 759 4311 bac
803 4259 1054 4312 varietate
1099 4260 1250 4313 saluti
1282 4277 1467 4315 eorum
1500 4264 1845 4331 prospiciens.
1876 4263 2007 4319 Vide

420 4360 599 4401 autem
625 4361 677 4401 et
709 4349 1121 4416 increpationetu
1177 4360 1230 4403 et
1258 4367 1359 4403 una
1389 4354 1843 4408 mansuetudinem
1871 4356 2006 4408 mul-

422 4448 548 4491 tam.
582 4437 716 4492 Nam
747 4452 867 4491 sese
891 4437 1000 4491 l‘erc
1030 4455 1260 4509 purgas
1288 4442 1428 4509 quod
1457 4444 1572 4497 illos
1593 4458 1781 4513 aspere
1804 4446 2008 4515 arguis-

419 4540 522 4592 sct,
547 4527 622 4581 ait
647 4545 662 4580 :
694 4525 938 4580 Nondum
963 4528 1238 4600 intelligitis
1255 4533 1475 4602 quinque
1518 4550 1671 4602 panes
1697 4535 1751 4588 in
1789 4537 2007 4606 quinque

418 4620 599 4685 millia,
620 4628 674 4670 et
700 4629 819 4685 quot
847 4620 1088 4689 cap/tinos
1116 4623 1434 4691 sumpsistis?
1467 4633 1512 4676 et
1535 4635 1721 4692 septem
1764 4642 1917 4694 panes
1950 4627 2004 4680 in

417 4721 634 4779 quatuor
658 4712 840 4775 millia,
878 4722 924 4765 et
964 4723 1080 4781 quot
1100 4724 1295 4783 sportas
1319 4717 1637 4787 sumpsistis?
1667 4718 1788 4773 Ideo
1812 4734 2002 4774 nume-

418 4816 535 4855 rum
582 4802 740 4857 ali'ert
782 4813 887 4857 tam
935 4822 1118 4859 eorum
1162 4809 1250 4877 qui
1281 4809 1640 4872 comederant,
1688 4827 1843 4881 quam
1877 4814 2000 4867 reli-

416 4895 698 4962 quiarum;
725 4904 784 4949 ut
814 4896 917 4949 illis
945 4898 1103 4953 simul
1132 4899 1183 4952 in
1214 4902 1523 4955 memoriam
1552 4914 1829 4960 revocaret
1863 4921 1999 4975 pne-

418 4985 594 5050 tcrita,
621 4995 671 5039 et
714 4986 780 5039 ad
818 4986 991 5040 futura
1037 4989 1177 5057 ipsos
1214 4993 1525 5046 attentiores
1556 4993 1818 5049 redderet.
1854 4997 1919 5050 Et
1946 5007 2003 5050 ut

413 5072 613 5139 discas,
635 5085 889 5144 quantum
911 5077 1079 5146 potttit
1102 5079 1410 5149 increpatio,
1430 5093 1590 5152 utque
1611 5086 1999 5141 somnolentum

414 5163 653 5232 ipsorum
684 5176 917 5221 mentem
944 5172 1192 5234 erexerit,
1216 5173 1335 5225 atuli
1358 5174 1479 5244 quid
1501 5174 1999 5246 dicatevangelista.

411 5254 546 5309 Nam
573 5270 694 5309 cum
716 5255 874 5311 Jesus
900 5257 1027 5312 nihil
1052 5262 1277 5331 amplius
1296 5263 1536 5328 dixisset,
1561 5265 1651 5319 sed
1676 5266 2001 5336 increpassct

413 5345 531 5399 huic
576 5355 782 5400 tantum
834 5349 1100 5416 addendo,
1145 5352 1231 5404 ll.
1267 5353 1531 5416 Quomodo
1572 5372 1671 5408 non
1703 5356 1997 5428 intelligitis,

411 5454 491 5489 me
535 5454 635 5490 non
690 5455 723 5491 a
774 5456 906 5508 pane
952 5457 1124 5495 cavere
1167 5444 1353 5498 dixisse
1402 5447 1555 5508 vobis,
1587 5448 1674 5500 sed
1698 5465 1728 5501 a
1758 5452 1998 5518 fermento

415 5527 795 5583 Pharisaei-unt
841 5542 888 5585 et
931 5532 1371 5591 Sadductcorum?
1415 5538 1592 5592 subdit
1629 5542 1995 5607 evangelista:

411 5618 505 5671 η.
542 5617 680 5672 Tunc
700 5620 1077 5688 intellexerunt,
1105 5626 1223 5693 quia
1250 5644 1348 5680 non
1375 5628 1571 5681 dixerat
1597 5632 1865 5684 cavendum
1895 5648 2001 5686 esse

405 5727 440 5766 ι
456 5710 711 5779 fermento
739 5715 912 5782 panis,
939 5717 1028 5770 sed
1064 5734 1095 5770 a
1121 5717 1348 5773 doctrina
1378 5718 1754 5777 l’ltnriswornm
1776 5735 1819 5780 et
1855 5726 1990 5780 Sad-

2128 430 2448 501 duraverunt;
2472 434 2675 490 etiamsi
2703 434 2790 491 ille
2822 434 2934 490 lucc
2962 449 3065 491 non
3096 435 3279 491 luisset
3299 435 3693 507 in'crpretatus.

2127 521 2255 577 Vide
2280 534 2474 593 quanta
2506 525 2638 580 bona
2662 528 2898 582 attulerit
2928 527 3236 598 increpatio.
3259 527 3390 583 Nam
3411 544 3439 582 a
3463 528 3696 586 Judaieis

2121 612 2578 670 observationibus
2608 618 2726 672 illos
2755 617 2995 683 abduxit,
3038 629 3092 673 et
3131 618 3385 674 socordes
3411 630 3588 684 antea,
3621 619 3696 672 fe-

2120 703 2193 756 cit
2214 705 2546 773 attentiores,
2592 716 2751 777 atque
2794 724 2822 760 a
2864 707 2984 762 lidei
3019 708 3380 765 imbecillitate
3409 712 3691 771 revocavit,

2119 792 2191 847 ita
2221 804 2402 849 utnon
2434 797 2670 864 timeant,
2695 814 2867 869 neque
2895 800 3198 866 formident,
3242 801 3287 855 si
3323 802 3536 871 quando
3564 818 3695 871 pau-

2120 900 2212 941 cos
2241 901 2403 957 panes
2443 889 2691 957 habeant,
2734 907 2906 961 neque
2933 891 3002 946 de
3045 892 3184 947 fame
3226 893 3457 948 cavenda
3483 894 3692 949 solliciti

2119 978 2246 1044 sint,
2276 978 2369 1032 sed
2398 978 2511 1033 lucc
2537 981 2712 1034 omnia
2736 991 3097 1036 contemnant.
3130 982 3206 1038 Ne
3229 985 3403 1053 itaque
3434 1000 3531 1040 nos
3556 1000 3688 1039 scuto

2120 1081 2216 1136 per
2237 1068 2494 1122 assentari
2538 1069 2762 1125 subditis
2783 1071 3031 1136 velimus,
3064 1088 3161 1126 nec
3186 1084 3434 1142 optemus
3462 1084 3517 1129 ut
3542 1075 3574 1127 ii
3602 1078 3691 1144 qui

2120 1158 2273 1213 nobis
2313 1169 2548 1229 prmsunt
2585 1161 2740 1216 nobis
2783 1162 3120 1217 adnleutur‘.
3148 1162 3276 1217 Nam
3309 1175 3532 1235 utroque
3561 1181 3726 1240 opus.

2120 1248 2278 1305 habet
2325 1266 2473 1307 mens
2507 1253 2740 1308 humana
2783 1253 3036 1308 remedio.
3086 1254 3209 1308 ldco
3256 1256 3395 1311 Deus
3422 1271 3506 1312 res
3540 1257 3697 1326 hujus

2120 1340 2301 1395 mundi
2341 1342 2418 1396 sic
2458 1342 2817 1406 administrat,
2847 1358 2908 1397 ac
2930 1343 3089 1398 modo
3124 1342 3245 1409 hoc,
3278 1343 3437 1399 modo
3461 1346 3589 1400 illud
3617 1345 3696 1400 fa—

2118 1434 2210 1499 cit,
2258 1449 2427 1505 neque
2473 1435 2610 1490 bona
2663 1436 2956 1500 manentia,
3013 1450 3185 1505 neque
3237 1435 3370 1489 mala
3400 1437 3526 1490 sinit
3553 1451 3693 1491 esse.

2117 1524 2572 1593 Quemadmodum
2598 1524 2738 1580 enim
2761 1524 2920 1580 modo
2939 1525 3075 1593 dies,
3097 1524 3256 1579 modo
3276 1540 3379 1578 nox
3406 1534 3509 1590 est,
3536 1525 3695 1579 modo

2117 1626 2297 1685 testas,
2342 1618 2503 1673 modo
2549 1617 2755 1672 hiems:
2783 1617 2862 1672 sic
2908 1626 2963 1672 et
3010 1617 3065 1671 in
3095 1616 3247 1672 nobis
3277 1616 3437 1671 modo
3462 1617 3693 1680 trist‘tia,

2118 1709 2279 1763 modo
2322 1708 2603 1777 voluptas;
2663 1707 2821 1762 modo
2871 1708 3110 1773 morbus,
3163 1706 3320 1762 modo
3372 1707 3590 1761 sanitas.
3616 1705 3694 1760 Nc

2117 1814 2244 1870 ergo
2288 1800 2542 1855 miremur
2572 1800 2615 1854 si
2642 1809 2975 1870 agrotemus,
3006 1797 3217 1869 quando
3232 1799 3390 1852 etiam
3412 1813 3532 1852 cum
3559 1797 3694 1851 bene

2120 1894 2356 1947 valemus
2382 1891 2681 1946 mirandum
2707 1903 2787 1946 est
2803 1892 2846 1946 ².
2868 1890 3048 1960 Neque
3080 1891 3350 1945 turbentur
3367 1904 3487 1944 cum
3509 1889 3694 1943 dolore

2118 1983 2382 2054 angimur,
2432 1996 2552 2036 nam
2602 1981 2812 2051 quando
2854 1980 3166 2049 gaudemus,
3213 1981 3444 2034 maxime
3492 1979 3691 2034 turbari

2120 2090 2214 2144 par
2237 2082 2335 2129 est.
2362 2073 2549 2127 Omnia
2594 2073 2790 2142 quippe
2831 2070 3123 2125 secundum
3163 2077 3404 2124 naturam
3429 2081 3483 2123 et
3512 2085 3690 2125 rerum

2118 2164 2306 2218 seriem
2334 2162 2604 2218 eveniunt.

2187 2259 2241 2312 4.
2289 2256 2410 2314 Haec
2434 2258 2534 2310 vita
2575 2256 2714 2309 bonis
2739 2264 2785 2308 et
2811 2253 2956 2307 malis
2980 2251 3248 2324 permixta.
3266 2279 3337 2292 --
3359 2249 3556 2321 Ecquid
3585 2250 3655 2304 uti
3674 2278 3687 2288 -

2119 2348 2255 2404 raris
2282 2349 2326 2403 si
2376 2347 2492 2402 hzcc
2534 2347 2626 2401 tibi
2668 2345 2996 2414 contingant,
3045 2341 3257 2412 quando
3304 2341 3464 2398 etiam
3496 2342 3695 2397 sanctis

2117 2442 2402 2512 clintigisse
2430 2439 2702 2494 vidi-mus?
2730 2438 2795 2494 Ut
2823 2447 2998 2491 autem
3024 2435 3151 2490 illud
3171 2435 3397 2499 ediscas,
3423 2449 3518 2503 age
3535 2449 3692 2503 quam

2119 2535 2277 2588 vitam
2305 2543 2459 2602 putas
2487 2530 2751 2599 voluptate
2782 2529 2989 2598 plenam
3012 2537 3065 2582 et
3088 2542 3117 2580 a
3146 2525 3370 2595 negotiis
3396 2532 3690 2593 vacantem,

2119 2626 2170 2679 iu
2196 2624 2423 2677 medium.
2447 2620 2788 2675 adducamus.
2822 2617 2983 2672 Visne
3004 2615 3231 2671 Abrahae
3260 2616 3419 2669 vitam
3448 2629 3476 2668 a
3501 2615 3692 2683 princi-

2119 2718 2207 2787 pio
2246 2712 2646 2770 cxaminctnus?
2688 2710 2824 2777 Quid
2869 2725 2998 2779 ergo
3047 2709 3137 2763 ille
3186 2707 3411 2777 primum
3459 2705 3691 2760 audivit?

2119 2808 2372 2879 Egredere
2400 2807 2462 2859 de
2491 2816 2623 2859 terra
2648 2813 2735 2857 tua
2754 2813 2800 2857 et
2830 2802 2892 2855 de
2916 2801 3209 2872 cognatione
3226 2810 3311 2853 tua
3335 2798 3485 2870 (Gen.
3507 2801 3590 2855 12.
3617 2800 3689 2870 ι).

2117 2900 2361 2957 Vidistin‘
2387 2897 2692 2951 mandatum
2737 2894 2920 2948 dolore
2963 2892 3210 2961 plenum?
3260 2890 3364 2946 Sed
3411 2890 3531 2946 vide
3580 2906 3690 2946 rem

2119 3006 2427 3063 prosperam
2472 2988 2792 3043 succedere:
2821 2985 2886 3039 Et
2933 2985 3040 3039 aeni
3075 2985 3128 3039 in
3156 2995 3339 3039 terram
3366 2999 3517 3052 quam
3545 2999 3691 3036 mon-

2116 3095 2337 3138 stravero
2366 3081 2475 3147 tibi,
2502 3089 2548 3135 et
2576 3080 2764 3150 faciunt
2792 3088 2840 3131 te
2862 3078 2913 3130 in
2937 3086 3132 3148 gentem
3157 3073 3561 3145 magnam.Quid
3594 3073 3690 3143 igi-

2119 3177 2235 3230 tur?
2262 3191 2328 3229 an
2357 3173 2444 3228 ttbi
2484 3173 2535 3227 in
2587 3182 2780 3226 terram
2827 3170 2987 3234 venit,
3032 3177 3085 3224 ct
3127 3167 3192 3223 ad
3231 3177 3438 3237 portum
3469 3166 3690 3236 appulit,

2119 3269 2284 3324 tristia
2314 3263 2628 3322 cessarunt?
2655 3264 3025 3333 Nequaquam;
3050 3260 3157 3315 imo
3176 3260 3275 3313 alia
3296 3257 3558 3328 prioribus
3573 3273 3689 3328 gra-

2116 3359 2263 3415 viora
2291 3359 2435 3412 illum
2459 3364 2815 3426 exceperunt;
2847 3353 3014 3408 fames
3038 3359 3093 3407 et
3118 3350 3532 3420 transmigratio,
3565 3364 3691 3401 uso-

2116 3454 2191 3508 ris
2217 3462 2431 3521 raptus:
2458 3459 2513 3506 et
2535 3458 2712 3519 postea
2738 3449 2874 3501 bona
2904 3447 3003 3499 alia
3035 3451 3429 3504 successerunt,
3462 3441 3693 3497 Pharao-

2117 3544 2201 3598 nis
2222 3542 2394 3612 plaga,
2430 3540 2694 3604 dimtssio,
2727 3537 2918 3602 honor,
2969 3534 3135 3589 multa
3179 3534 3264 3588 illa
3295 3532 3456 3596 dona,
3492 3531 3693 3585 reditus

2115 3637 2350 3690 domum.
2401 3633 2529 3701 Quae
2571 3638 2864 3701 sequuntur
2902 3642 3082 3683 autem
3122 3625 3308 3681 eadem
3340 3624 3478 3679 serie
3509 3638 3694 3692 prme-

2114 3726 2267 3792 dunt,
2292 3724 2445 3779 bonis
2472 3731 2528 3778 et
2567 3722 2721 3776 malis
2766 3719 3044 3790 permixta.
3085 3715 3354 3786 Apostolis
3384 3729 3593 3783 quoque
3618 3717 3694 3766 si-

2116 3816 2259 3870 milia
2284 3823 2598 3869 evencrunt.
2630 3811 2752 3865 Ideo
2779 3809 2973 3864 Paulus
2997 3806 3240 3861 dicebat:
3275 3804 3374 3871 Qui
3405 3805 3693 3856 consolatur

2114 3922 2206 3959 nos
2234 3906 2285 3958 in
2323 3903 2457 3958 onmi
2499 3900 2838 3964 tribulatione,
2881 3907 2933 3951 ut
2964 3896 3210 3967 possimus
3250 3903 3296 3947 ct
3324 3910 3413 3947 nos
3442 3892 3693 3945 consolari

2113 4011 2216 4059 eos,
2249 3995 2332 4063 qui
2357 3995 2408 4046 in
2436 3993 2569 4046 onmi
2598 3989 2923 4043 tribulatione
2949 3995 3063 4041 sunt
3109 3984 3183 4057 (2.
3215 3983 3334 4039 Cor.
3364 3984 3412 4037 l.
3444 3983 3522 4052 4).
3555 3982 3691 4050 Quid

2116 4087 2232 4141 bzec
2252 4084 2316 4139 ad
2347 4099 2452 4150 me,
2478 4082 2704 4151 inquies,
2734 4079 2821 4149 qui
2846 4093 3058 4147 semper
3088 4077 3140 4131 itt
3167 4076 3356 4131 dolore
3377 4079 3596 4130 versor?
3615 4074 3691 4129 Nc

2115 4180 2371 4248 ingratus,
2399 4190 2464 4228 ne
2488 4172 2866 4227 bent-liciorum
2894 4171 3172 4223 immernor
3190 4176 3305 4222 esto
3326 4182 3341 4220 :
3362 4180 3532 4236 neque
3548 4164 3689 4219 enim

2115 4269 2225 4324 [ieri
2254 4274 2431 4338 potest
2458 4276 2514 4320 ut
2539 4264 2661 4336 quis
2689 4277 2900 4332 semper
2927 4261 2979 4315 in
3002 4258 3184 4313 dolore
3205 4268 3480 4313 versetur:
3510 4271 3613 4309 non
3637 4255 3687 4309 id

2113 4370 2300 4414 natura
2323 4358 2461 4412 l‘errc
2484 4365 2692 4424 posset;
2717 4352 2809 4408 sed
2831 4352 2951 4423 quia
2974 4364 3186 4418 semper
3206 4348 3255 4402 in
3277 4344 3470 4418 gaudio
3490 4344 3687 4399 versari

2111 4451 2385 4511 vellemus,
2418 4446 2536 4501 ideo
2562 4461 2657 4500 nos
2704 4457 2914 4512 semper
2944 4442 2994 4496 in
3023 4453 3253 4496 maerore
3279 4452 3398 4492 esse
3424 4444 3685 4505 putamus.

2110 4543 2293 4612 Neque
2321 4542 2419 4593 hac
2440 4539 2508 4593 de
2536 4552 2696 4592 causa
2726 4545 2946 4597 tantum,
2996 4533 3087 4586 sed
3119 4530 3241 4600 quia
3269 4529 3527 4582 bonarum
3573 4541 3689 4595 pro-

2108 4647 2489 4704 sperarumqtte
2510 4644 2687 4684 rerum
2704 4628 2881 4681 statim
2910 4622 3290 4683 oblivisciutur,
3310 4618 3537 4672 tristium
3560 4632 3687 4670 vero

2109 4739 2321 4793 semper
2348 4720 2706 4781 recordamur,
2728 4716 2922 4770 idcirco
2944 4728 3041 4767 nos
3066 4725 3276 4779 semper
3291 4709 3343 4763 in
3370 4707 3553 4763 dolore
3569 4722 3696 4763 esse

2109 4817 2355 4869 dicimus.
2384 4812 2562 4880 Neque
2594 4810 2731 4861 enim
2768 4813 2939 4876 potest
2970 4803 3126 4857 homo
3164 4815 3377 4869 semper
3405 4799 3455 4852 in
3486 4795 3700 4851 dolori-

2112 4911 2209 4964 bus
2235 4923 2374 4963 esse.
2406 4904 2459 4960 Si
2494 4904 2665 4973 placet
2688 4909 2886 4961 autem,
2910 4913 3029 4950 eum
3056 4894 3144 4964 qui
3172 4894 3223 4947 in
3249 4891 3455 4946 deliciis
3475 4903 3687 4957 semper

2110 5004 2270 5055 vitam
2299 4998 2407 5068 agit
2432 4995 2792 5064 exploremus,
2822 4988 3105 5043 delicatum
3134 4997 3347 5049 nempe,
3380 4980 3684 5035 afﬂuentem

2109 5091 2374 5154 omnibus,
2414 5100 2619 5142 necnon
2649 5095 3024 5142 a-rutnnOsum,
3066 5075 3342 5139 amictum,
3374 5088 3425 5126 tn
3457 5084 3686 5125 mmrore

2111 5190 2436 5241 versantem.
2460 5178 2593 5234 Nam
2615 5170 3096 5230 demonstrabimus
3118 5168 3288 5232 vobis,
3305 5179 3403 5219 nec
3428 5164 3573 5219 illum
3592 5161 3688 5215 do-

2112 5280 2261 5341 loris,
2291 5290 2389 5330 nec
2419 5274 2559 5326 hunc
2579 5268 2972 5338 tranquillitatis
3001 5277 3216 5332 prersus
3243 5268 3513 5327 expertem
3544 5268 3682 5308 esse.

2115 5371 2307 5424 Verum
2328 5382 2391 5421 ne
2410 5362 2711 5418 turbemiui.
2744 5361 3084 5427 Supponatur
3112 5354 3161 5406 in
3195 5350 3369 5405 medio
3394 5347 3686 5401 consistere

2175 5554 2189 5583 ¹
2226 5551 2350 5600 Editi
2376 5558 2429 5598 ιιι
2453 5550 2502 5597 in
2527 5555 2665 5597 textu
2692 5546 2889 5594 habent.
2916 5549 3044 5602 Mss,
3067 5552 3155 5589 nec
3195 5542 3409 5599 optemus
3434 5539 3482 5582 ut
3505 5532 3683 5582 subditi

2110 5629 2136 5661 ’⁸
2158 5613 2244 5720 1‘2"};
2257 5629 2275 5719 ί
2277 5611 2571 5731 iif’iiiiiiliftr-ito
2618 5668 2894 5731 dolendum.
2934 5679 2973 5715 η
2999 5669 3299 5725 (θανοκηιυδν
3325 5657 3517 5724 QW"
3541 5657 3681 5707 "iam

2105 5750 2214 5787 cum
2239 5735 2352 5786 bene
2382 5728 2607 5791 ralenitts,
2633 5728 2892 5780 (latendum
2915 5736 3000 5778 est.
