4028 6152
356 312 453 366 53l
1099 300 1154 352 s.
1195 291 1470 350 JOANNIS
1503 280 1973 343 cumsosmin
2014 281 2330 338 ARCIHEP.
2371 285 2906 338 coasrss'na'or.
3530 279 3633 334 δερ

357 440 567 480 servum
600 421 892 480 hominem,
920 426 974 472 et
994 416 1152 468 alium
1189 425 1366 479 regem
1393 407 1644 476 juvenem
1672 417 1734 455 ac
1760 397 1934 470 pupil-

351 520 483 584 ltnn,
511 518 600 588 qui
624 514 972 570 hereditatem
990 511 1058 563 sit
1080 509 1345 576 ingentem
1365 506 1681 568 assequutus
1705 512 1719 550 ;
1743 505 1936 563 propo-

354 621 511 666 natur
527 586 686 665 etiam
709 603 1066 662 mercenarius
1093 600 1179 668 qui
1208 605 1318 651 toto
1344 593 1431 648 die
1459 592 1679 647 laboret,
1701 586 1940 652 aliusque

357 703 447 772 qui
479 709 736 770 perpetuo
762 698 812 750 in
839 693 1044 749 deliciis
1072 691 1232 743 vivat.
1267 686 1357 740 V'is
1386 685 1526 738 illius
1552 680 1777 749 primum
1801 688 1938 728 mm-

357 771 507 850 rores
532 791 898 847 describamus
924 787 1011 856 qui
1037 785 1088 836 in
1117 780 1320 836 deliciis
1356 773 1520 830 vivit?
1556 771 1738 839 Cogita
1766 782 1938 837 quan-

357 897 466 940 tum
495 892 740 953 eporteat
766 881 910 934 illum
943 878 1200 932 ﬂuctuare
1222 883 1274 928 et
1295 868 1502 938 agitari,
1527 880 1648 919 cum
1680 861 1936 929 majorem

353 951 556 1048 appetit
583 977 826 1046 gloriam,
859 987 1014 1042 quam
1037 966 1244 1035 aSscqni
1268 963 1463 1035 possit;
1495 975 1613 1013 cum
1635 971 1662 1008 a
1687 951 1941 1008 domesti-

354 1069 430 1121 cis
461 1067 772 1136 chpicitur,
801 1079 828 1115 a
859 1059 1151 1116 minoribus
1180 1052 1503 1110 contumelia
1535 1048 1792 1107 afﬁcitur;
1817 1059 1938 1096 cum

355 1159 502 1212 mille
532 1157 691 1211 habet
716 1162 1076 1215 accusatores,
1110 1148 1197 1218 qui
1230 1145 1344 1214 ejus
1379 1149 1622 1208 smnptus
1653 1139 1940 1190 immensos

356 1250 777 1311 calumnicntur;
803 1255 856 1300 et
881 1245 980 1297 alia
1005 1247 1264 1312 quotquot
1305 1239 1355 1291 in
1400 1234 1558 1288 tantis
1585 1231 1782 1285 divitiis
1807 1243 1940 1281 con-

358 1344 564 1413 tingere
591 1342 783 1403 solent,
815 1354 932 1408 qua:
962 1351 1028 1390 ne
1055 1335 1157 1389 dici
1204 1330 1416 1401 quidem
1443 1332 1692 1398 possunt;
1736 1331 1790 1375 ut
1817 1329 1940 1373 sunt

357 1435 666 1493 inimicitias,
713 1431 1052 1490 offensiones,
1086 1425 1470 1484 accusationes,
1515 1419 1727 1479 damna,
1760 1413 1940 1466 multa:

357 1526 566 1581 insidia:
596 1524 915 1589 invidorum,
947 1520 1032 1590 qui
1064 1535 1185 1574 cum
1210 1515 1538 1586 nonpossint
1564 1511 1776 1564 divitias
1801 1506 1940 1560 illius

360 1619 411 1673 in
443 1634 501 1674 sc
529 1617 837 1678 transferre,
878 1615 1128 1684 juvenem
1175 1610 1407 1678 undique
1448 1605 1749 1666 traducunt,
1802 1600 1943 1654 laee-

357 1720 496 1777 rant,
529 1711 837 1764 innumeras
883 1707 980 1776 ipsi
1030 1714 1374 1774 tempestates
1413 1701 1664 1755 excitant.
1713 1695 1802 1750 Vis
1848 1689 1941 1746 tibi

359 1803 674 1857 mercenarii
704 1801 842 1854 illius
869 1799 1163 1868 voluptates
1188 1791 1527 1849 recenseam?
1558 1789 1637 1844 Ab
1664 1789 1746 1841 his
1767 1784 1944 1840 omni-

358 1893 456 1948 bus
487 1893 620 1946 liber
648 1889 990 1946 est:etiamsi
1033 1889 1152 1956 quis
1193 1885 1337 1938 illum
1369 1880 1688 1937 contumelia
1723 1881 1938 1945 alliciat,

360 1999 463 2036 non
488 1982 654 2048 dolet,
688 1981 899 2036 nemine
931 1994 988 2032 sc
1015 1977 1272 2045 majorem
1317 1981 1483 2043 putat,
1518 1987 1620 2024 nou
1655 1988 1715 2023 ex
1747 1970 1942 2024 divitiis

359 2072 531 2137 timet,
551 2088 670 2126 cum
690 2071 958 2140 voluptate
982 2068 1156 2121 cibum
1182 2082 1260 2132 ca;
1283 2065 1341 2128 it,
1366 2079 1483 2116 cum
1509 2062 1702 2132 gaudio
1723 2060 1940 2116 dormit.

356 2162 471 2217 Non
502 2163 570 2217 ita
601 2163 846 2215 lmtantur
868 2159 1028 2227 ii,qui
1053 2156 1308 2210 Thasium
1342 2155 1518 2207 vinum
1551 2160 1750 2220 potant,
1781 2150 1943 2204 utille

355 2268 477 2307 eum
507 2253 616 2306 abit
656 2252 719 2304 ad
752 2253 923 2303 fontes
948 2259 1000 2302 et
1024 2247 1091 2302 ad
1130 2261 1386 2314 aquarum
1433 2244 1628 2298 ﬂuenta
1661 2242 1940 2296 bibiturus.

355 2346 462 2403 Sed
493 2345 780 2415 supradicti
817 2343 955 2396 illius
1003 2356 1107 2395 non
1143 2339 1258 2393 talis
1299 2348 1379 2394 est
1418 2336 1676 2392 Conditio.
1719 2334 1870 2403 Quod
1898 2335 1941 2388 si

358 2437 472 2491 inec
499 2452 604 2490 non
639 2435 731 2488 tibi
758 2434 886 2488 satis
914 2434 1039 2498 sint,
1073 2440 1130 2484 ut
1167 2430 1421 2499 majorem
1459 2427 1730 2480 victoriam
1758 2441 1946 2494 repor-

359 2539 486 2596 tcm,
527 2543 644 2598 age,
688 2542 863 2597 regem
896 2527 1043 2579 illum
1090 2539 1210 2578 cum
1257 2539 1412 2577 servo
1452 2535 1848 2589 comparemus;
1891 2528 1945 2574 et

356 2637 501 2692 smpe
531 2620 738 2675 videbis
786 2619 926 2672 hunc
958 2617 1007 2670 in
1040 2617 1308 2684 voluptate
1353 2616 1646 2678 ludentem,
1677 2613 1934 2666 exsilien-

360 2725 489 2780 tem,
519 2713 664 2766 illum
695 2727 821 2765 vero
847 2708 1147 2764 diademate
1170 2715 1223 2760 et
1254 2721 1481 2775 purpura
1513 2712 1780 2768 ornatum,
1812 2717 1944 2757 nitn-

357 2816 584 2871 rentcm,
619 2803 763 2858 mille
792 2801 934 2857 curis
965 2809 1231 2863 vexatum,
1269 2814 1376 2868 pra:
1419 2805 1560 2851 metu
1603 2797 1940 2850 morientem.

357 2897 537 2966 Neque
561 2896 700 2950 enim
725 2903 917 2965 potest,
961 2909 1064 2948 non
1090 2900 1264 2961 potest
1305 2900 1449 2944 certe
1480 2891 1584 2943 vita
1616 2889 1730 2942 sine
1759 2888 1945 2942 dolore

357 2988 602 3057 reperiri,
655 3001 754 3041 nec
799 2986 1070 3054 voluptate
1116 2997 1333 3053 prorsus
1373 2996 1572 3034 vacua:
1603 2996 1772 3048 neque
1801 2981 1942 3034 enim

357 3089 542 3134 natura
571 3089 752 3134 nostra
783 3079 920 3134 ferre
949 3088 1148 3146 posset,
1181 3084 1236 3128 ut
1264 3075 1390 3128 dixi.
1419 3074 1569 3141 Quod
1598 3074 1640 3128 si
1672 3075 1757 3128 ille
1778 3075 1944 3144 magis

356 3172 569 3240 gaudet,
601 3172 688 3226 ille
719 3172 836 3240 plus
851 3170 1014 3234 dolet,
1045 3169 1095 3222 id
1122 3169 1188 3221 ab
1217 3167 1306 3220 illo
1336 3168 1450 3236 ipso
1476 3167 1564 3236 qui
1593 3167 1643 3220 in
1669 3166 1849 3220 dolore
1866 3175 1946 3220 est

357 3264 728 3334 proﬁciscitur,
751 3263 870 3332 quia
893 3261 1063 3330 pusilli
1087 3268 1167 3315 est
1189 3259 1370 3322 animi,
1393 3273 1494 3312 non
1519 3269 1694 3312 autem
1716 3274 1744 3310 a
1769 3273 1943 3311 rerum

359 3364 566 3408 natura.
597 3353 652 3407 Si
685 3354 824 3407 enim
855 3352 1080 3406 velimus
1125 3351 1430 3420 frequenter
1467 3347 1722 3419 gaudere,
1755 3349 1946 3402 nmltas

360 3445 618 3499 habemus
645 3444 974 3498 occasiones.
1020 3442 1151 3496 Nam
1197 3441 1242 3494 si
1285 3440 1536 3494 virtutem
1567 3438 1940 3507 suscipiamus,

360 3537 493 3591 nilul
536 3536 786 3603 deinceps
834 3535 1026 3604 poterit
1075 3533 1316 3588 dolorem
1360 3531 1556 3586 inferre
1598 3531 1770 3585 nobis.
1825 3530 1947 3584 llrrc

357 3629 501 3681 enim
525 3642 673 3696 spem
703 3627 892 3679 bonam
917 3625 1152 3694 suggerit
1177 3625 1240 3677 iis
1257 3624 1343 3692 qui
1373 3623 1514 3677 illam
1545 3633 1816 3684 exercent,
1838 3624 1946 3675 Deo

360 3729 537 3790 gratos
569 3719 742 3774 reddit
770 3728 822 3773 et
869 3717 1173 3771 hominibus
1203 3726 1470 3785 acceptos,
1519 3715 1944 3782 ineﬂ'abilemqnc

359 3811 514 3866 nobis
547 3811 870 3880 voiuptatem
901 3810 1056 3877 parit.
1090 3808 1221 3862 Nam
1246 3809 1288 3861 si
1317 3807 1576 3861 laboriosa
1612 3808 1661 3860 in
1691 3807 1946 3862 exercitio

360 3903 528 3957 virtus
557 3910 656 3967 cst,
702 3899 794 3955 sed
839 3900 1218 3955 conscientiam
1251 3900 1415 3954 multa
1463 3899 1629 3968 replet
1660 3899 1863 3964 laetitia,
1895 3908 1948 3953 ct

361 4004 556 4048 tantam
587 3997 725 4047 intus
752 3995 989 4048 immittit
1013 3995 1356 4062 Voluptatem,
1400 4004 1648 4061 quantam
1681 4007 1746 4046 ne
1775 3993 1944 4060 expli-

356 4102 479 4140 care
505 4085 718 4152 quidem
749 4101 1049 4154 possumus.
1089 4085 1224 4152 Quid
1264 4085 1405 4138 enim
1434 4083 1641 4136 videtur
1669 4083 1759 4136 tibi
1785 4098 1948 4138 suave

362 4179 415 4233 in
441 4179 719 4248 praesentis
743 4178 863 4231 vitae
887 4178 1078 4231 rebus?
1105 4189 1413 4242 sumptuosa
1437 4191 1640 4236 mensa,
1673 4176 1806 4228 bona
1831 4191 1951 4230 cor-

365 4273 510 4340 poris
537 4271 805 4331 valeludo,
838 4271 1024 4340 gloria,
1069 4269 1302 4322 divitim?
1345 4267 1541 4321 Verum
1589 4268 1633 4319 si
1683 4267 1795 4321 lucc
1829 4283 1948 4338 qua“:

359 4362 534 4416 dulcia
585 4361 847 4414 habentur
896 4376 1013 4412 cum
1053 4359 1244 4413 virtute
1273 4357 1684 4426 comparaveris,
1713 4357 1948 4411 omnium

359 4452 708 4507 acerbissima
742 4452 1077 4504 videbuntur.
1127 4449 1265 4503 Nihil
1296 4451 1496 4521 quippe
1525 4450 1759 4514 suavius,
1789 4465 1947 4519 quam

357 4544 704 4606 Conscientia,
740 4551 792 4597 et
817 4559 940 4615 spes
969 4543 1129 4597 bona.

429 4639 481 4693 5.
528 4637 582 4690 Si
613 4637 664 4690 id
693 4637 897 4692 discere
926 4637 1106 4700 vultis,
1137 4637 1242 4704 jam
1293 4635 1608 4688 moriturum
1655 4634 1946 4701 hominem,

360 4741 448 4785 aut
473 4746 654 4786 senem
681 4731 951 4791 adeamus.
972 4739 1024 4784 et
1045 4729 1143 4799 ipsi
1173 4730 1222 4783 in
1252 4736 1482 4783 mentem
1504 4737 1812 4783 revocantes
1839 4729 1952 4782 lau-

359 4835 464 4878 tam
499 4839 735 4878 mensam
763 4838 866 4891 qua
890 4836 1015 4876 usus
1041 4830 1143 4888 est,
1163 4821 1382 4891 gloriam
1410 4829 1463 4875 et
1492 4819 1836 4883 honorem,ct
1855 4821 1949 4877 bo-

2049 412 2112 451 na
2141 413 2301 466 opera
2329 415 2446 466 qua-
2477 397 2600 452 fecit
2641 398 2692 451 in
2745 397 2879 459 vita;
2936 397 3322 464 interrogemus
3351 394 3418 449 de
3441 395 3635 465 quibus

2045 489 2213 558 magis
2239 487 2486 558 gaudeat,
2515 499 2567 544 cl
2595 490 2890 542 videbimus
2918 489 3063 544 illum
3089 487 3156 542 de
3186 489 3289 544 illis
3313 488 3634 542 erubescere

2045 586 2098 632 et
2129 579 2329 648 pudore
2357 579 2518 641 afﬁci,
2551 579 2618 634 de
2651 579 2733 632 bis
2760 594 2887 634 vero
2915 579 3204 634 exsultare.
3257 577 3348 633 Sic
3376 577 3635 634 Ezechias

2045 684 2162 724 cum
2189 670 2238 722 in
2268 670 2508 724 morbum
2535 671 2712 739 lap-ns
2735 679 2833 734 est,
2861 686 2966 722 non
2987 669 3233 738 gloriam,
3258 684 3362 722 non
3387 684 3629 738 regnum,

2047 777 2150 814 non
2181 763 2377 817 lautam
2427 779 2665 818 mensam
2708 763 3168 826 commemoravit,
3219 762 3313 816 sed
3347 761 3630 831 justitiam.

2047 852 2320 914 Mentemo,
2361 855 2547 922 inquit,
2583 853 2815 918 Domine,
2860 853 2993 923 quod
3020 852 3378 906 ambulaverint
3422 853 3474 907 in
3510 870 3634 907 cou-

2044 954 2216 1013 spectu
2243 954 2326 996 tuo
2350 945 2400 997 iu
2427 946 2526 996 vita
2548 953 2681 999 recta
2707 944 2785 1014 (4.
2817 944 2940 1014 Reg.
2962 943 3051 997 20.
3077 944 3132 998 3.
3177 943 3302 997 lsai.
3334 944 3422 998 58.
3445 944 3522 1012 5).
3552 945 3632 998 \‘i-

2046 1034 2112 1086 de
2140 1034 2299 1088 etiam
2344 1035 2564 1088 Paulum
2615 1035 2681 1088 de
2724 1033 2808 1087 his
2853 1033 3205 1088 exSuItanlem
3233 1048 3296 1087 ac
3324 1034 3592 1090 dicentem
3621 1055 3635 1089 ;

2045 1124 2241 1180 Bonum
2281 1137 2531 1180 certamen
2579 1128 2782 1192 certuvi,
2826 1144 3025 1180 cursum
3067 1130 3430 1195 consummavi,
3481 1128 3634 1197 [idem

2046 1219 2236 1270 servavi
2284 1217 2357 1288 (ἓ.
2405 1217 2538 1274 Tim.
2587 1220 2638 1272 4.
2687 1220 2761 1289 7).
2796 1218 2900 1272 Sed
2941 1217 3064 1285 quid
3095 1219 3235 1272 aliud
3269 1220 3518 1288 amplius,
3549 1219 3631 1273 in-

2048 1310 2220 1378 quies,
2253 1319 2458 1377 poterat
2488 1311 2572 1364 bic
2603 1309 2816 1365 dicere?
2860 1310 2951 1363 llis
2981 1310 3134 1379 longe
3168 1311 3347 1379 plura;
3379 1311 3633 1378 honores,

2048 1400 2351 1453 satellitiqu
2379 1416 2484 1470 quo
2517 1400 2808 1464 frui-batur,
2839 1401 3147 1454 faniulatnm
3195 1417 3466 1471 magnum.
3521 1403 3635 1456 An-

2048 1505 2154 1543 non
2181 1490 2332 1544 audis
2353 1491 2499 1544 illum
2528 1491 2827 1544 dicentem:
2856 1490 3000 1544 Sicut
3021 1493 3256 1561 angelum
3289 1491 3492 1547 Domini
3519 1511 3636 1547 sus-

2047 1584 2248 1653 cepistis
2271 1600 2368 1646 me,
2393 1583 2519 1636 sicut
2543 1583 2793 1637 Christum
2818 1581 3028 1646 Iesum;
3051 1595 3124 1647 et,
3153 1581 3217 1637 Si
3239 1584 3474 1653 possibile
3505 1585 3636 1655 [uis-

2049 1689 2140 1743 set,
2171 1678 2374 1730 avulsas
2405 1677 2573 1730 oculos
2603 1676 2864 1728 dedissetis
2905 1676 3028 1727 mihi
3068 1675 3209 1744 (Gal.
3241 1678 3292 1730 4.
3324 1677 3411 1730 14.
3441 1677 3553 1745 15),
3583 1686 3636 1731 et

2049 1771 2188 1840 quod
2220 1785 2315 1839 pro
2341 1771 2516 1823 anima
2548 1769 2663 1838 ejus
2690 1769 2884 1822 collum
2915 1770 3294 1837 sttpposuerint
3325 1768 3512 1840 (Rom.
3547 1772 3634 1824 16.

2047 1863 2141 1932 ⁴)ἳ
2162 1861 2264 1917 Sed
2299 1861 2424 1914 nihil
2454 1860 2642 1914 horum
2673 1861 2722 1913 in
2755 1860 2984 1914 medium
3014 1860 3186 1918 aﬁ‘ert.
3221 1876 3403 1914 verum
3430 1861 3637 1916 labores

2056 1965 2294 2018 tantum,
2338 1953 2570 2022 perieula
2597 1994 2612 2018 ,
2657 1963 2706 2006 et
2755 1967 2980 2006 coronas
3030 1952 3152 2006 inde
3201 1961 3499 2021 reportatas
3530 1970 3544 2005 :
3575 1968 3637 2008 ac

2045 2049 2166 2116 jure
2192 2046 2428 2117 quidem.
2463 2046 2589 2100 li:rc
2609 2047 2750 2099 enim
2784 2045 2868 2098 hic
2896 2045 3286 2113 relinquuntur,
3317 2056 3510 2099 ctctera
3538 2063 3637 2100 uo-

2050 2139 2252 2194 biscum
2274 2139 2706 2206 proﬁciscuntur;
2742 2137 2950 2189 illormn
2969 2151 3096 2189 vero
3117 2136 3349 2190 rationes
3369 2135 3634 2198 dabimus,

2048 2233 2240 2286 horum
2273 2231 2572 2287 mercedem
2605 2240 2936 2300 espetemus.
2972 2233 3051 2284 An
3086 2231 3339 2299 ignoratis
3366 2229 3636 2301 quomodo

2051 2325 2102 2378 in
2131 2326 2320 2378 ultimo
2346 2323 2432 2377 dic
2455 2331 2668 2392 peccata
2691 2322 2919 2374 animam
2939 2321 3343 2376 conunoveant?
3367 2320 3637 2392 quomodo

2050 2432 2140 2470 cor
2165 2415 2465 2484 exagitent?
2491 2413 2639 2468 Tunc
2660 2428 2785 2481 ergo
2813 2413 3072 2466 bonorum
3105 2427 3327 2482 operum
3354 2412 3636 2478 memoria,

2051 2507 2198 2576 quasi
2239 2507 2288 2558 in
2325 2514 2638 2572 tempestate
2685 2505 3060 2574 tranquillitas,
3093 2504 3356 2558 turbatam
3401 2505 3636 2557 animam

2051 2597 2376 2652 consolatur.
2407 2596 2461 2652 Si
2493 2597 2771 2666 vigilemus
2816 2606 2868 2648 ct
2913 2597 3074 2649 sobrii
3125 2597 3313 2659 simus,
3346 2611 3443 2665 per
3470 2604 3636 2649 totam

2049 2691 2208 2741 vitam
2239 2687 2391 2741 nobis
2418 2687 2717 2756 huiusmodi
2752 2688 2912 2740 limer
2954 2687 3303 2756 :tdcritzquia
3348 2703 3477 2742 vero
3521 2688 3638 2741 sine

2051 2780 2157 2831 ulio
2186 2795 2343 2832 sensu
2373 2779 2616 2841 vivimus,
2641 2793 2759 2831 cum
2783 2777 2902 2829 hinc
2931 2778 3085 2844 ejecti
3119 2777 3395 2842 fuerimus,
3449 2776 3638 2846 procul

2049 2870 2209 2924 dubio
2240 2871 2474 2923 accedet.
2500 2870 2629 2923 Nam
2662 2870 2867 2921 vinctus
2899 2878 3006 2921 tum
3045 2869 3273 2922 maxime
3315 2868 3482 2933 dolet,
3512 2883 3635 2921 cum

2051 2963 2281 3018 educunt
2309 2978 2427 3016 cmn
2457 2961 2521 3014 ad
2550 2960 2808 3028 judicium
2832 2977 2844 3012 :
2871 2969 2995 3012 tunc
3024 2959 3254 3013 maxime
3283 2959 3482 3019 tremit,
3509 2973 3632 3012 cum

2051 3070 2216 3125 prope
2262 3054 2490 3108 tribunal
2520 3054 2660 3116 ert‘,
2704 3052 2914 3121 quando
2957 3051 3189 3105 rationes
3227 3051 3357 3106 dare
3401 3061 3632 3121 oportet.

2053 3148 2255 3202 Idcirco
2286 3149 2549 3202 terribiles
2583 3147 2812 3200 visiones
2840 3155 3057 3199 narrant
3085 3145 3234 3199 multi
3278 3145 3379 3200 hoc
3411 3147 3462 3198 in
3491 3155 3634 3199 statu

2050 3243 2274 3307 oblatas,
2305 3256 2524 3309 quarum
2548 3241 2781 3309 speciem
2806 3255 2908 3293 non
2934 3237 3166 3293 ferentes
3191 3239 3222 3292 ii
3242 3239 3328 3308 qui
3349 3237 3635 3302 decedunt,

2052 3336 2244 3389 lectum
2274 3337 2442 3402 ipsum
2471 3348 2590 3387 cum
2620 3347 2811 3402 magno
2834 3333 3030 3400 impetu
3053 3332 3352 3385 succutiunt
3373 3331 3634 3400 jacentes,

2050 3436 2103 3481 et
2123 3442 2216 3481 cos
2244 3428 2329 3494 qui
2358 3426 2549 3477 adsunt
2577 3425 2740 3478 torvis
2763 3424 3046 3492 inspiciunt
3071 3423 3262 3488 oculis,
3287 3424 3460 3477 anima
3493 3423 3638 3477 intus

2050 3533 2170 3572 sese
2198 3517 2521 3584 exagitante,
2547 3522 2601 3569 et
2627 3530 2652 3565 a
2683 3526 2910 3580 corpore
2935 3514 3084 3568 avelli
3115 3524 3394 3580 renuente,
3425 3530 3520 3567 nec
3543 3514 3639 3567 ad-

2053 3609 2377 3664 ventantium
2410 3607 2718 3676 angelorum
2768 3615 3111 3674 conspectum
3165 3605 3387 3659 ferente.
3434 3605 3562 3658 Nam
3593 3604 3638 3658 si

2051 3716 2169 3754 cum
2189 3698 2434 3753 homines
2453 3696 2716 3750 terribiles
2733 3695 3108 3763 conspicimus,
3131 3694 3496 3757 formidamus,
3516 3709 3639 3747 cum

2051 3793 2271 3862 angelos
2293 3790 2702 3850 comminantes,
2728 3798 2781 3842 et
2801 3788 3016 3839 virtutes
3036 3787 3294 3839 immanes
3317 3785 3636 3846 videbimus,

2053 3885 2176 3956 quid
2206 3901 2310 3938 non
2337 3883 2618 3951 patiemur,
2647 3880 2820 3933 anima
2855 3894 2882 3930 a
2913 3893 3136 3948 corpore
3156 3878 3442 3940 abstracta,
3475 3886 3528 3931 et
3556 3878 3642 3931 in-

2052 3993 2259 4033 cassum
2290 3976 2620 4042 multumque
2643 3973 2894 4040 lugente?
2920 3970 3049 4023 Nam
3083 3970 3231 4024 dives
3252 3971 3340 4024 ille
3360 3981 3641 4040 postquam

2053 4070 2374 4131 decesserat,
2407 4065 2632 4119 multum
2674 4062 2824 4124 luxit,
2859 4060 2952 4113 Sed
2997 4059 3044 4112 id
3095 4060 3223 4113 nihil
3269 4061 3366 4128 ipsi
3422 4059 3640 4129 profuit.

2058 4160 2183 4214 ﬂare
2215 4159 2372 4228 igitur
2401 4156 2576 4209 omnia
2609 4154 2659 4207 in
2691 4153 2846 4206 nobis
2870 4152 3215 4220 depingentes
3243 4160 3297 4204 et
3322 4152 3498 4205 animo
3525 4167 3646 4206 ver-

2055 4259 2255 4313 santes,
2285 4264 2350 4300 ne
2375 4246 2558 4300 eadem
2583 4253 2636 4298 et
2665 4259 2761 4297 nos
2789 4244 3067 4313 patiamur,
3094 4242 3282 4297 horum
3315 4246 3551 4298 omnium
3576 4246 3646 4297 ti-

2056 4355 2259 4394 morem
2296 4352 2589 4395 scrvemus,
2623 4345 2677 4388 ut
2708 4345 2759 4389 et
2786 4335 3099 4404 supplicium
3125 4335 3249 4388 illud
3276 4335 3555 4405 fugiamus,
3589 4345 3647 4392 et

2055 4442 2256 4487 :eterna
2280 4442 2673 4495 consequamur
2705 4425 2862 4489 bona,
2887 4426 3051 4493 gratia
3093 4435 3146 4478 et
3177 4427 3502 4495 benignitate
3537 4428 3646 4480 Do-

2058 4524 2184 4578 mini
2213 4520 2378 4575 nostri
2406 4518 2531 4573 Jcsu
2561 4516 2776 4577 Christi,
2803 4517 3013 4584 quicum
3041 4516 3178 4569 l‘atri
3198 4517 3365 4585 gloria
3383 4533 3502 4570 cum
3522 4532 3650 4571 san-

2057 4625 2143 4670 cto
2173 4625 2225 4670 et
2251 4611 2464 4667 viviﬁco
2491 4610 2712 4679 Spiritu,
2756 4624 2895 4661 nune
2932 4619 2984 4663 et
3031 4624 3262 4677 semper,
3293 4619 3345 4663 et
3372 4612 3421 4664 in
3452 4611 3648 4665 szecula

2057 4707 2392 4762 Stccuiorum.
2423 4705 2610 4756 Amen.

2121 4823 2137 4854 ι
2177 4827 2320 4879 Unus,
2341 4829 2451 4867 cum
2468 4828 2616 4880 prope
2640 4820 2707 4864 est
2716 4811 2981 4875 judicium.

377 4931 2966 4958 ww

1567 5006 1909 5067 HOMILIA
1953 5002 2116 5064 LIV.
2151 4999 2236 5060 al.
2283 4996 2410 5056 LV.

363 5149 490 5204 Car.
546 5149 629 5204 16.
684 5163 736 5200 v.
776 5149 856 5202 1'5.
895 5145 1142 5214 Egressus
1187 5143 1339 5198 Iesus
1387 5145 1439 5196 in
1489 5154 1657 5212 partes
1704 5144 1950 5200 Cwsarew

440 5241 693 5311 Philippi,
725 5237 1064 5306 interrogabat
1093 5237 1367 5306 discipulos
1392 5253 1526 5299 suos,
1552 5237 1764 5290 dicens:
1793 5236 1952 5299 Quem

441 5349 519 5386 me
550 5333 722 5385 dicunt
752 5331 976 5383 homines
1002 5343 1106 5382 esse
1127 5325 1320 5380 Filium
1351 5326 1605 5379 hominis?

445 5428 485 5475 l.
535 5424 642 5475 (an
659 5437 777 5474 cum
809 5422 940 5474 urbe
970 5419 1300 5473 conditorem
1319 5418 1434 5484 ejus
1464 5416 1794 5469 noritiuavit?
1825 5414 1957 5482 Quia

373 5525 454 5568 est
484 5525 537 5569 et
563 5515 683 5579 alia,
727 5530 845 5582 qua:
887 5512 1153 5566 Stratonis
1184 5508 1396 5563 dicitur.
1443 5506 1556 5562 Non
1590 5508 1640 5561 in
1685 5509 1783 5561 hac
1805 5521 1956 5568 vero,

372 5606 465 5659 sed
495 5607 542 5656 iu
569 5603 652 5657 illa
676 5605 969 5672 interrogat
993 5602 1155 5670 ipsos,
1187 5599 1368 5668 procul
1391 5615 1420 5652 a
1446 5597 1643 5652 inda-is
1669 5597 1958 5662 abducens,

375 5704 427 5750 ut
453 5696 520 5748 ab
548 5697 690 5750 omni
721 5693 1080 5750 sollicitudine
1110 5690 1264 5747 liberi
1286 5705 1406 5746 cum
1431 5689 1619 5746 ﬁducia
1651 5688 1962 5758 dicantqua:

2061 5140 2314 5196 sentiunt.
2346 5136 2454 5191 Cur
2480 5143 2655 5188 autem
2688 5151 2790 5186 non
2820 5134 2996 5186 statim
3027 5133 3092 5187 de
3123 5149 3238 5199 sua,
3282 5132 3376 5186 sed
3407 5131 3475 5186 de
3512 5131 3622 5184 mul

2063 5245 2238 5287 torum
2266 5229 2529 5284 sententia
2565 5227 2708 5294 ipsos
2737 5226 3117 5294 interrogavit?
3143 5225 3204 5279 Ut
3235 5224 3487 5293 opinione
3518 5222 3656 5274 alio.

2064 5337 2182 5377 rum
2212 5319 2472 5388 exposita,
2501 5317 2798 5386 deindeque
2825 5316 3152 5382 interregati,
3197 5313 3293 5368 Vos
3319 5324 3481 5367 autem
3509 5328 3660 5382 quem

2067 5429 2144 5467 nte
2185 5427 2291 5465 esse
2321 5409 2526 5462 dicitis?
2563 5409 2630 5461 ab
2673 5409 2787 5476 ipso
2817 5407 3178 5475 interrogandi
3213 5405 3374 5459 modo
3405 5407 3456 5458 in
3487 5402 3657 5457 subli-

2068 5505 2292 5559 miorem
2321 5499 2676 5553 eveherentnr
2715 5499 3111 5567 cogitationem,
3163 5513 3339 5566 neque
3388 5497 3439 5550 in
3494 5493 3656 5548 vilem

2069 5594 2356 5650 multorum
2387 5590 2676 5659 cogitatum
2703 5590 3031 5643 deciderent.
3060 5589 3288 5658 Ideoque
3311 5604 3412 5640 non
3439 5587 3488 5639 in
3512 5585 3659 5654 prin~

2069 5687 2210 5758 cipio
2241 5681 2634 5755 prrcdicatiouis
2663 5695 2757 5735 eos
2789 5682 3100 5752 interrogat,
3147 5679 3238 5732 Sed
3266 5677 3478 5749 quando
3496 5676 3651 5746 signa
