4028 6152
341 317 448 373 533

339 436 508 493 multa
540 431 683 497 fecit,
730 440 784 489 et
832 423 900 488 de
929 429 1108 488 multis
1135 428 1558 500 sublimibusque
1589 428 1924 500 dogmatibus

339 528 613 592 disseruit,
646 527 944 596 multasque
971 525 1193 594 praebuit
1219 524 1703 579 demonstrationes
1723 532 1775 577 et
1795 522 1928 577 divi-

338 617 524 674 nitatis
549 634 683 680 suae.
729 628 783 674 et
814 634 925 673 sua:
965 632 1085 672 cum
1126 616 1282 671 Patre
1321 615 1644 678 concordire,
1675 623 1804 669 tune
1829 614 1924 669 de-

331 723 482 762 mum
519 709 658 766 hanc
684 709 789 765 illis
817 708 1022 780 profert
1045 706 1537 776 interrogationem.
1562 705 1742 774 Neque
1770 704 1922 769 dixit,

330 798 507 863 Quem
531 817 618 856 me
638 801 824 857 dicunt
848 815 967 856 esse
987 799 1176 855 scriba:
1202 807 1255 853 et
1277 797 1566 853 Pharisazi?
1591 799 1832 866 quamvis
1848 795 1923 850 illi

335 893 512 963 ipsum
541 909 686 963 smpe
711 891 1007 948 disserendi
1036 905 1196 946 causa
1217 889 1598 945 convenerint:
1621 888 1738 954 sed,
1763 889 1923 954 Quem

337 1001 420 1040 me
445 986 622 1039 dicunt
647 985 873 1039 homines
900 984 1047 1038 esse?
1074 982 1256 1054 populi
1297 981 1626 1052 opinionem,
1661 995 1780 1050 qua:
1805 979 1922 1034 sine

336 1077 648 1148 acceptione
667 1091 788 1132 esse
803 1075 959 1140 solet,
986 1075 1284 1145 requirens.
1314 1073 1463 1128 Licet
1486 1073 1630 1127 enim
1654 1071 1740 1126 illa
1766 1071 1921 1140 longe

336 1167 596 1239 dejectior
625 1178 768 1222 esset
797 1183 954 1238 quam
978 1181 1074 1236 par
1099 1174 1235 1232 erat,
1263 1174 1318 1219 at
1343 1179 1373 1218 a
1400 1162 1631 1234 nequitia
1659 1163 1920 1218 cratalie-

335 1275 405 1315 na
429 1279 442 1312 :
469 1257 860 1315 Pharismorum
890 1267 1067 1314 autem
1095 1257 1273 1328 opinio
1298 1255 1574 1326 iniquitate
1603 1254 1753 1324 plena
1782 1260 1915 1308 erat.

335 1352 408 1408 Et
431 1351 724 1408 ostendens
758 1367 916 1421 quam
947 1351 1108 1406 vellet
1149 1348 1500 1404 oeconomiam
1532 1347 1645 1402 sive
1673 1346 1918 1408 incarna-

335 1447 536 1501 tionem
569 1447 619 1500 itt
649 1445 898 1500 confesso
928 1443 1136 1510 haberi,
1182 1443 1278 1508 ait,
1325 1439 1516 1495 Filium
1559 1438 1795 1503 hominis,
1839 1436 1917 1492 sic

331 1538 666 1592 divinitatem
695 1537 988 1606 appellans,
1019 1544 1078 1590 ut
1104 1533 1228 1590 alibi
1271 1548 1415 1603 saepe
1445 1531 1586 1586 facit.
1618 1531 1708 1585 Ait
1746 1529 1912 1594 enim,

331 1628 501 1684 Nemo
528 1629 752 1682 ascendit
779 1629 831 1682 in
860 1630 1061 1694 calum,
1084 1627 1182 1682 nisi
1209 1625 1382 1681 Filius
1407 1626 1644 1692 hominis,
1671 1624 1758 1694 qui
1775 1623 1914 1677 estin

329 1722 456 1776 cwlo
488 1719 664 1791 (Joan.
692 1720 745 1774 á½….
770 1720 894 1787 I5);
923 1729 974 1774 et
997 1732 1231 1782 rursum,
1255 1716 1381 1770 Cum
1399 1726 1565 1770 autem
1589 1715 1809 1769 videritis
1831 1712 1915 1767 Fi-

328 1814 454 1867 lium
486 1813 703 1866 hominis
732 1810 1081 1865 ascendentem
1107 1810 1190 1864 ubi
1217 1817 1323 1864 erat
1353 1809 1491 1879 prius
1523 1807 1698 1879 (Joan.
1724 1806 1776 1861 6.
1794 1805 1908 1867 63).

329 1905 533 1960 Deinde
559 1905 681 1974 quia
726 1902 996 1966 dicebant,
1043 1901 1131 1956 14.
1185 1901 1284 1954 Alii
1312 1899 1565 1953 Joannem
1603 1898 1906 1968 Baptistam,

327 1996 422 2050 alii
443 1993 634 2055 Eliam,
659 1992 751 2046 alii
770 1991 1067 2058 Jeremiam,
1093 1991 1182 2045 alii
1212 2007 1365 2044 unum
1387 2007 1448 2044 ex
1477 1989 1731 2060 praphetis
1751 1988 1908 2041 :falsa

326 2087 540 2141 illorum
571 2086 825 2156 opinione
857 2085 911 2139 in
943 2084 1175 2139 medimn
1221 2082 1448 2137 adducta
1479 2081 1787 2151 subjunxit:
1818 2081 1904 2134 15.

339 2177 438 2231 Vos
463 2187 630 2230 autem
654 2193 802 2247 quem
843 2193 920 2230 me
954 2191 1061 2230 esse
1090 2173 1295 2228 dicitis?
1321 2189 1384 2229 ex
1415 2173 1644 2229 secunda
1674 2173 1908 2228 interro-

323 2270 539 2339 gatione
582 2269 703 2323 illos
747 2282 1000 2334 evocans,
1032 2277 1092 2321 ut
1122 2266 1293 2337 majus
1335 2265 1461 2336 quid
1505 2265 1571 2320 de
1602 2265 1694 2319 illo
1722 2264 1909 2334 opina-

323 2371 532 2423 rentur,
564 2358 959 2429 ostendensque
988 2357 1118 2427 ipsis
1159 2359 1382 2426 primam
1430 2357 1737 2426 opinionem
1763 2370 1792 2410 a
1821 2355 1908 2409 di-

320 2450 525 2520 gnitate
540 2463 631 2503 sua
658 2449 837 2519 procul
861 2450 1068 2502 abesse.
1095 2446 1218 2502 Ideo
1237 2447 1392 2500 aliam
1412 2445 1479 2500 ab
1504 2446 1632 2516 ipsis
1652 2445 1902 2515 exquirit,

318 2549 377 2597 et
402 2540 692 2596 secundam
719 2540 922 2610 profert
949 2540 1438 2610 interrogationem,
1482 2552 1549 2592 ne
1581 2553 1701 2592 cum
1726 2535 1906 2590 multis

320 2635 610 2700 sentirent,
639 2635 727 2705 qui
756 2634 1006 2704 quoniam
1036 2635 1186 2704 signa
1215 2632 1456 2687 viderant
1497 2631 1700 2702 majora
1744 2643 1902 2700 quam

317 2742 444 2797 qua:
466 2726 667 2781 homini
691 2736 998 2797 competere
1025 2736 1262 2796 possent,
1304 2725 1571 2780 hominem
1593 2721 1807 2794 quidem
1839 2721 1905 2775 il-

317 2821 431 2874 lum
474 2834 593 2874 esse
623 2820 896 2888 putabant,
940 2819 1033 2874 sed
1079 2834 1142 2874 ex
1191 2818 1414 2873 mortuis
1441 2817 1818 2880 resurrcxisse,
1851 2811 1904 2867 id

315 2910 461 2980 quod
489 2909 701 2965 dicebat
729 2907 988 2965 Herodes.
1020 2909 1125 2964 Sed
1155 2909 1243 2963 ille
1261 2909 1407 2980 ipsos
1430 2922 1459 2960 a
1488 2907 1574 2961 tali
1601 2905 1905 2976 suspicione

316 3002 592 3056 abducens
620 3003 727 3055 ait:
767 3001 868 3056 Vos
888 3011 1056 3054 autem
1083 3017 1228 3072 quem
1249 3016 1327 3054 me
1347 3016 1450 3054 esse
1478 2999 1684 3052 dicitis?
1713 2998 1767 3052 Id
1797 3005 1898 3064 est,

313 3093 420 3161 Qui
451 3107 666 3162 semper
692 3107 900 3148 mecum
929 3092 1060 3147 estis
1097 3101 1149 3146 et
1179 3091 1434 3146 miracula
1464 3089 1710 3145 edentem
1755 3088 1905 3142 vidc-

316 3187 409 3250 tis,
441 3187 528 3256 qui
563 3193 615 3240 ct
656 3186 754 3255 ipsi
787 3200 882 3255 per
910 3201 996 3240 me
1038 3185 1260 3240 virtutes
1290 3183 1485 3238 multas
1515 3181 1736 3238 fecistis.
1764 3180 1901 3248 Quid

311 3278 479 3349 igitur
507 3293 568 3332 os
587 3279 949 3348 apostolorum
974 3278 1201 3333 Petrus?
1227 3278 1448 3346 Semper
1477 3277 1711 3343 fervens,
1747 3275 1899 3332 chori

309 3369 595 3438 apostolici
623 3369 959 3440 corypharus,
979 3369 1226 3424 omnibus
1257 3368 1616 3439 interrogatis,
1662 3368 1774 3436 ipse
1808 3381 1900 3422 re-

310 3461 564 3529 spondet.
611 3459 827 3516 Etcum
867 3459 934 3516 de
979 3461 1241 3516 sententia
1285 3461 1462 3532 pepuli
1516 3461 1898 3524 sciscitaretur,

311 3568 505 3607 omnes
535 3553 957 3622 responderunt:
989 3569 1110 3608 cum
1141 3563 1318 3608 autem
1336 3553 1402 3607 de
1422 3568 1514 3608 sua
1548 3569 1640 3606 eos
1667 3559 1896 3621 rogaret,

312 3643 508 3698 Petrus
539 3644 747 3711 prosilit
788 3655 842 3698 et
879 3645 1170 3713 praevertit,
1213 3644 1422 3714 aitque:
1450 3643 1535 3698 16.
1573 3643 1648 3695 Tu
1679 3660 1728 3696 es
1753 3641 1902 3696 Chri-

310 3744 420 3788 stus
445 3733 611 3788 Filius
635 3733 730 3788 Dei
750 3735 864 3788 vivi.
885 3734 1020 3802 Quid
1047 3749 1174 3806 ergo
1196 3733 1476 3788 Christus?
1500 3735 1584 3789 I7.
1616 3731 1804 3786 Beatus
1824 3748 1896 3797 es,

313 3824 495 3879 Simon
514 3823 802 3892 Bar-Jona,
820 3826 938 3895 quia
967 3841 1086 3878 caro
1119 3837 1166 3879 et
1191 3825 1396 3896 sanguis
1416 3841 1515 3878 non
1533 3824 1766 3878 reuelauit
1787 3823 1895 3876 tibi.

313 3917 474 3985 Atqui
509 3917 608 3969 nisi
635 3915 825 3971 Petrus
855 3916 932 3971 sic
958 3917 1129 3985 ipsum
1157 3931 1285 3972 vere
1309 3917 1590 3972 confessus
1618 3915 1824 3980 fuisset,
1843 3922 1900 3968 ut

309 4009 381 4063 ab
411 4010 529 4078 ipso
557 4009 714 4064 Patre
758 4011 1020 4080 genitum,
1064 4027 1170 4065 non
1210 4010 1394 4066 fuisset
1424 4011 1524 4066 hoc
1561 4009 1897 4066 revelationis

309 4114 468 4169 opus,
498 4101 542 4152 si
572 4116 736 4154 unum
767 4117 829 4156 es
860 4102 1038 4156 multis
1066 4101 1212 4156 illum
1241 4117 1364 4158 esse
1386 4111 1639 4172 putasset,
1663 4116 1765 4156 non
1784 4109 1898 4156 erat

309 4191 442 4244 illud
476 4190 804 4246 beatitudine
830 4191 1068 4262 dignum.
1099 4193 1309 4247 Etenim
1334 4194 1445 4262 jam
1473 4202 1625 4246 antea
1649 4192 1898 4246 dicebant

310 4282 346 4335 ii
370 4283 460 4350 qui
501 4281 554 4334 in
582 4282 792 4352 navigio
817 4292 972 4338 erant
998 4293 1112 4354 post
1145 4293 1538 4354 tempestatem,
1579 4282 1705 4338 Vere
1728 4282 1896 4337 Filius

309 4370 411 4426 Dei
452 4382 524 4426 est
565 4373 647 4426 hic
697 4373 910 4441 (Matth.
946 4376 1030 4430 It.
1064 4377 1181 4441 33),
1227 4391 1328 4431 nec
1371 4385 1546 4431 tamen
1586 4375 1726 4431 beati
1768 4375 1894 4430 dicti

307 4471 460 4529 sunt,
490 4465 592 4519 etsi
615 4479 743 4519 vere
771 4465 1018 4520 dixerint.
1052 4465 1167 4521 Non
1194 4466 1334 4520 enim
1368 4467 1444 4521 sic
1474 4465 1685 4531 Filium,
1715 4475 1773 4518 ut
1798 4465 1897 4520 Pe-

310 4563 448 4618 trus,
476 4553 709 4609 confessi
732 4564 892 4621 sunt;
923 4555 1016 4610 sed
1047 4573 1208 4611 unum
1239 4573 1304 4611 ex
1337 4558 1515 4612 multis
1540 4573 1664 4613 vere
1703 4556 1894 4611 Filium

308 4660 433 4700 esse
464 4645 740 4714 putabant,
768 4646 1021 4701 eximium
1052 4647 1266 4718 quidem
1299 4647 1436 4704 inter
1465 4648 1682 4713 multos,
1713 4656 1898 4702 necta-

310 4751 438 4791 men
467 4751 532 4790 es
567 4735 679 4804 ipsa
711 4737 886 4792 Patris
911 4738 1224 4793 substantia.

380 4825 435 4879 2.
471 4824 653 4880 Petrus
679 4844 772 4880 cur
797 4827 968 4883 beatus
1013 4829 1230 4882 dicatur.
1276 4830 1773 4885 Consubstantialitas
1804 4832 1898 4885 de-

307 4925 643 4970 monstratur.
675 4917 784 4972 Sub
804 4919 905 4986 ï¬ne
936 4919 1087 4988 huius
1117 4922 1331 4986 numeri,
1384 4923 1610 4975 Anomaei
1636 4933 1682 4975 et
1717 4922 1898 4975 Ariani

307 5008 712 5076 redarguuntnr.
734 5037 803 5048 --
826 5007 1119 5063 Nathanael
1147 5025 1357 5079 queque
1382 5011 1610 5073 dicebat,
1640 5009 1818 5073 Rabiri,
1844 5021 1897 5063 tu

307 5114 360 5149 es
384 5095 556 5151 Filius
585 5096 700 5161 Dei,
754 5107 808 5151 tu
841 5115 892 5151 es
926 5115 1016 5153 rex
1064 5098 1232 5154 Israel
1260 5099 1452 5170 (Joan.
1485 5101 1534 5154 I.
1562 5101 1630 5156 49
1718 5101 1898 5170 Neque

307 5187 482 5241 solum
530 5201 636 5242 non
681 5188 866 5241 beatus
889 5188 1112 5247 dicitur:
1159 5205 1342 5244 verum
1372 5191 1533 5265 etiam
1559 5193 1708 5261 quasi
1732 5193 1898 5245 multo

310 5281 566 5336 inferiora
603 5295 763 5350 quam
803 5285 1084 5351 oportebat
1119 5284 1360 5350 dixisset,
1406 5285 1584 5338 abillo
1625 5285 1897 5354 redargui-

309 5385 395 5429 tur
431 5393 445 5428 :
483 5374 769 5444 subjunxit
820 5376 996 5441 enim,
1047 5377 1180 5442 Quia
1226 5376 1338 5430 dixi
1395 5376 1516 5441 tibi,
1572 5375 1687 5429 Vidi
1729 5389 1776 5430 te
1809 5376 1897 5431 sub

306 5467 430 5534 ï¬cu,
459 5468 665 5532 credis;
692 5469 890 5538 majora
913 5468 990 5522 his
1015 5469 1201 5522 videbis
1225 5466 1413 5542 (Jaan.
1449 5471 1498 5522 I.
1519 5469 1644 5538 50).
1671 5469 1777 5523 Cur
1798 5469 1896 5538 igi-

308 5565 390 5610 tur
421 5558 613 5612 Petrus
645 5557 834 5612 beatus
854 5557 1091 5612 dicitur?
1119 5559 1250 5624 Quia
1288 5559 1434 5613 illum
1469 5561 1677 5629 prppria
1708 5559 1899 5614 Filium

307 5649 585 5704 confessus
612 5657 716 5704 est.
765 5646 968 5704 Idcirco
998 5648 1102 5702 illis
1125 5665 1408 5717 numquam
1449 5650 1690 5704 Christus
1727 5650 1902 5704 simile

308 5740 580 5812 quidpiam
603 5739 742 5795 dixit
765 5755 779 5792 :
810 5739 896 5795 hic
919 5748 1096 5795 autem
1121 5741 1279 5795 etiam
1307 5757 1428 5796 eum
1452 5742 1538 5813 qui
1570 5742 1900 5800 revelaverat

645 5855 921 5914 PATROI..
972 5853 1087 5914 Gn.
1145 5853 1358 5916 LVIII.

1337 313 1400 370 IN
1439 313 1847 371 MATTHEUM
1889 313 2118 370 IIOMIL.
2166 315 2295 372 LIV.
2338 317 2408 371 al.
2452 317 2560 372 LV.

3521 321 3624 379 553

2036 427 2343 484 declaravit.
2367 428 2498 486 Nam
2527 445 2594 487 ne
2620 430 2828 501 plurimi
2859 431 3139 487 crederent
3177 447 3296 488 eum
3318 433 3439 505 quia
3465 435 3624 491 Chri-

2036 533 2174 574 smm
2206 520 2472 577 ferventer
2497 523 2708 578 amabat
2733 567 2747 589 ,
2778 525 2975 580 amoris
3017 535 3072 580 et
3109 527 3428 582 adulationis
3449 529 3613 583 verba

2036 610 2337 680 protulisse,
2367 621 2528 684 atque
2548 629 2613 670 ex
2635 613 2824 670 aliâ€˜ectu
2851 625 2903 670 et
2917 619 3104 685 gratia,
3131 617 3183 671 iu
3206 617 3440 674 medium
3464 619 3618 675 alfcrt

2031 720 2154 760 eum
2182 706 2269 776 qui
2289 707 2340 761 id
2371 707 2443 762 illi
2471 708 2818 779 iuspiraverat
2846 728 2860 765 :
2889 718 2946 764 ut
2977 709 3172 774 discas,
3201 711 3415 768 Petrum
3448 714 3614 768 verba

2033 798 2339 866 protulisse,
2364 797 2575 854 Patrem
2607 815 2735 855 vero
2759 800 2989 856 dictasse
3015 817 3029 853 :
3059 811 3241 856 utnon
3269 803 3402 857 ultra
3428 805 3616 859 crede-

2030 901 2117 942 res
2141 887 2424 944 humanam
2445 890 2751 960 opinionem
2781 891 2867 946 illa
2897 907 3018 947 esse
3035 907 3154 962 qua:
3182 893 3320 949 dicta
3346 903 3489 959 sunt,
3517 897 3609 951 scd

2028 977 2264 1034 divinum
2303 980 2513 1051 dogma.
2537 979 2644 1036 Cur
2665 990 2842 1037 autem
2884 999 2989 1037 non
3029 983 3081 1038 id
3129 985 3242 1055 ipse
3272 989 3606 1056 pronuntiat,

2028 1085 2126 1125 nec
2146 1069 2294 1134 dicit,
2327 1072 2437 1142 Ego
2463 1087 2580 1126 sum
2601 1071 2842 1128 Christus
2867 1092 2879 1126 :
2911 1073 3002 1129 sed
3029 1089 3123 1144 per
3143 1076 3607 1146 interrogationem

2026 1162 2154 1217 illud
2184 1174 2436 1234 apparat,
2464 1174 2523 1219 Î¹Î¹Î¹
2551 1165 2670 1220 illos
2697 1165 2914 1221 inducat
2939 1166 3005 1221 ad
3054 1168 3448 1223 confitendum?
3466 1170 3607 1236 Quo-

2025 1253 2165 1307 niam
2196 1254 2324 1309 illud
2353 1264 2408 1310 et
2435 1255 2536 1325 ipsi
2559 1257 2958 1326 congruentius,
2981 1266 3032 1312 et
3062 1257 3229 1328 magis
3249 1262 3602 1316 necessarium

2023 1355 2156 1413 erat,
2185 1347 2406 1417 illosque
2431 1348 2596 1417 magis
2619 1349 2686 1402 ad
2709 1348 2864 1404 fidem
2886 1363 3072 1405 eorum
3095 1365 3212 1420 qua:
3237 1351 3374 1406 dicta
3398 1352 3605 1408 fuerant

2021 1437 2342 1490 attraltebat.
2386 1437 2572 1492 Videnâ€˜
2629 1440 2897 1507 quomodo
2939 1439 3127 1495 Filium
3170 1442 3370 1496 revelat
3411 1441 3605 1498 Pater?

2019 1527 2286 1598 quomodo
2309 1527 2518 1584 Patrem
2546 1530 2753 1583 Filius?
2784 1529 2962 1600 Neque
3000 1529 3226 1597 Patrem,
3261 1533 3450 1603 inquit,
3491 1537 3604 1601 quis

2018 1623 2155 1676 novit
2180 1623 2276 1692 nisi
2303 1621 2488 1688 Filius,
2533 1634 2580 1677 et
2610 1626 2692 1678 cui
2723 1624 2932 1678 voluerit
2961 1623 3131 1679 Filius
3165 1627 3387 1680 reuelare
3427 1631 3444 1696 (
3473 1625 3596 1681 Luc.

2018 1714 2105 1769 IO.
2132 1714 2254 1787 22).
2285 1713 2402 1770 Non
2441 1730 2569 1786 ergo
2596 1731 2880 1786 possumus
2926 1716 3142 1772 aliunde
3167 1732 3491 1788 cognoscere
3517 1719 3604 1773 Fi-

2016 1804 2165 1869 lium,
2195 1821 2352 1875 quam
2389 1821 2485 1876 per
2510 1807 2681 1876 ipsum
2709 1807 2942 1874 Patrem,
2977 1823 3150 1878 neque
3174 1808 3410 1875 Patrem,
3442 1825 3600 1880 quam

2016 1912 2110 1965 per
2151 1898 2320 1966 ipsum
2354 1897 2563 1952 Filium.
2615 1899 2794 1969 Itaque
2822 1899 2943 1954 inde
2983 1909 3037 1954 et
3082 1900 3300 1956 honoris
3329 1903 3602 1971 :cqualitas

2015 1998 2068 2043 et
2098 1989 2620 2044 consubstantialitas
2642 1991 3056 2047 demonstratur.
3105 1992 3239 2059 Quid
3271 1993 3427 2063 igitur
3448 1993 3601 2048 Chri-

2013 2081 2164 2135 stus?
2196 2081 2271 2134 Tu
2309 2098 2359 2135 es
2395 2082 2574 2137 Simon
2609 2083 2744 2151 [ilius
2781 2082 2953 2148 Iona;
2995 2095 3048 2136 tu
3091 2085 3342 2138 vocaberis
3376 2083 3593 2151 Cephas.

2011 2171 2142 2237 Quia
2165 2171 2327 2237 enim,
2351 2171 2537 2242 inquit,
2559 2173 2766 2228 Patrem
2790 2189 2963 2228 meum
2989 2173 3305 2243 przcdicasti,
3331 2190 3430 2245 ego
3451 2177 3596 2231 illum

2012 2268 2228 2321 nomino
2256 2267 2344 2337 qui
2371 2277 2421 2322 te
2459 2267 2643 2338 genuit
2675 2285 2688 2321 :
2716 2283 2778 2322 ac
2806 2268 2850 2322 si
2887 2267 3111 2335 diceret,
3159 2267 3307 2323 Sicut
3357 2277 3412 2323 tu
3461 2270 3596 2324 lilitts

2009 2357 2164 2426 Jona,
2195 2359 2273 2414 sic
2293 2375 2394 2430 ego
2420 2360 2593 2416 Patris
2620 2362 2721 2415 mei
2754 2361 2940 2416 Filius.
2971 2361 3103 2416 Nam
3144 2377 3594 2432 supervacaneum

2011 2451 2198 2509 fuisset
2225 2453 2426 2521 dicere,
2455 2451 2533 2507 Tu
2559 2470 2610 2508 es
2647 2453 2784 2523 ï¬lius
2830 2453 2968 2508 Jona
2999 2469 3016 2508 :
3045 2454 3138 2509 sed
3167 2455 3287 2525 quia
3334 2455 3423 2511 ille
3463 2455 3599 2511 dixit

2008 2541 2198 2598 Filium
2225 2545 2337 2608 Dei,
2372 2553 2429 2598 ut
2467 2544 2793 2610 ostenderet,
2829 2545 3001 2614 ipsum
3029 2559 3147 2600 esse
3186 2545 3273 2599 Dei
3303 2545 3514 2610 Filium,
3541 2557 3598 2600 ut

2009 2634 2098 2690 ille
2146 2635 2286 2690 filius
2306 2644 2418 2689 erat
2447 2634 2576 2690 Jona
2596 2677 2610 2700 ,
2640 2635 2880 2706 ejusdem
2911 2651 3031 2690 cum
3062 2644 3211 2705 patre
3249 2635 3590 2699 substantiar,

2007 2725 2128 2781 ideo
2156 2725 2282 2780 illud
2321 2725 2539 2780 addidit.
2573 2725 2660 2781 18.
2703 2725 2768 2778 Et
2817 2741 2907 2796 ego
2940 2726 3054 2778 dico
3079 2726 3185 2792 tibi,
3227 2736 3278 2779 tu
3305 2743 3357 2780 es
3389 2725 3588 2790 Petrus,

2007 2827 2054 2871 et
2076 2834 2227 2889 super
2250 2818 2380 2872 hanc
2399 2827 2591 2890 petram
2618 2817 2877 2887 cdiï¬cabo
2901 2816 3177 2871 Ecclesium
3202 2834 3384 2881 meam,
3404 2817 3454 2872 id
3482 2830 3584 2878 est.

2007 2921 2166 2978 super
2191 2908 2347 2963 fidem
2376 2907 2749 2964 confessionis.
2797 2906 2931 2962 IIiuc
2975 2907 3206 2962 declarat
3247 2909 3441 2963 multos
3469 2923 3590 2964 esse

2004 2999 2320 3065 credituros,
2349 3001 2569 3069 ejusque
2598 3013 2811 3053 sensum
2841 2999 3012 3070 erigit,
3039 3008 3092 3053 ct
3123 3007 3386 3066 pastorem
3418 3001 3588 3069 ipsum

2004 3092 2295 3148 constituit.
2341 3091 2407 3145 Et
2449 3101 2608 3161 porta:
2641 3091 2794 3162 inferi
2833 3108 2933 3146 non
2978 3091 3314 3160 prmulebunt
3350 3093 3590 3147 adversus

2004 3200 2133 3237 eam.
2165 3183 2220 3240 Si
2247 3199 2377 3239 vero
2422 3184 2677 3239 adversus
2708 3199 2826 3238 eam
2865 3199 2968 3237 non
3010 3183 3394 3253 prmvalelntttt,
3424 3183 3590 3237 multo

2004 3276 2179 3330 minus
2214 3275 2496 3331 adversum
2525 3291 2609 3329 me
2637 3275 3017 3345 praevalebunt.
3042 3274 3220 3343 Itaque
3244 3289 3310 3328 ne
3335 3273 3584 3336 turheris,

2003 3380 2124 3420 cum
2152 3365 2336 3420 audies
2371 3381 2456 3419 me
2483 3366 2732 3420 traditum
2759 3374 2813 3420 et
2859 3364 3172 3419 crucifixum
3201 3380 3338 3418 esse.
3388 3364 3589 3419 Deinde

2004 3459 2229 3512 alterum
2258 3456 2387 3512 dicit
2413 3456 2669 3512 honorem
2707 3474 2720 3510 :
2753 3455 2836 3512 19.
2871 3454 2981 3527 Ego
3014 3467 3181 3510 autem
3198 3456 3332 3510 dabo
3357 3456 3445 3508 tibi
3483 3457 3591 3509 cla-

2003 3563 2084 3601 ves
2110 3548 2253 3618 regni
2275 3548 2532 3602 caelorum.
2551 3547 2686 3615 Quid
2713 3548 2974 3618 siguilicat
3003 3547 3152 3612 illttd,
3184 3547 3290 3618 Ego
3310 3557 3475 3600 autem
3502 3547 3600 3599 tibi

2003 3642 2174 3696 dabo?
2198 3641 2654 3710 Quemadmodum
2681 3641 2840 3696 Pater
2868 3643 2959 3695 tibi
2982 3642 3129 3696 dedit
3177 3653 3233 3695 ut
3276 3657 3360 3695 me
3386 3655 3586 3711 Cogno-

2002 3749 2200 3802 sceres,
2233 3734 2310 3788 sic
2333 3743 2387 3789 et
2414 3749 2512 3805 ego
2544 3734 2635 3789 tibi
2661 3733 2820 3790 dabo.
2846 3733 3030 3803 Neque
3055 3734 3206 3796 dixit,
3239 3733 3457 3804 Rogabo
3484 3733 3552 3786 Pa
3573 3761 3586 3770 -

2002 3833 2160 3890 trem,
2191 3824 2395 3879 etiamsi
2423 3837 2611 3893 magna
2653 3833 2794 3878 esset
2840 3825 3116 3892 potestatis
3162 3821 3582 3884 demonstratio,

2001 3931 2056 3976 et
2075 3921 2199 3975 doni
2223 3920 2528 3990 magnitudo
2550 3919 2826 3975 ineliabilis
2845 3937 2860 3984 ;
2881 3920 2994 3985 sed,
3025 3917 3132 3990 Ego
3153 3919 3281 3973 dabo
3303 3920 3406 3973 tibi.
3426 3921 3582 3987 Quid,

2001 4026 2182 4082 quteso
2202 4054 2216 4076 ,
2238 4011 2374 4065 das?
2395 4009 2569 4065 Claves
2589 4011 2730 4082 regni
2751 4010 2988 4064 caâ€™lorum
3019 4025 3037 4064 :
3073 4019 3119 4063 et
3164 4027 3484 4082 quaecumque
3521 4013 3554 4066 li
3571 4045 3583 4053 -

2000 4104 2194 4175 gaveris
2217 4120 2368 4173 super
2394 4111 2610 4169 terram,
2650 4112 2796 4156 erunt
2817 4103 2974 4173 ligata
2999 4111 3045 4156 et
3083 4103 3136 4156 in
3156 4103 3292 4158 caelis
3326 4119 3344 4155 :
3376 4115 3420 4156 et
3450 4121 3587 4173 qua:-

2001 4211 2214 4266 cumque
2236 4196 2440 4249 solveris
2465 4211 2615 4264 super
2644 4203 2849 4261 terram,
2879 4205 3021 4249 erunt
3055 4196 3222 4249 soluta
3259 4206 3302 4250 et
3345 4197 3396 4250 in
3427 4199 3583 4251 ctrlis.

2001 4285 2277 4354 Quomodo
2324 4286 2495 4356 igitur.
2520 4302 2622 4339 non
2660 4286 2777 4354 ejus
2816 4287 2937 4352 erit,
2991 4297 3046 4340 ut
3080 4303 3108 4341 a
3153 4288 3354 4342 dextris
3377 4297 3431 4342 ct
3454 4290 3586 4343 sini-

2002 4377 2128 4432 stris
2148 4377 2333 4431 sedere
2362 4377 2639 4444 concedat,
2672 4378 2760 4446 qui
2790 4376 2943 4441 dixit,
2973 4375 3085 4449 Ego
3105 4378 3192 4430 tibi
3218 4378 3384 4432 dabo?
3406 4379 3591 4434 Videnâ€™

2002 4469 2271 4539 quomodo
2297 4471 2361 4524 ad
2391 4469 2752 4524 sublimiorem
2798 4469 2865 4524 de
2921 4484 2980 4525 se
3033 4471 3340 4538 opinionem
3370 4471 3586 4526 Petrum

2001 4561 2191 4630 erigat,
2218 4569 2273 4615 et
2300 4561 2532 4628 scipsum
2558 4560 2778 4624 revelet,
2805 4573 2867 4613 ac
2895 4573 2989 4627 per
3014 4559 3172 4613 hasce
3199 4563 3328 4614 duas
3357 4561 3585 4628 promis-

2001 4653 2180 4708 siones
2200 4666 2258 4706 se
2287 4651 2478 4705 Filium
2511 4651 2601 4706 Dei
2631 4665 2748 4706 esse
2769 4648 3049 4704 ostendat?
3066 4649 3194 4702 Nam
3224 4664 3341 4718 qua:
3363 4651 3453 4706 uni
3476 4650 3588 4705 Deo

2001 4752 2126 4796 sunt
2158 4745 2387 4810 propria,
2419 4755 2610 4810 nempe
2653 4748 2864 4809 peccata
2917 4739 3145 4805 solvere,
3193 4739 3484 4794 Ecclesiam
3533 4740 3584 4793 in

2005 4845 2150 4888 tanto
2181 4833 2432 4888 fluctuum
2481 4846 2740 4886 concursu
2787 4832 3058 4885 immotam
3109 4830 3362 4896 reddere,
3410 4831 3586 4886 homi-

2004 4941 2229 4996 nemque
2260 4926 2572 4994 piscatorem
2610 4933 2720 4978 toto
2759 4925 3102 4994 impugnante
3144 4925 3274 4979 orbe
3317 4933 3462 4993 petra
3494 4927 3587 4977 lir-

2003 5022 2226 5073 miorem
2260 5017 2506 5079 reddere,
2545 5016 2661 5071 hmc
2689 5032 2747 5070 se
2787 5015 2858 5070 illi
2897 5017 3140 5072 daturum
3181 5015 3460 5087 pollicetur
3489 5037 3500 5071 :
3533 5028 3587 5071 ut

2005 5109 2161 5163 Pater
2185 5106 2470 5162 Jeremiam
2495 5105 2771 5175 alloquens
2795 5105 3022 5172 dicebat,
3063 5123 3119 5162 se
3162 5109 3399 5176 posuisse
3441 5109 3584 5162 illum

2001 5200 2140 5251 sicut
2166 5197 2466 5251 columnam
2494 5210 2686 5249 aeream
2716 5203 2769 5248 et
2788 5195 2922 5248 sicut
2948 5210 3155 5249 murum
3189 5197 3336 5266 (Î»ÎµÎ½.
3367 5198 3414 5249 Î™.
3445 5197 3508 5250 18
3535 5199 3582 5264 )Í¾

2002 5289 2095 5343 sed
2119 5288 2262 5342 illum
2288 5287 2375 5340 uni
2406 5285 2570 5354 genti,
2599 5285 2742 5339 hunc
2761 5293 2937 5339 autem
2963 5285 3012 5339 iu
3051 5285 3298 5340 universo
3325 5295 3582 5340 terrarum

2004 5381 2160 5438 orbe.
2182 5379 2434 5434 Libenter
2458 5393 2750 5449 quaererem
2773 5378 2924 5433 abiis
2967 5373 3055 5447 qui
3087 5379 3426 5433 imminutam
3469 5379 3583 5433 Filii

2005 5467 2329 5538 dignitatem
2355 5465 2565 5527 volunt,
2589 5481 2707 5534 quae
2725 5465 2932 5533 majora
2958 5465 3067 5516 sint
3082 5466 3244 5531 dona,
3261 5483 3326 5521 an
3343 5484 3462 5538 quzr
3482 5469 3580 5524 Pa-

2013 5566 2116 5622 ter,
2130 5573 2196 5611 an
2217 5572 2336 5627 qua:
2348 5556 2518 5611 Filius
2532 5555 2693 5610 Petro
2707 5552 3014 5609 dedit.Nam
3034 5553 3576 5617 Paterrevclatiouem

2016 5649 2135 5702 Filii
2154 5648 2312 5702 Petro
2325 5648 2493 5714 dedit;
2521 5647 2691 5700 Filius
2709 5661 2837 5702 vero
2854 5656 2904 5699 et
2924 5646 3097 5701 Patris
3114 5657 3163 5700 et
3187 5650 3269 5702 sui
3297 5649 3465 5718 ipsius
3487 5665 3576 5703 co-

2015 5742 2307 5810 gnitioncm
2348 5749 2624 5812 pcrlotum
2659 5740 2842 5796 orbem
2873 5737 2946 5792 illi
2970 5738 3326 5796 disseminare
3348 5742 3577 5796 commi-

3240 5853 3278 5915 5
