4028 6152
462 305 528 360 35
1131 289 1186 342 s.
1226 281 1509 344 tos-suis
1544 271 2035 334 ettutsosrout
2080 267 2947 328 ARClllEP.C0.\'STANTl-NOP.
3589 262 3697 318 53¢;

428 420 520 484 sit,
553 432 616 472 ac
657 411 871 469 mortali
911 407 1114 464 homini
1153 417 1370 459 omnem
1405 399 1457 454 in
1501 397 1636 452 caelo
1671 401 1994 464 potestatem

431 512 600 576 dedit,
631 509 757 563 dum
809 505 988 560 claves
1031 500 1106 554 illi
1138 497 1384 558 tradidit,
1439 494 1529 563 qui
1566 489 1862 544 Ecclesiam
1906 501 1999 555 per

434 613 607 656 totum
647 600 834 654 orbem
872 605 1136 650 terrarum
1165 587 1428 652 extendit,
1451 595 1506 639 ct
1534 583 1678 638 caelis
1709 580 2001 636 ﬁrmiorem

436 693 762 750 monstravit
800 709 816 746 :
853 705 978 743 nam
1028 687 1124 750 ait,
1159 682 1356 739 Caelum
1403 689 1450 734 et
1482 689 1630 732 terra
1661 676 2006 738 transibunt;

437 787 591 842 verba
621 796 790 840 autem
814 799 926 835 mea
951 796 1053 833 non
1075 774 1374 831 transibunt
1413 771 1492 843 (Μ
1499 772 1609 824 ath.
1629 771 1718 824 ‘24.
1739 766 2006 837 55).Quo-

438 877 604 934 modo
631 891 759 946 ergo
789 874 968 929 minor
997 872 1042 925 is
1068 871 1160 940 qui
1188 869 1314 922 talia
1337 866 1503 930 dedit,
1527 864 1618 933 qui
1651 862 1775 916 talia
1799 860 1925 914 fecit
1947 858 1965 890 ¹
1988 858 2012 911 τ

440 969 566 1026 Haec
601 985 762 1040 porro
791 968 936 1030 dico,
972 979 1077 1018 non
1112 961 1259 1030 quod
1285 959 1466 1013 Patris
1504 968 1557 1012 et
1580 956 1700 1010 Filii
1729 969 1893 1024 opera
1927 951 2013 1005 di-

440 1063 621 1118 vidam
649 1081 660 1116 :
689 1061 882 1116 Omnia
907 1059 1042 1112 enim
1065 1072 1156 1125 per
1185 1041 1355 1124 ipsum
1381 1051 1528 1120 [acta
1545 1058 1748 1113 sunt,et
1772 1047 2012 1113 sineipso

445 1156 643 1225 factum
690 1164 765 1208 est
802 1151 935 1205 nihil
973 1148 1162 1219 (Joan.
1196 1149 1248 1202 1.
1277 1147 1366 1214 5);
1417 1146 1510 1198 sed
1549 1153 1608 1196 ut
1646 1141 2014 1210 impudentem

448 1247 666 1301 illorum
686 1245 924 1313 linguam
943 1241 1254 1310 reprimam,
1269 1235 1502 1306 quitalia
1521 1231 1765 1304 proferre
1785 1230 2011 1284 audent.

503 1341 557 1393 5.
601 1335 704 1389 Cur
745 1312 974 1387 Christus
1015 1336 1131 1381 ante
1175 1337 1460 1394 passionem
1512 1334 1565 1371 se
1619 1331 1725 1370 esse
1761 1312 2020 1368 Christum

434 1427 726 1500 pervulgari
767 1423 999 1478 noluerit.
1030 1419 1171 1472 Petri
1213 1416 1426 1483 ﬁrmitas
1459 1417 1570 1480 post
1599 1422 1818 1460 crucem.
1847 1433 1915 1443 —-
1939 1401 2020 1455 Ex

438 1520 523 1574 his
563 1493 810 1572 omnibus
846 1513 959 1582 ejus
1002 1507 1289 1581 potentiam
1339 1499 1724 1557 animadverte.
1770 1494 1880 1566 Ego
1934 1493 2022 1546 tibi

436 1612 568 1675 dico,
601 1617 655 1661 tu
680 1623 732 1660 es
764 1605 980 1665 Petrus;
1014 1617 1102 1670 cgo
1144 1594 1408 1665 aediﬁcabo
1455 1590 1736 1646 Ecclesium
1760 1605 1778 1652 ;
1815 1603 1905 1656 ego
1935 1585 2024 1638 tibi

437 1702 566 1756 dabo
592 1681 753 1754 claves
772 1695 1032 1752 rectorum.
1060 1691 1131 1744 Et
1155 1689 1245 1745 20.
1271 1697 1409 1752 tunc,
1435 1699 1556 1739 cum
1605 1683 1720 1736 haec
1765 1679 2021 1742 dixisset,

439 1794 673 1864 pracepit
702 1791 794 1853 eis,
815 1799 869 1843 ut
891 1785 1077 1840 nemini
1104 1783 1323 1838 dicerent
1342 1776 1475 1848 quod
1491 1777 1599 1844 ipse
1623 1781 1748 1826 esset
1769 1768 2021 1825 Christus.

439 1861 506 1942 Et
541 1861 638 1941 cur
666 1879 957 1953 praecepit?
989 1876 1054 1932 Ut
1081 1871 1347 1928 scandalis
1372 1869 1436 1922 de
1468 1866 1644 1921 medio
1665 1861 1887 1917 sublatis
1910 1899 1925 1924 ,
1973 1865 2028 1912 et

440 1991 599 2032 cruce
625 1985 786 2045 atque
810 1972 949 2035 aliis,
979 1982 1100 2039 qure
1138 1977 1325 2035 passus
1354 1970 1457 2024 est,
1480 1953 1882 2018 consummatis,
1907 1951 2028 2006 nul-

442 2069 600 2137 loque
629 2041 842 2119 demum
868 2065 1122 2122 restante,
1140 2051 1287 2124 quod
1313 2051 1398 2106 vel
1420 2047 1721 2118 impediret,
1743 2042 1825 2097 vel
1855 2041 2030 2096 turba-

444 2168 526 2214 ret
557 2157 715 2211 ﬁdem
755 2155 808 2208 in
837 2152 1008 2222 ipsum
1051 2164 1080 2203 a
1127 2145 1308 2202 multis
1344 2148 1642 2209 susceptam
1669 2179 1683 2202 ,
1723 2137 1930 2190 sincera
1977 2141 2033 2188 et

447 2246 735 2304 immobilis
773 2244 914 2298 circa
960 2241 1132 2309 ipsum
1184 2234 1365 2305 opinio
1403 2232 1454 2285 in
1494 2229 1792 2284 auditorum
1842 2223 2034 2280 animis

449 2337 866 2408 imprimeretur.
890 2329 1134 2389 Nondum
1164 2327 1305 2381 enim
1335 2323 1500 2395 ipsius
1533 2321 1698 2374 virtus
1745 2317 1888 2372 clare
1930 2312 2034 2367 ful-

449 2406 614 2486 serat.
651 2407 879 2497 Ideoque
911 2432 1034 2478 tunc
1067 2419 1134 2474 ab
1179 2418 1284 2473 illis
1327 2430 1444 2470 eam
1487 2409 1762 2484 praidicari
1786 2406 2033 2472 volebat,

453 2539 576 2580 eum
605 2530 657 2578 et
687 2520 827 2575 clara
879 2529 1058 2571 rerum
1089 2512 1305 2574 veritas,
1349 2516 1405 2562 et
1445 2513 1714 2576 gestorum
1745 2499 1822 2553 vis
1849 2510 2038 2566 magna

453 2613 816 2686 apostolorum
849 2609 1004 2663 dictis
1026 2603 1502 2676 patrocinarentur.
1533 2595 1646 2650 Non
1673 2592 1815 2647 enim
1836 2587 2041 2658 azquale

455 2721 592 2779 erat,
627 2711 800 2780 ipsum
848 2704 1027 2760 videre
1069 2702 1121 2756 in
1161 2696 1443 2754 Palatsﬁna
1488 2705 1628 2746 nunc
1667 2685 1920 2744 miracula
1951 2698 2043 2753 pa-

457 2815 708 2866 trantem,
733 2812 872 2855 nunc
896 2792 1230 2852 contumeliis
1254 2788 1498 2843 aﬁ'ectum
1542 2792 1598 2840 et
1643 2781 1851 2852 pulsum
1875 2794 1890 2843 ;
1922 2791 2042 2831 cum

460 2893 690 2949 maxime
708 2904 837 2946 crux
865 2885 1117 2941 miracula
1141 2881 1228 2937 illa
1254 2885 1538 2947 exceptura
1560 2881 1735 2936 esset;
1768 2871 2046 2940 ipsumque

460 2984 765 3058 perspicere
795 2980 919 3034 dum
946 2975 1141 3044 ubique
1169 2981 1428 3026 terrarum
1451 2965 1783 3023 adorarelur,
1814 2958 2049 3025 ﬁdesque

463 3079 518 3133 in
546 3075 696 3132 illum
723 3074 944 3143 vigeret,
977 3067 1216 3135 nihilque
1255 3061 1390 3116 ultra
1423 3063 1693 3128 pateretur
1715 3067 1898 3107 eorum
1929 3064 2049 3118 qua:

465 3177 590 3224 ante
619 3140 808 3237 passus
834 3161 1025 3217 fuerat.
1056 3157 1183 3212 Ideo
1210 3150 1449 3224 pra-cipit
1479 3157 1535 3202 ut
1560 3144 1759 3201 nemini
1799 3142 1978 3208 dicant
2001 3140 2046 3192 ⁸.

469 3231 778 3327 Nam-quod
821 3251 985 3307 semel
1016 3247 1222 3303 radices
1248 3242 1445 3314 posuit,
1474 3239 1519 3293 si
1551 3245 1731 3307 postea
1760 3231 2048 3295 evcllatur,

469 3321 688 3404 difﬁcile
714 3353 887 3416 potest
907 3343 1099 3396 iterum
1124 3337 1415 3408 plantatum
1432 3329 1572 3400 apud
1601 3327 1796 3382 multos
1826 3321 2050 3385 ﬁrmari;

473 3439 614 3512 quod
655 3453 785 3492 vero
831 3442 1109 3504 postquam
1149 3425 1315 3483 semel
1361 3423 1600 3478 deﬁxum
1638 3427 1740 3481 est,
1779 3416 2053 3469 immotum

473 3505 674 3595 manet,
704 3525 917 3582 nemine
946 3519 1242 3576 molestiam
1271 3513 1532 3570 inferente
1559 3509 1712 3564 facile
1741 3505 1980 3576 pullulat,
2003 3511 2059 3558 et

475 3621 650 3690 majus
672 3619 1056 3672 incrementum
1083 3605 1294 3674 accipit.
1317 3602 1447 3659 Nam
1479 3601 1524 3655 si
1554 3599 1588 3653 ii
1620 3597 1706 3668 qui
1732 3596 1878 3665 signa
1909 3592 2058 3646 vide-

478 3683 596 3768 rant
623 3709 866 3780 plurima,
901 3711 956 3760 et
984 3708 1062 3756 tot
1082 3695 1423 3755 ineffabilium
1452 3689 1823 3762 mysteriorum
1846 3683 2060 3754 partici-

478 3820 572 3878 pes
594 3778 768 3866 erant,
799 3800 882 3854 vel
912 3795 1026 3852 solo
1056 3789 1238 3848 auditu
1269 3783 1611 3842 scandalizati
1634 3788 1794 3843 sunt;
1821 3778 1928 3831 imo
1958 3790 2060 3830 non

477 3871 577 3966 ipsi
600 3893 722 3958 soli,
764 3889 860 3946 sed
889 3897 943 3944 et
988 3886 1181 3941 Petrus
1210 3879 1444 3935 omnium
1473 3872 1790 3945 coryplneus
1817 3886 1830 3922 :
1863 3871 2063 3937 cogites

481 3959 638 4042 v-elim
665 3982 793 4053 quid
816 3977 1018 4050 passuri
1049 3982 1201 4030 erant
1223 3969 1455 4043 plurimi,
1487 3965 1532 4020 si
1559 3962 1864 4018 didicissent
1893 3959 2063 4028 ipsum

481 4093 600 4133 csse
627 4051 819 4131 Filium
848 4071 964 4138 Dei,
1006 4077 1058 4123 et
1085 4075 1270 4139 postea
1297 4062 1554 4117 vidissent
1574 4071 1696 4112 eum
1725 4051 1982 4121 cruciﬁgi,
2013 4057 2068 4102 et

483 4167 651 4238 sputis
701 4163 910 4228 faulari,
955 4175 1076 4215 eum
1126 4154 1501 4228 mysteriorum
1545 4143 1846 4216 huiusmodi
1872 4155 2066 4196 arcana

485 4235 590 4313 non
622 4264 864 4320 nossent,
894 4250 1119 4306 necdum
1161 4246 1415 4316 Spiritum
1442 4248 1684 4295 sanctum
1711 4235 2063 4305 accepissent.

486 4346 622 4402 Nam
647 4345 692 4400 si
727 4341 1001 4410 discipulis
1030 4336 1244 4394 dicebat
1275 4352 1287 4388 :
1317 4332 1482 4386 Multa
1513 4328 1669 4381 habeo
1701 4326 1838 4379 vobis
1871 4325 2065 4386 dicere,

487 4438 575 4492 sed
608 4452 708 4490 non
729 4432 935 4504 potestis
958 4438 1158 4500 portare
1191 4425 1341 4478 modo
1387 4421 1582 4492 (Joan.
1612 4419 1699 4472 16.
1732 4416 1831 4486 12)
1859 4432 1873 4468 :
1903 4414 2070 4468 multo

487 4528 657 4598 magis
685 4525 889 4594 reliqua
917 4517 1203 4575 multitudo
1229 4514 1548 4576 decidisset,
1580 4511 1624 4565 si
1655 4518 1778 4564 ante
1815 4514 2072 4577 opportu-

489 4635 615 4675 num
648 4627 876 4686 tempus,
907 4612 1048 4684 quod
1079 4613 1129 4664 in
1157 4609 1240 4663 his
1285 4605 1554 4679 mysteriis
1579 4616 1883 4672 supremum
1915 4607 2028 4654 erat
2050 4637 2069 4663 ,

491 4714 619 4781 ipsis
641 4709 931 4766 revelatum
961 4705 1169 4759 fuisset.
1199 4701 1403 4757 idcirco
1445 4697 1558 4752 haec
1585 4695 1768 4751 dicere
1799 4691 2068 4762 prohibet.

492 4779 559 4858 Et
607 4813 662 4855 ut
705 4799 880 4854 discas
909 4803 1164 4868 quantum
1194 4793 1449 4846 intererat
1493 4786 1704 4856 plenam
1752 4791 1930 4852 postea
1976 4779 2072 4834 do—

492 4894 718 4946 ctrinam
759 4890 1024 4959 accipere,
1054 4883 1332 4939 summotis
1372 4881 1436 4934 iis
1462 4893 1580 4946 qua:
1609 4873 1928 4929 oll'endiculo
1954 4885 2073 4925 esse

495 4990 756 5052 poterant,
791 4981 839 5032 id
887 4980 953 5032 ab
993 4978 1108 5053 ipso
1153 4971 1438 5044 coryplueo
1465 4968 1663 5038 accipe.
1710 4966 1826 5035 Ipse
1846 4977 2074 5031 namque

497 5075 704 5136 l‘etrus,
733 5071 818 5140 qui
846 5078 962 5138 post
991 5077 1066 5121 tot
1096 5066 1345 5119 miracula
1380 5061 1513 5114 adeo
1564 5057 1860 5112 imbecillus
1908 5068 2078 5123 appa-

498 5163 622 5223 ruit,
647 5170 704 5215 ut
728 5168 967 5227 negaret,
991 5157 1254 5218 vilemque
1284 5153 1507 5222 puellam
1537 5150 1768 5214 lilthl’Cl,
1798 5156 2075 5216 postquam

496 5268 668 5312 crucis
695 5260 909 5323 peracto
949 5248 1223 5320 mysterio,
1257 5230 1667 5299 resui'rectionis
1694 5241 1867 5294 claras
1888 5236 2075 5290 habuit

498 5343 1003 5406 demonstrationes,
1035 5355 1156 5395 cum
1197 5337 1323 5392 nihil
1363 5335 1433 5388 illi
1475 5334 1608 5387 ultra
1637 5331 1956 5385 oﬁ‘cndiculo
1985 5344 2077 5382 es-

501 5449 616 5502 διιι,
646 5436 776 5491 nihil
802 5451 922 5489 cum
955 5435 1210 5494 turbaret,
1239 5428 1316 5483 sic
1344 5427 1613 5481 immotam
1647 5424 1812 5478 tenuit
1850 5421 2079 5490 Spiritus

504 5531 817 5597 doctrinam,
862 5538 918 5583 ut
960 5523 1325 5582 vehementius
1367 5535 1524 5591 quam
1553 5519 1636 5573 leo
1680 5516 1732 5571 in
1775 5516 2078 5572 Judatorum

564 5687 583 5715 ι
619 5681 803 5737 March.
829 5679 1064 5742 quomodo
1084 5689 1199 5742 ergo
1221 5671 1543 5742 ntinorjsgni
1565 5670 1681 5742 talia
1704 5667 1868 5742 fecit?

569 5747 591 5778 ⁸
622 5727 875 5802 idemidem
897 5727 1116 5808 priapo
1141 5727 1189 5790 ut
1211 5735 1388 5790 nemini
1412 5727 1592 5798 dicant,
1616 5727 1793 5783 desunt
1817 5734 1865 5779 in
1883 5727 2048 5779 Morel.

2114 388 2367 459 populum
2394 389 2638 449 irrueret,
2669 385 2765 441 etsi
2791 383 3020 455 pericula
3041 390 3094 436 et
3117 381 3262 436 mille
3291 391 3490 438 mortes
3522 381 3701 436 iuum-

2111 491 2319 536 nerent.
2345 479 2510 533 Multa
2536 481 2666 533 enim
2692 479 2846 547 habeo
2880 475 3014 530 vobis
3047 476 3230 540 dicere,
3265 475 3452 544 inquit,
3483 474 3572 527 sed
3597 493 3699 526 non

2114 570 2317 640 potestis
2341 582 2544 641 portare
2571 568 2738 622 modo.
2767 566 2903 634 Quin
2935 567 3094 619 etiam
3123 566 3284 618 multa
3332 563 3400 616 ab
3442 564 3531 617 illo
3556 562 3700 616 dit'ta

2115 679 2220 718 non
2247 662 2642 732 iutelligebant,
2681 675 2800 729 qua:
2844 667 2968 712 ante
3009 671 3222 711 crucem
3267 657 3541 710 manifesta
3592 673 3700 709 non

2115 757 2364 814 reddidit.
2400 757 2751 824 Posteaquam
2779 754 2936 824 igitur
2964 762 3350 816 resurrexerat,
3386 761 3510 804 tunc
3550 765 3702 818 quae-

2116 851 2237 904 dam
2255 864 2444 903 eorum
2467 863 2583 918 qua:
2609 847 2816 901 dixerat
2839 845 3234 899 intellexerunt.
3264 843 3392 897 Jure
3412 857 3541 911 ergo
3563 843 3706 896 mul-

2119 946 2184 998 tis
2207 942 2477 1012 praecepit,
2505 956 2573 996 ne
2601 939 2729 995 illud
2762 949 2883 993 ante
2905 939 3078 993 crucis
3107 936 3406 1006 passionem
3437 935 3705 1003 dicerent,

2119 1037 2331 1107 quando
2361 1051 2427 1090 ne
2453 1047 2613 1088 ausus
2641 1032 2852 1104 quidem
2892 1042 2973 1087 est
2997 1031 3082 1097 iis,
3114 1029 3206 1099 qui
3235 1037 3415 1098 postea
3445 1011 3708 1100 prmdica—

2113 1129 2224 1183 turi
2255 1136 2436 1191 erant,
2485 1126 2664 1180 omnia
2706 1136 2829 1180 ante
2869 1138 3081 1178 crucem
3124 1123 3350 1192 aperire.
3395 1120 3481 1176 20.
3528 1120 3608 1174 Ex
3645 1139 3707 1174 ea

2117 1230 2343 1291 tempore
2360 1219 2511 1288 erepit
2533 1218 2566 1272 J
2573 1235 2683 1272 esus
2711 1217 2834 1288 ipsis
2857 1215 3134 1278 ostendere,
3161 1213 3294 1284 quod
3318 1221 3565 1283 Oporteret
3593 1229 3708 1265 eum

2117 1313 2248 1382 pati.
2281 1311 2357 1365 Ex
2386 1326 2614 1381 quonam
2645 1305 2926 1378 tempore?
2950 1305 3081 1360 Cum
3129 1305 3230 1358 hoc
3272 1304 3466 1375 dogma
3509 1304 3561 1358 in
3603 1305 3709 1358 illis

2124 1403 2381 1466 inseruit;
2415 1417 2534 1455 cum
2559 1401 2794 1471 gentium
2823 1398 3026 1452 initium
3050 1395 3273 1450 induxit.
3306 1397 3376 1450 At
3421 1409 3594 1463 neque
3631 1397 3711 1450 sic

2127 1497 2179 1552 id
2223 1495 2362 1566 quod
2391 1494 2665 1549 dicebatur
2695 1492 3076 1548 intellexerunt
3107 1508 3120 1542 :
3157 1489 3284 1544 Erat
3299 1490 3430 1542 enim
3450 1529 3465 1554 ,
3506 1489 3710 1558 inquit,

2127 1588 2451 1643 absconditus
2498 1603 2661 1642 sermo
2685 1587 2753 1641 ab
2787 1586 2857 1639 eis
2886 1583 3050 1654 (Luc.
3086 1583 3172 1639 18.
3202 1583 3337 1652 54);
3383 1591 3438 1636 et
3479 1582 3629 1652 quasi
3659 1581 3714 1636 in

2129 1683 2454 1737 obscuritate
2473 1679 2699 1750 quadam
2725 1677 3091 1741 versabantur,
3126 1674 3426 1728 nescientes
3470 1689 3592 1727 eum
3623 1688 3715 1728 re-

2130 1784 2491 1830 surrecturum
2513 1787 2651 1828 esse.
2684 1772 3018 1840 Quapropter
3050 1769 3100 1821 in
3125 1767 3239 1821 istis
3279 1765 3583 1820 difﬁcilibus
3611 1765 3716 1818 im.

2134 1876 2409 1934 moratur,
2456 1875 2508 1920 et
2545 1879 2845 1920 sermonem
2879 1862 3202 1932 ampliﬁcat,
3235 1869 3293 1914 ut
3332 1859 3436 1913 illis
3481 1870 3715 1914 mentem

2133 1959 2355 2028 aperiat,
2387 1966 2442 2012 et
2481 1955 2774 2024 intelligant
2802 1953 2925 2022 quid
2953 1953 3022 2006 sit
3048 1950 3174 2006 illud
3205 1949 3347 2020 quod
3369 1949 3578 2005 dicitur.
3611 1948 3719 2004 Ve-

2135 2067 2252 2104 rum
2287 2047 2406 2103 Non
2435 2046 2809 2109 intellexerunt,
2839 2046 2925 2099 sed
2953 2053 3059 2098 erat
3088 2043 3434 2097 absconditum
3454 2042 3575 2112 ipsis
3605 2057 3722 2095 ver-

2137 2141 2252 2195 bum
2275 2141 2408 2195 istud
2433 2138 2693 2211 (Ibidem)
2714 2155 2727 2202 ;
2770 2152 2868 2192 nec
2903 2136 3169 2191 audebant
3195 2135 3341 2189 illum
3369 2135 3720 2203 interrogare,

2138 2248 2246 2288 non
2276 2239 2448 2286 utrum
2479 2240 2620 2286 esset
2650 2229 2960 2294 moriturus,
2991 2226 3084 2282 sed
3123 2225 3391 2297 quomodo
3417 2233 3473 2280 et
3498 2240 3601 2294 qua
3630 2240 3723 2278 ra-

2139 2324 2304 2378 tione.
2337 2323 2406 2378 Et
2447 2321 2572 2392 quid
2610 2330 2726 2377 erat
2769 2321 2870 2376 huc
2897 2319 3246 2392 mysterium?
3269 2317 3383 2372 Non
3411 2319 3554 2372 enim
3579 2315 3727 2370 scie-

2142 2414 2288 2480 bant,
2319 2414 2444 2484 quid
2467 2421 2609 2468 esset
2626 2426 2924 2481 resurgere,
2957 2410 3231 2480 multoque
3253 2408 3443 2462 melius
3467 2405 3728 2475 putabant

2143 2522 2262 2563 esse
2313 2523 2419 2562 non
2463 2505 2621 2561 mori.
2653 2505 2880 2575 ideoque
2899 2503 3016 2558 aliis
3046 2502 3294 2556 omnibus
3319 2498 3640 2570 perturbatis
3663 2511 3734 2552 ac

2145 2597 2527 2664 dubitantibus,
2558 2610 2769 2650 rursum
2799 2595 3010 2659 Petrus,
3065 2600 3249 2662 utpote
3288 2591 3495 2658 fervens
3517 2629 3533 2654 ,
3580 2590 3733 2643 solus

2146 2702 2306 2742 ausus
2331 2696 2412 2742 est
2442 2687 2541 2742 hac
2565 2686 2632 2742 de
2659 2701 2716 2740 re
2747 2685 2888 2754 loqui
2916 2701 2929 2736 :
2960 2699 3132 2754 neque
3160 2691 3335 2737 tamen
3378 2680 3606 2750 publice,
3635 2678 3731 2732 sed

2149 2792 2390 2833 seorsum
2416 2795 2429 2842 ;
2461 2777 2511 2832 id
2542 2785 2644 2842 est,
2675 2777 2742 2832 ab
2770 2776 2887 2830 aliis
2913 2783 3150 2830 semotus
3171 2772 3481 2842 discipulis;
3513 2772 3730 2840 aitque:

2149 2870 2238 2924 22.
2272 2869 2532 2940 PrOpitius
2559 2869 2645 2922 tibi
2682 2869 2771 2934 sis,
2803 2865 3037 2930 Domine,
3083 2882 3184 2919 non
3221 2864 3313 2918 erit
3338 2863 3425 2916 tibi
3454 2863 3566 2916 hoc.
3596 2862 3734 2930 Quid

2153 2963 2255 3017 hoc
2277 2963 2395 3016 est?
2437 2961 2526 3031 qui
2555 2959 2932 3015 revelationein
2959 2957 3163 3020 habuit,
3215 2956 3306 3026 qui
3334 2954 3520 3010 beatus
3543 2953 3740 3024 prmiti-

2153 3063 2302 3110 catus
2329 3062 2430 3120 est,
2457 3053 2542 3106 hic
2581 3051 2759 3105 subito
2799 3050 2978 3119 lapsus
3001 3046 3215 3110 cecidit,
3245 3046 3316 3099 ita
3345 3054 3402 3099 ut
3431 3043 3737 3113 passionem

2155 3146 2314 3201 etiam
2343 3143 2667 3197 timeret?ct
2694 3139 2820 3210 quid
2845 3140 3059 3202 mirum,
3103 3136 3146 3191 si
3186 3136 3252 3202 is,
3297 3135 3386 3206 qui
3425 3133 3524 3187 hac
3563 3131 3631 3186 de
3678 3146 3742 3186 re

2157 3253 2262 3292 non
2288 3243 2569 3304 acceperat
2609 3233 3009 3296 revelationem,
3055 3227 3109 3283 id
3151 3241 3339 3298 passus
3359 3226 3462 3280 sit?
3496 3223 3562 3280 Ut
3594 3223 3742 3278 enim

2159 3327 2333 3384 discas
2361 3327 2508 3382 illum
2537 3339 2599 3380 ea
2629 3338 2746 3395 quae
2771 3338 2928 3392 supra
2959 3321 3096 3377 dicta
3125 3328 3249 3375 sunt
3293 3334 3399 3372 non
3427 3332 3490 3371 ex
3520 3330 3579 3371 se
3612 3330 3745 3385 pro-

2164 3421 2347 3476 tulisse
2369 3461 2384 3486 ,
2415 3418 2536 3474 vide
2578 3415 2842 3488 quomodo
2864 3416 2915 3468 in
2939 3413 3021 3466 his
3053 3428 3172 3482 quae
3212 3409 3314 3464 sibi
3353 3408 3587 3464 revelata
3634 3421 3745 3459 non

2163 3511 2404 3576 fuerant,
2453 3508 2691 3564 turbetur
2735 3515 2790 3562 et
2828 3511 3128 3569 evertatur,
3177 3510 3230 3556 et
3256 3499 3449 3554 millies
3477 3497 3748 3551 audiendo

2165 3619 2271 3659 non
2303 3602 2507 3656 noverit
2544 3600 2668 3671 quid
2694 3598 2976 3654 diceretur.
3007 3595 3138 3650 Nam
3163 3593 3306 3664 quod
3345 3592 3509 3646 Filius
3540 3590 3629 3644 Dei
3659 3604 3749 3644 es-

2165 3706 2266 3761 set,
2296 3695 2346 3749 id
2370 3702 2514 3750 ccrte
2537 3700 2786 3756 noverat;
2814 3689 2936 3759 quid
2959 3698 3135 3742 autem
3157 3687 3226 3740 sit
3246 3683 3553 3755 mysterium
3570 3681 3750 3735 crucis

2166 3795 2218 3842 et
2237 3784 2657 3843 resurrectionis.
2678 3781 2912 3836 nondum
2927 3780 3025 3850 ipsi
3047 3779 3191 3833 clare
3212 3786 3393 3830 notum
3415 3783 3548 3829 erat.
3565 3773 3749 3827 Sermo

2167 3877 2534 3947 enim,inquit,
2555 3885 2660 3930 erat
2680 3874 2801 3946 ipsis
2827 3874 3067 3927 occultus.
3100 3869 3259 3924 Vides
3283 3866 3562 3936 illumjure
3591 3880 3746 3918 man-

2168 3969 2345 4035 dasse,
2377 3982 2445 4022 ne
2473 3966 2590 4020 aliis
2610 3961 2884 4019 dicerent?
2906 3961 3036 4016 Nam
3071 3960 3116 4016 si
3148 3973 3240 4013 eos
3275 3972 3408 4028 quos
3433 3955 3484 4010 id
3509 3954 3755 4009 ediscere

2171 4061 2529 4118 necessarium
2559 4067 2678 4114 erat
2711 4059 2782 4112 ita
2819 4055 3073 4119 turbavit,
3111 4051 3237 4124 quid
3272 4067 3378 4106 non
3401 4049 3541 4120 passi
3567 4059 3756 4103 essent

2171 4153 2387 4208 caeteri?
2408 4151 2423 4204 l
2432 4165 2523 4222 pse
2542 4166 2668 4205 vero
2687 4158 2746 4203 ut
2769 4145 3079 4203 ostenderet
3097 4159 3155 4199 se
3178 4158 3283 4198 non
3302 4141 3519 4196 invitum
3538 4137 3604 4194 ad
3623 4152 3755 4208 pas-

2173 4249 2376 4301 sionem
2390 4245 2594 4309 venire,
2611 4241 2899 4310 increpavit
2914 4239 3147 4302 Petrum,
3161 4245 3505 4304 satanamque
3519 4234 3752 4288 vocavit.

2242 4341 2294 4394 4.
2335 4338 2412 4391 De
2448 4353 2594 4391 cruce
2623 4335 2807 4392 Christi
2846 4350 2946 4387 non
2970 4328 3376 4385 erubescendum.
3403 4327 3541 4383 Crux
3560 4327 3759 4398 quoties

2175 4442 2280 4486 tum
2305 4431 2499 4502 publice
2527 4440 2630 4484 tum
2659 4427 2892 4499 priuatim
2916 4425 3158 4479 adhibita.
3182 4451 3252 4462 --
3277 4421 3508 4476 Audiant
3553 4417 3642 4488 qui
3685 4417 3761 4472 de

2174 4539 2332 4582 cruce
2365 4523 2562 4578 Christi
2599 4522 2939 4576 erubescunt.
2968 4517 3174 4573 Etenim
3205 4515 3261 4570 si.
3288 4511 3603 4584 coryphreus
3640 4509 3758 4576 ille,

2173 4607 2459 4688 antequam
2500 4613 2676 4668 omnia
2719 4612 2885 4682 probe
2925 4609 3120 4673 sciret,
3163 4605 3304 4676 quod
3349 4603 3440 4657 tali
3483 4609 3627 4658 esset
3671 4599 3760 4654 af-

2176 4705 2338 4771 fectu,
2368 4716 2581 4760 satanas
2607 4703 2905 4773 appellatus
2934 4709 3034 4765 est,
3065 4714 3224 4770 quam
3267 4697 3476 4752 veniam
3507 4707 3760 4748 merean-

2177 4807 2264 4854 tur
2304 4799 2378 4853 illi
2421 4797 2529 4867 qui,
2573 4803 2692 4865 post
2737 4802 2936 4848 tantam
2973 4787 3508 4848 demonstrationem,
3540 4795 3765 4836 meone-

2177 4892 2337 4946 miam
2369 4887 2602 4959 negant?
2625 4885 2846 4953 Quando
2871 4883 3012 4940 enim
3039 4881 3120 4935 vir
3137 4879 3227 4951 qui
3253 4879 3438 4933 beatus
3461 4875 3764 4944 appellatus

2179 4993 2278 5046 εει,
2311 4982 2398 5052 qui
2428 4980 2584 5052 talem
2614 4977 2830 5048 protulit
2871 4973 3281 5035 confessionem,
3311 4968 3425 5022 haec
3452 4977 3628 5021 tamen
3664 4979 3766 5018 au-

2181 5073 2279 5138 dit,
2309 5075 2359 5127 in
2389 5072 2568 5127 animo
2599 5078 2783 5138 reputa
2811 5073 3006 5137 quanta
3037 5062 3242 5133 passuri
3274 5060 3381 5115 sint
3418 5060 3476 5123 ii,
3516 5058 3604 5127 qui
3639 5066 3767 5127 post

2183 5167 2280 5222 ista
2311 5163 2620 5235 mysterium
2645 5160 2820 5215 crucis
2848 5155 3200 5226 vilipendunt.
3222 5151 3333 5206 Non
3361 5149 3511 5214 dixit,
3536 5147 3766 5202 Satanas

2184 5272 2278 5327 per
2305 5265 2354 5311 te
2383 5257 2631 5324 loquutus
2672 5260 2787 5316 est;
2817 5248 2930 5314 sed,
2962 5247 3052 5301 25.
3095 5243 3234 5297 Vade
3263 5251 3374 5309 post
3404 5257 3502 5304 me,
3532 5248 3764 5320 satanas.

2181 5349 2314 5403 Nam
2340 5347 2584 5416 cupiebat
2613 5340 2948 5397 adversarius
2977 5347 3032 5393 ut
3059 5335 3304 5390 Christus
3325 5347 3428 5386 non
3452 5339 3764 5401 pateretur:

2187 5441 2306 5498 ideo
2348 5441 2424 5494 sic
2453 5438 2792 5493 vehementer
2831 5429 3142 5497 increpavit,
3173 5425 3315 5496 quod
3351 5422 3581 5478 maxime
3605 5419 3770 5474 sciret

2187 5547 2240 5591 et
2271 5534 2414 5589 illum
2442 5541 2496 5588 et
2523 5531 2656 5585 alios
2683 5531 2782 5582 hoc
2809 5526 2980 5594 ipsum
3010 5521 3218 5584 timere,
3244 5532 3418 5586 neque
3449 5513 3602 5569 facile
3633 5512 3768 5567 illud

2189 5625 2489 5679 admittere.
2542 5621 2874 5688 Quapropter
2918 5613 3110 5686 mentis
3171 5611 3287 5677 ejus
3331 5621 3521 5661 arcana
3567 5603 3773 5658 revelat

2194 5718 2376 5771 dicens
2405 5731 2417 5768 :
2449 5712 2568 5767 Non
2596 5711 2729 5778 sapis
2761 5725 2818 5763 ea
2847 5721 2957 5776 qua'
2996 5703 3087 5758 Det
3113 5711 3247 5771 sunt,
3271 5700 3358 5753 sed
3388 5713 3443 5752 ea
3464 5713 3579 5768 qua:
3605 5694 3762 5749 homi-

4018 2145 4028 2416 Ι
