4028 6152
252 335 355 390 555

253 467 362 521 ραι,
398 449 492 505 καὶ
523 446 798 523 ἀνθρώπῳ
830 446 1010 520 θνητῷ
1040 444 1148 501 τῶν
1170 445 1228 501 ἐν
1254 445 1332 515 τῷ
1351 444 1566 516 οὐρανῷ
1587 443 1806 497 πάντων
1827 439 1928 509 τὴν

249 532 498 599 ὲξουσίαν
522 532 845 604 ἐνεχείρισε,
872 550 873 553 η
897 530 996 592 τάς
1028 529 1175 592 κλεῖς
1218 526 1369 598 αὐτῷ
1404 527 1548 590 δοὺς,
1578 526 1637 588 ὃς
1662 525 1765 596 την
1804 525 1930 579 Ἐκ-

249 613 482 683 κλησίαν
509 611 791 682 πανταχοῦ
825 612 921 682 τῆς
944 609 1273 681 οἰκουμένης
1306 608 1562 674 ἐξέτεινε,
1605 608 1701 661 καὶ
1724 606 1816 660 τοῦ
1839 607 1929 683 οὐτ⁵

250 680 416 769 ρανοῦ
440 680 797 767 ἰσχυροτέραν
826 680 1126 764 ἀπέφηνεν.
1168 692 1234 748 '0
1262 691 1519 761 οὐρανὸς
1537 690 1647 760 1&9
1667 689 1764 743 καὶ
1793 689 1832 756 ή
1854 680 1928 757 γῆ

248 780 715 848 παρελεύσεταν
751 780 807 832 οι
841 776 912 831 δὲ
942 777 1114 846 λόγοι
1161 793 1283 845 μου
1329 778 1403 830 οὐ
1445 773 1533 843 μὴ
1564 772 1926 841 παρέλθωσι.

248 865 374 931 Πῶς
402 861 497 919 οὖν
527 864 767 918 ἐλάττων
800 865 829 916 6
857 860 1083 917 τοιαῦτα
1117 861 1261 925 δοὺς,
1295 862 1324 914 6
1363 860 1587 914 τοιαῦτα
1634 856 1930 928 κατωρθωο

248 949 401 1015 κώςς
434 949 548 1002 K01
575 947 750 1002 ταῦτα
791 946 955 1014 λέγω,
986 946 1048 999 06
1085 943 1310 1018 διαιρῶν
1350 941 1561 1013 [ἰατρὸς
1603 940 1697 995 καὶ
1723 940 1852 994 Υίοῦ
1882 939 1929 972 ³⁸

248 1032 317 1085 τά
354 1032 523 1103 ἐργαο
560 1028 764 1085 Πάντα
815 1029 925 1099 1&9
963 1026 1038 1080 δι’
1090 1026 1276 1081 αὐτοῦ
1310 1025 1583 1097 ἐγένετο,
1606 1023 1721 1091 ,καὶ
1750 1022 1931 1092 χωρίς

247 1113 436 1168 αὐτοῦ
478 1105 716 1183 ἐγένετο
763 1110 907 1165 οὐδὲ
945 1108 1047 1163 ἓν·
1088 1108 1204 1163 ἀλλ’
1254 1107 1618 1179 ἐπιστομίζων
1656 1106 1751 1179 τὴν
1771 1106 1929 1160 ἀναί-

248 1212 475 1267 σχυντον
504 1195 750 1264 γλῶτταν
776 1193 885 1246 τῶν
914 1191 1142 1246 τοιαῦτα
1170 1189 1517 1263 τολμώντων.

324 1278 400 1349 Υ.
428 1278 572 1348 Ὅρα
597 1276 654 1330 δέ
683 1276 773 1329 διά
800 1276 1018 1329 πάντων
1043 1273 1208 1329 αὐτοῦ
1231 1276 1330 1345 τὴν
1359 1272 1626 1339 ἐξουσίαν.
1659 1270 1807 1342 Ἐγώ
1829 1285 1929 1328 σοι

246 1362 428 1433 λέγω,
451 1361 533 1416 σὺ
564 1356 622 1415 εἷ
642 1358 862 1428 Πέτρος
882 1374 897 1389 ο
928 1357 1044 1427 ἐγὼ
1080 1356 1455 1426 οἰκοδομήσω
1507 1354 1623 1425 τὴν
1683 1358 1931 1426 Ἐκκλη-

244 1446 398 1500 σίαν
415 1461 428 1474 ·
452 1442 567 1513 ἐγώ
580 1458 680 1498 σοι
695 1441 866 1495 δώσω
888 1441 995 1507 τὰς
1016 1439 1183 1507 κλεῖς
1197 1438 1315 1495 τῶν
1327 1437 1622 1508 οὐρανῶν.
1645 1438 1752 1493 Καὶ
1774 1440 1926 1504 τότε,

245 1526 425 1582 ταῦτα
444 1524 637 1589 εἰπὼν,
668 1525 1049 1578 Διεστειλατο
1068 1521 1295 1589 αὐτοῖς,
1321 1522 1421 1576 ἵνα
1442 1520 1656 1590 μηδενὶ
1679 1521 1930 1576 εἴπωσιν

247 1610 340 1665 ὅτι
360 1610 545 1674 αὐτός
569 1609 744 1662 ἐστιν
784 1609 818 1661 ὁ
852 1607 1128 1675 Χριστός.
1165 1604 1277 1657 K01
1320 1604 1462 1666 τίνος
1494 1603 1679 1656 ἕνεκεν
1702 1602 1928 1656 διεστεί-

248 1694 421 1759 λατο;
449 1692 614 1744 Ὥστε
640 1689 750 1744 τῶν
772 1689 1233 1753 σκανδαλιζόντων
1257 1688 1300 1719 ⁸⁸
1324 1688 1389 1740 ἐκ
1407 1685 1573 1757 μέσου
1595 1685 1926 1757 γενομένων,

248 1781 350 1836 καὶ
379 1778 477 1833 τοῦ
514 1776 748 1850 σταυροῦ
771 1775 1138 1842 τελεσθέντος,
1178 1775 1275 1828 καὶ
1296 1773 1404 1829 τῶν
1427 1772 1600 1829 ἀλλων
1625 1766 1700 1827 ὧν
1728 1772 1928 1829 ἔπαθεν

249 1860 724 1933 ἀπαρτισθέντων,
766 1860 863 1913 καὶ
915 1858 1143 1929 μηδενὸς
1181 1856 1334 1920 ὄντος
1369 1856 1555 1910 λοιπὸν
1594 1857 1689 1912 τοῦ
1743 1856 1928 1911 διακό-

247 1962 478 2008 πτοντος
510 1945 603 1999 καὶ
631 1942 910 2005 θολοῦντος
949 1942 1050 2014 τὴν
1092 1939 1247 2014 [549]
1279 1941 1361 2003 είς
1394 1940 1556 1995 αὐτὸν
1583 1942 1694 1994 τῶν
1718 1940 1928 1995 πολλῶν

248 2030 459 2092 πίστιν,
484 2026 734 2097 καθαράν
761 2024 853 2079 καὶ
875 2024 1132 2096 ἀκίνητον
1151 2023 1525 2094 ἐντυπωθῆναι
1570 2024 1678 2077 τῶν
1702 2025 1931 2078 ἀκουόνο

246 2128 361 2165 των
389 2113 455 2181 τῇ
484 2109 698 2179 διανοίᾳ
732 2108 830 2178 τὴν
855 2109 1243 2178 προσήκουσαν
1271 2108 1398 2178 περὶ
1418 2107 1584 2160 αὐτοῦ
1608 2106 1784 2173 δόξαν.
1816 2108 1929 2161 K01

246 2192 361 2262 1&9
387 2190 541 2245 οὐπω
563 2190 749 2258 σαφῶς
769 2186 838 2261 ἦν
863 2189 1186 2261 ἐκλάμψασα
1212 2189 1378 2242 αὐτοῦ
1403 2191 1436 2261 ἡ
1460 2189 1707 2259 δύναμις.
1735 2188 1836 2242 Διά
1860 2188 1927 2260 δὴ

244 2273 413 2326 τοῦτο
456 2273 578 2325 τότε
612 2270 863 2324 ἐϐούλετο
916 2270 1387 2342 ἀνακηρύττεσθαι
1421 2270 1552 2342 παρ’
1604 2270 1803 2335 αὐτῶν,
1837 2271 1927 2324 ὅτε

248 2357 347 2411 καὶ
377 2352 412 2425 ἡ
439 2352 617 2424 σαφὴς
648 2352 756 2407 τῶν
787 2353 1126 2424 πραγμάτων
1160 2352 1414 2424 ἀλήθεια,
1448 2354 1541 2407 καὶ
1570 2354 1603 2424 ἡ
1641 2353 1748 2406 τῶν
1782 2368 1922 2421 γινοο

251 2439 441 2511 μένων
468 2437 515 2469 ⁸⁸
547 2437 700 2507 ίσχύς
734 2435 1018 2506 συνηγόρει
1040 2438 1152 2499 τοῖς
1178 2437 1327 2510 παρά
1354 2437 1464 2490 τῶν
1498 2436 1811 2490 ἀποστόλων
1835 2436 1925 2490 λε-

246 2520 529 2591 γομένοις.
568 2519 706 2571 Οὐδέ
733 2517 843 2588 1&9
869 2519 987 2572 ἴσον
1019 2513 1088 2589 ἦν
1115 2518 1162 2551 ⁸³
1204 2519 1336 2589 ὀρᾷν
1368 2517 1463 2572 νῦν
1491 2518 1591 2590 μὲν
1635 2519 1694 2571 ἐν
1724 2519 1927 2572 Παλαι-

250 2602 412 2674 στίνῃ
432 2599 970 2670 θαυματουργοῦντα,
1004 2600 1100 2654 νῦν
1126 2600 1183 2654 δὲ
1211 2599 1564 2672 ὑϐριζόμενον
1582 2639 1597 2665 ,
1634 2600 1928 2671 ἐλαυνόμε-

249 2700 346 2738 νον
364 2700 379 2713 ⁶
415 2683 545 2755 (καὶ
566 2683 803 2755 μάλιστα
829 2682 992 2736 ὁπότε
1026 2682 1122 2736 καὶ
1151 2685 1179 2736 ό
1218 2682 1448 2754 σταυρὸς
1473 2683 1664 2754 ἔμελλε
1689 2683 1928 2754 διαδέχε-

250 2767 382 2821 σθαι
413 2766 511 2820 λτά
563 2765 816 2836 θαύματα
868 2765 939 2819 τά
990 2765 1315 2836 γινόμεναο)
1376 2764 1468 2819 καὶ
1513 2765 1788 2837 πανταχοῦ
1828 2767 1928 2838 τῆς

248 2849 584 2922 οἰκουμένης
616 2848 1088 2919 προσκυνούμενον
1116 2848 1332 2919 βλέπειν
1384 2849 1481 2903 καὶ
1518 2850 1924 2921 πιστευόμενον,

247 2930 350 2983 1:01
379 2930 546 3001 μηδὲν
592 2929 832 2983 τοιοῦτον
880 2929 1156 2999 πάσχοντα
1205 2929 1410 2996 λοιπὴν,
1455 2923 1572 2987 οἷον
1610 2931 1797 2985 ἔπαθε.
1825 2930 1924 2985 Διά

246 3011 416 3066 τοῦτό
442 3029 575 3084 φησι
606 3010 795 3083 μηδενὶ
826 3013 1020 3065 εἰπεῖν.
1071 3011 1145 3065 T6
1195 3012 1293 3080 μέν
1338 3011 1447 3083 γὰρ
1489 3012 1712 3082 ῥιζωθὲν
1754 3012 1922 3079 ἀπαξ,

249 3092 377 3152 εἶτα
431 3093 800 3158 ἀνασπασθέν,
853 3091 1128 3156 δυσκόλως
1176 3092 1242 3145 ἂν
1266 3092 1524 3161 φυτευθὲν
1562 3093 1922 3166 κατασχεθείη

251 3178 420 3234 πάλιν
454 3178 605 3248 παρά
634 3176 749 3240 τοῖς
781 3174 1027 3239 πολλοῖς·
1057 3178 1118 3228 16
1149 3173 1205 3227 δέ
1240 3175 1377 3246 μετά
1414 3176 1475 3228 16
1507 3178 1747 3247 παγῆναι
1778 3175 1926 3243 ἀπαξ

252 3264 454 3334 μεῖναν
499 3262 776 3330 ἀκίνητον,
832 3260 926 3312 καὶ
977 3257 1288 3329 μηδαμόθεν
1320 3258 1677 3330 ἐπηρεασθὲν,
1729 3260 1926 3332 ῥᾳδίως

247 3346 455 3407 ἄνεισι,
482 3343 580 3398 καὶ
603 3341 741 3412 πρὸς
775 3338 1002 3410 αὔξησιν
1029 3339 1306 3393 ἐπιδίδωσι
1360 3340 1599 3411 μείζονα.
1638 3340 1702 3394 El
1730 3343 1839 3414 1&9
1875 3345 1924 3397 οί

252 3426 503 3499 σημείων
526 3422 956 3485 ἀπολελαυκότες
972 3422 1203 3486 πολλῶν,
1225 3423 1320 3476 καὶ
1340 3421 1607 3476 τοσούτων
1639 3426 1927 3495 μετασχόν-

248 3532 345 3579 τες
375 3511 688 3586 μυστηρίων
706 3509 1054 3581 ἀπορρήτων.
1087 3506 1193 3561 61:6
1217 3507 1318 3577 τῆς
1336 3506 1505 3577 ἀκοῆς
1535 3505 1702 3577 μόνης
1730 3508 1924 3561 ἐσκαν-

248 3594 589 3663 δαλίσθησαν
606 3606 620 3621 ·
650 3590 919 3662 μᾶλλονδὲ
945 3589 1046 3643 οὐκ
1078 3588 1236 3642 αὐτοὶ
1264 3588 1434 3658 μόνοι,
1464 3586 1600 3641 ἀλλά
1631 3588 1726 3642 καὶ
1746 3588 1776 3639 6
1799 3587 1926 3643 πάν-

248 3695 364 3731 των
405 3675 703 3746 κορυφαῖος
740 3671 977 3743 Πέτροςτ
1026 3670 1278 3741 ἐννόησον
1326 3669 1378 3722 τί
1430 3669 1558 3732 τοὺς
1583 3668 1810 3733 πολλοὺς
1857 3667 1925 3743 ἦν

250 3759 404 3821 εἰκὸς
428 3756 640 3818 παθεῖν,
663 3753 928 3824 μαθόντας
959 3751 1058 3822 μὲν
1077 3753 1158 3805 ὅτι
1183 3752 1309 3815 Υἱὸς
1326 3750 1460 3804 Θεοῦ
1485 3754 1653 3814 ἐστιν,
1683 3751 1926 3822 ὁρῶντας

248 3841 309 3895 δὲ
348 3840 443 3892 καὶ
472 3834 870 3908 σταυρούμενον
903 3834 996 3887 καὶ
1033 3832 1427 3901 ἐμπτυόμενον,
1455 3832 1551 3884 καὶ
1583 3830 1691 3884 τῶν
1725 3849 1927 3903 μυστηο

252 3921 392 3991 ρῖων
415 3918 622 3972 τούτων
650 3916 711 3970 16
739 3915 1050 3986 ἀπόρρητον
1071 3915 1172 3968 οὐκ
1204 3913 1432 3977 εἰδότας,
1461 3912 1582 3966 οὐδὲ
1611 3914 1927 3984 Πνεύματος

250 3999 696 4062 ἀπολελαυκότας
747 3997 924 4065 ἀγίου.
980 3997 1043 4049 Εί
1095 3995 1205 4066 γὰρ
1245 3996 1359 4058 τοῖς
1414 3995 1682 4066 μαθηταῖς
1734 3997 1922 4067 ελεγει

253 4084 467 4139 Πολλὰ
492 4082 610 4151 ἔχω
630 4078 834 4151 λέγειν
856 4078 1015 4148 ὑμῖν,
1038 4079 1176 4133 ἀλλ’
1213 4082 1285 4134 οὐ
1306 4079 1572 4134 δύνασθε
1598 4080 1927 4144 βαστάζειν

247 4166 412 4233 ἄρτι·
454 4161 635 4232 πολλῷ
670 4159 869 4232 μᾶλλον
903 4160 933 4213 6
968 4158 1154 4222 λοιπὸς
1202 4158 1372 4229 δῆμος
1417 4158 1718 4212 κατέπεσεν
1750 4157 1836 4224 ἂν,
1872 4160 1920 4213 εί

248 4247 365 4318 πρὸ
393 4244 590 4316 καιροῦ
616 4243 711 4297 τοῦ
734 4243 1102 4314 προσήκοντος
1127 4240 1190 4295 16
1215 4242 1322 4294 τῶν
1373 4241 1685 4312 μυστηρίων
1715 4241 1920 4296 τούτων

248 4329 554 4399 ἀκρότατον
575 4327 755 4390 αὐτοῖς
786 4323 1164 4395 ἀπεκαλύφθη.
1192 4323 1291 4376 Διά
1315 4322 1379 4394 δὴ
1416 4323 1575 4379 τοῦτο
1611 4324 1808 4379 κωλύει
1840 4327 1922 4378 εί-

248 4414 398 4466 πεῖν.
448 4410 562 4464 Καὶ
612 4410 700 4462 ῖνα
737 4408 913 4479 μάθῃς
952 4407 1116 4460 πόσον
1162 4402 1230 4477 ἦν
1257 4406 1318 4459 16
1358 4405 1496 4476 μετά
1526 4406 1697 4460 ταῦτα
1729 4407 1921 4478 μαθεῖν

247 4495 437 4567 πλήρη
467 4493 565 4565 τὴν
588 4491 954 4556 διδασκαλίαν,
998 4490 1107 4543 τῶν
1138 4488 1595 4554 σκανδαλιζόντων
1629 4490 1924 4562 παρελθόν-

242 4596 383 4643 των,
403 4575 501 4631 ἀπ’
527 4575 694 4630 αὐτοῦ
716 4574 907 4627 τούτου
933 4573 978 4606 ⁸⁸
1007 4572 1100 4626 τοῦ
1132 4572 1430 4644 κορυφαίου
1465 4571 1719 4643 μάνθανε.
1753 4573 1924 4638 Αὐτὸς

244 4662 364 4732 1&9
386 4652 542 4721 οὗτος
562 4659 590 4711 6
615 4656 840 4727 Πέτρος,
866 4655 895 4708 ό
926 4655 1063 4726 μετά
1085 4653 1320 4707 τοσαῦτα
1341 4655 1540 4725 σημεῖα
1564 4652 1706 4707 οὓτω
1736 4655 1924 4724 φανεὶς

245 4742 507 4813 ἀσθενὴς,
532 4741 607 4804 ὡς
632 4740 725 4794 καὶ
755 4738 1113 4810 ἀρνήσασθαι,
1144 4736 1240 4791 καὶ
1283 4737 1452 4808 κόρην
1503 4737 1690 4808 εὐτελῆ
1723 4738 1921 4803 δεῖσαι,

245 4828 440 4898 ἐπειδὴ
468 4829 498 4879 6
522 4823 753 4895 σταυρὸς
778 4821 1152 4894 προεχώρησε.
1181 4820 1275 4874 καὶ
1305 4819 1405 4889 τῆς
1443 4820 1789 4885 ἀναστάσεως
1825 4837 1922 4875 σα-

245 4914 373 4981 φεῖς
397 4909 562 4964 ἔλαϐε
586 4908 686 4970 τὰς
706 4904 1026 4969 ἀποδείξεις,
1051 4905 1144 4958 καὶ
1180 4902 1329 4957 οὐδὲν
1367 4898 1436 4973 ἦν
1466 4901 1651 4956 λοιπὸν
1676 4902 1736 4955 16
1760 4919 1920 4956 σκαν-

243 4994 467 5057 δαλίζον
513 4989 677 5046 αὐτὸν
723 4988 819 5042 καὶ
860 4985 1143 5059 θορυϐοῦν,
1190 4985 1365 5049 οὕτως
1402 4985 1656 5057 ἀκίνητον
1689 4986 1916 5056 κατέσχε

244 5076 341 5131 τοῦ
372 5073 692 5143 Πνεύματος
717 5072 818 5141 τὴν
839 5068 1202 5132 διδασκαλίαν,
1229 5068 1304 5130 ὡς
1324 5066 1534 5131 λέοντος
1564 5067 1916 5137 σφοδρότερον

248 5159 528 5230 ἐπιπηδᾷν
558 5156 606 5189 ⁸⁵
654 5154 735 5226 τῷ
772 5155 927 5226 δήμῳ
968 5152 1078 5207 τῶν
1113 5150 1403 5216 Ἰουδαίων,
1450 5149 1627 5203 καίτοι
1658 5149 1916 5202 κινδύνων

247 5242 343 5293 καὶ
378 5238 594 5310 μυρίων
624 5236 869 5291 θανάτων
900 5232 1322 5303 ἀπειλουμένων.
1380 5231 1618 5294 Εἰκότως
1661 5231 1838 5285 τοίνυν
1868 5231 1916 5263 ⁸⁸

246 5326 359 5386 τοῖς
388 5321 606 5383 πολλοῖς
633 5318 888 5372 ἐκέλευσε
927 5318 999 5388 μὴ
1032 5318 1207 5369 είπεῖν
1239 5314 1344 5384 πρὸ
1370 5314 1464 5368 τοῦ
1495 5314 1749 5384 σταυροῦ,
1781 5314 1914 5368 ὅπου

246 5421 309 5473 γε
330 5405 455 5458 οὐδὲ
483 5404 670 5466 αὐτοῖς
712 5403 824 5464 τοῖς
869 5401 1121 5470 μέλλουσι
1150 5398 1421 5451 διδάσκειν
1460 5397 1637 5450 πάντα
1686 5398 1915 5450 ἐνθεῖναι

1400 327 1466 386 IN
1507 323 1926 385 MATTIMLUM
1972 323 2201 379 ΙΙΟΜΙΙ..
2242 323 2355 380 ΗΥ
2394 327 2463 380 al.
2508 323 2614 378 LV.

3602 319 3705 373 536

2031 451 2303 523 ἐθάρρησε
2346 453 2452 525 1:96
2495 451 2592 505 106
2622 448 2907 521 σταυροῦ.
2970 447 3179 503 Πολλὰ
3206 446 3315 517 1&9
3341 446 3459 514 ἔχω
3505 445 3708 514 λέγειν

2029 535 2193 605 ὑμῖν,
2223 535 2406 606 φησιν,
2443 535 2584 590 ἀλλ’
2609 536 2681 588 οὐ
2731 533 2999 589 δύνασθε
3035 529 3368 596 ,βαστάζειν
3391 530 3543 598 ἄρτι.
3599 532 3708 585 K01

2029 615 2138 669 τῶν
2179 616 2483 688 εἰρημένων
2511 615 2567 669 δὲ
2616 613 2747 687 παρ’
2773 614 2942 669 αὐτοῦ
2987 613 3157 667 πολλὰ
3195 613 3501 683 ἀγνοοῦσιν,
3535 613 3572 668 ἃ
3608 615 3707 666 οὐκ

2030 699 2253 769 ἐποίησε
2285 698 2432 769 σαφῆ
2460 697 2568 767 πρὸ
2596 696 2690 751 τοῦ
2722 696 2984 767 σταυροῦ.
3020 696 3150 750 Ὅτε
3182 695 3315 765 γοῦν
3340 696 3562 767 ἀνέστη,
3585 696 3709 750 τότε

2030 782 2274 852 ιγνωσαν
2298 781 2415 835 ενια
2436 781 2546 835 τῶν
2576 780 2895 851 λεχθέντων.
2936 780 3070 835 Ἀπὸ
3099 783 3235 835 τότε
3256 779 3484 849 ἤρξατο
3502 780 3710 847 αὐτοῖς

2028 864 2333 920 δεικνύειν
2362 865 2430 931 ⁸⁷,
2452 863 2540 917 ὅτι
2562 863 2660 917 δεῖ
2686 864 2874 917 αὐτὸν
2894 865 3128 919 παθεῖν.
3166 864 3300 919 Ἀπὸ
3346 866 3483 919 τότε
3499 880 3514 894 ’
3542 866 3707 931 πότις

2031 946 2161 1000 Ὅτε
2189 945 2389 1017 ἔπηξεν
2431 947 2491 999 ἐν
2540 945 2727 1007 αὐτοῖς
2754 944 2817 997 16
2845 945 3050 1014 δόγμα’
3097 947 3187 999 ὅτε
3236 947 3337 1017 τὴν
3370 937 3550 1019 ἀρχὴν
3598 949 3709 1001 τῶν

2029 1029 2201 1083 ἐθνῶν
2239 1030 2558 1100 εἰσήγαγεν.
2601 1025 2742 1080 Ἀλλ’
2787 1027 2911 1081 οὐδέ
2944 1027 3087 1082 οὕτω
3115 1028 3366 1083 συνίεσαν
3395 1031 3456 1083 16
3481 1031 3710 1103 λεγόμε-

2029 1129 2148 1165 νον·
2176 1107 2297 1167 Ἦν
2323 1113 2456 1182 1&9,
2488 1110 2642 1183 φησὶ,
2679 1109 3134 1178 κεκαλυμμένος
3164 1110 3315 1185 [550]
3349 1115 3382 1167 ὁ
3399 1114 3581 1185 λόγος
3605 1116 3708 1168 ἀπ’

2028 1195 2263 1251 αὐτῶνθ
2292 1197 2386 1249 καὶ
2416 1193 2608 1264 ὥσπερ
2658 1194 2716 1247 ἐν
2744 1193 2986 1265 ἀσαφείᾳ
3025 1194 3133 1248 τινὶ
3159 1190 3321 1266 ἦσαν,
3356 1198 3456 1251 οὐκ
3506 1198 3708 1264 εἰδότες

2027 1280 2109 1334 δτι
2141 1280 2439 1348 ἀναστῆναι
2460 1277 2622 1331 αὐτὸν
2651 1277 2751 1331 δεῖ.
2790 1276 2889 1330 Διά
2914 1276 3074 1330 τοῦτο
3118 1279 3213 1332 καὶ
3244 1279 3566 1352 ἐνδιατρίϐει
3594 1284 3708 1346 τοῖς

2027 1362 2337 1433 δυσχερέσι,
2372 1361 2467 1415 καὶ
2493 1358 2830 1430 ἐμπλατύνει
2860 1359 2953 1413 τὸν
2984 1357 3166 1428 λόγον,
3206 1361 3293 1414 ἵνα
3322 1362 3563 1435 διανοίξῃ
3606 1365 3704 1418 06-

2027 1443 2137 1498 τῶν
2164 1446 2264 1515 τὴν
2294 1444 2553 1507 διάνοιαν,
2575 1443 2670 1497 καὶ
2692 1441 2894 1496 συνῶσι
2921 1441 2976 1495 τί
3004 1443 3136 1496 ποτέ
3155 1445 3272 1497 ἐστι
3305 1445 3365 1498 16
3393 1444 3703 1517 λεγόμενον.

2041 1525 2181 1580 Ἀλλ’
2206 1528 2289 1581 Οὐ
2337 1524 2645 1595 συνῆκαν,
2680 1525 2818 1580 ἀλλ’
2858 1524 2940 1595 ἦν
2960 1526 3027 1579 τὸ
3042 1524 3209 1601 ῥῆμα
3256 1529 3710 1598 κεκαλυμμένον

2029 1607 2131 1663 ἀπ’
2159 1607 2359 1664 αὐτῶν
2382 1624 2398 1639 ’
2433 1608 2533 1663 καὶ
2566 1607 2895 1677 ἐφοϐοῦντο
2933 1607 3121 1662 αὑτὸν
3139 1608 3435 1678 ἐρωτῆσαι
3458 1628 3473 1644 ·
3513 1612 3632 1682 οὐχὶ
3658 1615 3705 1665 εί

2030 1693 2403 1757 ἀποθανεῖται,
2459 1691 2596 1745 ἀλλά
2647 1690 2765 1755 πῶς
2795 1691 2890 1744 καὶ
2928 1689 3035 1744 τίνι
3084 1691 3289 1765 τρόπῳ,
3338 1694 3432 1748 καὶ
3479 1694 3534 1748 τί
3573 1697 3705 1749 πο·έ

2029 1778 2147 1830 ἐστι
2168 1775 2327 1830 τοῦτο
2359 1776 2421 1830 16
2458 1776 2774 1846 μυστήριον.
2799 1774 2934 1828 Οὐδὲ
2962 1773 3072 1847 γὰρ
3096 1774 3317 1847 ᾔδεσαν,
3348 1778 3401 1831 τί
3436 1778 3565 1833 ποτέ
3590 1781 3705 1834 ἐστι

2028 1860 2090 1915 16
2122 1860 2425 1928 ἀναστῆναι
2480 1857 2640 1913 τοῦτο
2671 1856 2826 1922 0616,
2867 1857 2963 1911 καὶ
2990 1856 3170 1928 πολλῷ
3201 1857 3409 1928 βέλτιον
3457 1861 3706 1932 ἐνόμιζον

2027 1937 2170 1996 εἶναι
2198 1942 2260 1996 16
2295 1942 2370 2011 μὴ
2405 1940 2719 1997 ἀποθανεῖν.
2777 1940 2879 1995 Διά
2915 1938 3075 1994 τοῦτο
3105 1941 3216 1995 τῶν
3239 1940 3414 1997 ἀλλων
3447 1943 3704 2015 θορυϐου-

2032 2026 2212 2097 μένων
2234 2024 2330 2078 καὶ⁵
2351 2023 2755 2095 διαπορούντων
2782 2022 2851 2087 ⁸⁸,
2877 2023 3040 2077 πάλιν
3071 2023 3099 2075 ὁ
3124 2024 3350 2096 Πέτρος,
3377 2024 3581 2097 θερμὸς
3606 2027 3700 2089 ὢν,

2032 2110 2191 2180 μόνος
2212 2107 2385 2177 τολμᾷ
2422 2108 2552 2177 περὶ
2575 2105 2784 2159 τούτων
2806 2105 3155 2176 διαλεχθῆναι
3177 2124 3190 2138 ·
3221 2108 3312 2162 καὶ
3336 2108 3457 2161 οὐδὲ
3478 2104 3630 2174 οὗτος
3656 2116 3701 2144 δ’

2029 2191 2332 2263 παρρησίᾳ,
2349 2191 2485 2245 ἀλλά
2507 2191 2628 2243 κατ’
2660 2189 2798 2242 ίδίαν
2821 2187 3002 2241 λαϐών
3021 2205 3035 2220 ·
3064 2189 3336 2255 τουτέστι,
3366 2191 3475 2247 τῶν
3500 2192 3702 2250 λοιπῶν

2027 2275 2329 2347 ἀποσχίσας
2355 2273 2547 2328 ἐαυτὸν
2575 2273 2621 2305 ⁹⁶
2658 2271 2916 2343 μαθητῶν
2934 2287 2950 2304 '
2992 2273 3086 2327 καί
3116 2290 3280 2343 φησιν
3302 2289 3315 2303 ·
3346 2275 3544 2343 Ἵλεώς
3577 2295 3698 2342 σοι,

2026 2360 2225 2427 Κύριε,
2254 2360 2326 2413 οὐ
2349 2356 2437 2427 μὴ
2465 2355 2640 2410 ἔσται
2666 2369 2765 2409 σοι
2784 2353 2978 2410 τοῦτο.
3013 2355 3077 2407 Τί
3111 2370 3240 2408 ποτε
3267 2356 3425 2410 τοῦτό
3460 2361 3607 2414 ἐστιν
3630 2379 3645 2425 ;
3673 2366 3704 2415 6

2026 2441 2424 2511 ἀποκαλύψεως
2447 2437 2650 2509 τυχὼν,
2679 2441 2707 2492 ὁ
2726 2438 3109 2509 μακαρισθεὶς,
3129 2435 3282 2503 0610;
3317 2440 3460 2496 οὕτω
3491 2446 3700 2515 ταχέως

2025 2523 2242 2576 διέπεσε
2276 2522 2368 2575 καὶ
2395 2520 2627 2590 ἐσφάλη,
2670 2520 2746 2581 ὡς
2788 2519 3088 2589 φοϐηθῆναι
3137 2521 3200 2574 16
3255 2522 3460 2590 11000;;
3496 2527 3603 2580 Καὶ
3646 2530 3699 2581 τί

2028 2604 2358 2676 θαυμαστὸν,
2414 2603 2508 2655 τὸν
2552 2603 2614 2655 06
2648 2601 2941 2672 δεξάμενον
2988 2604 3047 2655 ἐν
3098 2603 3307 2667 τούτοις
3359 2606 3699 2679 ἀποκάλυψιν

2025 2687 2186 2741 τοῦτο
2219 2686 2448 2751 παθεῖν;
2476 2686 2593 2740 Ἵνα
2624 2684 2734 2755 γὰρ
2766 2684 2966 2756 μάθῃς,
3009 2686 3092 2739 δτι
3125 2686 3247 2739 οὐδὲ
3286 2689 3467 2743 ἐκεῖνα
3489 2691 3698 2747 οἴκοθεν
3743 2718 3750 2724 ·

2026 2765 2349 2836 ἐφθέγξατο,
2378 2766 2481 2837 ὅρα
2510 2765 2555 2798 ’⁸
2587 2766 2644 2817 ἐν
2666 2763 2877 2828 τούτοις
2895 2766 3007 2827 τοῖς
3027 2765 3128 2817 οὐκ
3152 2764 3696 2839 ἀποκεκαλυμμένοις

2027 2848 2184 2920 αὐτῷ’
2220 2849 2339 2912 πῶς
2387 2847 2698 2918 θορυϐεῖται
2743 2846 2838 2899 καὶ
2868 2845 3276 2917 περιτρέπεται,
3312 2849 3407 2901 καὶ
3438 2853 3699 2922 μυριάκις

2027 2929 2239 2986 ἀκούων
2263 2928 2364 2983 οὐκ
2388 2925 2495 2983 οἶδε
2518 2929 2571 2983 τί
2597 2928 2728 2982 ποτέ
2761 2928 2878 2982 ἐστι
2903 2926 2965 2980 τὸ
2986 2926 3296 2997 λεγόμενον.
3316 2929 3437 2984 Ὅτι
3465 2932 3564 3000 μὲν
3587 2933 3696 3005 γὰρ

2027 3013 2153 3077 Υἱὸς
2184 3012 2319 3067 Θεοῦ
2349 3013 2517 3075 ἐστιν,
2551 3011 2786 3082 ἔμαθενο
2830 3011 2858 3065 6
2902 3010 2955 3063 τί
2985 3026 3117 3063 ποτε
3160 3008 3218 3064 δέ
3254 3012 3368 3065 ἐστι
3397 3014 3459 3067 16
3489 3020 3693 3086 μυστή-

2028 3112 2143 3168 ριον
2171 3093 2266 3149 τοῦ
2322 3092 2558 3165 σταυροῦ
2595 3093 2689 3146 καί⁵
2733 3092 2835 3162 τῆς
2870 3091 3240 3155 ἀναστάσεως,
3289 3092 3500 3148 οὐδέπω
3545 3099 3694 3168 αὐτῷ

2024 3164 2182 3249 δῆλον
2204 3176 2440 3247 ἐγένετο.
2468 3164 2580 3230 K01
2604 3174 2711 3247 1&9
2733 3170 2873 3235 Ἷιν,
2905 3173 3090 3242 φησὶν,
3116 3175 3149 3226 ό
3172 3173 3355 3242 λόγος
3373 3176 3475 3230 ἀπ’
3495 3164 3695 3235 αὑτῶ.

2026 3258 2495 3330 κεκαλυμμένος.
2533 3259 2695 3329 Ὀρᾷς
2720 3257 2802 3310 ὅτι
2848 3254 3073 3318 δικαίως
3108 3254 3326 3309 ἐκέλευε
3358 3257 3407 3289 ’⁸
3447 3262 3560 3324 τοῖς
3599 3264 3693 3318 ἀλ-

2025 3342 2136 3408 λοις
2168 3343 2243 3414 μὴ
2264 3343 2503 3408 ἐξειπεῖν
2522 3360 2537 3408 ;
2561 3341 2623 3394 Εἰ
2649 3339 2757 3412 γὰρ
2777 3338 2872 3401 οὓς
2893 3339 3189 3406 ἀναγκαῖον
3214 3332 3282 3410 ἦν
3299 3339 3493 3409 μαθεῖν
3520 3344 3692 3411 οὕτως

2025 3425 2327 3498 ἐθορύϐησε
2342 3425 2409 3491 ⁸³,
2439 3425 2491 3477 τί
2514 3424 2614 3477 οὐκ
2643 3421 2709 3476 ἂν
2729 3420 2935 3476 ἔπαθον
2961 3422 3012 3475 οί
3046 3421 3226 3474 λοιποί
3243 3438 3258 3487 ;
3302 3422 3474 3488 Αὐτὸς
3506 3427 3691 3497 μέντοι

2023 3509 2258 3571 δεικνὺς,
2292 3506 2374 3560 ὅτι
2408 3504 2664 3560 τοσοῦτον
2686 3504 2886 3576 ἀπέχει
2917 3503 3069 3559 ἀκων
3091 3502 3266 3558 ἐλθεῖν
3297 3505 3390 3559 ἐπὶ
3410 3506 3472 3561 16
3498 3509 3688 3576 πάθος,

2026 3590 2122 3644 καῖ
2146 3587 2446 3659 ἐπετίμησε
2472 3586 2551 3659 τῷ
2574 3587 2787 3658 Πέτρῳ,
2816 3588 2911 3641 καὶ
2940 3587 3185 3641 Σατανᾶν
3210 3586 3488 3643 ἐκάλεσεν.

2092 3672 2156 3727 δ’.
2208 3672 2621 3726 ’Δκουσάτωσαν
2656 3671 2771 3724 ὅσοι
2814 3671 2876 3724 τὸ
2915 3670 3088 3733 πάθος
3129 3669 3547 3738 ἐπαισχύνονται
3593 3675 3689 3728 τοῦ

2027 3753 2259 3827 σταυροῦ
2287 3756 2334 3788 ⁸⁵
2362 3753 2458 3807 τοῦ
2495 3751 2754 3824 Χριστοῦ.
2790 3753 2854 3805 Εί
2888 3750 2996 3820 1&9
3026 3754 3055 3805 6
3085 3753 3400 3821 κορυφαῖος,
3434 3754 3527 3805 καὶ
3559 3754 3690 3824 πρὶν

2025 3837 2059 3908 ῆ
2092 3836 2276 3890 πάντα
2309 3834 2499 3905 μαθεῖν
2539 3834 2747 3901 σαφῶς,
2783 3833 3030 3894 Σατανᾶς
3059 3830 3262 3900 ἐκλήθη
3288 3830 3447 3884 τοῦτο
3478 3833 3686 3900 παθὼν,

2024 3921 2148 3974 τίνα
2174 3919 2241 3973 ἀν
2282 3917 2455 3987 ἔχοιεν
2485 3914 2813 3986 συγγνώμην
2855 3916 2904 3969 οί
2936 3913 3073 3983 μετά
3115 3912 3382 3983 τοσαύτην
3418 3914 3689 3983 ἀπόδειξιν

2023 4000 2124 4072 τὴν
2151 3997 2460 4069 οἰκονομίαν
2489 3997 2843 4068 ἀρνούμενοις
2878 3996 3046 4049 Ὅταν
3078 3994 3188 4065 1&9
3218 3995 3247 4046 6
3280 3993 3426 4049 οὔτω
3456 4013 3688 4070 μακαρι.

2027 4081 2192 4147 σθεὶς,
2225 4083 2254 4136 6
2296 4078 2520 4134 τοιαῦτα
2555 4077 2912 4149 ὁμολογήσας,
2949 4075 3176 4131 τοιαῦτα
3207 4076 3402 4149 ἀκούῃ,
3435 4080 3688 4149 ἐννόησον

2024 4164 2146 4219 τίνα
2173 4163 2452 4217 πείσονται
2479 4163 2528 4215 οί
2555 4160 2693 4231 μετά
2711 4159 2883 4214 ταῦτα
2910 4157 3232 4220 ἀθετοῦντες
3253 4158 3347 4212 τοῦ
3372 4162 3605 4233 σταυροῦ
3629 4165 3687 4216 16

2029 4247 2347 4318 μυστήριον.
2394 4243 2506 4298 K01
2547 4244 2648 4297 οὐκ
2685 4239 2859 4305 εἶπεν,
2916 4241 2975 4293 '0
3008 4241 3254 4304 Σατανᾶς
3280 4240 3580 4311 ἐφθέγξατο
3601 4243 3687 4298 διά

2028 4330 2152 4384 σοῦ-
2188 4329 2328 4396 ἀλλ’,
2353 4327 2586 4396 ’Ὕπαγε
2613 4326 2807 4380 ὀπίσω
2833 4341 2974 4396 μου,
3000 4322 3257 4378 Σατανᾶ.
3296 4323 3401 4377 K01
3429 4324 3538 4395 1&9
3564 4325 3685 4378 ἐπι-

2026 4413 2195 4485 θυμία
2222 4409 2290 4485 ἦν
2312 4409 2406 4466 τοῦ
2436 4409 2813 4480 ἀντικειμένου
2839 4408 2901 4461 16
2924 4408 2970 4441 ⁸³
2999 4406 3074 4479 μὴ
3101 4406 3294 4460 παθεῖν
3318 4406 3412 4459 τὸν
3430 4406 3685 4477 Χριστόν.

2020 4496 2120 4550 Διά
2146 4495 2305 4549 τοῦτο
2324 4492 2463 4564 μετά
2479 4490 2749 4561 τοσαύτης
2777 4489 3135 4559 σφοδρότητος
3163 4487 3491 4557 ἐπετίμησεν
3515 4488 3683 4557 αὐτῷ,

2019 4576 2208 4648 ἐπειδὴ
2245 4576 2359 4646 ᾔδει
2394 4573 2628 4643 μάλιστα
2666 4571 2761 4623 καὶ
2790 4569 2953 4622 αὐτὸν
2991 4568 3085 4621 καὶ
3137 4567 3261 4628 τοὺς
3289 4566 3481 4629 ἄλλους
3518 4565 3688 4648 τοῦτο

2020 4647 2404 4731 φοϐουμένους,
2437 4654 2529 4708 καὶ
2562 4653 2663 4706 οὐκ
2703 4651 2939 4711 εὐκόλως
2982 4650 3113 4703 αὐτὸ
3140 4648 3459 4716 δεξομένους
3484 4647 3553 4731 ⁸⁸.
3584 4649 3686 4731 Διά

2019 4729 2177 4795 τοῦτο
2198 4729 2293 4794 καὶ
2330 4733 2704 4792 ἀποκαλύπτει
2751 4732 2819 4786 τὰ
2846 4731 2955 4786 ἀπὸ
2982 4732 3084 4801 τῆς
3107 4732 3346 4793 διανοίας
3391 4729 3556 4785 αὐτοῦ
3593 4729 3683 4785 λέ-

2023 4841 2135 4893 γων
2154 4840 2170 4856 ο
2208 4825 2290 4877 Οὐ
2317 4817 2555 4890 φρονεῖς
2590 4817 2664 4872 τὰ
2691 4815 2797 4869 τοῦ
2833 4814 3000 4877 Θεοῦ,
3031 4815 3191 4867 ἀλλὰ
3220 4816 3290 4866 τὰ
3322 4812 3441 4866 τῶν
3458 4811 3684 4881 ἀνθρώ-

2024 4921 2172 4961 πων.
2204 4905 2269 4958 Τί
2298 4904 2355 4957 δέ
2386 4905 2552 4964 ἐστιν,
2580 4900 2663 4954 Οὐ
2701 4896 2942 4968 φρονεῖς
2965 4895 3035 4949 τὰ
3066 4895 3171 4949 τοῦ
3199 4894 3370 4959 Θεοῦ,
3398 4894 3560 4949 ἀλλὰ
3610 4895 3682 4949 τὰ

2022 4988 2143 5042 τῶν
2179 4983 2503 5055 ἀνθρώπων
2525 4982 2628 5048 “';
2668 4981 2904 5043 Ἐκεῖνος
2947 4976 3269 5048 ἀνθρωπίνῳ
3318 4976 3563 5048 λογισμῷ
3588 4979 3682 5032 καὶ

2023 5069 2277 5142 γηῖνῳντὸ
2292 5054 2529 5139 πρᾶγμα
2548 5064 2836 5129 ἐξετάζων,
2854 5061 3104 5134 ἐνόμιζεν
3123 5059 3346 5142 αἰσχρὸν
3367 5054 3506 5142 εἶναι
3527 5059 3683 5114 τοῦτο
3794 5105 3813 5122 ,

2022 5138 2285 5222 αὐτῷκαὶ
2312 5146 2580 5218 ἀπρεπές.
2612 5143 3053 5222 καθικνούμενος
3082 5141 3263 5196 τοίνυν
3287 5138 3454 5194 αὐτοῦ
3489 5156 3678 5212 φησιν·

2022 5235 2097 5288 υύ
2129 5214 2192 5287 τὸ
2219 5232 2319 5303 ἐμὲ
2369 5214 2561 5284 παθεῖν
2589 5214 2836 5299 ἀπρεπές
2859 5242 2874 5258 ·
2898 5214 3059 5279 ἀλλά
3104 5225 3170 5278 σὺ
3221 5225 3453 5292 σαρκικῇ
3489 5221 3683 5303 γνώμῃ

2021 5315 2231 5379 τούτοις
2255 5302 2467 5384 ψηφίζη
2491 5329 2505 5343 ·
2533 5310 2609 5371 ὡς
2637 5311 2686 5362 εἰ
2709 5308 2851 5363 κατά
2878 5306 3027 5380 [551]
3058 5307 3190 5361 Θεὸν
3237 5306 3432 5375 ῆκουες
3457 5302 3565 5384 τῶν
3596 5302 3683 5356 λε·-

2024 5382 2289 5468 γομένων,
2319 5382 2415 5465 τῆς
2445 5393 2714 5464 σαρκικῆς
2748 5389 2983 5454 διανοίας
3029 5386 3381 5452 ἀπαλλαγεὶς,
3409 5382 3557 5456 ᾔδεις
3580 5385 3679 5450 ἂν,

315 5496 362 5528 ⁸⁸
382 5496 478 5549 τοῦ
503 5493 720 5562 Πατρὸς
742 5493 838 5545 καὶ
862 5491 955 5544 τοῦ
980 5490 1113 5544 Υίοῦ
1145 5489 1278 5562 Ειιᾴ.
1314 5489 1459 5562 Infra
1476 5488 1600 5562 τῶν
1624 5488 1693 5562 τὰ
1715 5490 1918 5562 τοιαῦτ(

2027 5528 2041 5562 ._
2109 5489 2151 5521 ⁸³
2176 5486 2492 5562 ⁸σκανδάλων
2517 5484 2580 5538 L.
2621 5482 3040 5562 ’ξιξ-γενομένων
3061 5481 3152 5562 Κ..
3208 5479 3259 5562 δῖ
3281 5472 3350 5548 ἦν
3372 5491 3488 5562 ριιι.
3607 5492 3676 5562 ιτ).

244 5566 416 5668 9.1101
445 5573 577 5619 ante
617 5554 973 5668 ἐλαυνόμενον
1005 5562 1206 5614 habent
1240 5559 1297 5611 Ι..
1326 5559 1396 5613 Μ.
1470 5560 1518 5591 ³⁸
1548 5558 1761 5631 τούτου]
1791 5560 1918 5612 τοῦτ

275 5639 294 5664 ὁ
326 5639 612 5668 νιν-ιριηηα
652 5633 755 5668 ηιιιΙ
848 5663 855 5668 .
910 5631 1014 5668 lum
1059 5629 1439 5668 Irnnclnlimnc
1486 5629 1768 5668 nni-indum
1806 5630 1918 5668 Ιίἴνι

2027 5558 2064 5611 Ι.
2095 5557 2290 5610 τούτου
2321 5572 2430 5613 om.
2456 5554 2515 5606 L.
2621 5554 2668 5587 "
2700 5554 2947 5623 ἐμπηδᾴν
2970 5554 3029 5604 ι..
3062 5554 3260 5618 καίτοι]
3294 5554 3385 5599 καί
3416 5554 3479 5599 li.
3514 5554 3554 5598 li

2027 5647 2041 5658 -
2079 5629 2258 5668 τηῐυυυ
2302 5643 2334 5668 ν
2384 5642 2415 5668 τ
2460 5625 2506 5668 ἐ-
2541 5638 2663 5668 mm
2704 5623 2861 5668 νηιαο
2895 5630 3086 5668 ιηιςιν-
3116 5617 3411 5668 λενθέντων
3461 5616 3560 5668 1ραί

275 5616 779 5703 ίῖῖὧέίιιιὶεᾼεοιι.
813 5616 1015 5703 Ι...,Ιιιιο
1059 5616 1768 5703 translnlimngpequdnn’n
1804 5630 1918 5703 Εξκι

2027 5647 2041 5691 ;
2079 5629 2271 5703 τοίνυν.
2302 5643 2355 5703 κ.
2384 5642 2435 5677 τ.
2460 5625 2507 5703 ἐς
2541 5638 2663 5692 quae
2704 5616 2861 5703 Υἱῆειρ
2893 5616 3426 5703 iugslv.n}ax'06v1w1
3461 5616 3676 5703 ίοζςίιιιν.

326 5639 612 5691 I’razeunle
652 5633 779 5687 cod.

2621 5553 2668 5587 "
2700 5544 2947 5623 ἐμπηδῷι
2970 5550 3029 5604 ι..
3062 5546 3268 5623 καίτοι]
3294 5544 3385 5599 καί
3416 5546 3479 5623 (ἰ,
3514 5544 3576 5623 ll_.
3607 5544 3676 5602 Μ.

248 5678 848 5761 Ιᾶέηῖιῖέέίινίλιῖῖηιιε
886 5702 1175 5772 interpres.

2298 5678 2648 5772 ἀπορούντων
2704 5678 3013 5772 1,.ΪΜ.”Ιξξρ;
3090 5690 3133 5721 ⁸9
3164 5678 3341 5772 οὕτως
3500 5678 3563 5772 Κ..
3615 5686 3675 5743 Ιι.

243 5754 579 5829 δἀὐτόνῖξ
878 5754 1050 5842 Κύριέ
1075 5785 1184 5822 om.
1217 5766 1280 5822 Κ.
1319 5767 1376 5852 [λ’.
1451 5754 1672 5890 "690};
1698 5771 1820 5822 add.
1858 5769 1918 5851 πί

244 5847 404 5890 halm
434 5847 490 5890 in
539 5844 680 5890 Edd-
719 5850 848 5890 ante
872 5840 1004 5890 Ben.
1029 5837 1191 5890 Ξάιιιι.
1268 5839 1314 5872 ’³
1349 5838 1603 5890 εκέλευσε
1677 5839 1766 5890 (Id.
1797 5837 1918 5890 ἐκαὶ

2027 5754 2163 5820 L'l'l.
2200 5765 2270 5820 Μ.
2298 5754 2441 5818 Ιιιίιεξι
2476 5763 2591 5824 πῶς
2621 5772 2745 5815 anle
2795 5754 3099 5830 θορυϐεῖται
3143 5773 3254 5811 om.
3304 5757 3367 5809 ΙΙ.
3400 5754 3491 5808 Bis
3537 5756 3678 5823 lege-

2054 5836 2119 5890 L.
2196 5837 2242 5868 ³³
2269 5829 2415 5889 οὗτοι
2451 5832 2622 5890 οὓτως
2655 5829 3061 5890 ἐθορυϐήθησαν
3093 5827 3153 5882 L.
3230 5828 3274 5859 "’
3322 5823 3413 5880 106
3441 5823 3676 5890 σταυροῦ

244 5847 404 5901 batur
434 5847 490 5901 in
535 5844 680 5901 Edd.
710 5837 848 5895 'anie
872 5837 1004 5894 Beli.
1029 5837 1191 5893 Ξάιιπ.
1268 5839 1314 5872 ’³
1349 5837 1603 5892 ἐκέλευσε

1677 5839 1766 5892 (Id.
1797 5827 2020 5890 ἐκάλεσε
2054 5836 2119 5892 L.
2196 5837 2242 5868 ³³
2269 5829 2415 5889 οὗτοι
2451 5832 2622 5896 οὓτως
2655 5827 3061 5899 ἐθορυὸἦθησαν
3093 5827 3153 5882 L.

3230 5828 3274 5859 "’
3322 5823 3676 5893 τοῦσταυροῦ

535 5892 899 5968 --θτόῙ-τοῦ
924 5892 1003 5967 Μ.
1038 5892 1047 5893 7
1071 5909 1118 5941 "
1139 5907 1463 5980 δεξαμένους
1488 5906 1550 5962 Κ.
1576 5907 1636 5962 ι..
1663 5916 1714 5964 cl
1740 5923 1820 5980 pr.
1849 5907 1911 5963 (ἱ.

2082 5909 2149 5941 ⁹⁸¹
2175 5905 2300 5961 Ηςεο
2326 5907 2368 5958 Τ
2375 5905 2390 5954 ί
2417 5902 2472 5955 δέ
2498 5892 3018 5965 ὲστίν...ἀνθρώπων
3042 5914 3146 5952 non
3178 5897 3374 5951 habent
3408 5892 3470 5946 (ἑ.
3505 5892 3598 5947 ϐε.
