4028 6152
357 258 462 316 537

358 391 501 427 nam.
522 371 660 441 Quid
691 387 850 442 porro
873 371 1001 426 illud
1026 381 1130 437 est,
1161 369 1277 425 Non
1305 369 1446 440 sapis
1466 385 1524 424 ea
1552 385 1664 439 qua
1692 368 1784 422 Dei
1802 377 1948 432 sunt,

361 469 452 521 sed
478 483 535 521 ea
563 481 676 530 qua
713 466 1019 520 hominum!
1044 465 1136 519 Ille
1183 464 1414 518 humano
1456 473 1508 517 et
1536 472 1748 518 terreno
1776 461 1944 516 ratio-

357 560 503 612 cinio
527 574 639 612 rem
668 559 998 623 examinans,
1046 558 1263 627 putabat
1305 557 1355 612 id
1383 556 1596 610 Christo
1639 565 1792 624 turpe
1825 570 1945 610 esse

359 661 414 706 et
443 651 775 706 indecorum.
821 651 993 720 Ipsum
1035 651 1212 719 itaque
1249 666 1475 718 carpens
1518 650 1628 704 ait:
1660 649 1775 704 Non
1807 650 1946 703 inde-

360 755 543 795 corum
575 750 660 794 est
685 757 770 794 me
798 741 938 811 pati:
961 740 1052 795 sed
1078 750 1129 794 tu
1160 740 1358 794 carnali
1377 740 1908 806 eonsilioitajudicas
1928 756 1958 792 :.

357 831 450 902 qui
480 831 524 885 si
551 831 841 887 secundum
867 832 1030 886 Deum
1057 831 1196 885 dicta
1215 832 1474 893 audisses,-
1497 848 1524 886 a
1552 831 1958 886 carnalianimo

360 925 660 995 expeditus,
691 926 857 979 scires
887 925 936 980 id
965 940 1051 979 me
1076 926 1307 980 maxime
1331 925 1525 980 decere
1549 941 1563 989 ;
1594 934 1658 979 tu
1678 926 1820 980 enim
1849 941 1944 993 pu-

363 1026 463 1078 tas,
498 1004 766 1086 indignam
797 1032 907 1071 rem
934 1031 1079 1080 esse,
1118 1018 1163 1072 si
1204 1017 1258 1070 id
1299 1032 1397 1084 ego
1443 1018 1648 1086 patiar:
1683 1031 1783 1087 ego
1817 1032 1946 1071 vero

362 1111 485 1165 dico
511 1110 628 1173 tibi,
658 1109 851 1164 diaboli
883 1111 1207 1164 voluntatem
1229 1125 1349 1165 esse
1379 1119 1434 1164 ut
1462 1126 1560 1180 ego
1590 1126 1694 1164 non
1727 1111 1898 1178 patiar
1927 1126 1942 1163 ι

360 1220 430 1258 ex
474 1203 759 1258 contrariis
803 1202 1212 1258 sollicitudinem
1265 1203 1382 1270 ejus
1422 1202 1763 1270 reprimebat.
1796 1202 1948 1256 Sicut

360 1294 516 1348 enim
535 1293 795 1348 Joannem
822 1293 911 1362 qui
940 1293 1212 1363 indignum
1242 1292 1456 1347 Christo
1482 1292 1700 1361 putabat
1721 1307 1862 1356 esse,
1899 1293 1942 1346 si

360 1384 500 1438 abse
517 1382 895 1452 baptizaretur,
911 1383 974 1436 ad
999 1383 1048 1437 id
1069 1383 1366 1438 faciendum
1390 1382 1594 1437 induxit
1609 1383 1794 1437 dicens
1815 1401 1828 1437 ε
1859 1383 1948 1437 Sic

361 1477 502 1529 decet
546 1473 878 1547 nos(MattIt.
926 1476 978 1530 5.
1024 1474 1150 1546 15);
1191 1484 1245 1529 et
1293 1475 1390 1544 ipsi
1437 1475 1594 1529 Petro
1635 1475 1796 1544 pedes
1820 1490 1947 1529 suos

363 1569 541 1623 lavare
569 1567 866 1638 prohibenti
892 1568 1044 1633 dixit,
1082 1566 1196 1622 Non
1219 1567 1370 1621 habes
1392 1578 1584 1637 partem
1605 1584 1817 1632 mecum,
1850 1568 1949 1620 nisi

363 1659 516 1728 pedes
559 1669 671 1714 tuos
709 1659 875 1712 lavero
905 1657 1083 1727 (Joan.
1119 1659 1206 1714 I5.
1234 1657 1305 1730 8)
1343 1659 1461 1714 :sic
1495 1669 1546 1713 et
1587 1658 1686 1713 hoc
1724 1659 1838 1713 loco
1881 1674 1952 1713 ex

360 1751 645 1806 contrariis
675 1751 846 1823 ipsum
872 1753 1148 1820 repressit,
1176 1761 1228 1806 et
1259 1752 1637 1820 increpationis
1657 1751 1946 1806 vohemcno

363 1844 434 1896 tia
467 1843 714 1898 timorem
743 1843 1004 1912 passionis
1036 1844 1308 1899 exstinxit.
1348 1843 1627 1899 Neminem
1656 1844 1812 1914 igitur
1853 1860 1948 1912 pu-

361 1935 488 1989 deat
529 1935 916 1990 bonorabilium
947 1935 1135 1990 salutis
1175 1945 1372 1990 nostra
1410 1935 1794 2004 symbolorum,
1827 1950 1946 2004 qua:

362 2036 488 2080 sunt
516 2037 676 2094 caput
715 2026 996 2085 bonorum.
1040 2041 1134 2096 per
1157 2043 1277 2096 qua:
1303 2027 1549 2091 vivimus,
1584 2042 1677 2096 per
1713 2042 1831 2096 qua:
1857 2042 1948 2081 su-

362 2133 523 2172 mus:
549 2119 642 2174 sed
672 2134 884 2174 crucem
909 2117 1104 2174 Christi
1135 2121 1282 2190 quasi
1323 2135 1572 2175 coronam
1602 2121 1946 2175 circumfera-

362 2225 482 2265 nnts
506 2225 526 2276 ;
555 2225 651 2279 per
669 2225 785 2266 eam
813 2211 956 2267 enim
984 2211 1161 2266 omnia
1187 2227 1308 2282 quae
1332 2211 1398 2265 ad
1429 2225 1523 2265 nos
1549 2220 1790 2280 spectant
1823 2226 1946 2279 per-

363 2303 636 2358 ﬁciuntur.
688 2303 746 2358 Si
807 2306 1112 2374 regenerari
1161 2313 1449 2374 oporteat,
1499 2319 1628 2359 crux
1671 2304 1854 2367 adest;
1901 2304 1944 2358 si

361 2396 592 2465 mystico
613 2394 704 2448 ille
724 2394 843 2449 cibo
865 2396 1072 2460 nutriri,
1093 2395 1135 2450 si
1155 2395 1409 2460 ordinari,
1433 2405 1487 2450 et
1509 2397 1551 2450 si
1574 2395 1782 2466 quidvis
1803 2397 1962 2450 aliud-

363 2486 690 2553 faciendum,
719 2487 913 2558 ubique
941 2490 1092 2543 nobis
1135 2488 1284 2543 adest
1322 2488 1424 2544 hoc
1464 2489 1699 2544 victoriae
1735 2491 1958 2562 symbo-

362 2578 494 2631 lum.
525 2578 727 2633 Idcirco
749 2588 803 2634 et
830 2579 993 2645 domi,
1023 2588 1078 2636 et
1101 2580 1153 2634 in
1184 2581 1490 2649 parietibus,
1519 2590 1574 2636 et
1596 2581 1646 2635 in
1677 2581 1945 2647 fenestris,

360 2679 418 2725 et
448 2670 497 2724 in
521 2669 695 2726 fronte
720 2679 775 2727 et
797 2671 848 2726 in
880 2683 1078 2738 mente,
1112 2673 1253 2728 illam
1291 2687 1412 2728 cum
1457 2674 1622 2728 multo
1657 2673 1833 2729 studio
1854 2674 1950 2729 de-

363 2763 654 2833 pingimus.
703 2763 816 2818 Hoc
862 2752 1056 2834 quippe
1108 2765 1315 2834 signum
1369 2775 1450 2821 est
1499 2775 1695 2821 nostra:
1738 2767 1944 2834 salutis,

361 2855 665 2909 communis
693 2854 971 2918 libertatis,
996 2864 1050 2910 et
1073 2857 1495 2910 mansuetudinis
1525 2857 1730 2911 Domini
1760 2876 1773 2911 :
1801 2856 1948 2913 Sicut

360 2947 468 3000 ovis
511 2947 655 3000 enim
697 2947 764 2999 ad
792 2947 1086 3000 occisionem
1124 2947 1300 3001 ductus
1325 2956 1396 3002 est
1445 2947 1579 3020 (Act.
1608 2948 1662 3003 8.
1695 2948 1782 3002 52.
1820 2947 1946 3003 Isai.

361 3039 453 3094 55.
487 3039 563 3107 7).
593 3039 724 3092 Cum
757 3037 912 3107 igitur
951 3048 1002 3092 te
1034 3038 1232 3107 signas,
1275 3048 1441 3092 totum
1472 3038 1644 3093 crucis
1669 3055 1950 3107 argumen-

363 3141 476 3186 tum
503 3132 700 3202 cogita,
729 3132 1008 3202 exstingue
1027 3133 1154 3186 iram
1179 3147 1472 3200 omneSque
1494 3145 1682 3201 pravos
1705 3131 1948 3186 allectus.

363 3225 494 3279 Cum
526 3234 578 3278 te
604 3224 803 3294 signas,
835 3225 996 3277 multa
1028 3224 1215 3278 Iiducia
1253 3225 1479 3278 frontem
1511 3231 1656 3277 tuam
1685 3224 1852 3292 reple,
1883 3223 1956 3275 Ii-

363 3317 551 3371 heram
584 3314 742 3369 facito
767 3317 1018 3369 animam.
1050 3315 1209 3370 Scitis
1241 3316 1396 3385 plane
1424 3330 1667 3385 quamam
1695 3315 1803 3368 sint
1830 3329 1958 3384 quae

363 3406 665 3460 libertatem
693 3405 845 3459 nobis
867 3407 1092 3475 pariant.
1115 3404 1240 3460 Ideo
1261 3405 1539 3460 Paulus-ad
1567 3405 1618 3459 id
1647 3419 1742 3459 nos
1758 3404 1952 3458 cohor-

365 3509 506 3562 tans,
538 3497 641 3554 hoc
665 3506 744 3553 est
765 3498 831 3552 ad
859 3498 1154 3552 libertatem
1184 3497 1335 3552 nobis
1350 3507 1749 3566 congruentem,
1776 3497 1951 3551 crucis

363 3603 418 3645 et
462 3589 740 3659 sanguinis
779 3589 1029 3644 dominici
1072 3589 1341 3643 mentione
1400 3588 1572 3655 facta,
1615 3588 1696 3644 sic
1747 3588 1948 3642 habet:

367 3681 565 3758 Pretio,
596 3682 785 3751 inquit,
818 3682 972 3751 empti
999 3682 1158 3745 estis;
1200 3697 1262 3735 ne
1288 3681 1397 3734 sitis
1434 3681 1562 3734 servi
1589 3680 1847 3734 hominum
1873 3681 1948 3750 (I.

364 3777 486 3832 Car.
519 3777 573 3829 Ἰ.
598 3776 714 3844 25).
747 3775 952 3844 Cogita,
985 3775 1192 3844 inquit,
1233 3776 1456 3843 pretium
1498 3790 1592 3842 pro
1621 3784 1673 3828 te
1701 3789 1948 3826 numera-

367 3878 498 3932 tmn,
529 3876 688 3937 atque
719 3867 913 3921 nullius
944 3865 1174 3920 hominis
1194 3867 1299 3920 eris
1324 3879 1538 3930 servus;
1574 3865 1800 3932 pretium
1823 3878 1952 3917 vero

365 3975 584 4014 crucem
626 3969 801 4012 vocat.
850 3956 1034 4027 Neque
1067 3957 1208 4011 enim
1255 3955 1568 4024 simpliciter
1614 3955 1756 4008 illam
1787 3953 1956 4024 digito.

366 4054 654 4108 ell'ormare
681 4062 912 4122 oportet,
944 4051 1037 4107 sed
1069 4053 1212 4120 prius
1233 4050 1505 4104 voluntate
1532 4057 1586 4102 et
1622 4048 1784 4100 nmlta
1827 4046 1948 4100 fide.

364 4146 420 4199 Si
477 4144 580 4199 hoc
626 4143 787 4197 modo
840 4143 986 4197 illam
1027 4143 1078 4196 in
1121 4141 1252 4196 facie
1293 4150 1380 4194 tua
1421 4138 1749 4208 depinxeris,
1778 4136 1952 4191 nullus

367 4238 698 4306 intpurorum
741 4235 1042 4290 dtemonum
1088 4241 1271 4287 contra
1315 4241 1367 4287 te
1407 4240 1552 4285 stare
1595 4228 1802 4298 poterit,
1829 4243 1957 4282 cum

365 4349 552 4389 ensem
608 4331 784 4384 videat
823 4344 930 4399 quo
960 4329 1147 4382 vulnus
1189 4327 1412 4394 accepit,
1450 4339 1570 4377 cum
1605 4322 1838 4392 gladium
1871 4321 1954 4373 vi-

365 4425 491 4480 d‘eat
517 4439 624 4490 quo
645 4421 789 4476 letali
829 4419 982 4491 plaga
1009 4415 1281 4487 perfossus
1308 4423 1410 4469 est.
1455 4412 1510 4468 Si
1540 4428 1636 4466 nos
1666 4412 1807 4465 enim
1837 4411 1957 4464 loca

370 4517 622 4570 videntes
658 4513 749 4567 ubi
797 4513 872 4566 rei
915 4509 1211 4570 carduntur,
1257 4505 1746 4575 perhorrescimus,
1779 4501 1952 4570 eogita

367 4607 494 4677 quid
543 4603 752 4674 passuri
796 4605 904 4657 sint
945 4601 1188 4656 diabolus
1228 4609 1281 4653 et
1306 4597 1601 4662 dan-tones,
1632 4595 1793 4649 telum
1824 4591 1953 4646 illud

370 4698 633 4759 videntes,
673 4711 780 4766 quo
805 4693 1047 4750 Christus
1079 4699 1243 4745 totam
1280 4691 1487 4744 illorum
1521 4686 1808 4755 potentiam
1848 4684 1958 4738 sol-

370 4787 849 4856 vit,_drac0nisque
876 4792 1036 4853 caput
1079 4781 1324 4836 abscidit.
1356 4778 1434 4833 Ne
1461 4779 1636 4848 itaque
1676 4784 1725 4830 te
1762 4774 1956 4844 pudeat

372 4885 502 4935 tanti
542 4879 748 4950 accepti
794 4875 940 4943 boni,
981 4890 1048 4930 ne
1085 4873 1354 4928 Christum
1397 4870 1471 4924 tui
1521 4867 1717 4939 pudeat
1742 4865 1955 4936 quando

370 4973 547 5026 veniet
573 4985 696 5025 cum
723 4968 892 5038 gloria
919 4982 1034 5030 sua,
1074 4975 1128 5020 et
1154 4965 1257 5017 hoc
1283 4963 1490 5032 signum
1533 4968 1657 5012 ante
1682 4957 1953 5012 Christum

369 5063 638 5118 videbitur
692 5061 820 5130 ipsis
872 5057 1134 5112 solaribus
1189 5053 1354 5110 radiis
1404 5050 1755 5120 splendidius.
1808 5047 1957 5102 Tunc

370 5157 514 5210 enim
544 5169 679 5209 crux
703 5151 900 5214 veniet,
930 5157 1217 5217 conspectu
1257 5161 1356 5200 suo
1382 5157 1570 5199 vocem
1603 5142 1870 5203 emittens,
1905 5149 1960 5195 et

372 5248 630 5302 adversus
674 5243 860 5297 orbem
905 5251 1071 5295 totum
1121 5253 1336 5294 causam
1391 5235 1596 5290 Domini
1641 5233 1956 5298 defendens,

373 5339 775 5406 ostendensque
821 5332 954 5388 nihil
995 5347 1060 5386 ex
1092 5331 1209 5400 ejus
1257 5339 1405 5399 parte
1447 5325 1700 5381 defuisse.
1747 5326 1856 5378 Hoc
1882 5323 1958 5377 si-

370 5448 533 5501 gnum
564 5438 617 5482 et
644 5426 909 5497 majorum
940 5434 1242 5478 nostrorum
1288 5431 1527 5488 tempore
1551 5428 1604 5471 et
1633 5431 1747 5470 :evo
1777 5424 1962 5469 nostro

366 5523 578 5577 clausas
596 5519 808 5589 aperuit
821 5515 1042 5587 januas;
1063 5514 1163 5567 hoe
1179 5514 1386 5582 signum
1404 5507 1960 5576 venenalalpliarmaca

373 5614 654 5678 exstinxit;
705 5610 812 5664 hoc
836 5607 1023 5660 cicuta:
1052 5607 1156 5658 vim
1201 5604 1389 5667 solvit;
1439 5603 1538 5655 hoc
1582 5609 1961 5653 venenatarum

377 5705 599 5764 Ivt‘urum
622 5714 842 5762 morsus
856 5698 1079 5756 curavit.
1103 5696 1230 5751 Nam
1249 5694 1292 5749 si
1310 5702 1484 5765 portas
1507 5691 1794 5746 inferorum
1832 5702 1960 5758 ape-

1455 253 1517 309 IN
1557 249 1960 308 MATTHEUM
2001 249 2228 306 IIOMIL.
2272 250 2400 306 LIV.
2443 253 2512 303 al.
2557 249 2642 304 LV

3536 249 3644 306 εει

2052 373 2176 434 ruit,
2205 371 2531 426 sicariorum
2557 370 2692 425 ostia
2723 369 3003 435 reseravit,
3030 375 3083 424 et
3110 366 3338 438 paradisi
3359 368 3634 422 renovavit

2000 495 2005 499 -
2051 459 2367 532 ingressum,
2385 463 2428 516 si
2443 461 2638 517 diaboli
2658 477 2850 517 nervos
2875 461 3089 518 rescidit
3109 459 3266 532 -.qnid
3283 461 3474 516 mirum
3492 460 3536 514 si
3554 460 3633 514 le-

2052 551 2203 609 tifera
2221 554 2526 622 pharmace,
2546 553 2704 618 feras,
2725 554 2933 624 aliaque
2955 552 3263 623 hujusmodi
3279 554 3636 622 superaverit?

2121 645 2175 700 5.
2212 645 2326 700 Hoc
2352 661 2479 716 ergo
2508 646 2562 700 in
2607 657 2785 702 mente
2811 656 2898 702 tua
2933 646 3207 714 insculpe,
3242 655 3296 700 et
3335 646 3635 700 animarum

2050 744 2351 788 nostrarum
2413 737 2636 790 salutem
2681 737 3022 806 amplectere.
3085 736 3208 791 Ilaec
3260 736 3455 806 quippe
3505 751 3635 790 crux

2050 829 2233 882 orbem
2257 830 2492 884 servavit
2535 839 2588 884 et
2615 832 2908 897 convertit,
2941 846 3179 885 errorem
3220 832 3454 900 expulit,
3497 832 3637 886 veri-

2052 929 2211 974 tatem
2241 920 2478 986 induxit,
2514 931 2708 976 terram
2737 924 2924 976 czelum
2969 923 3172 980 effecit.
3203 924 3445 979 homines
3476 941 3638 994 ange-

2050 1010 2131 1064 los
2149 1009 2399 1067 reddidit.
2417 1011 2473 1066 Vi
2501 1014 2675 1068 crucis
2703 1013 2974 1069 d:emones
2991 1030 3098 1068 non
3128 1015 3262 1070 ultra
3291 1015 3634 1083 formidandi,

2051 1103 2145 1158 sed
2193 1103 2515 1175 despiciendi
2564 1116 2724 1171 sunt;
2777 1122 2949 1177 neque
3003 1123 3150 1162 mors
3197 1123 3342 1164 mors
3373 1117 3490 1176 est,
3539 1110 3635 1165 sed

2049 1213 2301 1253 somnus:
2323 1214 2418 1268 per
2441 1215 2654 1254 crucem
2680 1217 2799 1270 qua:
2819 1202 2969 1256 nobis
2996 1203 3438 1268 adversabantur,
3458 1203 3636 1258 omnia

2050 1287 2196 1344 hutni
2242 1290 2446 1359 dejecta
2475 1293 2873 1347 conculcantur.
2906 1293 2959 1348 Si
2985 1295 3105 1363 quis
3132 1309 3259 1363 ergo
3305 1293 3446 1348 dicat
3499 1295 3589 1348 tibi
3624 1335 3639 1358 ,

2051 1382 2443 1440 Crucilixumne
2467 1383 2700 1439 adoras?
2727 1385 2844 1439 laeta
2872 1401 3021 1450 voce,
3051 1385 3202 1440 hilari
3231 1386 3376 1439 vultu
3408 1401 3640 1456 respon-

2050 1474 2140 1542 de,
2173 1475 2387 1542 Adoro,
2412 1491 2512 1532 nec
2537 1476 2982 1532 adorandidinem
3011 1476 3221 1532 faciam.
3252 1477 3306 1532 Si
3340 1477 3542 1542 rideat,
3571 1479 3649 1532 de-

2051 1564 2166 1632 ejus
2194 1564 2396 1620 insania
2426 1565 2689 1637 Iacrymas
2713 1566 2894 1622 funde.
2939 1567 3150 1624 Gratias
3177 1584 3272 1638 age
3302 1569 3526 1623 Domino
3571 1570 3649 1624 de

2053 1657 2212 1710 tantis
2256 1657 2528 1713 beneficiis
2547 1702 2561 1723 ,
2592 1675 2712 1730 quae
2742 1660 2858 1715 sine
2881 1661 3079 1716 caelesti
3109 1663 3433 1717 revelatione
3462 1679 3529 1716 ne
3554 1661 3640 1716 di-

2051 1763 2202 1804 scere
2226 1750 2439 1820 quidem
2469 1751 2587 1822 quis
2617 1752 2801 1822 possit.
2838 1752 2962 1808 ldco
2981 1768 3174 1824 nempe
3201 1753 3286 1807 hic
3316 1753 3486 1818 ridet,
3519 1754 3639 1823 quia

2050 1842 2301 1897 Animalia
2331 1844 2491 1898 homo
2523 1861 2622 1898 non
2651 1845 2863 1915 percipit
2905 1862 2964 1899 ea
2990 1861 3102 1916 qua:
3133 1845 3357 1916 Spiritus
3377 1856 3496 1900 sunt
3542 1845 3559 1914 (
3587 1846 3638 1899 I.

2052 1934 2168 1988 Cor.
2192 1934 2244 1988 2'.
2273 1934 2393 2005 M).
2421 1934 2556 1988 Nam
2580 1944 2634 1989 et
2665 1935 2810 2004 pueri
2832 1935 2908 1990 sic
2925 1935 3103 1991 solent
3125 1934 3290 2002 afﬁci,
3310 1951 3651 2005 cummagna.

2051 2025 2292 2096 qua-dam
2323 2033 2378 2080 et
2408 2024 2664 2079 mirabilia
2695 2024 2961 2080 viderint:
2991 2026 3035 2080 si
3067 2025 3321 2081 infantem
3348 2026 3414 2081 ad
3439 2038 3643 2097 niyste~

2051 2117 2187 2170 rium
2217 2116 2611 2182 introduxeris,
2652 2116 2865 2172 ridebit.
2895 2117 2989 2174 llis
3026 2119 3262 2188 puerulis
3285 2119 3639 2179 similessuut

2049 2209 2311 2279 gentiles;
2343 2209 2451 2263 imo
2473 2208 2922 2278 hisqnoquesunt
2949 2209 3386 2278 imperfectiores.
3415 2213 3641 2282 Ideoque

2051 2304 2388 2370 miseriores,
2424 2304 2580 2374 quod.
2612 2319 2719 2359 non
2761 2303 2811 2359 iu
2844 2305 3126 2360 immatura
3146 2347 3160 2371 ,
3189 2305 3281 2361 sed
3332 2305 3382 2359 in
3408 2304 3642 2376 perfecta

2052 2407 2228 2464 mtate,
2249 2400 2438 2454 eodem
2469 2415 2574 2470 quo
2604 2400 2751 2470 pueri
2779 2400 2938 2454 modo
2967 2398 3296 2464 afficiantur;
3319 2408 3642 2468 quapmpter

2051 2489 2205 2545 venia
2235 2500 2359 2546 sunt
2388 2490 2608 2562 indigni.
2638 2491 2743 2547 Sed
2775 2506 2872 2546 nos
2901 2491 3042 2546 clara
3073 2506 3368 2560 magnaque
3396 2504 3525 2544 voce
3550 2530 3564 2552 ,
3591 2501 3640 2543 et

2052 2582 2288 2637 clamore
2317 2583 2556 2639 adhibito
2601 2583 2874 2646 dicamus;
2926 2583 3034 2638 imo
3065 2583 3266 2652 majore
3294 2598 3414 2638 cum
3452 2581 3642 2637 fiducia

2052 2674 2096 2728 si
2152 2674 2381 2744 gentiles
2429 2689 2618 2730 omnes
2669 2675 2842 2729 adsint
2875 2693 2886 2729 :
2915 2673 3093 2730 Gloria
3148 2683 3327 2728 nostra
3363 2689 3492 2727 crux
3521 2680 3601 2726 est
3625 2712 3639 2734 .

2053 2776 2212 2836 caput
2259 2767 2516 2821 bonorum
2548 2767 2822 2834 omnium,
2871 2766 3062 2822 fiducia
3104 2777 3159 2823 et
3186 2782 3404 2821 corona.
3439 2766 3640 2821 Vellem

2052 2873 2173 2912 cum
2205 2858 2367 2913 Paulo
2393 2873 2552 2928 posse
2580 2859 2758 2914 dicere
2789 2877 2800 2912 :
2836 2857 2942 2912 Per
2963 2875 3108 2928 quem
3135 2858 3260 2912 mihi
3286 2857 3501 2911 mundus
3527 2873 3644 2910 cru-

2051 2949 2234 3016 ciﬁxus
2260 2959 2353 3014 est,
2385 2959 2430 3004 et
2455 2967 2546 3022 ego
2569 2952 2758 3004 mundo
2793 2949 2950 3020 (Gal.
2977 2950 3028 3004 6.
3066 2950 3168 3019 Η)
3204 2968 3217 3003 :
3249 2949 3343 3004 sed
3383 2965 3488 3003 non
3517 2963 3637 3017 pos-

2054 3056 2173 3096 sum
2223 3042 2465 3111 plurimis
2513 3043 2762 3099 detentus
2808 3043 3104 3098 allectibus.
3163 3046 3501 3112 Quapropter
3548 3055 3643 3094 vos

2055 3133 2263 3200 hortor,
2282 3144 2336 3188 et
2360 3145 2484 3189 ante
2505 3149 2600 3190 vos
2633 3135 2914 3204 tneipsum,
2940 3145 2996 3188 ut
3021 3133 3218 3188 mundo
3243 3133 3638 3202 cruciﬁgamur,

2055 3225 2289 3296 nihilque
2318 3241 2602 3281 commune
2631 3241 2752 3280 cum
2785 3234 2923 3280 terra
2957 3225 3246 3279 habeamus
3266 3264 3284 3290 ,
3313 3223 3406 3278 sed
3447 3238 3642 3292 super-

2055 3333 2175 3372 nam
2203 3332 2442 3372 amemus
2469 3317 2688 3387 patriam
2713 3357 2727 3380 ,
2759 3316 2979 3387 gloriam
3008 3317 3149 3371 illam
3169 3358 3185 3384 ,
3220 3315 3356 3372 bona
3385 3315 3640 3370 czelestia.

2053 3411 2182 3464 Nam
2215 3409 2374 3480 Regis
2398 3410 2628 3464 caelestis
2655 3410 2849 3464 milites
2874 3423 3058 3464 sumus
3076 3451 3088 3474 ,
3116 3417 3171 3463 et
3199 3407 3364 3462 armis
3389 3406 3644 3476 spiritua-

2055 3502 2194 3558 libus
2241 3502 2527 3556 induimur.
2559 3500 2666 3556 Cur
2694 3517 2821 3572 ergo
2859 3516 3156 3570 caupouum
3179 3542 3194 3567 ,
3226 3499 3602 3554 eireulatoruut
3622 3539 3640 3564 ,

2056 3594 2164 3647 imo
2195 3595 2454 3648 vermium
2484 3594 2642 3648 vitam
2674 3593 2923 3663 agimus?
2969 3591 3070 3648 Ubi
3100 3592 3244 3647 enim
3275 3606 3366 3646 rex
3395 3599 3479 3646 est
3507 3630 3524 3656 ,
3570 3589 3642 3644 ibi

2055 3685 2278 3740 militem
2317 3700 2437 3740 esse
2459 3692 2689 3754 Oportet.
2729 3683 2862 3738 Nam
2907 3685 3102 3738 milites
3148 3697 3332 3738 sumus
3362 3699 3374 3734 :
3411 3696 3517 3735 non
3548 3695 3643 3734 eo-

2055 3792 2174 3830 rum
2218 3776 2307 3846 qui
2335 3776 2490 3846 Ionge
2510 3817 2526 3843 ,
2559 3776 2652 3831 sed
2682 3792 2868 3842 eorum
2899 3777 2986 3846 qui
3029 3790 3194 3844 prope
3238 3781 3382 3828 sunt.
3430 3770 3640 3826 Etenim

2055 3882 2150 3922 rex
2182 3877 2426 3922 terrenus
2452 3883 2556 3921 non
2589 3868 2847 3936 permittit
2871 3882 3058 3920 omnes
3087 3866 3138 3919 in
3168 3865 3312 3933 regia
3339 3878 3460 3919 esse
3479 3904 3492 3928 ,
3543 3879 3643 3918 nec

2054 3959 2119 4013 ad
2148 3960 2262 4029 ejus
2289 3961 2454 4014 latera
2483 3962 2806 4022 consistere;
2830 3969 2884 4014 at
2917 3957 3148 4014 cazlestis
3189 3957 3278 4012 ille
3308 3955 3423 4010 Rex
3453 3971 3642 4010 omnes

2057 4071 2106 4124 pt
2121 4069 2221 4122 ope
2252 4053 2456 4124 regium
2477 4052 2668 4106 solium
2697 4052 2714 4082 ¹
2752 4051 2863 4104 vult
2888 4049 3100 4104 adesse.
3136 4049 3202 4104 Et
3231 4047 3501 4118 quomodo
3525 4046 3642 4101 fieri

2057 4153 2268 4214 potest,
2299 4143 2532 4213 inquies,
2561 4151 2619 4197 ut
2645 4142 2730 4196 hic
2771 4141 3057 4211 degentes,
3081 4154 3247 4209 prope
3282 4137 3473 4193 solium
3514 4137 3644 4191 illud

2055 4238 2294 4292 stemus?
2322 4237 2454 4303 Quia
2479 4245 2535 4290 et
2555 4235 2749 4290 Paulus
2769 4250 2890 4289 cum
2922 4234 2973 4288 in
2998 4243 3138 4288 terra
3165 4239 3340 4296 esset,
3367 4230 3434 4285 ibi
3462 4238 3644 4284 tamen

2055 4341 2202 4396 erat,
2235 4331 2322 4385 ubi
2377 4330 2656 4399 Seraphim
2686 4338 2741 4384 et
2775 4327 3065 4384 Cherubim
3090 4368 3106 4392 ,
3138 4325 3366 4396 propius
3391 4323 3604 4380 Christo
3625 4366 3640 4390 ,

2055 4443 2212 4497 quam
2241 4425 2497 4481 satellites
2527 4424 2858 4495 Imperatori.
2890 4422 2953 4476 Ili
2983 4435 3214 4490 namque
3246 4435 3388 4488 saepe
3409 4419 3642 4472 cireum-

2057 4536 2263 4592 quaque
2308 4519 2634 4588 reSpieiunt;
2681 4517 2771 4572 ille
2813 4531 2942 4569 vero
2989 4514 3131 4568 nulla
3175 4511 3564 4582 imaginationis
3592 4511 3643 4562 vi

2055 4623 2233 4666 monts
2279 4611 2359 4665 vel
2401 4611 2699 4665 abstractus
2734 4615 2882 4670 erat,
2909 4605 3004 4660 sed
3048 4605 3248 4658 intenta
3291 4611 3469 4656 mente
3512 4601 3644 4669 Regi

2055 4703 2270 4757 Christo
2313 4701 2572 4755 haerebat.
2622 4699 2798 4766 Quare
2827 4696 2869 4750 si
2899 4695 3257 4758 voluerimus,
3295 4707 3392 4747 nos
3431 4707 3646 4761 quoque

2058 4795 2108 4851 id
2139 4793 2451 4866 poterimus.
2482 4791 2609 4844 Nam
2639 4781 2691 4844 'si
2718 4789 2955 4842 locorum
2987 4785 3266 4840 intervallo
3295 4791 3532 4838 semotus
3560 4798 3646 4838 es-

2059 4897 2160 4951 set,
2195 4901 2298 4940 non
2330 4886 2445 4939 sine
2465 4897 2622 4937 causa
2655 4880 2767 4934 haec
2787 4878 3048 4947 objiceres
3068 4893 3083 4943 ;
3107 4877 3200 4931 sed
3227 4875 3273 4930 si
3295 4875 3487 4942 ubique
3509 4890 3645 4944 prm-

2061 4995 2183 5034 sons
2213 4988 2294 5034 est
2316 5019 2329 5043 ,
2360 4976 2498 5046 vigili
2539 4985 2593 5028 et
2633 4982 2838 5027 attento
2865 4979 3010 5026 certe
3037 4968 3277 5039 proxime
3314 4967 3484 5022 adest.
3516 4967 3644 5022 Ideo

2061 5074 2318 5142 propheta
2349 5067 2578 5132 dicebat,
2609 5064 2727 5118 Non
2757 5061 2935 5116 timebo
2961 5062 3096 5115 mala
3115 5060 3353 5129 quoniam
3379 5069 3432 5112 tu
3450 5075 3643 5112 mecum

2062 5183 2112 5221 es
2137 5170 2155 5236 (
2177 5165 2318 5219 Psal.
2348 5161 2440 5216 Ξῖ.
2470 5160 2542 5230 4)
2577 5177 2591 5213 :
2623 5167 2678 5213 et
2703 5171 2885 5212 rursus
2913 5155 3025 5224 ipse
3064 5155 3202 5209 Deus
3231 5171 3243 5206 :
3277 5150 3416 5205 Deut
3452 5166 3643 5220 appro-

2065 5261 2311 5329 pinquans
2361 5270 2450 5323 ego
2501 5267 2609 5306 sum
2629 5291 2642 5316 ,
2695 5265 2796 5302 non
2820 5251 2826 5257 ’
2846 5246 2984 5301 Deus
3013 5245 3188 5310 procul
3217 5242 3361 5313 (Jer.
3385 5242 3474 5295 23.
3505 5240 3576 5294 23
3595 5240 3640 5309 ).

2063 5351 2209 5407 Sicut
2238 5347 2378 5402 enim
2407 5353 2616 5414 peccata
2641 5357 2736 5395 nos
2763 5341 2830 5395 ab
2861 5339 2950 5392 illo
2977 5338 3315 5404 disjungunt,
3345 5332 3421 5386 sic
3440 5331 3645 5400 justitia

2067 5460 2163 5498 nos
2193 5439 2430 5511 adjungit
2469 5437 2586 5506 ipsi.
2619 5435 2748 5489 Nam
2774 5435 2847 5486 ait
2878 5451 2891 5486 :
2920 5430 3098 5483 Adhuc
3124 5437 3170 5482 te
3199 5427 3428 5497 loquente
3454 5425 3644 5488 dicam,

2068 5535 2198 5589 Ecce
2227 5533 2404 5585 adsum
2448 5527 2608 5598 (Isai.
2640 5525 2726 5580 58.
2750 5521 2834 5593 9).
2866 5521 2996 5590 Quis
3027 5528 3174 5592 pater
3202 5515 3280 5573 sic
3311 5516 3447 5572 ﬁlios
3478 5530 3650 5584 nepo—

2133 5695 2148 5724 ¹
2184 5697 2311 5744 Unus
2329 5687 2496 5745 habet,
2523 5682 2808 5734 dominicum
2833 5675 3020 5730 solium.
