4028 6152
431 233 539 288 539

432 363 615 422 tesque
640 351 816 407 audiat
838 353 860 407 ?
879 367 997 425 qum
1023 362 1194 409 mater
1220 355 1286 408 ita
1320 365 1498 423 parata
1532 364 1881 424 promptaque
1905 353 2003 418 sit,

431 462 497 499 ne
528 461 585 501 se
617 446 760 500 ﬁlioli
808 446 1107 501 advocent?
1165 446 1331 502 Nemo
1360 458 1539 513 certe,
1573 463 1677 501 non
1702 456 1869 516 pater,
1900 463 2005 501 non

429 547 620 603 mater,
649 537 743 593 sed
775 538 913 591 Dens
942 537 1086 591 solus
1111 539 1322 593 assidue
1343 548 1633 609 exspectat,
1663 554 1788 592 num
1806 539 1926 609 quis
1948 552 2009 593 se

426 630 837 684 domesticorum
865 630 1105 694 advocet,
1131 647 1227 686 nec
1254 648 1501 702 umquam
1531 641 1587 684 ut
1614 631 1767 684 decet
1790 637 2005 684 vocatus

425 740 452 775 a
486 724 669 788 nobis,
719 740 825 778 non
879 724 1096 779 audivit.
1152 724 1276 781 Ideo
1309 727 1381 780 ait
1411 745 1423 779 :
1455 726 1634 778 Adhuc
1673 736 1718 778 te
1747 724 2002 794 loquente,

424 832 530 869 non
559 818 882 886 exspectabo
908 816 1081 873 donec
1103 819 1302 873 ﬁnieris
1322 860 1334 881 .
1369 818 1461 873 sed
1502 818 1677 872 statim
1702 817 2001 871 exaudiam.

424 908 758 962 Advocemus
795 910 969 979 itaque
1009 910 1156 964 illum
1185 919 1241 965 ut
1267 912 1376 964 vult
1405 910 1651 964 advocari
1682 928 1694 963 :
1728 909 2004 977 Quomodo

422 1000 527 1053 vult
558 1001 730 1069 ergo?
775 1000 955 1067 Solve,
983 1002 1190 1071 inquit,
1223 1018 1367 1055 omne
1408 1003 1661 1055 vinculum
1708 1002 2000 1072 injustitiaz,

421 1094 636 1146 dissolve
682 1092 1007 1164 obligationes
1053 1095 1384 1148 uiolentarum
1429 1096 1749 1165 pactionum,
1807 1111 2001 1149 omnem

417 1183 719 1251 scripturam
762 1184 987 1250 iniquam
1014 1185 1297 1238 conscinde.
1329 1184 1532 1254 Frange
1561 1186 1795 1239 esurienti
1820 1202 2002 1255 panem

420 1285 582 1341 tuum,
612 1285 657 1328 et
686 1292 930 1345 pauperes
956 1292 1203 1346 vagosque
1230 1277 1383 1330 induc
1415 1278 1466 1330 in
1488 1278 1692 1331 domum
1739 1288 1896 1331 tuam.
1941 1280 2002 1333 Si

417 1365 602 1418 rideris
631 1365 844 1431 nudum,
874 1366 1012 1435 aperi
1037 1383 1170 1433 eum,
1195 1376 1240 1420 et
1266 1368 1558 1422 domesticos
1578 1369 1778 1422 seminis
1799 1370 1871 1422 tui
1899 1385 2000 1423 non

419 1458 721 1525 despexeris.
750 1456 891 1511 Tunc
929 1468 1154 1527 erumpet
1197 1459 1494 1512 matutinum
1543 1460 1707 1514 lumen
1729 1470 1907 1523 tuum,
1951 1471 1999 1515 et

326 1617 333 1623 ἣ
417 1547 626 1602 medela:
648 1560 745 1603 tute
766 1566 883 1603 mea:
902 1550 1127 1604 orientur
1153 1558 1198 1604 et
1224 1552 1419 1621 prteibit
1440 1564 1555 1605 ante
1578 1561 1621 1606 te
1637 1554 1839 1622 justitia
1869 1565 1954 1608 tua
1977 1594 1997 1623 ,

416 1653 463 1692 et
489 1641 653 1709 gloria
673 1639 771 1694 Dei
816 1642 1203 1695 circumamiciet
1243 1653 1306 1695 te.
1351 1642 1491 1696 Tunc
1520 1645 1770 1699 invocabis
1794 1663 1873 1700 me
1894 1689 1908 1713 ,
1950 1658 1998 1702 et

415 1732 685 1785 eruudiam
719 1740 783 1784 te.
816 1731 996 1786 Adhuc
1039 1742 1086 1787 te
1126 1734 1355 1803 loquente
1391 1736 1575 1789 dicam.
1633 1735 1767 1791 Ecce
1817 1739 1997 1792 adsunt

414 1823 433 1885 (
461 1822 584 1876 Isai.
617 1823 704 1877 58.
734 1822 886 1893 6-9).
921 1824 1026 1878 Sed
1055 1824 1281 1894 inquies,
1311 1826 1438 1891 Quis
1475 1826 1587 1881 haec
1615 1830 1791 1883 omnia
1823 1830 1995 1886 facere

410 1913 650 1983 poterit?
678 1912 790 1969 lmo
815 1929 961 1978 vero.
1003 1915 1089 1970 dic
1112 1931 1313 1986 qumso,
1346 1919 1466 1988 quis
1496 1934 1601 1973 non
1633 1923 1843 1990 potest?
1866 1924 1993 1992 quid

410 2006 553 2057 enim
574 2018 639 2058 ex
666 2004 823 2059 dictis
852 2007 923 2061 ita
950 2005 1198 2063 difﬁcile?
1222 2007 1348 2079 quid
1385 2012 1707 2078 operosum?
1732 2013 1856 2084 quid
1886 2029 1993 2070 non

410 2095 615 2151 facile?
660 2096 732 2150 lla
761 2112 865 2151 non
897 2098 1056 2153 modo
1082 2100 1350 2168 possibilia
1376 2112 1533 2168 sunt,
1562 2103 1655 2159 sed
1685 2111 1738 2158 et
1773 2104 1943 2162 facilia
1973 2147 1989 2174 ,

411 2196 467 2239 nt
506 2186 657 2241 multi
684 2202 868 2242 eorum
914 2205 1217 2245 mensuram
1266 2194 1611 2262 excesserint,
1659 2210 1765 2250 non
1818 2198 1990 2253 solum

410 2278 606 2346 injusta
661 2279 1008 2353 chirographa
1054 2284 1383 2354 lacerantes,
1417 2287 1509 2342 sed
1539 2303 1658 2344 sese
1701 2289 1852 2346 bonis
1882 2293 1991 2348 suis

409 2372 801 2440 exspoliantes;
830 2390 934 2429 non
958 2376 1117 2432 modo
1146 2377 1247 2432 sub
1270 2387 1407 2433 tecto
1427 2388 1479 2436 et
1499 2380 1565 2435 ad
1587 2396 1821 2436 mensam
1863 2398 1991 2452 pau-

408 2479 566 2531 peres
585 2466 925 2535 recipientes,
945 2468 1036 2524 sed
1066 2470 1223 2524 etiam
1254 2471 1320 2525 ad
1350 2470 1466 2527 illos
1495 2473 1715 2529 alendos
1741 2490 1986 2545 magnum

408 2557 648 2626 corporis
677 2558 911 2615 laborem
957 2570 1011 2617 et
1038 2563 1287 2619 sudorem
1313 2566 1700 2636 suscipientes;
1751 2584 1856 2623 non
1900 2585 1990 2625 co-

407 2649 582 2717 gnatis
610 2651 788 2718 modo,
822 2653 1091 2709 sedetiam
1120 2656 1349 2713 inimicis
1378 2657 1632 2714 beneﬁcia
1649 2670 1982 2730 praestantes.

478 2742 529 2797 6.
557 2743 693 2812 Quid
724 2746 775 2799 in
801 2748 1118 2817 supradictis
1146 2750 1359 2807 difﬁcile
1383 2753 1498 2808 est?
1516 2754 1631 2809 Non
1660 2756 1800 2812 enim
1834 2759 1983 2826 dixit,

404 2833 747 2891 'l‘ranscende
792 2848 1032 2906 montes,
1087 2857 1234 2898 mare
1259 2844 1479 2912 trajice,
1512 2854 1589 2901 tot
1616 2856 1669 2901 et
1696 2856 1771 2903 tot
1799 2848 1984 2920 jugera

404 2933 563 2978 terrae
606 2924 824 2981 eﬁ‘odias
845 2969 860 2994 ,
884 2927 1098 2998 jejunus
1121 2930 1213 2984 diu
1239 2946 1484 2999 maneas,
1525 2948 1681 2991 sacco
1710 2948 1760 2992 te
1790 2939 1981 3007 indue;

401 3014 519 3080 sed,
550 3015 801 3073 Proximo
832 3021 1132 3092 impertire,
1164 3039 1351 3094 panem
1383 3026 1603 3098 largire,
1631 3030 1825 3099 injusta
1873 3032 1985 3087 chi-

400 3107 666 3177 rographa
696 3112 956 3168 rescinde.
983 3114 1119 3183 Quid
1138 3157 1151 3181 ,
1181 3131 1362 3186 quaeso
1381 3159 1395 3182 ,
1423 3118 1504 3173 his
1529 3121 1734 3178 facilius
1759 3126 1781 3178 ‘i
1832 3126 1983 3194 Quod

403 3198 445 3248 si
478 3197 711 3253 difﬁcilia
738 3201 825 3254 illa
853 3211 1036 3270 putes,
1075 3207 1287 3275 prtemia
1321 3211 1559 3279 respice,
1590 3222 1643 3267 et
1691 3213 1859 3270 facilia
1891 3217 1983 3272 tibi

402 3295 579 3341 enmt.
629 3288 1087 3356 Quemadmodum
1131 3298 1273 3353 enim
1322 3314 1473 3370 reges
1514 3302 1567 3356 in
1617 3302 1982 3376 hippodromis

402 3386 526 3432 ante
551 3377 888 3437 decertantes
916 3400 1139 3442 coronas
1161 3430 1176 3452 ,
1220 3388 1397 3444 bravia
1443 3401 1497 3446 et
1522 3396 1833 3452 vestimenta
1882 3415 1980 3469 po-

400 3479 566 3537 nunt,
598 3472 676 3528 sic
700 3483 753 3528 et
783 3475 1023 3532 Christus
1048 3481 1100 3534 in
1129 3482 1302 3537 medio
1345 3484 1517 3541 stadio
1544 3490 1762 3556 praemia
1796 3495 1977 3561 ponit,

399 3577 463 3617 ac
513 3565 664 3633 quasi
720 3567 1009 3624 multorum
1065 3574 1306 3630 manibus
1352 3592 1446 3646 per
1498 3582 1771 3650 praphetze
1816 3587 1977 3640 verba

399 3654 668 3722 expandit.
701 3657 778 3712 Ac
807 3674 961 3730 reges
989 3663 1201 3733 quidem
1223 3708 1237 3731 ,
1271 3670 1370 3723 etsi
1412 3671 1600 3727 millies
1632 3689 1786 3743 reges
1829 3676 1936 3731 sint
1958 3718 1975 3744 ,

400 3752 585 3813 utpote
614 3744 886 3818 homines,
918 3749 1086 3807 ﬂuxas
1132 3755 1328 3812 habent
1357 3773 1485 3828 opes
1524 3771 1578 3817 et
1606 3762 1975 3821 liberalitatem

395 3852 514 3902 quae
543 3849 829 3895 evacuatur
850 3883 865 3908 ,
897 3858 1016 3914 qua:
1042 3862 1205 3915 pauca
1250 3865 1375 3907 vere
1404 3862 1527 3909 sunt
1547 3898 1563 3924 ,
1594 3857 1756 3912 multa
1809 3860 1978 3917 videri

393 3927 645 3996 student;
672 3932 792 3987 ideo
813 3934 1015 4007 singula
1042 3940 1264 4011 singulis
1288 3944 1544 4002 ministris
1564 3946 1690 4003 dant
1709 3992 1724 4015 ,
1753 3958 1807 4005 et
1826 3951 1903 4006 sic
1925 3953 1977 4008 in

394 4019 629 4076 medium
659 4024 961 4096 adducunt;
989 4043 1174 4089 contra
1197 4053 1320 4092 vero
1349 4039 1463 4095 Rex
1492 4052 1673 4098 noster
1698 4047 1874 4101 omnia
1906 4049 1968 4101 si-

395 4111 503 4164 mul
532 4117 899 4187 accumulans,
917 4124 1040 4191 quia
1064 4126 1295 4181 abundat
1319 4131 1527 4199 opibus,
1554 4134 1685 4189 nihil
1712 4137 1775 4190 ad
1795 4150 1977 4194 osten-

395 4203 648 4258 tationem
677 4206 821 4276 facit,
874 4212 1057 4284 sicque
1105 4217 1156 4269 in
1210 4219 1386 4274 medio
1433 4226 1677 4293 proponit
1727 4243 1817 4293 ea,
1858 4247 1976 4301 qua:

392 4295 633 4360 exposita
673 4296 930 4357 immensa
973 4316 1158 4373 erunt,
1220 4310 1501 4382 multisque
1555 4318 1797 4374 manibus
1842 4338 1977 4393 opus

393 4386 496 4486 erit
518 4387 585 4442 ad
616 4404 679 4445 ea
698 4392 1017 4451 exhibenda.
1052 4401 1203 4466 Quod
1232 4414 1287 4457 ut
1308 4405 1532 4473 ediscas,
1558 4410 1746 4467 horum
1769 4386 1973 4486 sing-ala

389 4477 671 4549 diligenter
732 4487 929 4557 aspice.
980 4490 1125 4546 Tunc
1180 4508 1407 4568 erumpet
1456 4506 1755 4561 matutinum
1807 4477 1974 4565 luinen

390 4580 549 4628 tuum.
607 4577 799 4635 Annon
851 4582 1065 4641 videtur
1106 4602 1268 4645 unum
1314 4606 1431 4649 esse
1460 4595 1824 4657 donum?Sed
1866 4621 1973 4662 non

390 4678 553 4721 unum
584 4679 703 4725 est:
726 4688 850 4729 nam
878 4678 1043 4733 multa
1083 4680 1224 4737 intus
1256 4683 1414 4742 habet
1439 4688 1645 4756 bravia,
1700 4710 1927 4755 coronas
1953 4744 1968 4767 ,

1142 236 1196 292 S.
1238 236 1511 294 JOANNIS
1548 235 2027 293 CIIRYSOS’I‘OMI
2068 234 2380 293 ARCIIIEP.
2423 238 2956 305 CONSTANTINOP.

3595 250 3697 311 SlO

2114 363 2412 425 casteraque
2440 358 2675 425 prtemia.
2695 360 2890 427 Quare,
2915 362 2957 416 si
2978 362 3177 433 placet,
3207 363 3291 420 his
3308 367 3561 423 revolutis
3587 371 3697 425 sin-

2113 444 2329 514 gulatim
2354 446 2565 502 divitias
2589 449 2747 505 hasce
2770 452 3139 521 exhibeamus,
3161 466 3418 526 quantum
3456 458 3531 512 fas
3561 460 3694 528 erit;

2114 543 2315 590 tantum
2332 553 2397 591 ne
2413 538 2689 594 deﬁciatis.
2710 542 2786 594 Ae
2807 542 2978 610 primo
2998 544 3264 601 discamus
3291 548 3416 617 quid
3444 548 3513 603 sit
3541 549 3693 618 illud,

2113 622 2373 695 Erumpet.
2398 627 2581 699 Neque
2603 632 2744 685 enim
2772 632 2921 697 dixit,
2948 635 3256 704 Apparebit,
3285 637 3401 702 sed,
3427 637 3693 709 Erumpet,

2109 727 2163 772 et
2190 719 2517 775 celeritatem
2540 732 2595 777 et
2622 725 2826 794 c0piam
2860 726 3011 782 nobis
3039 730 3291 796 ostendit,
3342 740 3395 785 et
3436 743 3693 802 quantum

2109 809 2329 864 salutem
2369 822 2606 867 nostram
2650 814 2917 872 desideret
2937 825 2992 872 et
3022 835 3176 887 quam
3216 823 3409 890 gestiat
3436 823 3572 877 bona
3604 825 3693 880 illa

2109 899 2373 967 proferri,
2408 902 2648 973 nihilque
2697 920 2817 961 esse
2871 908 3012 977 quod
3057 909 3375 966 ineﬁ‘ahilem
3431 913 3689 983 impetum

2107 1001 2351 1046 coerceat
2394 1012 2407 1047 :
2456 995 2649 1064 quibus
2695 998 2941 1054 omnibus
2987 1000 3244 1056 immensa
3294 1018 3479 1057 eorum
3534 1008 3688 1076 ecpia

2106 1084 2419 1139 ostenditur.
2446 1086 2581 1154 Quid
2610 1096 2787 1144 autem
2818 1090 2945 1145 illud
2976 1102 3093 1160 est,
3125 1092 3429 1149 Matutiuum
3450 1098 3475 1150 ?
3502 1096 3558 1153 ld
3583 1109 3687 1164 est,

2106 1189 2211 1229 non
2252 1184 2373 1244 post
2403 1178 2750 1233 tentationum
2782 1184 3067 1237 certamina
3100 1225 3113 1249 ,
3145 1201 3243 1240 nec
3271 1198 3386 1254 post
3424 1190 3686 1245 malorum

2107 1267 2375 1340 incursum
2407 1283 2422 1332 ;
2459 1268 2551 1323 sed
2582 1269 2697 1324 haec
2722 1273 3006 1341 praevenit.
3058 1274 3513 1342 Quemadmodum
3542 1283 3685 1335 enim

2104 1358 2155 1411 in
2181 1358 2441 1413 fructibus
2469 1361 2784 1415 matutinum
2810 1363 3035 1418 dicimus
3081 1366 3132 1420 id
3161 1368 3299 1435 quod
3326 1379 3448 1425 ante
3476 1378 3687 1441 tempus

2102 1456 2339 1516 apparet,
2371 1448 2447 1502 sic
2477 1457 2529 1502 et
2558 1449 2657 1504 hoc
2678 1452 2811 1516 loco,
2832 1453 3154 1510 celeritatem
3183 1473 3365 1513 rursus
3395 1461 3685 1516 ostendens

2103 1538 2174 1590 ita
2202 1537 2355 1602 dixit,
2387 1548 2443 1592 ut
2490 1554 2646 1609 supra
2673 1542 2884 1598 dicebat
2911 1563 2925 1596 :
2955 1546 3133 1600 Adhuc
3163 1557 3209 1601 te
3229 1548 3460 1618 loquente
3478 1554 3645 1606 dicant
3665 1592 3683 1617 ,

2101 1628 2235 1683 Ecce
2269 1629 2468 1683 adsum.
2500 1632 2651 1699 Quod
2683 1633 2857 1688 lumen
2884 1636 3045 1702 dicit,
3076 1639 3234 1709 quale
3260 1642 3471 1697 tandem
3499 1643 3679 1700 lumen

2100 1719 2218 1773 est?
2262 1720 2375 1775 Non
2421 1720 2523 1776 hoc
2569 1725 2796 1792 sensile,
2829 1726 2923 1780 sed
2952 1728 3093 1783 aliud
3135 1730 3303 1784 multo
3343 1736 3682 1800 praestantius

2097 1826 2203 1881 quo
2228 1811 2414 1866 osclum
2435 1853 2450 1878 ,
2479 1813 2696 1883 angelos
2716 1856 2730 1880 ,
2760 1816 3108 1888 archangelos
3125 1859 3140 1884 ,
3167 1819 3455 1877 Cherubim
3472 1866 3486 1889 ,
3516 1822 3683 1881 Sera-

2100 1900 2244 1970 phim
2266 1942 2282 1969 ,
2324 1902 2685 1973 principatus,
2717 1916 3040 1975 potestates,
3073 1910 3332 1980 thronos,
3356 1913 3684 1971 dominatio-

2098 2006 2224 2057 nes,
2254 1993 2558 2048 universum
2608 1997 2899 2052 exercitum
2925 2039 2941 2066 ,
2970 2001 3143 2070 regias
3171 2002 3321 2057 aulas
3349 2014 3404 2059 et
3434 2007 3684 2063 taberna-

2098 2082 2217 2136 cula
2247 2082 2510 2138 videmus.
2533 2085 2665 2140 Nam
2692 2088 2735 2141 si
2763 2087 2962 2145 lumine
2988 2090 3078 2147 illo
3103 2091 3349 2162 dignatus
3375 2094 3540 2152 fueris
3561 2141 3576 2165 ,
3624 2110 3682 2156 et

2095 2171 2210 2228 haec
2231 2173 2435 2229 videbis
2459 2216 2473 2241 ,
2504 2183 2560 2230 et
2605 2177 2845 2245 eripieris
2870 2194 2900 2233 a
2920 2180 3160 2251 gehenna
3183 2225 3197 2250 ,
3227 2198 3258 2239 a
3306 2200 3486 2242 verme
3511 2203 3677 2245 vene-

2096 2274 2254 2332 nato,
2284 2283 2314 2321 a
2357 2266 2586 2323 stridore
2636 2269 2873 2326 dentium
2893 2312 2908 2337 ,
2940 2287 2969 2326 a
3011 2273 3234 2329 vinculis
3264 2276 3633 2336 insolubilibus
3658 2322 3676 2349 ,

2093 2358 2159 2414 ab
2183 2359 2423 2429 angustia
2443 2368 2499 2415 et
2529 2359 2865 2418 tribulatione
2885 2404 2900 2429 ,
2927 2378 2957 2417 a
2986 2365 3218 2420 tenebris
3237 2367 3630 2425 obscurissimis
3654 2412 3673 2437 ,

2091 2465 2122 2504 a
2151 2451 2470 2506 cruciatibus
2488 2492 2503 2518 ,
2531 2452 2598 2508 ab
2622 2452 2789 2524 igneis
2827 2453 3131 2512 ﬂuminibus
3149 2498 3166 2525 ,
3194 2472 3223 2511 a
3254 2459 3626 2517 maledictions
3651 2505 3671 2531 ,

2092 2557 2121 2593 a
2146 2556 2423 2610 pinnarum
2450 2542 2618 2609 locis;
2668 2552 2723 2599 et
2751 2544 2843 2599 illo
2868 2561 3057 2617 perges
3079 2588 3094 2612 ,
3137 2548 3223 2601 ubi
3256 2551 3432 2606 nullus
3480 2553 3673 2622 dolor,

2092 2647 2293 2687 maeror
2320 2634 2496 2689 nullus
2515 2673 2529 2699 ,
2560 2634 2655 2690 sed
2683 2635 2768 2690 ubi
2800 2638 3024 2692 multum
3053 2638 3301 2709 gaudium
3325 2682 3341 2708 ,
3372 2658 3472 2712 pax
3491 2685 3506 2710 ,
3528 2646 3673 2700 cari-

2093 2736 2193 2792 tas,
2223 2727 2424 2795 laetitia,
2457 2729 2663 2785 deliciae
2695 2746 2710 2785 :
2745 2731 2833 2786 ubi
2861 2732 2962 2787 vita
2990 2744 3211 2802 aeterna,
3235 2736 3400 2806 gloria
3427 2737 3673 2793 ineﬁ'abi-

2090 2819 2190 2883 lis,
2246 2820 2581 2889 pulchritudo
2608 2822 2978 2879 inenarrabilis
3009 2844 3023 2881 :
3057 2826 3144 2881 ubi
3170 2836 3368 2882 aeterna
3425 2831 3673 2886 taberna-

2088 2910 2203 2964 cula
2224 2951 2238 2976 ,
2271 2920 2329 2983 et
2350 2910 2515 2981 gloria
2544 2912 2703 2983 Regis
2728 2914 3143 2983 inarstimabilis,
3174 2928 3332 2989 atque
3362 2920 3497 2975 boiza
3538 2922 3624 2975 illa
3653 2965 3669 2987 ,

2093 3003 2219 3069 Quae
2237 3006 2414 3057 oculus
2443 3021 2541 3059 non
2567 3006 2708 3073 uidit,
2747 3010 2887 3062 auris
2930 3026 3029 3063 non
3054 3011 3275 3076 audivit,
3302 3030 3457 3082 neque
3499 3015 3552 3068 in
3580 3031 3671 3070 cor

2089 3093 2307 3147 hominis
2332 3097 2660 3150 ascenderunt
2689 3096 2778 3169 (1.
2806 3098 2921 3153 Cor.
2946 3100 3000 3153 Ξ.
3033 3102 3101 3171 9)
3129 3117 3142 3153 :
3188 3102 3274 3157 ubi
3305 3119 3532 3173 Sponsus
3561 3108 3672 3175 Spi-

2087 3186 2313 3250 ritualis,
2346 3197 2396 3242 et
2427 3186 2647 3243 thalami
2672 3190 2934 3257 caelestes,
2959 3193 3191 3262 virgines
3218 3195 3441 3264 fulgidas
3467 3196 3671 3252 haben-

2089 3286 2169 3332 tes
2195 3277 2486 3347 lampadas,
2506 3287 2559 3333 et
2580 3294 2765 3336 omnes
2784 3282 2870 3351 qui
2898 3291 3098 3338 vestem
3122 3283 3320 3340 habent
3341 3288 3627 3357 nuptialem
3648 3329 3662 3344 .

2086 3372 2175 3426 ubi
2231 3373 2410 3427 multa:
2438 3373 2644 3428 Domini
2671 3388 2801 3443 opes
2823 3416 2838 3439 ,
2890 3384 2945 3430 et
2974 3379 3329 3446 promptuaria
3383 3381 3545 3450 regia.
3579 3381 3669 3435 Υἱ-

2086 3464 2205 3519 den’
2228 3475 2423 3533 quanta
2450 3466 2689 3535 praemia,
2721 3477 2775 3521 et
2802 3474 2999 3537 quanta
3033 3484 3134 3523 una
3159 3470 3286 3524 vace
3307 3472 3666 3540 comprehen-

2085 3557 2274 3612 derit?
2312 3558 2383 3612 ιω
2428 3559 2472 3612 si
2520 3558 2753 3629 singulas
2800 3561 3148 3629 exploremus
3199 3578 3393 3628 voces,
3446 3565 3665 3619 multum

2085 3649 2418 3704 inveniemus
2469 3665 2646 3705 rerum
2698 3651 2903 3720 copiam
2960 3662 3012 3708 et
3059 3653 3275 3724 pelagus
3323 3658 3661 3711 immensum.

2083 3741 2217 3795 Num
2246 3740 2419 3795 adhuc
2444 3741 2829 3810 cunctabimur,
2858 3759 3057 3812 quzcso,
3088 3760 3187 3799 nec
3215 3748 3442 3817 prompti
3464 3748 3663 3802 erimus

2083 3833 2149 3887 ad
2176 3831 2593 3887 misericordiam
2624 3833 2741 3887 aliis
2769 3834 3119 3889 exhibendam
3146 3837 3169 3889 ?
3205 3837 3421 3892 Minime
3445 3879 3460 3904 ,
3501 3839 3662 3895 obsc-

2082 3940 2195 3981 cro.
2219 3924 2326 3980 Sed
2356 3925 2562 3980 etiamsi
2603 3925 2781 3979 omnia
2810 3926 3067 3996 projicere
3091 3929 3219 3984 etin
3249 3930 3420 3999 ignem
3451 3932 3663 3988 mittere

2082 4026 2360 4089 oporteat:
2394 4017 2439 4072 si
2480 4018 2531 4072 in
2578 4016 2783 4088 gladios
2832 4018 3137 4075 incumbere
3164 4060 3179 4085 ,
3214 4021 3257 4075 si
3286 4021 3351 4075 ad
3376 4037 3661 4078 mucrones

2083 4110 2316 4174 insilire,
2347 4109 2390 4164 si
2422 4107 2629 4179 quidvis
2657 4108 2799 4163 aliud
2832 4109 3162 4165 tolerandum
3191 4122 3453 4177 occurrat,
3482 4115 3660 4170 omnia

2083 4199 2234 4253 facile
2262 4198 2493 4253 feramus
2514 4239 2529 4263 ,
2558 4209 2613 4253 ut
2638 4199 2789 4269 regni
2814 4200 3064 4254 calorum
3094 4204 3366 4267 amictum,
3396 4213 3451 4258 et
3474 4204 3662 4259 ineffa-

2081 4290 2241 4345 bilem
2270 4290 2413 4343 illam
2442 4289 2663 4358 gloriam
2691 4304 3038 4359 assequamnr
3061 4306 3249 4360 :quam
3281 4293 3481 4347 utinam
3506 4294 3661 4350 nobis

2081 4383 2329 4438 omnibus
2357 4382 2591 4438 nancisci
2615 4383 2906 4452 contingat,
2934 4384 3101 4453 gratia
3125 4394 3177 4438 et
3205 4384 3530 4455 benignitate
3558 4386 3661 4441 Do-

2082 4475 2210 4529 mini
2240 4475 2404 4529 nostri
2451 4474 2578 4529 Jesu
2621 4473 2852 4539 Christi,
2883 4476 2969 4531 cui
2996 4474 3160 4546 gloria
3202 4484 3257 4531 et
3299 4475 3658 4546 imperiumin

2080 4567 2272 4623 sa3cula
2297 4567 2634 4623 surculorum.
2665 4567 2857 4622 Amen.

1627 4875 1973 4942 HOMILIA
2010 4882 2140 4943 LV.
2180 4881 2265 4944 al.
2308 4879 2466 4941 LVI.

386 5000 515 5054 CAP.
552 5004 638 5055 lii.
671 5021 722 5057 ν.
749 5005 838 5061 24.
868 5007 1010 5063 Tunc
1060 5012 1210 5066 Jesus
1263 5016 1389 5069 dixit
1423 5018 1683 5094 discipulis
1711 5024 1814 5077 suis
1848 5039 1865 5077 .'
1907 5024 1970 5079 Si

455 5093 566 5160 quis
587 5094 692 5147 vult
714 5106 825 5165 post
849 5114 926 5152 me
953 5102 1116 5154 uenire
1135 5144 1148 5165 ,
1181 5106 1385 5176 abneget
1410 5111 1729 5181 semetipsum
1759 5155 1773 5177 ,
1802 5123 1849 5167 et
1880 5116 1971 5169 lol-

459 5186 531 5237 lat
557 5202 753 5240 crucem
785 5205 947 5256 suam,
975 5202 1021 5245 et
1045 5206 1278 5261 sequatur
1305 5214 1397 5251 me.

465 5279 516 5332 l.
541 5280 621 5333 Ad
664 5293 872 5337 mortem
915 5287 1144 5354 exemplo
1177 5288 1366 5344 Christi
1395 5294 1561 5361 parati
1584 5311 1688 5350 esse
1713 5296 1966 5351 debemus.

383 5368 611 5425 Christus
640 5373 805 5442 ipsum
834 5378 971 5447 sequi
1002 5378 1197 5445 invitat,
1226 5398 1326 5435 non
1365 5384 1537 5452 cogit;
1571 5402 1680 5438 cur.
1711 5388 1971 5458 Abnegarc

384 5464 705 5533 semetipsum
729 5469 852 5537 quid
875 5472 959 5523 sit.
986 5500 1059 5513 —-
1085 5471 1250 5543 Tunc,
1285 5476 1658 5545 quandonam?
1680 5479 1966 5549 Postquam

394 5551 584 5609 l‘ctrus
598 5557 825 5623 dixerat,
856 5559 1111 5631 Propitius
1154 5565 1241 5618 tibi
1285 5567 1373 5629 sis,
1404 5584 1505 5621 non
1543 5570 1638 5622 erit
1667 5570 1754 5623 tibi
1780 5570 1892 5630 hoc,
1916 5580 1970 5626 et

392 5644 616 5711 auditit,
647 5648 786 5704 Vade
812 5664 923 5722 post
959 5671 1054 5723 ine,
1083 5666 1280 5711 satana.
1318 5657 1496 5730 Neque
1537 5660 1676 5716 enim
1708 5661 1836 5715 satis
1868 5660 1964 5716 ba-

2075 5025 2185 5080 buit
2225 5025 2374 5079 illum
2406 5023 2729 5091 increpasse.
2787 5020 2881 5076 sed
2925 5036 2988 5076 ex
3035 5021 3325 5076 abundanti
3373 5019 3661 5075 ostendere

2075 5118 2259 5173 volens
2290 5126 2342 5171 et
2376 5114 2641 5169 dictorum
2671 5111 2814 5169 Petri
2854 5112 3270 5176 absurditatem,
3302 5122 3355 5167 et
3382 5112 3661 5165 utilitatem

2074 5223 2141 5263 ex
2171 5208 2415 5276 passione
2446 5204 2708 5265 futuram.
2741 5204 2854 5268 ait,
2886 5202 2967 5257 Tu
3018 5203 3146 5257 mihi
3183 5203 3350 5268 dicis,
3396 5201 3662 5271 Propitius

2076 5298 2164 5350 tibi
2189 5307 2311 5363 esto,
2350 5312 2452 5349 non
2478 5294 2571 5347 erit
2617 5294 2710 5347 hoc
2745 5294 2831 5345 tibi
2874 5308 2894 5347 :
2944 5307 3044 5362 ego
3078 5308 3205 5347 vero
3233 5292 3325 5345 tibi
3365 5292 3485 5345 dico
3506 5333 3521 5355 ,
3552 5306 3659 5344 non

2074 5387 2235 5441 modo
2281 5385 2639 5455 perniciosum
2667 5398 2787 5439 esse
2829 5383 2960 5447 tibi,
3010 5385 3055 5437 si
3111 5400 3195 5438 me
3223 5382 3500 5453 impedias,
3532 5394 3585 5436 et
3616 5397 3661 5436 sn

2074 5478 2374 5547 passionem
2413 5490 2584 5531 meam
2610 5475 2837 5529 moleste
2866 5472 3028 5541 feras,
3061 5473 3154 5529 sed
3182 5474 3341 5528 etiam
3369 5489 3475 5528 non
3507 5489 3664 5541 posse

2075 5578 2128 5623 te
2148 5569 2377 5624 salutem
2404 5566 2676 5636 consequi,
2712 5565 2814 5620 nisi
2849 5573 2903 5620 et
2944 5565 3058 5635 ipse
3080 5579 3294 5635 semper
3313 5561 3381 5617 ad
3420 5563 3664 5618 morien-

2072 5660 2197 5716 dum
2226 5660 2298 5716 sis
2324 5667 2554 5724 paratus.
2584 5656 2661 5714 Ne
2690 5656 2833 5713 enim
2857 5655 3131 5727 indignum
3158 5669 3219 5712 se
3239 5668 3359 5711 esse
3389 5662 3665 5727 putarent,
