4028 6152
366 327 460 384 5η

366 439 505 511 quod
537 434 662 490 talia
689 437 989 502 pateretur,
1031 437 1137 479 non
1166 417 1431 492 prioribus
1463 421 1668 468 tantum
1719 404 1897 462 verbis
1923 443 1939 467 ,

369 493 462 587 sed
503 528 666 583 etiam
690 493 1050 591 sequentibus
1100 513 1180 568 rei
1235 509 1516 565 utilitatem
1562 504 1738 591 docet.
1786 493 1940 566 Apud

371 621 630 678 Joannem
656 589 872 684 quidem
899 607 1031 662 dicit
1061 621 1077 659 ι
1100 601 1212 658 Nisi
1241 614 1453 673 granum
1480 590 1721 668 frumenti
1755 589 1939 642 cadens

370 717 420 768 in
443 724 634 765 terram
654 715 902 761 mortuum
929 699 1100 770 fuerit,
1139 697 1305 767 ipsum
1330 693 1492 746 solum
1518 695 1685 741 manet
1708 701 1725 750 ;
1751 683 1830 736 sin
1853 694 1942 731 au-

375 818 470 862 tem
498 815 755 860 mortuum
778 798 925 870 fuerit
944 838 960 860 ,
991 793 1201 849 multum
1229 793 1447 861 fructum
1473 781 1622 849 affert
1650 777 1824 850 (Joan.
1855 773 1942 827 I2.

377 899 464 954 24.
497 895 625 968 25);
659 893 745 948 hic
770 905 898 946 vero
922 886 1187 956 copiosius
1225 896 1335 936 rem
1363 886 1600 931 tractans
1621 912 1635 933 ,
1663 885 1767 924 non
1795 865 1861 920 de
1888 877 1948 917 se

377 993 552 1048 solum
571 953 747 1043 inerte
763 953 1182 1039 consummando
1206 972 1460 1044 loquitur,
1490 965 1582 1020 sed
1611 963 1662 1018 id
1695 961 1852 1014 etiam
1881 953 1948 1009 ad

377 1081 665 1150 discipulos
693 1073 957 1131 extendit.
987 1069 1214 1125 Tantum
1257 1071 1337 1118 est
1367 1059 1508 1115 enim
1531 1055 1607 1110 rei
1639 1053 1865 1112 lucrum,
1895 1052 1952 1100 ut

381 1173 532 1226 vobis
562 1169 709 1239 ipsis,
756 1165 800 1220 si
833 1162 966 1218 mori
995 1159 1193 1220 nolitis,
1235 1153 1288 1209 id
1309 1153 1625 1208 damnosum
1647 1143 1801 1198 vobis
1830 1139 1902 1194 sit
1932 1154 1948 1191 :

381 1232 752 1324 contra-vero,
785 1257 828 1310 si
858 1254 926 1308 ad
967 1249 1094 1306 illud
1137 1248 1333 1302 bonum
1364 1241 1531 1312 parati
1557 1237 1694 1292 sitis.
1722 1232 1826 1290 Sed
1851 1232 1953 1285 hoc

384 1357 437 1411 in
468 1351 810 1422 sequentibus
831 1343 1084 1408 ostendit,
1113 1339 1430 1406 interimque
1448 1332 1574 1388 illud
1598 1345 1697 1385 una
1719 1344 1785 1384 ex
1808 1334 1958 1396 parte

388 1447 675 1503 examinat.
705 1444 780 1496 Ac
803 1439 920 1493 vide
944 1433 1213 1506 quomodo
1232 1429 1428 1485 nullam
1460 1427 1696 1492 imponat
1715 1417 1951 1474 necessi-

391 1547 572 1592 tatem.
604 1534 788 1602 Neque
813 1529 955 1586 enim
976 1527 1129 1590 dixit,
1158 1522 1376 1584 Velitis,
1406 1516 1605 1579 nolitis,
1638 1513 1689 1567 id
1728 1523 1824 1564 vos
1855 1508 1962 1576 pati

388 1633 601 1697 oportet
632 1640 646 1678 :
696 1597 788 1676 sed
828 1615 1138 1690 quomodo?
1167 1614 1224 1669 Si
1251 1611 1363 1680 quis
1403 1607 1509 1661 vult
1535 1612 1646 1674 post
1673 1617 1750 1654 me
1775 1597 1960 1652 venire.

391 1717 506 1772 Non
537 1716 642 1768 vim
672 1712 859 1776 infero,
887 1724 992 1763 non
1015 1703 1380 1760 necessitatem
1400 1699 1634 1766 impono,
1661 1691 1754 1746 sed
1776 1688 1959 1742 unius-

394 1809 654 1878 cujusque
695 1801 917 1858 arbitrio
972 1799 1023 1853 id
1068 1797 1312 1864 relinquo
1345 1810 1358 1845 :
1388 1791 1508 1844 ideo
1558 1787 1679 1842 dico
1703 1826 1718 1850 ,
1753 1782 1814 1838 Si
1855 1779 1967 1851 quis

394 1899 521 1954 ruit.
556 1897 635 1951 Ad
662 1897 798 1949 bona
821 1906 979 1955 voco;
1013 1905 1118 1944 non
1145 1886 1212 1941 ad
1242 1884 1376 1938 mala
1402 1891 1457 1936 et
1479 1891 1729 1940 onerosa,
1761 1889 1865 1928 non
1898 1869 1966 1924 ad

396 1989 711 2059 supplicium
741 1993 793 2039 et
829 1997 1037 2054 ptenas,
1062 1989 1120 2034 ut
1146 1991 1353 2048 cogam.
1381 1972 1510 2027 Nam
1541 1970 1654 2038 ipsa
1679 1967 1754 2021 rei
1779 1974 1966 2019 natura

399 2055 572 2156 potest
596 2080 662 2134 ad
692 2077 742 2132 id
781 2073 1109 2147 pertrahere.
1140 2071 1262 2125 Haec
1289 2082 1452 2140 porro
1479 2064 1662 2120 dicens
1691 2059 1860 2127 magis
1885 2055 1966 2110 al-

401 2151 633 2228 liciebat.
664 2168 796 2226 Nam
827 2166 918 2236 qui
944 2165 1048 2218 vim
1074 2160 1255 2226 infert,
1283 2173 1426 2228 saepe
1459 2155 1692 2218 avertit;
1723 2151 1812 2220 qui
1844 2163 1972 2203 vero

401 2281 514 2320 rem
545 2259 801 2317 auditoris
838 2255 1058 2312 arbitrio
1085 2250 1334 2322 relinquit
1356 2292 1370 2312 ,
1399 2247 1566 2318 magis
1593 2243 1844 2305 attrahit;
1875 2256 1972 2311 po-

403 2356 601 2410 tentior
621 2353 814 2422 quippe
835 2359 917 2404 est
937 2347 1079 2401 mitis
1101 2344 1176 2399 rei
1205 2341 1487 2411 expositio,
1513 2352 1670 2407 quam
1699 2333 1972 2387 violentia.

403 2447 529 2502 Ideo
553 2445 762 2500 dicebat
803 2443 920 2507 ille,
967 2439 1157 2509 Siquis
1195 2435 1317 2489 vult.
1363 2433 1544 2502 Magna
1589 2431 1783 2499 quippe
1828 2432 1972 2487 sum,

404 2539 595 2608 inquit,
636 2551 755 2606 qua:
799 2532 953 2586 vobis
996 2529 1162 2585 offero
1207 2528 1365 2588 bona,
1389 2532 1449 2578 .et
1498 2522 1641 2582 talia,
1691 2527 1749 2573 ut
1795 2516 1862 2570 ad
1914 2530 1977 2567 ea

406 2639 596 2700 sponte
634 2634 897 2682 curratur.
939 2622 1120 2689 Neque
1163 2619 1304 2673 enim
1334 2617 1376 2671 si
1406 2615 1527 2685 quis
1550 2625 1736 2665 aurum
1767 2607 1969 2678 praebe-

406 2733 513 2786 ret,
544 2729 599 2776 et
627 2720 931 2774 thesaurum
961 2718 1269 2783 exponeret,
1297 2723 1420 2763 cum
1447 2704 1696 2760 violentia
1724 2707 1976 2761 vocaret;

407 2816 454 2871 si
492 2828 618 2867 vero
646 2811 711 2865 ad
756 2810 871 2864 haec
900 2807 1016 2862 sine
1045 2802 1292 2859 violentia
1334 2800 1472 2862 itur,
1501 2797 1669 2851 multo
1697 2794 1864 2862 magis
1913 2789 1978 2844 ad

409 2904 644 2960 cazlestia
672 2903 832 2956 bona.
859 2899 968 2954 Nisi
1007 2896 1148 2951 enim
1175 2896 1287 2964 ipsa
1317 2892 1393 2946 rei
1430 2900 1614 2944 natura
1643 2887 1735 2942 tibi
1769 2898 1984 2954 persua-

410 2997 538 3052 deat
555 3003 613 3049 ut
635 3006 902 3056 accurras,
925 2990 1033 3061 jam
1061 2987 1252 3056 dignus
1273 3000 1375 3038 non
1399 2997 1459 3037 es
1484 2980 1575 3050 qui
1599 2979 1860 3047 accipias;
1887 2991 1983 3030 ne-

412 3104 539 3159 que,
582 3086 627 3142 si
665 3083 955 3153 acceperis,
1006 3088 1150 3134 recte
1193 3077 1330 3132 scias
1355 3082 1584 3142 acceptae
1632 3071 1708 3125 rei
1737 3069 1982 3139 pretium.

415 3183 542 3237 Ideo
568 3196 673 3234 non
699 3178 838 3248 cogit
861 3175 1122 3238 Christus,
1152 3170 1246 3227 sed
1276 3170 1546 3232 hortatur,
1589 3163 1865 3232 indulgens
1890 3174 1988 3215 no-

415 3273 520 3329 bis.
543 3272 674 3339 Quia
699 3273 840 3324 enim
865 3267 1028 3322 multa
1058 3263 1478 3320 insusurrabant,
1506 3273 1572 3312 ex
1589 3256 1680 3309 illo
1704 3254 1846 3308 dicto
1874 3261 1988 3306 tur-

416 3363 547 3426 bati,
576 3361 706 3416 dicit
734 3361 838 3414 illis
871 3380 884 3414 :
916 3357 1030 3411 Non
1059 3365 1140 3410 est
1181 3367 1315 3422 opus
1346 3349 1643 3404 turbatione
1663 3355 1718 3400 et
1741 3343 1986 3413 strepitu.

419 3455 476 3512 Si
501 3471 608 3510 non
657 3450 858 3523 putatis
881 3448 933 3504 id
963 3447 1105 3517 quod
1131 3445 1282 3510 dixi,
1311 3444 1358 3499 si
1403 3442 1557 3497 vobis
1604 3452 1822 3510 quoque
1861 3449 1994 3490 cou-

421 3552 610 3620 tingat,
641 3541 1116 3602 innumerabilium
1161 3540 1423 3594 bonorum
1458 3549 1579 3591 esse
1613 3545 1857 3595 causam,
1886 3542 1994 3582 non

416 3619 526 3692 vim
559 3635 730 3690 infero
751 3675 767 3698 ,
796 3645 900 3687 non
928 3645 1060 3701 cogo
1084 3669 1101 3696 ,
1126 3627 1219 3682 sed
1248 3641 1370 3681 eum
1395 3623 1485 3694 qui
1513 3621 1662 3690 sequi
1689 3619 1815 3674 velit
1835 3631 1990 3671 voco.

423 3729 499 3785 Ne
529 3728 723 3801 putetis
753 3735 929 3780 autem
965 3720 1113 3790 sequi
1146 3735 1250 3782 me,
1270 3716 1402 3772 illud
1424 3729 1543 3769 esse
1571 3710 1713 3783 quod
1737 3725 1830 3764 vos
1853 3721 1996 3762 nunc

425 3798 614 3884 facitis,
646 3835 765 3874 cum
799 3831 884 3870 me
912 3810 1211 3882 sequimini.
1235 3808 1411 3863 Multis
1438 3805 1540 3861 erit
1580 3803 1732 3857 vobis
1755 3814 1889 3869 opus
1914 3798 1998 3851 la-

427 3913 665 3976 boribus,
714 3909 893 3964 multis
935 3903 1187 3975 periculis
1237 3899 1280 3954 si
1328 3907 1449 3970 post
1486 3910 1572 3950 me
1618 3892 1828 3947 venturi
1856 3891 1996 3944 sitis.

426 4003 540 4058 Non
571 4003 737 4063 enim,
765 4016 798 4052 o
825 3998 1002 4059 Petro,
1025 3995 1146 4064 quia
1173 4006 1313 4047 nunc
1341 4004 1428 4043 me
1453 3987 1646 4041 Filium
1669 3983 1760 4038 Dei
1790 3980 1996 4036 confes-

428 4109 520 4149 sus
543 4109 621 4157 es,
647 4091 767 4146 ideo
789 4098 989 4143 tantmn
1015 4085 1179 4140 debes
1203 4095 1432 4137 coronas
1452 4085 1792 4146 exspectare,
1821 4080 1876 4127 et
1906 4087 2003 4141 pu-

430 4196 540 4241 tare
565 4185 619 4240 id
665 4181 760 4237 tibi
809 4194 929 4234 esse
955 4176 1020 4231 ad
1067 4175 1293 4229 salutem
1321 4171 1483 4236 satis,
1513 4178 1672 4237 atque
1717 4161 2002 4233 tranquille

430 4287 612 4349 postea
641 4275 859 4344 degere,
889 4286 952 4325 ac
981 4269 1023 4324 si
1054 4277 1218 4323 totum
1247 4263 1552 4335 perfeceris.
1581 4261 1802 4315 Possum
1833 4255 2000 4320 enim,

430 4379 611 4442 utpote
648 4367 740 4422 Dei
779 4365 962 4426 Filius,
1000 4372 1049 4417 te
1095 4377 1124 4414 a
1172 4359 1432 4414 malorum
1478 4353 1844 4422 experimento
1890 4347 2006 4400 exi-

433 4437 614 4526 mere;
670 4457 795 4513 nolo
823 4463 1000 4510 autem
1045 4453 1117 4506 tui
1151 4450 1318 4520 gratia
1347 4489 1362 4513 ,
1405 4451 1537 4500 utet
1563 4445 1680 4512 ipse
1718 4438 1915 4506 aliquid
1941 4437 2008 4492 de

436 4564 526 4610 tuo
545 4552 814 4615 conferas,
843 4563 905 4602 ac
931 4545 1206 4619 probatior
1247 4541 1463 4596 evadas.
1506 4537 1687 4607 Neque
1715 4535 1856 4589 enim
1886 4547 2010 4602 ago-

437 4646 653 4702 notheta
674 4642 793 4712 quis
818 4639 1070 4694 dilectum
1092 4635 1296 4690 habens
1313 4630 1589 4692 athletam,
1610 4627 1742 4680 velit
1760 4638 2010 4693 umquam

436 4736 585 4793 illum
616 4750 684 4790 ex
729 4746 875 4786 mera
914 4728 1083 4800 gratia
1129 4738 1405 4780 coronare.
1449 4720 1542 4774 sed
1583 4734 1650 4774 ex
1690 4715 1920 4788 propriis
1961 4711 2013 4766 id

443 4837 702 4899 prtestare
763 4820 911 4890 cupit
957 4816 1228 4872 laboribus
1255 4855 1271 4880 ,
1315 4813 1542 4880 ideoque
1585 4807 1847 4870 maxime,
1893 4803 2014 4872 quia

440 4895 614 4989 ipsum
651 4915 825 4983 diligit
880 4911 1001 4965 :sic
1039 4915 1092 4963 et
1136 4906 1380 4962 Christus
1427 4915 1561 4973 quos
1613 4899 1844 4953 maxime
1891 4895 2014 4950 dili-

442 5013 555 5080 git,
602 5009 702 5061 hos
739 5008 850 5059 vult
891 5017 990 5058 suo
1035 4998 1226 5054 merito
1273 5010 1392 5050 esse
1444 4990 1763 5058 conspicuos
1809 4989 1859 5053 ί,
1914 5001 2017 5039 non

443 5079 622 5156 autem
649 5114 715 5154 ex
741 5096 854 5152 sola
884 5109 978 5149 sua
1002 5107 1125 5161 ope.
1157 5089 1290 5144 Vide
1315 5095 1496 5142 autem
1528 5081 1796 5154 quomodo
1822 5079 2022 5132 oratio-

446 5207 566 5248 nem
593 5203 700 5245 non
728 5199 1009 5241 onerosam
1033 5181 1290 5252 proferat.
1327 5177 1509 5246 Neque
1534 5177 1674 5230 enim
1702 5173 1753 5225 in
1777 5171 1880 5225 illis
1909 5180 2023 5222 uin-

445 5295 556 5339 tum
593 5282 734 5336 mala
777 5274 1198 5336 circumscribit,
1230 5271 1323 5328 sed
1349 5279 1404 5326 et
1448 5280 1735 5324 commune
1780 5263 1875 5317 toti
1906 5260 2024 5316 orbi

446 5375 640 5444 dogma
663 5368 882 5426 exhibet
909 5367 1094 5422 dicens
1126 5382 1140 5418 :
1167 5363 1228 5419 Si
1248 5363 1360 5435 quis
1383 5358 1508 5426 vult,
1531 5359 1644 5413 sive
1674 5354 1884 5417 mulier,
1915 5354 2026 5406 sive

448 5467 550 5531 vir,
583 5463 696 5518 sive
743 5460 1015 5532 princeps,
1063 5456 1177 5512 sive
1205 5452 1482 5518 subditus,
1523 5449 1662 5503 hanc
1702 5445 2029 5516 ingrediatur

449 5557 612 5610 viam.
637 5552 968 5620 Videturque
998 5563 1159 5603 unum
1183 5554 1386 5600 tantum
1413 5543 1634 5606 dixisse,
1663 5539 1759 5595 sed
1783 5538 1881 5592 tria
1905 5552 2031 5607 pro-

453 5649 601 5721 ponit
629 5665 644 5701 :
668 5647 942 5715 abnegare
969 5641 1316 5712 semetipsum
1337 5677 1354 5706 ,
1385 5635 1576 5692 tollere
1606 5647 1825 5690 crucem
1852 5644 2026 5696 suam,

517 5745 534 5778 ι
570 5742 678 5802 alii,
700 5753 803 5794 esse
826 5739 1001 5792 beatos.

1390 302 1454 358 IN
1494 290 1899 355 MATTIIA‘JUM
1937 284 2165 343 HOMIL.
2211 283 2320 339 LV.
2361 283 2432 338 al.
2478 281 2609 338 LVI.

3516 271 3623 331 549

2047 411 2103 454 et
2164 399 2336 468 ipsum
2363 397 2549 468 sequi;
2579 394 2684 451 duo
2709 403 2886 451 autem
2913 393 3195 465 conjuncta
3221 402 3344 451 sunt
3364 434 3379 458 ,
3411 393 3622 448 tertium

2048 489 2220 542 solum
2253 489 2588 558 proponitur.
2635 486 2740 542 Sed
2772 487 2946 556 primo
2975 486 3246 539 videamus
3281 484 3408 553 quid
3435 484 3505 538 sit
3531 483 3627 536 ah-

2052 595 2244 649 negare
2260 581 2624 648 semetipsum.
2646 579 2800 633 Prius
2823 577 3090 632 discamus
3111 578 3234 644 quid
3265 577 3335 630 sit
3357 576 3624 645 abnegare

2051 672 2295 730 alterum,
2323 677 2379 723 et
2425 679 2549 723 tunc
2594 669 2824 723 sciemus
2853 667 2980 738 quid
3009 667 3078 721 sit
3123 667 3384 735 abnegare
3429 674 3627 719 semet-

2054 763 2249 832 ipsum.
2289 760 2390 828 Qui
2434 761 2659 830 abnegat
2695 759 2941 824 alterum,
2967 761 3080 814 sive
3109 757 3330 811 fratrem
3374 757 3484 809 sive
3511 770 3624 810 ser-

2056 872 2203 923 vum,
2239 857 2352 911 sive
2380 855 2542 909 alium
2588 857 2910 923 quempiam,
2938 856 3036 908 etsi
3063 855 3377 922 flagellatum
3419 851 3628 915 viderit,

2058 951 2156 1004 etsi
2185 950 2418 1003 vinctum
2445 988 2458 1012 ,
2487 947 2590 1002 etsi
2631 947 2696 1000 ad
2724 956 2948 1000 mortem
2969 946 3277 1009 abductum,
3309 945 3406 998 etsi
3425 945 3632 1011 quidvis

2058 1042 2198 1097 aliud
2226 1043 2533 1112 patientem,
2555 1055 2660 1093 non
2683 1039 2851 1102 adest,
2875 1053 2980 1091 non
3001 1037 3301 1100 auxiliatur,
3323 1051 3429 1089 non
3454 1037 3634 1088 animo

2062 1133 2322 1204 frangitur
2346 1173 2362 1197 ,
2393 1147 2497 1186 non
2549 1132 2664 1199 ejus
2694 1144 2853 1183 causa
2881 1129 3110 1199 patitur,
3139 1137 3318 1194 utpote
3343 1129 3433 1190 qui
3477 1130 3542 1180 ah
3568 1141 3635 1179 eo

2063 1225 2392 1279 abalienatus
2409 1222 2497 1276 sit.
2525 1223 2612 1276 Sic
2633 1221 2811 1289 itaque
2829 1220 2939 1272 vult
2969 1233 3065 1272 nos
3091 1217 3236 1271 nullo
3250 1216 3637 1284 modoeorpori

2063 1330 2302 1386 parcere,
2332 1323 2388 1367 ut
2415 1313 2528 1366 sive
2572 1309 2876 1380 flagellent,
2903 1308 3017 1362 sive
3045 1307 3266 1376 pellant.
3312 1309 3427 1360 sive
3458 1315 3634 1370 urant,

2063 1409 2176 1462 sive
2201 1404 2340 1459 aliud
2371 1402 2580 1473 quidvis
2609 1399 2824 1464 faciant,
2853 1414 2958 1453 non
2981 1397 3136 1451 nobis
3169 1409 3472 1465 parcamus.
3501 1394 3634 1448 Illud

2065 1497 2206 1551 enim
2234 1505 2315 1550 est
2342 1507 2578 1563 parcere.
2600 1489 2730 1545 Nam
2751 1489 2909 1543 etiam
2924 1499 3101 1558 patres
3129 1487 3250 1541 ﬁliis
3267 1494 3391 1541 tunc
3413 1486 3642 1540 maxime

2067 1594 2310 1659 parcunt,
2340 1600 2461 1640 cum
2501 1583 2768 1651 magistris
2797 1581 3091 1646 tradentes,
3123 1578 3377 1632 mandant
3425 1593 3492 1632 ne
3523 1593 3644 1645 par-
3671 1620 3682 1635 .

2069 1688 2192 1734 cant
2219 1679 2319 1733 eis.
2349 1676 2424 1731 Ita
2475 1684 2527 1730 et
2555 1673 2801 1729 Christus
2838 1688 2853 1727 :
2885 1686 2990 1726 non
3039 1671 3171 1725 dixit
3200 1685 3266 1724 ne
3297 1680 3477 1739 parcat
3520 1668 3644 1732 sibi,

2071 1771 2162 1824 sed
2205 1768 2342 1839 quod
2383 1767 2594 1838 gravius
2639 1773 2743 1828 est,
2779 1763 2998 1833 Abneget
3035 1756 3356 1829 semetipsum
3395 1775 3415 1815 :
3446 1760 3497 1814 id
3542 1769 3646 1826 est,

2071 1864 2207 1919 Nihil
2237 1877 2356 1917 cum
2406 1860 2585 1929 seipse
2633 1870 2916 1912 commune
2945 1854 3160 1918 habeat,
3189 1852 3284 1907 sed
3316 1851 3564 1918 periculis
3588 1865 3648 1936 pe

2071 1955 2231 2011 dedat
2273 1963 2327 2008 et
2367 1948 2768 2015 certaminibus,
2813 1955 2970 2014 atque
3014 1945 3082 1997 ita
3127 1944 3199 1998 sit
3225 1942 3468 2005 affectus,
3503 1952 3557 1995 ut
3600 1942 3647 1994 si

2071 2047 2207 2100 alius
2237 2043 2288 2097 id
2320 2047 2606 2112 pateretur.
2657 2037 2765 2091 Nec
2803 2035 2954 2100 dixit,
2994 2032 3200 2103 Neget,
3235 2031 3364 2096 sed,
3393 2030 3648 2099 Abneget;

2074 2140 2175 2193 hoc
2205 2151 2366 2206 parvo
2391 2133 2753 2188 additamento
2781 2127 2884 2181 vim
2933 2140 3175 2194 magnam
3204 2123 3426 2178 dictioni
3467 2123 3643 2176 affert.

2077 2229 2206 2284 Nam
2239 2225 2504 2293 abnegare
2527 2221 2695 2276 multo
2726 2219 2844 2288 plus
2865 2226 2946 2271 est
2973 2230 3130 2285 quam
3153 2230 3366 2284 negare.

2145 2320 2200 2373 2.
2234 2317 2301 2370 Ει
2349 2316 2493 2368 tollat
2546 2327 2743 2366 crucem
2778 2325 2944 2362 suam.
2990 2306 3102 2361 lloc
3142 2321 3212 2362 ex
3253 2305 3344 2358 illo
3391 2303 3651 2374 sequitur.

2077 2413 2156 2468 Ne
2200 2420 2353 2482 putes
2377 2408 2517 2462 enim
2543 2447 2558 2470 ,
2586 2403 2652 2458 ad
2679 2403 2838 2457 verba
2866 2414 3032 2470 usque
3057 2407 3261 2452 tantum
3290 2406 3345 2451 et
3370 2408 3642 2450 contume-

2078 2509 2177 2563 lias
2215 2515 2272 2559 et
2320 2499 2602 2570 opprobria
2653 2495 2915 2564 abnegare
2944 2491 3176 2561 seipsunt
3216 2499 3505 2568 oportere:
3531 2487 3663 2544 dicit

2078 2611 2351 2670 quousque
2391 2593 2656 2660 abnegare
2707 2587 3050 2655 semetipsum
3105 2591 3382 2652 oporteat;
3418 2565 3496 2634 id
3547 2588 3650 2644 est,

2079 2704 2247 2759 usque
2285 2687 2353 2740 ad
2405 2691 2632 2738 mortetn
2654 2721 2668 2746 ,
2695 2686 2751 2734 et
2791 2685 3015 2731 mortem
3049 2673 3426 2744 turpissimam.
3461 2671 3659 2726 Idcirco

2081 2796 2188 2836 non
2218 2777 2367 2840 dixit,
2411 2775 2650 2842 Abneget
2696 2767 3043 2837 semetipsum
3068 2781 3236 2835 usque
3289 2763 3358 2818 ad
3413 2773 3660 2825 mortem,

2082 2870 2197 2936 sed,
2225 2867 2395 2923 Tollat
2419 2880 2615 2920 crucem
2639 2877 2804 2924 suam,
2833 2858 3191 2928 turpissimam
3223 2868 3448 2909 mortem
3477 2854 3661 2909 decia-

2083 2978 2242 3028 raus;
2269 2970 2324 3016 et
2364 2959 2507 3030 quod
2535 2971 2639 3010 non
2663 2952 2854 3013 semel.
2885 2961 2975 3005 aut
3002 2949 3082 3004 bis
3101 2991 3118 3012 ,
3147 2949 3238 3003 sed
3271 2962 3366 3017 per
3392 2957 3553 3002 totam
3584 2946 3661 3001 \i-

2087 3067 2194 3113 tam
2219 3055 2271 3109 id
2299 3051 2598 3107 faciendum
2624 3048 2711 3101 sit.
2742 3045 3024 3113 Perpetuo,
3051 3041 3242 3112 inquit,
3267 3041 3400 3094 hanc
3435 3051 3662 3094 mortem

2086 3145 2452 3208 circumferas,
2497 3151 2552 3197 et
2575 3137 2810 3210 quotidie
2837 3136 2902 3190 ad
2931 3150 3116 3190 necem
3147 3142 3361 3202 paratus
3403 3132 3501 3188 sis.
3531 3131 3663 3196 Quia

2088 3242 2228 3299 enim
2259 3236 2413 3292 multi
2443 3249 2572 3304 opes
2591 3235 3028 3298 contempserunt
3049 3234 3105 3280 et
3125 3225 3449 3293 voluptatem
3471 3231 3523 3278 et
3547 3225 3666 3292 glo-

2088 3334 2244 3394 riam,
2266 3338 2496 3384 mortem
2519 3337 2648 3378 vero
2671 3336 2776 3376 non
2806 3324 3150 3388 spreverunt,
3176 3326 3231 3369 at
3252 3317 3542 3370 timuerunt
3571 3331 3665 3384 pe-

2090 3425 2256 3481 ricula
2288 3441 2301 3478 :
2333 3436 2451 3492 ego.
2483 3417 2670 3488 inquit,
2693 3415 2946 3469 athletam
2978 3426 3154 3466 meum
3193 3409 3313 3463 volo
3342 3409 3408 3462 ad
3441 3417 3668 3462 mortem

2092 3530 2262 3586 usque
2302 3525 2536 3583 pugnare
2562 3550 2579 3576 ,
2607 3515 2662 3562 et
2683 3504 2976 3561 certamina
3022 3501 3088 3555 ad
3140 3501 3453 3568 sanguinem
3505 3513 3670 3567 usque

2095 3608 2298 3682 peragi.
2334 3607 2518 3674 Itaque
2544 3601 2588 3656 si
2621 3607 2844 3654 mortem
2880 3595 3030 3649 obire
3075 3601 3340 3662 oporteat,
3367 3603 3421 3647 et
3445 3600 3670 3645 mortem

2097 3701 2488 3771 turpissimam,
2523 3702 2853 3759 mortemque
2879 3685 3284 3751 exsecrandum,
3313 3684 3543 3749 etiamsi,
3579 3696 3674 3752 pro

2099 3807 2257 3863 prava
2277 3787 2503 3860 quadam
2527 3782 2848 3851 suspicione,
2863 3777 3041 3832 omnia
3063 3785 3273 3845 oportet
3291 3774 3498 3828 fortiter
3511 3774 3672 3841 ferre,

2099 3893 2152 3939 et
2184 3883 2301 3936 ideo
2327 3877 2555 3933 maxime
2579 3874 2866 3928 exsultare.
2899 3867 2966 3921 Et
2990 3875 3224 3936 sequatur
3249 3882 3344 3919 me.
3374 3865 3504 3931 Quia
3533 3866 3674 3917 enim

2103 3972 2216 4028 fieri
2273 3976 2446 4039 potest
2489 3975 2547 4018 ut
2573 3963 2662 4032 qui
2703 3961 2899 4031 patitur
2937 3972 3041 4011 non
3084 3965 3336 4024 sequatur
3382 3954 3676 4020 Cluistum,

2102 4077 2222 4119 cum
2264 4074 2370 4114 non
2427 4054 2622 4128 patitur
2653 4061 2868 4122 propter
2913 4049 3083 4117 ipsum
3135 4046 3278 4117 (itam
3310 4046 3563 4108 latrones,
3596 4060 3679 4099 se-

2104 4157 2407 4228 pulcrorum
2426 4147 2744 4216 expilatores
2763 4152 2820 4198 et
2843 4140 3252 4210 pmestigiatores
3273 4137 3433 4191 multa
3479 4146 3533 4190 et
3558 4152 3682 4206 gra-

2104 4249 2250 4302 viora
2279 4235 2571 4314 patiuntur)
2597 4277 2612 4301 ,
2637 4251 2705 4290 ne
2734 4241 2909 4304 putes,
2936 4229 3179 4284 sufficere
3218 4229 3385 4297 ipsam
3423 4228 3681 4282 malorum

2106 4346 2371 4394 naturam,
2416 4343 2630 4385 causam
2663 4326 2920 4380 malorum
2949 4321 3113 4377 addit.
3143 4320 3397 4388 Quasnam
3442 4320 3529 4374 illa
3567 4320 3685 4376 est?

2109 4428 2176 4484 Ut
2198 4428 2313 4480 lure
2339 4435 2502 4493 agens
2535 4427 2591 4474 et
2627 4417 2831 4488 patiens
2859 4415 3030 4483 ipsum
3071 4413 3347 4482 sequaris;
3389 4420 3446 4464 ut
3475 4421 3680 4480 propter

2111 4523 2281 4589 ipsum
2307 4515 2484 4570 omnia
2514 4509 2760 4580 patiaris,
2803 4515 2857 4560 et
2896 4505 3130 4574 reliquas
3174 4503 3394 4556 virtutes
3423 4501 3684 4555 obtineas.

2110 4611 2242 4666 Nam
2265 4607 2314 4662 id
2342 4602 2603 4675 significat
2630 4596 2780 4662 illud,
2813 4595 3066 4663 Sequatur
3092 4609 3170 4644 me
3182 4609 3201 4656 ;
3233 4593 3302 4645 ita
3325 4600 3380 4644 ut
3400 4606 3503 4644 nou
3531 4591 3690 4644 modo

2115 4700 2476 4760 fortitudinem
2504 4695 2554 4748 in
2585 4688 2836 4746 aerumnis
2855 4727 2869 4746 .
2895 4685 2986 4739 sed
3017 4695 3069 4739 et
3089 4684 3469 4738 continentiam
3490 4727 3504 4748 ,
3529 4685 3692 4753 a'qui-

2119 4805 2280 4850 tatem
2303 4832 2318 4855 ,
2338 4798 2657 4853 omnemque
2677 4777 3065 4850 philosophiam
3087 4775 3358 4830 exhibeas.
3389 4774 3518 4828 lilud
3550 4779 3690 4830 enim

2117 4894 2200 4941 est
2216 4891 2272 4937 ut
2286 4886 2494 4950 oportet
2517 4873 2664 4941 sequi
2695 4889 2708 4926 :
2733 4878 2786 4923 et
2799 4869 2930 4923 alias
2946 4881 3133 4921 curare
3151 4867 3394 4929 virtutes,
3412 4875 3464 4919 et
3481 4876 3695 4935 propter

2121 4978 2292 5045 ipsum
2311 4967 2484 5024 omnia
2513 4963 2641 5034 pati.
2663 4961 2800 5016 Sunt
2826 4959 2966 5013 enim
2982 4957 3068 5027 qui
3094 4955 3360 5010 diabolum
3382 4965 3694 5026 sequuntur,

2123 5078 2172 5122 et
2203 5066 2316 5120 haec
2345 5061 2614 5131 patiuntur
2637 5097 2652 5122 ,
2679 5062 2734 5108 et
2760 5061 2977 5122 preptcr
3020 5049 3163 5102 illum
3190 5049 3396 5102 animas
3421 5063 3544 5101 suas
3575 5063 3698 5115 pro-

2125 5159 2292 5219 dunt;
2326 5151 2418 5206 sed
2460 5163 2557 5203 nos
2590 5152 2805 5216 prepter
2849 5141 3160 5205 Christum,
3193 5141 3299 5194 imo
3330 5147 3546 5207 propter
3601 5152 3695 5192 nos

2127 5250 2289 5317 ipsos.
2319 5243 2419 5307 Illi,
2448 5249 2504 5294 ut
2530 5238 2626 5293 sibi
2651 5237 2778 5306 ipsis
2805 5243 2860 5289 et
2888 5233 2972 5287 hic
3001 5240 3056 5286 et
3081 5232 3186 5285 illic
3209 5240 3468 5292 noceant;
3498 5243 3614 5289 nos,
3645 5239 3696 5283 ut

2129 5351 2407 5407 utramque
2427 5334 2586 5387 vitam
2608 5332 2894 5384 lucremur.
2920 5323 3200 5393 Quomodo
3215 5337 3342 5391 ergo
3359 5337 3464 5374 non
3478 5337 3698 5375 sunnnm

2131 5430 2291 5486 fuerit
2347 5425 2565 5496 ignavia:
2609 5437 2716 5476 non
2766 5427 2962 5473 tantam
3007 5412 3365 5468 fortitudinem
3418 5411 3699 5477 exhibere,

2130 5532 2379 5596 quautam
2406 5521 2442 5574 ii
2474 5519 2560 5585 qui
2587 5523 2808 5587 pereunt
2833 5510 3104 5573 exhibent,
3126 5515 3182 5560 et
3207 5505 3342 5570 lucc,
3371 5521 3490 5558 cum
3515 5516 3591 5557 tot
3609 5521 3702 5559 co-

2133 5593 2282 5673 ronis
2324 5611 2510 5668 donari
2542 5608 2832 5663 debeamus
2853 5604 2878 5654 γ
2908 5598 3067 5670 Atqui
3115 5598 3266 5651 nobis
3293 5597 3436 5650 adest
3465 5593 3709 5649 Christus

2136 5707 2442 5774 auxiliator,
2485 5701 2588 5757 illis
2632 5709 2809 5754 nemo.
2856 5692 2970 5750 [Ioc
3007 5703 3166 5763 porro
3203 5694 3526 5760 praeceptum
3565 5700 3716 5739 man-
