4028 6152
327 285 432 342 54⁸5

330 403 513 466 (lavit,
557 416 679 458 cum
724 400 1002 457 misiteos
1029 397 1213 454 dicens
1250 414 1265 451 :
1314 395 1381 450 1η
1409 395 1541 449 viam
1586 393 1806 466 gentium
1842 405 1906 444 ne

334 494 576 549 abieritis.
611 492 760 547 Mitto
799 491 940 547 enim
972 507 1056 544 vos
1079 491 1206 544 sicut
1232 504 1345 542 oves
1390 488 1520 540 inter
1547 483 1715 555 lupos.
1751 481 1816 536 Et
1839 481 1908 534 ad

334 584 571 656 pmsides
614 593 661 639 et
703 600 843 654 reges
884 580 1137 636 ducemini
1163 579 1374 653 (Matth.
1417 577 1504 633 10.
1545 578 1598 633 5.
1632 576 1722 629 16.
1771 575 1909 640 17);

335 693 476 732 nunc
517 685 695 731 autem
732 673 862 729 illud
900 673 1114 742 gravius
1143 681 1198 726 et
1245 671 1423 724 acrius
1449 669 1730 738 expressit.
1761 667 1912 722 Tunc

333 770 475 823 enim
510 777 732 824 mortem
762 773 964 820 tantum
1003 764 1216 819 dicebat
1245 781 1260 821 :
1289 763 1376 818 hic
1399 776 1534 818 vero
1550 761 1710 815 etiam
1740 760 1914 814 crucis

335 859 658 913 mentionem
689 857 830 921 iecit,
860 865 915 910 et
942 855 1115 910 crucis
1137 863 1404 924 perpetua:
1429 870 1449 907 :
1474 867 1594 907 nam
1618 851 1714 918 ait,
1745 849 1912 904 Tollat

333 965 531 1002 crucem
556 964 742 1013 suam;
772 946 823 1002 id
860 955 961 1011 est,
1004 946 1163 1000 Ferat
1200 959 1431 1014 seraper,
1472 952 1526 996 et
1556 949 1749 1013 portet.
1783 939 1913 995 Illud

335 1054 493 1108 porro
520 1038 698 1094 facere
721 1038 928 1093 solebat
949 1037 1164 1106 ubique,
1187 1050 1292 1090 non
1324 1035 1392 1087 ab
1421 1033 1571 1087 initio
1595 1042 1648 1087 et
1672 1030 1918 1096 exordio,

335 1132 428 1187 sed
469 1132 668 1186 sensim
714 1141 768 1186 et
800 1130 1052 1200 paulatim
1098 1130 1295 1197 majora
1328 1134 1592 1197 praecepta
1636 1123 1913 1186 inducens,

336 1239 403 1276 ne
427 1223 696 1276 auditores
726 1220 801 1275 rei
827 1221 1086 1290 gravitate
1133 1219 1494 1273 turbarentur.
1527 1215 1730 1270 Deinde
1750 1257 1765 1280 ,
1794 1215 1916 1284 quia

337 1315 388 1367 id
424 1314 564 1383 quod
595 1313 793 1367 dictum
833 1310 1007 1366 fuerat
1032 1353 1048 1378 ,
1077 1311 1266 1366 durum
1295 1324 1419 1363 esse
1455 1308 1766 1370 videbatur,
1797 1304 1928 1361 vide

337 1402 609 1472 quomodo
642 1403 693 1456 in
733 1401 1080 1470 sequentibus
1113 1401 1277 1454 leniat
1306 1398 1456 1462 illud,
1489 1406 1756 1468 portatque
1783 1410 1919 1466 pra:-

343 1495 446 1548 niia
481 1493 708 1548 sudores
738 1491 1040 1558 superantia
1065 1507 1084 1557 ;
1109 1505 1279 1562 neque
1313 1490 1532 1560 prtemia
1561 1498 1788 1552 tantum,
1822 1486 1916 1542 sed

338 1587 589 1657 nequitia:
616 1585 876 1654 supplicia
911 1602 922 1636 :
953 1584 1005 1638 in
1034 1583 1227 1652 quibus
1254 1583 1421 1652 magis
1457 1589 1724 1646 versatur,
1752 1595 1921 1649 quam

341 1680 393 1733 in
418 1679 556 1744 aliis,
597 1677 847 1747 quoniam
892 1690 997 1730 non
1029 1675 1099 1728 ita
1143 1673 1403 1729 bonorum
1434 1672 1608 1736 dona,
1640 1680 1700 1725 ut
1735 1686 1921 1740 pinna-

340 1787 460 1826 rum
483 1770 948 1833 comminationes,
972 1768 1168 1822 multos
1195 1767 1263 1821 ad
1289 1782 1470 1820 sanam
1500 1776 1730 1820 mentem
1764 1764 1920 1819 redu-

341 1878 464 1916 cere
487 1861 682 1915 solent.
715 1858 1094 1913 Animadverte
1126 1871 1289 1928 porro
1326 1855 1594 1925 quomodo
1636 1855 1760 1908 hinc
1791 1854 1924 1908 inei-

341 1954 450 2022 piat
475 1961 532 2008 et
560 1951 612 2005 in
649 1950 879 2020 idipsum
911 1949 1140 2005 desinat.
1189 1949 1280 2005 25.
1317 1948 1632 2015 Quicumque
1660 1947 1794 2000 enim
1843 1961 1926 1999 ro-

345 2046 492 2100 luerit
516 2045 740 2098 animam
781 2059 926 2097 suam
949 2043 1142 2096 salvam
1186 2041 1371 2110 facere,
1415 2039 1584 2111 perdet
1615 2055 1723 2093 eam
1759 2055 1778 2093 :
1805 2037 1922 2107 qui-

345 2151 552 2206 cumque
579 2133 851 2204 perdiderit
879 2114 1102 2186 animam
1147 2147 1292 2184 suam
1335 2138 1540 2199 propter
1576 2145 1672 2193 me,
1713 2127 1932 2182 inveniet

347 2245 477 2284 eam.
507 2227 597 2282 26.
635 2224 770 2293 Quid
793 2225 924 2278 enim
952 2224 1152 2294 prodest
1179 2223 1371 2276 homini
1393 2223 1435 2274 si
1466 2219 1709 2274 mundum
1732 2221 1935 2273 univero

349 2336 460 2374 sum
489 2319 710 2372 lucretur
736 2357 751 2381 ,
780 2315 964 2369 anima
988 2329 1104 2368 vero
1129 2328 1235 2367 sum
1273 2313 1624 2365 detrimentum
1667 2311 1890 2379 patiatur
1909 2311 1941 2363 .9

351 2421 437 2466 aut
457 2425 607 2481 quam
635 2409 774 2462 dabit
799 2408 949 2462 homo
997 2406 1437 2460 commutationem
1476 2419 1570 2474 pro
1589 2403 1762 2456 anima
1801 2402 1942 2456 sua?

352 2502 406 2557 Id
431 2511 513 2555 est
559 2519 571 2554 :
612 2499 731 2554 Non
768 2497 909 2568 quod
949 2496 1101 2552 vobis
1140 2510 1242 2550 non
1280 2509 1515 2566 parcam,
1571 2494 1678 2547 imo
1708 2497 1937 2547 maxime

353 2605 580 2662 parcens
606 2589 722 2644 haec
749 2589 1024 2659 praecipio.
1060 2585 1191 2640 Nam
1218 2587 1307 2654 qui
1341 2586 1509 2655 parcit
1529 2585 1638 2639 tilio
1666 2599 1786 2649 suo,
1818 2597 1938 2652 per.

352 2684 432 2738 dit
461 2684 643 2747 illum;
671 2682 760 2751 qui
809 2695 913 2736 non
944 2680 1133 2748 parcit,
1172 2687 1350 2733 servat
1374 2693 1519 2732 eum.
1575 2677 1727 2744 Quod
1773 2677 1958 2730 ctiam'

354 2773 568 2843 Sapiens
615 2771 828 2841 quidam
869 2771 1078 2825 dicebat
1127 2767 1230 2823 :Si
1252 2767 1556 2837 percusseris
1591 2767 1756 2834 ﬁlium
1800 2776 1941 2820 tuum

357 2867 515 2935 virga,
532 2880 633 2917 non
656 2863 894 2916 morietur
925 2877 942 2916 :
964 2863 1185 2913 animum
1212 2868 1377 2912 autem
1396 2860 1506 2928 ejus
1533 2874 1565 2910 a
1582 2867 1740 2910 morte
1761 2858 1942 2924 eripies

358 2955 540 3022 (Prov.
591 2954 679 3008 25.
734 2954 862 3018 M);
919 2965 982 3006 ac
1033 2967 1267 3016 rursum,
1323 2950 1423 3017 Qui
1468 2949 1736 3018 refrigerat
1776 2949 1944 3018 ﬁlium

358 3062 527 3111 suum,
558 3045 731 3114 ligabit
770 3044 976 3098 vulnera
1024 3043 1133 3112 ejus
1173 3041 1360 3113 (Eccli.
1408 3041 1493 3098 50.
1524 3041 1578 3111 1)
1615 3059 1628 3094 :
1663 3041 1760 3095 hoc
1783 3041 1944 3096 etiam

359 3138 412 3190 in
460 3136 694 3190 exercitu
727 3135 804 3188 ﬁt.
834 3134 964 3188 Nam
989 3134 1032 3187 si
1079 3133 1186 3188 dux
1246 3147 1466 3202 parcens
1497 3132 1772 3197 militibus,
1801 3132 1946 3188 intus

358 3227 539 3296 iubeat
585 3241 798 3294 semper
826 3240 1078 3287 manere,
1113 3235 1217 3279 tam
1261 3225 1454 3280 milites
1494 3240 1651 3294 quam
1698 3216 1830 3280 alios
1871 3225 1946 3280 si—

360 3317 471 3371 mul
515 3316 830 3386 corrumpit.
872 3315 949 3370 Ne
992 3315 1151 3386 igitur
1195 3315 1352 3370 etiam
1397 3315 1547 3369 vobis
1579 3315 1703 3370 illud
1741 3319 1949 3371 contin-

363 3417 446 3476 gat
469 3449 484 3472 ,
529 3406 730 3474 inquit,
777 3415 990 3475 oportet
1013 3420 1108 3460 vos
1137 3414 1443 3475 perpetuam
1475 3406 1541 3460 ad
1572 3416 1796 3461 mortem
1827 3423 1948 3463 esse

367 3506 602 3567 paratos.
640 3496 772 3551 Nam
803 3505 857 3552 et
881 3511 1041 3566 grave
1087 3497 1285 3552 bellum
1335 3512 1456 3552 mox
1502 3499 1851 3553 excitabitur:
1881 3514 1948 3554 ne

366 3605 492 3659 ergo
523 3590 663 3642 intus
687 3589 898 3656 sedeas,
916 3588 1008 3644 sed
1030 3590 1112 3643 exi
1140 3601 1193 3644 et
1218 3601 1447 3660 pugnate
1471 3608 1485 3658 ;
1513 3591 1556 3646 si
1584 3590 1635 3644 in
1666 3593 1780 3645 acie
1805 3592 1949 3648 ceci-

367 3683 528 3746 deris,
587 3691 712 3737 tunc
737 3683 899 3736 vitam
930 3682 1196 3736 invenisti.
1241 3683 1371 3736 Nam
1418 3685 1462 3738 si
1503 3683 1557 3737 in
1603 3683 1751 3739 hisce
1797 3683 1949 3740 bellis

366 3772 674 3837 sensilibus,
709 3774 799 3843 qui
851 3782 1127 3843 promptus
1153 3783 1204 3828 et
1247 3783 1460 3842 paratus
1485 3774 1551 3828 ad
1598 3775 1796 3830 caedem
1844 3787 1947 3842 est,

366 3866 453 3919 hic
482 3866 770 3934 praeclarus
797 3867 936 3920 inter
960 3875 1184 3920 caeteros
1209 3875 1265 3920 et
1295 3865 1520 3920 invictus
1545 3865 1769 3920 habetur
1799 3908 1814 3930 ,
1844 3868 1950 3921 ini-

367 3957 519 4009 micis
563 3955 940 4010 formidolosus
967 3964 1049 4010 est
1071 3997 1085 4019 ,
1116 3971 1437 4025 quamquam
1465 3956 1509 4009 si
1538 3957 1814 4031 moriatur,
1845 3971 1951 4011 non

370 4047 535 4117 possit
561 4062 680 4102 eum
707 4048 1002 4116 Imperator
1031 4049 1308 4111 suscitare,
1335 4065 1430 4117 pro
1458 4064 1564 4118 quo
1589 4064 1734 4103 arma
1765 4051 1906 4121 cepit
1934 4068 1948 4105 :

369 4140 538 4193 multo
560 4140 728 4210 magis
759 4141 810 4194 in
851 4140 997 4193 hisce
1026 4141 1210 4205 bellis,
1261 4142 1354 4193 ubi
1398 4155 1520 4208 spes
1545 4143 1954 4198 resurrectionis

372 4231 638 4294 habetur,
693 4231 781 4299 qui
835 4231 1066 4283 animam
1111 4244 1260 4283 suam
1303 4230 1368 4283 ad
1422 4240 1650 4285 mortem
1700 4233 1953 4301 exponit,

372 4319 605 4375 inveniet
658 4333 817 4373 eam:
849 4321 1041 4388 primo,
1087 4319 1209 4388 quia
1246 4335 1349 4373 non
1391 4321 1498 4373 cito
1545 4321 1822 4388 vincetur;
1865 4338 1954 4378 se-

370 4410 567 4474 cundo,
595 4409 718 4481 quia
744 4409 846 4465 etsi
869 4410 1144 4475 ceciderit,
1173 4412 1237 4465 ad
1269 4410 1546 4467 meliorem
1573 4413 1732 4467 vitam
1762 4415 1957 4483 perdu-

378 4503 607 4559 citeam.

440 4596 494 4652 3.
523 4594 724 4651 Deinde
746 4593 867 4665 quia
898 4592 1032 4649 dixit
1060 4609 1074 4648 :
1097 4592 1195 4659 Qui
1215 4593 1319 4647 vult
1339 4594 1561 4648 animam
1584 4612 1729 4650 suam
1763 4597 1956 4652 salvam

371 4693 560 4760 facere,
617 4688 790 4758 perdet
836 4705 946 4742 eam
972 4730 986 4752 ,
1025 4694 1072 4741 et
1109 4688 1404 4756 quicumque
1436 4689 1644 4756 perdet,
1700 4691 1912 4745 salrabit
1938 4711 1958 4745 .-

372 4781 458 4834 bic
487 4789 540 4835 et
570 4779 676 4834 illic
702 4780 929 4835 salutem
959 4789 1014 4835 et
1064 4779 1416 4850 perditionem
1468 4780 1684 4849 posuit,
1730 4797 1797 4835 ne
1839 4785 1958 4853 quis

372 4881 652 4941 utramque
684 4871 768 4925 vel
797 4870 1148 4941 perditionem
1179 4872 1260 4925 vel
1301 4871 1526 4924 salutem
1553 4872 1812 4940 :rqualem
1838 4888 1959 4929 esse

372 4971 543 5030 putet,
571 4959 666 5015 sed
716 4960 864 5014 clare
905 4959 1110 5025 discat,
1142 4968 1346 5014 tantum
1386 4975 1508 5015 esse
1550 4961 1698 5016 illam
1742 4963 1879 5018 inter
1906 4973 1961 5019 et

376 5050 514 5105 hanc
531 5049 756 5104 salutem
782 5049 1094 5113 discrimen,
1112 5059 1366 5120 quantum
1381 5051 1522 5106 inter
1537 5052 1884 5122 perditionem
1906 5063 1960 5110 et

375 5143 604 5197 salutem
634 5157 649 5204 ;
677 5148 734 5195 et
777 5154 842 5194 ex
873 5141 1157 5194 contrariis
1192 5141 1307 5197 haec
1335 5143 1405 5196 ita
1431 5149 1745 5214 comprobat
1775 5163 1788 5198 :
1824 5146 1961 5213 Quid

373 5236 507 5290 enim
549 5232 751 5306 prodest
781 5231 971 5286 homini
998 5231 1040 5285 si
1084 5232 1328 5286 mundum
1355 5235 1643 5290 universum
1693 5235 1915 5291 lucretur
1941 5278 1956 5304 ,

374 5327 562 5380 animat
603 5341 718 5379 vero
759 5339 866 5378 sua:
917 5322 1266 5377 detrimentum
1296 5325 1566 5392 patiatur?
1608 5326 1794 5383 Viden‘
1821 5343 1958 5397 quo-

376 5416 540 5471 modo
576 5407 723 5471 salus
751 5425 937 5471 contra
961 5415 1051 5485 jus
1078 5414 1263 5486 fasque
1291 5427 1620 5486 comparata,
1645 5430 1700 5474 et
1728 5420 1960 5489 perditio

375 5519 477 5572 est,
500 5517 556 5561 et
577 5509 720 5561 omni
749 5507 1046 5577 perditione
1068 5507 1324 5574 deterior,
1353 5517 1535 5579 utpote
1573 5525 1692 5580 qum
1718 5513 1787 5565 sit
1815 5512 1958 5564 insa-

378 5598 598 5661 ualidis,
629 5598 768 5668 quod
820 5597 951 5652 nihil
998 5597 1068 5650 sit
1095 5598 1230 5652 ultra
1254 5639 1270 5664 ,
1311 5614 1419 5668 quo
1447 5616 1508 5656 ea
1537 5602 1706 5670 possit
1733 5601 1961 5656 redimi?

371 5685 484 5748 Nec
509 5689 676 5759 dicas,
705 5689 910 5760 inquit,
941 5689 1173 5746 animam
1218 5704 1370 5746 suam
1419 5707 1662 5748 servasse
1715 5693 1803 5764 qui
1835 5695 1954 5750 talia

1033 283 1089 340 S.
1128 278 1404 338 JOANNIS
1424 272 1893 334 CllllYSOS'l'OMl
1931 269 2247 326 ARClllEP.
2286 269 2812 330 CONSTANTINOP.

3488 271 3598 329 5M

2023 386 2263 458 pericula
2283 389 2552 452 evaserit;
2585 389 2680 444 sed
2719 403 2841 444 cum
2890 388 3064 443 anima
3105 388 3224 459 ejus
3263 402 3401 459 pone
3434 389 3595 444 etiam

2017 488 2186 534 totum
2225 480 2433 534 orbem.
2459 479 2594 549 Quid
2640 481 2764 536 hinc
2805 480 2922 548 plus
2971 480 3182 535 habebit
3227 480 3317 536 illa
3349 479 3600 550 perdita?

2020 569 2113 624 Dic
2142 571 2284 624 enim
2334 571 2500 638 mihi,
2535 572 2577 626 si
2615 571 2844 625 lamulos
2873 580 2990 624 tuos
3020 570 3230 626 videres
3279 571 3331 624 in
3387 569 3600 626 deliciis

2018 677 2158 728 esse,
2209 671 2370 731 teque
2401 663 2452 716 in
2485 663 2738 718 extremis
2777 662 2934 719 malis
2955 704 2968 729 ,
3001 677 3067 716 an
3093 662 3216 732 quia
3245 661 3494 717 dominus
3519 676 3603 726 es,

2019 755 2141 808 hinc
2165 753 2435 823 quidpiam
2487 763 2540 809 te
2570 755 2761 809 lucrari
2793 763 3013 824 putares
3033 753 3455 824 i‘Nequaquam.
3488 753 3604 809 Hoc

2019 846 2190 915 ipsum
2220 846 2287 901 de
2316 848 2502 902 anima
2523 849 2718 918 cogita,
2745 865 2866 904 eum
2897 863 3062 904 carne
3091 848 3142 902 in
3174 847 3382 904 deliciis
3419 857 3477 903 et
3517 848 3607 902 di-

2019 937 2161 990 vitiis
2190 946 2396 1007 agente,
2423 938 2509 992 illa
2543 938 2767 993 loturam
2795 940 3080 1008 perniciem
3109 948 3406 1009 exspectat.
3440 939 3608 1007 Quam

2020 1039 2186 1079 autem
2212 1027 2346 1081 dabit
2369 1029 2516 1082 homo
2537 1031 2972 1083 commutationem
2993 1047 3085 1100 pro
3111 1032 3283 1084 anima
3301 1047 3396 1085 sua
3415 1031 3441 1085 ?
3466 1030 3611 1085 Rur-

2022 1133 2111 1171 sus
2141 1119 2328 1173 eadem
2364 1121 2414 1173 in
2439 1136 2498 1176 re
2523 1121 2749 1175 insistit-
2769 1121 2902 1175 Num
2935 1122 3126 1186 aliam,
3147 1122 3335 1191 inquit.
3359 1123 3598 1176 animam

2024 1209 2188 1265 habes
2216 1253 2229 1274 ,
2275 1227 2432 1280 quam
2474 1211 2569 1266 des
2614 1227 2711 1282 pro
2740 1213 2913 1266 anima
2943 1213 3068 1266 tua?
3112 1211 3368 1266 Pecunias
3393 1212 3534 1267 enim
3562 1211 3611 1266 si

2026 1300 2346 1370 perdideris,
2361 1301 2491 1355 alias
2510 1315 2605 1370 pro
2621 1301 2830 1356 amissis
2846 1312 2996 1371 potes
3013 1302 3292 1371 supplere;
3311 1302 3544 1373 itemque
3554 1301 3612 1355 si

2025 1392 2258 1456 domum,
2284 1393 2329 1447 si
2347 1394 2611 1460 servos,si
2625 1393 2863 1463 quamvis
2881 1394 3035 1447 aliam
3052 1394 3444 1463 possessionem
3463 1414 3473 1446 :
3494 1393 3613 1448 ani-

2026 1501 2169 1540 mam
2201 1502 2326 1541 vero
2352 1487 2395 1540 si
2425 1487 2737 1555 perdideris,
2766 1487 2922 1540 aliam
2951 1502 3064 1540 nona
3099 1487 3298 1556 poteris
3329 1486 3460 1540 dare
3497 1485 3615 1539 ani—

2029 1593 2204 1630 mam:
2234 1577 2328 1632 scd
2353 1580 2555 1632 etiamsi
2578 1578 2830 1632 muluium
2861 1577 3082 1645 habeas,
3109 1579 3317 1633 etiamsi
3347 1594 3436 1631 rex
3469 1577 3616 1631 orbis

2027 1669 2124 1733 sis,
2149 1683 2245 1723 nec
2272 1670 2314 1723 si
2342 1670 2519 1722 «inuria
2545 1685 2662 1739 quae
2691 1669 2746 1722 in
2768 1669 2895 1722 orbe
2925 1678 3068 1734 sunt,
3103 1669 3209 1722 imo
3234 1683 3331 1724 nec
3357 1669 3399 1723 si
3440 1670 3617 1738 ipsum

2030 1761 2215 1816 orbem
2248 1777 2495 1830 poneres,
2537 1777 2721 1831 posses
2744 1763 2826 1816 vel
2869 1763 3100 1815 animam
3132 1777 3290 1817 unam
3329 1761 3615 1816 redimere.

2033 1851 2233 1920 Ecquid
2264 1853 2454 1906 mirum
2502 1853 2546 1906 si
2571 1853 2622 1906 itt
2650 1852 2826 1905 anima
2858 1853 2929 1906 ila
2957 1853 3045 1919 sit,
3082 1868 3203 1906 cum
3231 1854 3361 1906 etin
3392 1867 3621 1921 corpore

2034 1942 2262 2010 idipsum
2293 1943 2600 2013 perspicere
2647 1943 2843 1997 liceat?
2872 1943 3088 1998 Etiamsi
3131 1943 3276 1999 mille
3316 1943 3624 1998 diademati-

2036 2033 2137 2088 bus
2185 2035 2464 2105 insignitus
2494 2050 2664 2102 esses,
2712 2037 2754 2089 si
2803 2050 2996 2106 corpus
3043 2035 3272 2091 haberes
3317 2036 3622 2091 morbidum

2036 2134 2094 2180 et
2136 2126 2429 2182 iucurabile
2448 2169 2464 2192 ,
2494 2143 2598 2181 non
2628 2142 2814 2198 posses
2837 2168 2851 2190 ,
2885 2137 2996 2182 toto
3023 2141 3189 2197 regno
3234 2128 3291 2181 in
3315 2126 3620 2183 mercedem

2037 2217 2162 2272 dato
2189 2260 2205 2284 ,
2261 2220 2541 2274 sanitatem
2590 2221 2829 2289 corporis
2876 2219 3178 2286 restituere,
3230 2221 3436 2274 etiamsi
3476 2220 3624 2277 mille

2037 2325 2259 2379 corpora
2299 2311 2578 2381 adjiceres,
2610 2313 2772 2366 urbes
2823 2322 2981 2381 atque
3029 2314 3303 2382 pecunias.
3343 2312 3432 2368 Sic
3460 2313 3627 2373 etiam

2040 2403 2108 2455 de
2137 2404 2310 2455 anima
2360 2403 2569 2472 cogita;
2616 2402 2726 2458 imo
2764 2403 2930 2458 multo
2956 2405 3126 2474 magis
3155 2403 3224 2460 de
3265 2404 3462 2468 anima,
3502 2419 3627 2459 om-

2042 2495 2304 2565 nibusque
2345 2495 2462 2552 aliis
2506 2496 2741 2564 relictis,
2773 2512 2989 2566 operam
3021 2505 3186 2552 totam
3223 2499 3275 2552 in
3306 2498 3449 2552 illam
3494 2512 3628 2552 eon—

2044 2585 2204 2640 feras.

2114 2678 2166 2732 4.
2193 2677 2372 2733 Adeas
2393 2679 2480 2748 qui
2505 2678 2719 2732 salutem
2741 2681 2927 2734 anima:
2947 2681 3221 2752 negligunt.
3253 2680 3428 2737 Gloria
3447 2692 3505 2736 et
3519 2683 3639 2738 sub-

2045 2770 2230 2820 stantia
2267 2785 2365 2822 una
2397 2768 2572 2824 Patris
2616 2780 2661 2824 et
2709 2769 2854 2825 Filii.
2888 2802 2951 2811 —
2977 2771 3053 2826 Ne
3102 2774 3278 2842 itaque
3320 2773 3388 2829 de
3436 2773 3630 2829 alienis

2046 2861 2340 2926 sollicitus,
2390 2863 2614 2932 teipsum
2654 2872 2708 2917 et
2755 2874 2840 2918 tua
2892 2864 3248 2934 negligaszid
3295 2866 3435 2936 quod
3489 2880 3633 2922 nunc

2047 2965 2236 3005 clunes
2274 2950 2480 3006 faciunt
2503 2995 2518 3018 ,
2557 2953 2760 3007 similes
2791 2955 2854 3009 iis
2883 2955 2972 3024 qui
3008 2956 3056 3009 in
3091 2957 3324 3010 metallis
3351 2957 3632 3025 laborant,

2048 3042 2137 3112 qui
2171 3042 2298 3096 nihil
2327 3043 2566 3097 utilitatis
2592 3044 2676 3096 vel
2705 3043 3005 3098 divitiarum
3044 3061 3112 3100 ex
3151 3045 3252 3101 hoc
3290 3046 3472 3103 labore
3510 3063 3636 3102 car-

2049 3141 2176 3200 punt
2211 3148 2224 3196 ;
2258 3132 2349 3187 sed
2377 3132 2600 3186 multum
2630 3133 2958 3201 detrimenti,
2987 3137 3236 3204 quoniam
3265 3137 3456 3192 frustra
3490 3139 3636 3208 peri-

2050 3224 2298 3277 clitantur
2326 3233 2375 3277 et
2407 3239 2504 3293 pro
2535 3225 2655 3279 aliis
2686 3227 3069 3294 periclitantur,
3099 3229 3231 3282 nihil
3261 3245 3327 3284 ex
3353 3231 3638 3287 sudoribus

2051 3324 2105 3369 et
2129 3332 2195 3371 ex
2226 3326 2396 3372 morte
2416 3358 2432 3382 ,
2471 3333 2628 3388 quam
2658 3319 2973 3388 plerumque
2996 3320 3192 3394 obeunt
3213 3363 3225 3383 ,
3263 3321 3463 3376 fructus
3493 3324 3639 3378 refe-

2051 3417 2251 3462 rentes.
2300 3408 2406 3464 Hos
2450 3409 2601 3463 multi
2648 3426 2790 3466 nunc
2837 3411 3126 3475 imitantur,
3161 3413 3249 3482 qui
3279 3413 3396 3467 aliis
3425 3414 3642 3470 divitias

2051 3507 2322 3570 quierunt;
2372 3499 2481 3554 imo
2521 3500 2605 3554 bis
2633 3502 2940 3556 miseriores
2963 3511 3108 3568 sunt,
3139 3503 3277 3573 quod
3309 3515 3428 3574 post
3455 3513 3528 3558 tat
3556 3505 3641 3558 la-

2052 3589 2212 3644 bores
2255 3592 2498 3660 gehenna
2550 3606 2648 3646 nos
2688 3601 2980 3664 exspectet.
3035 3591 3141 3649 lrllis
3191 3595 3332 3649 enim
3383 3594 3653 3652 sudorum

2055 3681 2214 3734 linem
2241 3696 2388 3735 mors
2417 3681 2607 3736 all‘ert:
2639 3683 2789 3738 nobis
2823 3693 2997 3738 autem
3041 3685 3247 3738 initium
3291 3685 3439 3740 mille
3470 3685 3644 3740 maloa

2054 3787 2171 3826 rum
2201 3785 2346 3826 mors
2373 3781 2476 3826 est.
2508 3771 2659 3839 Quod
2689 3773 2731 3827 si
2765 3773 2938 3840 dicas,
2973 3783 3026 3828 te
3052 3775 3266 3829 divitem
3299 3777 3402 3830 tuis
3429 3775 3530 3831 frui
3561 3777 3640 3831 la-

2056 3863 2274 3917 boribus
2295 3903 2311 3929 ,
2341 3863 2564 3917 ostende
2594 3864 2827 3918 animam
2864 3864 3038 3918 laetam
3066 3873 3121 3919 et
3149 3866 3366 3921 hilarem
3389 3909 3402 3930 ,
3437 3877 3493 3922 et
3519 3876 3644 3926 tunc

2059 3955 2110 4010 id
2133 3956 2371 4011 credam.
2400 3957 2649 4012 Omnium
2689 3959 2883 4028 quippe
2921 3974 3038 4028 quae
3075 3959 3126 4013 in
3171 3959 3324 4014 nobis
3351 3970 3474 4014 sunt
3498 3960 3647 4030 priu-

2057 4062 2185 4118 ceps
2213 4059 2293 4103 est
2332 4050 2506 4102 anima
2534 4067 2546 4102 :
2577 4049 2723 4119 quod.
2757 4050 2800 4104 si
2829 4064 3026 4119 corpus
3067 4051 3154 4105 illa
3185 4053 3496 4106 tabescente
3526 4051 3648 4120 pin-

2059 4132 2297 4211 guescit,
2327 4142 2455 4195 nihil
2489 4141 2578 4196 tibi
2613 4141 2856 4195 utilitatis
2897 4140 3057 4194 atl'crt
3113 4141 3197 4194 illa
3253 4141 3583 4198 abundantia
3627 4160 3642 4200 :

2060 4233 2196 4286 sicut
2220 4234 2362 4286 enim
2394 4233 2585 4287 ancilla
2615 4232 2848 4299 laetante,
2877 4233 3008 4286 nihil
3034 4233 3099 4287 ad
3127 4232 3309 4287 heram
3337 4244 3648 4303 pereuntem

2062 4323 2271 4376 ancilla}
2315 4324 2641 4392 prosperitas
2683 4321 2871 4389 affert,
2903 4339 3003 4378 nec
3030 4323 3155 4393 quid
3187 4327 3394 4378 confert
3421 4327 3648 4380 vestium

2063 4425 2280 4468 ornatus
2308 4415 2374 4468 ad
2403 4415 2578 4468 carnis
2606 4414 3004 4478 infirmitatem;
3037 4413 3132 4470 sed
3158 4430 3369 4469 rursum
3391 4415 3534 4470 dicet
3554 4417 3647 4471 tibi

2062 4505 2302 4560 Christus
2328 4525 2340 4560 :
2372 4505 2535 4570 Quam
2557 4505 2700 4558 dabit
2717 4507 2866 4558 homo
2886 4506 3324 4559 commutationem
3353 4523 3444 4574 pro
3476 4508 3651 4561 anima

2061 4601 2196 4650 sua?
2221 4596 2562 4667 praecipitqoe
2589 4595 2680 4650 tibi
2707 4611 2939 4665 semper,
2967 4605 3026 4650 ut
3051 4596 3114 4648 ad
3146 4596 3287 4650 illam
3334 4597 3646 4652 servandam

2063 4687 2322 4749 verseris,
2356 4687 2604 4754 illamque
2633 4701 2786 4741 cures
2813 4686 3004 4740 solam.
3040 4686 3326 4756 Postquam
3375 4687 3533 4757 igitur
3563 4687 3649 4743 bis

2063 4777 2246 4831 verbis
2271 4784 2535 4832 terrorem
2562 4777 2822 4844 incussit,
2850 4777 3110 4831 bonorum
3141 4778 3498 4847 promissione
3523 4795 3652 4834 con-

2066 4870 2290 4935 solatur,
2322 4869 2404 4924 his
2430 4870 2607 4923 verbis
2631 4887 2644 4923 :
2667 4870 2755 4924 27.
2800 4868 2850 4922 F
2851 4870 2969 4923 ilius
2998 4870 3130 4923 enim
3161 4871 3376 4924 hominis
3413 4881 3653 4927 venturus

2066 4973 2140 5016 est
2164 4963 2215 5015 in
2247 4960 2414 5032 gloria
2454 4959 2629 5014 Patris
2672 4977 2788 5014 cum
2827 4962 3017 5015 sanctis
3054 4962 3246 5031 angelis
3283 4963 3413 5028 suis,
3458 4972 3504 5016 et
3533 4972 3654 5016 tunc

2064 5057 2237 5108 reddet
2263 5055 2531 5124 unicuique
2551 5053 2826 5108 secundum
2847 5070 3001 5124 opera
3022 5054 3151 5123 ejus.
3177 5053 3366 5109 \‘iden’
3383 5054 3653 5125 quomodo

2064 5147 2230 5216 gloria
2281 5146 2349 5199 sit
2388 5160 2492 5199 una
2523 5144 2696 5199 Patris
2736 5153 2791 5198 et
2834 5143 2996 5198 Filii?
3041 5143 3192 5209 Quod
3223 5145 3267 5198 si
3307 5145 3474 5216 gloria
3505 5161 3647 5211 una,

2067 5235 2403 5290 manifestum
2437 5245 2519 5290 est
2544 5236 2897 5290 substantiam
2919 5249 3130 5304 quoque
3152 5249 3310 5289 unam
3341 5251 3481 5290 esse.
3515 5235 3651 5290 Nam

2065 5329 2108 5381 si
2153 5328 2203 5380 in
2234 5326 2529 5381 substantia
2575 5341 2718 5391 una,
2778 5324 3080 5380 diﬂ‘erentia
3136 5333 3222 5380 est
3273 5325 3460 5394 gloria}
3515 5327 3656 5394 (Alia

2064 5419 2260 5488 quippe
2289 5427 2360 5470 est
2401 5418 2566 5488 gloria
2607 5418 2764 5482 solis,
2805 5417 2906 5470 alia
2934 5417 3099 5487 gloria
3134 5417 3296 5480 laute,
3345 5418 3450 5470 alia
3490 5419 3654 5487 gloria

2064 5511 2322 5563 stellarum
2341 5525 2360 5564 :
2391 5509 2536 5563 stella
2579 5509 2713 5562 enim
2746 5525 2779 5563 a
2811 5510 2958 5564 stella
2982 5507 3155 5576 differt
3175 5510 3228 5563 in
3255 5509 3417 5580 gloria
3449 5509 3498 5581 [1
3529 5508 3651 5564 Cor.

2070 5601 2160 5656 15.
2195 5599 2305 5671 At].
2337 5609 2392 5654 et
2423 5610 2598 5653 tamen
2629 5615 2732 5653 una
2767 5609 2848 5652 est
2884 5598 3224 5667 substantia),
3258 5601 3526 5668 quomodo
3559 5617 3655 5654 eo.

2068 5709 2220 5762 rum,
2253 5707 2481 5764 quorum
2511 5691 2679 5761 gloria
2708 5706 2810 5746 una
2842 5701 2943 5760 est,
2967 5690 3264 5746 substantia
3292 5691 3498 5747 diversa
3525 5706 3656 5746 csse
