4028 6152
400 299 500 355 545

393 415 677 470 credatur?
699 414 816 471 Non
842 415 984 472 enim
1024 414 1192 484 dixit,
1243 415 1301 470 lu
1341 415 1434 470 tali
1479 415 1646 486 gloria
1683 415 1855 486 qualis
1883 423 1966 470 est

399 503 570 563 Patris
597 509 764 578 gloria
784 549 801 575 ,
830 516 888 564 ut
913 507 1200 564 discrimen
1229 523 1350 564 esse
1377 509 1696 580 suspiceris;
1743 508 1838 564 sed
1880 523 1971 563 ac-

394 607 611 663 curate,
646 601 698 655 in
729 600 915 655 eadem
946 601 1090 670 ipsa,
1119 601 1326 671 inquit,
1362 600 1530 670 gloria
1559 601 1779 664 veniet,
1811 601 1881 654 ita
1913 607 1970 654 ut

393 709 494 748 una
535 693 832 763 eademque
873 707 991 747 esse
1030 693 1281 762 putetur?
1307 692 1442 758 Quid
1472 692 1633 761 igitur
1662 693 1852 757 times,
1884 692 1968 746 in-

390 789 524 855 quit,
548 784 729 851 Petre,
759 784 886 838 dum
911 795 1136 839 mortem
1159 783 1350 837 audis?
1375 783 1524 837 Tunc
1545 787 1686 836 enim
1712 799 1796 836 me
1823 783 1969 838 vide-

390 876 471 931 bis
494 876 546 930 in
577 877 748 946 gloria
780 874 972 929 Patris.
999 874 1055 929 Si
1081 890 1181 944 ego
1212 875 1265 929 in
1293 874 1458 944 gloria
1481 913 1498 940 ,
1522 883 1578 928 et
1604 888 1700 926 vos
1721 875 1772 927 in
1799 873 1963 943 gloria

387 969 554 1023 eritis.
588 968 706 1022 Non
733 969 873 1024 enim
907 983 994 1022 res
1019 979 1209 1023 vestra:
1235 977 1358 1022 sunt
1381 967 1662 1037 praesentis
1684 968 1806 1021 vitae
1827 966 1966 1021 limi-

389 1060 528 1114 tibus
555 1059 976 1128 circumscripta:
1005 1081 1018 1114 :
1047 1059 1140 1113 sed
1166 1059 1266 1112 alia
1295 1073 1412 1113 sors
1452 1058 1640 1112 melior
1681 1072 1778 1112 vos
1814 1059 1960 1111 exci-

385 1154 514 1223 piet.
549 1155 798 1208 Attamen
825 1161 1104 1222 postquam
1135 1152 1272 1206 bona
1296 1151 1385 1205 illa
1412 1150 1568 1216 dixit,
1600 1166 1706 1204 non
1732 1149 1818 1204 hic
1844 1150 1964 1204 sub-

385 1243 539 1306 stitit,
572 1242 668 1298 sed
697 1252 751 1298 et
777 1242 1032 1298 terribilia
1063 1243 1382 1308 admiscuit,
1425 1241 1683 1311 judicium
1731 1241 1857 1296 illud
1907 1240 1959 1295 in

383 1334 616 1389 medium
652 1333 942 1394 adducens.
977 1341 1029 1387 et
1063 1334 1296 1387 rationes
1325 1333 1694 1395 inevitabiles,
1739 1343 1960 1387 senten-

385 1425 508 1479 tiam
548 1425 666 1479 sine
692 1425 796 1478 ulla
823 1424 1161 1493 acceptione,
1183 1423 1442 1493 judicium
1471 1425 1611 1494 quod
1651 1424 1824 1492 decipi
1861 1439 1956 1478 ne-

379 1518 514 1587 quit.
549 1517 733 1587 Neque
759 1526 932 1571 tamen
972 1517 1177 1571 tristem
1217 1517 1342 1572 sivit
1385 1517 1606 1572 omnino
1650 1533 1955 1572 sermonem

379 1621 522 1673 esse,
549 1607 646 1662 sed
675 1607 865 1661 bonam
899 1621 1048 1676 spem
1076 1605 1378 1661 admiscuit.
1407 1606 1590 1677 Neque
1615 1607 1760 1662 enim
1786 1607 1951 1674 dixit,

378 1698 530 1754 Tunc
561 1707 866 1768 peccatores
894 1699 1106 1768 puniet,
1156 1700 1251 1753 sed
1273 1739 1287 1762 ,
1330 1699 1525 1753 Reddet
1565 1700 1833 1768 unicuique
1869 1715 1953 1754 se-

374 1789 597 1845 cundum
622 1806 777 1859 opera
795 1806 907 1844 sua.
940 1791 1051 1845 Hoc
1077 1803 1235 1860 porro
1257 1791 1392 1844 dixit
1419 1805 1523 1844 non
1555 1789 1712 1844 modo
1740 1800 1799 1844 ut
1825 1804 1952 1860 pec.

372 1883 644 1938 catoribus
689 1882 932 1951 supplicii
975 1883 1286 1936 memoriam
1332 1893 1639 1947 revocaret,
1669 1883 1761 1938 sed
1787 1885 1948 1938 etiam

372 1983 430 2026 ut
457 1973 557 2042 piis
583 1973 890 2026 braviorum
918 1981 971 2026 et
995 1987 1334 2026 coronarum.
1366 1972 1472 2027 Sed
1498 1973 1588 2028 ille
1613 1975 1859 2044 quidem,
1892 1985 1949 2029 ut

368 2062 539 2118 bonos
585 2063 729 2117 viros
776 2074 1082 2129 recrearet,
1141 2064 1256 2120 haec
1297 2064 1458 2123 dixit:
1491 2079 1592 2136 ego
1616 2077 1792 2120 autem
1819 2081 1940 2136 per-

368 2159 622 2212 horresco
645 2171 862 2226 semper
897 2157 1022 2211 dum
1053 2157 1166 2210 haec
1191 2156 1349 2211 audio
1378 2175 1392 2211 :
1421 2172 1526 2212 non
1557 2172 1674 2212 sum
1704 2159 1846 2212 enim
1877 2158 1945 2212 de

365 2265 590 2304 numero
618 2250 1060 2305 coronandorum.
1111 2250 1246 2304 Puto
1271 2259 1447 2304 autem
1475 2249 1609 2305 alios
1636 2265 1757 2306 esse
1785 2250 1942 2318 hujus

364 2341 570 2394 timoris
597 2351 651 2394 et
677 2341 936 2410 angustia:
963 2340 1114 2395 nobis
1141 2350 1438 2394 consortes.
1469 2341 1637 2409 Quem
1665 2343 1810 2396 enim
1833 2357 1938 2396 non

363 2442 581 2502 possent
624 2432 739 2487 huic
775 2434 934 2488 verba
965 2443 1166 2488 terrere
1189 2475 1204 2498 ,
1251 2435 1295 2488 si
1329 2434 1379 2488 in
1411 2433 1795 2489 conscientiam
1822 2434 1938 2504 ejus

360 2526 732 2591 immittuntur,
759 2541 918 2596 quem
962 2541 1066 2581 non
1109 2527 1160 2580 in
1206 2526 1487 2580 horrorem
1539 2526 1832 2591 inducere,
1863 2527 1934 2580 ita

358 2627 417 2672 ut
460 2633 770 2688 persuasum
813 2617 1027 2684 habeat,
1074 2618 1226 2672 nobis
1269 2633 1428 2672 sacco
1455 2627 1509 2673 et
1547 2619 1704 2688 longo
1728 2620 1934 2688 jejunio

354 2726 488 2778 opus
509 2726 630 2766 esse
651 2714 817 2782 magis
840 2727 996 2782 quam
1020 2712 1216 2781 populo
1242 2709 1629 2764 Ninivitarum?
1653 2709 1764 2765 Non
1786 2713 1929 2765 enim

351 2800 424 2856 de
449 2803 596 2856 urbis
635 2803 913 2858 eversione
961 2813 1015 2857 et
1061 2803 1128 2856 de
1169 2802 1438 2856 communi
1492 2802 1704 2856 interitu
1754 2817 1931 2856 sermo

351 2895 508 2948 nobis
534 2901 651 2959 est,
684 2894 776 2948 sed
804 2894 870 2949 de
898 2894 1158 2965 supplicio
1183 2903 1405 2958 aeterno,
1429 2892 1496 2948 de
1519 2893 1639 2963 igne
1666 2894 1755 2964 qui
1777 2909 1931 2947 num-

347 3003 506 3058 quam
539 2987 912 3057 exstinguitur.

418 3079 472 3134 5.
507 3077 874 3133 Monachorum
915 3080 1028 3134 laus
1057 3089 1104 3134 et
1135 3080 1248 3134 vitm
1275 3097 1451 3152 genus.
1479 3109 1550 3121 --
1574 3079 1700 3135 Ideo
1742 3093 1927 3134 mona-

343 3170 497 3232 chos,
524 3171 612 3239 qui
642 3170 850 3224 deserta
881 3180 1230 3241 occuparunt,
1260 3171 1418 3225 laudo
1445 3183 1498 3226 et
1527 3171 1781 3235 admiror,
1815 3179 1922 3224 tum

340 3260 462 3314 aliis
489 3261 556 3315 de
582 3263 777 3323 causis.
812 3269 923 3316 tum
954 3271 1170 3331 propter
1192 3262 1304 3316 haec
1331 3261 1512 3316 verba.
1543 3260 1672 3315 Nam
1705 3261 1778 3314 illi
1805 3268 1924 3330 post

341 3352 626 3420 prandium
649 3393 664 3414 ,
695 3352 800 3408 imo
829 3367 959 3408 vero
990 3361 1114 3422 post
1143 3368 1349 3407 emnam
1374 3392 1388 3415 ,
1419 3351 1698 3421 prandium
1727 3352 1922 3420 quippe

338 3461 448 3498 non
480 3455 708 3510 norunt;
732 3446 907 3500 sciunt
934 3446 1073 3501 enim
1104 3461 1338 3515 praisens
1366 3455 1574 3515 tempus
1602 3458 1720 3500 esse
1748 3445 1921 3499 luctus

336 3552 401 3589 ac
423 3536 611 3605 jejunii
647 3555 658 3590 :
693 3547 809 3604 post
834 3551 1040 3591 caenam
1071 3536 1229 3608 igitur
1249 3538 1445 3607 gratias
1474 3537 1580 3591 Deo
1602 3535 1916 3600 referentes,

336 3626 478 3681 hanc
533 3637 830 3682 memorant
880 3644 1089 3683 vocem.
1154 3629 1211 3683 Si
1263 3629 1424 3683 vultis
1473 3637 1651 3682 autem
1706 3627 1916 3681 illorum

335 3717 598 3788 hymnum
643 3717 862 3782 audire,
907 3726 966 3771 ut
1001 3719 1147 3772 illum
1188 3733 1286 3772 vos
1315 3718 1620 3786 frequenter
1643 3718 1876 3771 recitetis
1899 3757 1915 3783 ,

331 3817 506 3862 totum
540 3807 690 3861 vobis
712 3807 940 3862 referam
971 3809 1206 3878 ipsorum
1229 3823 1439 3863 sacrum
1464 3810 1751 3872 canticum,
1773 3808 1914 3876 quod

331 3899 413 3951 sic
457 3897 616 3951 habet
642 3916 656 3951 :
679 3897 974 3951 Benedictus
1007 3899 1171 3962 Deus,
1198 3901 1281 3968 qui
1313 3900 1477 3967 pascis
1503 3915 1582 3952 me
1600 3915 1631 3950 a
1649 3899 1915 3969 juventute

331 4005 444 4041 mea
463 3989 595 4058 ',qui
621 3989 712 4043 das
734 4004 900 4044 escam
925 3991 1061 4042 omni
1082 3991 1222 4044 carni
1245 4006 1262 4044 :
1285 3991 1438 4059 imple
1457 3990 1646 4060 gaudio
1671 3999 1717 4041 et
1739 3989 1913 4042 ltetitia

330 4095 421 4132 cor
445 4089 674 4132 nostrum
692 4121 706 4142 ,
737 4089 792 4133 ut
826 4096 1020 4150 semper
1043 4097 1239 4134 omnem
1265 4081 1608 4150 sufcientiam
1637 4082 1872 4133 habentes
1892 4120 1908 4145 ,

328 4168 645 4222 abundemus
668 4170 720 4224 in
741 4186 888 4225 omne
906 4189 1033 4240 opus
1053 4172 1234 4226 bonum
1254 4174 1307 4227 in
1331 4174 1528 4225 Christo
1547 4171 1671 4224 Jesu
1695 4170 1912 4224 Domino

329 4271 506 4312 nostro
523 4301 537 4324 ,
563 4261 764 4330 quicum
785 4261 872 4314 tibi
894 4263 1079 4332 gloria,
1109 4264 1287 4330 honos,
1314 4263 1579 4332 imperium
1600 4279 1713 4315 cum
1737 4270 1910 4315 sancto

330 4352 532 4419 Spiritu
558 4351 610 4404 in
643 4353 850 4406 saecula.
883 4353 1060 4407 Amen.
1097 4353 1274 4407 Gloria
1302 4354 1392 4406 tibi
1417 4395 1431 4417 ,
1475 4352 1720 4417 Domine,
1746 4352 1910 4422 gloria

330 4445 442 4508 tibi,
472 4455 644 4498 sancte
661 4487 677 4510 ,
703 4446 870 4516 gloria
891 4446 1013 4512 tibi,
1038 4461 1129 4500 rea:
1149 4489 1163 4510 ,
1195 4447 1313 4516 quia
1339 4446 1520 4500 dedisti
1540 4447 1680 4500 nobis
1701 4447 1836 4498 cibos
1854 4445 1910 4498 in

328 4537 580 4590 lwtitiam.
613 4535 779 4607 Imple
818 4553 910 4591 nos
950 4538 1149 4606 Spiritu
1188 4547 1395 4604 sancto,
1433 4551 1485 4591 ut
1521 4539 1836 4592 inueniamur
1856 4539 1909 4591 in

327 4636 599 4694 conspectu
619 4635 705 4680 tuo
726 4626 1052 4696 acceptabiles
1071 4669 1088 4694 ,
1126 4644 1219 4682 nec
1246 4629 1439 4697 pudore
1472 4630 1769 4699 afciantur,
1795 4645 1910 4682 cum

327 4716 510 4768 reddes
529 4717 798 4785 unicuique
811 4718 1086 4772 secundum
1112 4735 1266 4789 opera
1287 4736 1401 4772 sua.
1443 4719 1539 4774 Hic
1571 4719 1800 4791 hymnus
1828 4730 1908 4774 to-

329 4815 416 4860 tus
435 4804 775 4862 admirationi
812 4823 932 4864 esse
971 4810 1150 4874 debet,
1194 4812 1424 4865 maxime
1461 4827 1589 4867 vero
1620 4812 1740 4867 finis
1767 4813 1906 4882 ejus.

325 4898 460 4965 Quia
491 4901 634 4954 enim
668 4917 852 4956 mensa
872 4914 924 4956 et
941 4904 1094 4958 cibus
1123 4903 1322 4958 effusos
1345 4904 1514 4958 reddit
1541 4914 1596 4958 et
1619 4914 1870 4976 aggravat
1888 4947 1904 4971 ,

327 4991 431 5046 hoc
471 4992 672 5046 dictum
705 4993 854 5060 quasi
887 4992 1094 5048 frenum
1126 4995 1392 5064 quoddam
1423 4996 1616 5048 anisz
1645 5009 1908 5064 apposue

323 5086 447 5128 runt
476 5076 578 5130 hoc
607 5075 808 5129 lzctitizn
839 5087 1077 5145 tempore
1099 5118 1112 5138 .
1158 5092 1280 5132 cum
1318 5078 1506 5146 judicii
1535 5077 1676 5132 diem
1709 5079 1760 5132 in
1790 5093 1905 5133 me-

325 5168 551 5220 snoriam
583 5177 854 5222 revocant.
889 5168 1196 5222 Didicerunt
1236 5170 1377 5224 enim
1419 5170 1562 5239 quod
1607 5185 1795 5240 passus
1824 5179 1906 5224 est

327 5257 485 5312 Israel
517 5269 639 5327 post
669 5258 864 5311 lautam
899 5275 1136 5313 mensam
1164 5279 1176 5314 :
1209 5261 1432 5314 (Joniedit
1469 5264 1650 5326 enim,
1699 5263 1902 5332 inquit,

323 5357 368 5401 et
389 5349 700 5401 incrussatus
719 5357 815 5412 est,
839 5359 884 5401 et
903 5349 1233 5403 recalcitratvit
1253 5351 1465 5404 dilectus
1483 5351 1658 5422 (Deut.
1679 5354 1764 5406 52.
1792 5354 1903 5423 15).

325 5437 526 5494 Idcirco
562 5438 701 5493 dixit
731 5437 974 5508 Moyses:
1007 5437 1132 5493 Cum
1168 5441 1546 5496 manducaveris
1570 5453 1613 5496 et
1640 5444 1818 5496 biberis
1860 5454 1905 5496 et

317 5538 591 5583 saturatas
604 5529 791 5600 fueris,
816 5541 1057 5583 memento
1078 5529 1284 5584 Domini
1303 5530 1400 5585 Dei
1422 5543 1493 5586 tut
1519 5534 1692 5605 (Deut.
1719 5539 1770 5590 6.
1793 5536 1900 5606 ii).

429 5708 582 5772 L'nus,
605 5713 693 5774 qui
712 5711 872 5773 pascis
894 5723 978 5761 nos
997 5725 1027 5759 a
1039 5715 1288 5772 juventute
1309 5719 1490 5764 nostra.

1525 291 1925 354 MATTIUEUM
1965 293 2198 355 HOMIL.
2239 301 2351 360 LV.
2390 304 2464 362 al.
2506 306 2632 365 LVI.

2078 411 2207 469 Post
2248 432 2488 475 mensam
2531 422 2676 478 enim
2725 422 3053 495 iniquissima
3098 428 3214 485 ausi
3259 429 3487 488 fuerant.
3512 435 3658 492 Cave

2075 505 2237 577 igitur
2261 515 2423 567 etiam
2457 521 2511 567 tu
2541 531 2610 571 ne
2633 517 2810 572 simile
2835 519 2961 588 quid
2988 522 3227 590 patiaris.
3261 523 3482 580 Etiamsi
3511 528 3654 584 enim

2075 613 2175 652 nec
2206 601 2398 670 lapidi,
2447 619 2544 659 nec
2576 621 2708 660 auro
2751 622 2882 664 oves
2927 621 2982 665 et
3023 611 3220 668 vitulos
3265 615 3654 684 immolaveris,

2074 703 2204 745 cave
2230 708 2298 747 ne
2323 693 2416 748 ira:
2450 695 2694 752 immoles
2728 701 2959 756 animam
3002 711 3168 769 tuam,
3205 723 3278 761 ne
3314 706 3653 764 fornicationi

2072 781 2320 839 immoles
2363 787 2586 842 salutem
2635 799 2776 844 tuam
2802 833 2818 855 ,
2858 810 2992 850 neve
3029 796 3148 852 aliis
3195 799 3460 854 similibus
3487 801 3651 856 animi

2072 876 2292 930 morbis.
2328 877 2438 934 Hac
2458 881 2599 935 enim
2629 883 2791 937 etiam
2819 885 2887 940 de
2916 900 3076 942 causa
3106 890 3350 944 monachi
3380 891 3493 947 haec
3516 907 3652 962 prae-

2069 965 2248 1033 cipitia
2298 978 2626 1036 metuentes,
2694 983 2973 1042 postquam
3027 992 3248 1042 mensa,
3308 981 3415 1035 imo
3474 984 3648 1052 potius

2064 1052 2272 1123 jejunio
2333 1060 2412 1112 usi
2465 1072 2590 1114 sunt
2639 1060 2796 1133 (nam
2855 1080 3038 1119 mensa
3094 1067 3325 1135 ipsorum
3383 1070 3644 1140 jejunium

2065 1149 2211 1215 cst),
2260 1151 2521 1204 tremendi
2559 1151 2742 1218 judicii
2781 1169 2845 1207 ac
2887 1154 2989 1208 diei
3031 1155 3170 1210 illius
3214 1162 3526 1215 memoriam
3558 1142 3645 1217 re-

2066 1247 2274 1292 vocant.
2321 1238 2374 1293 Si
2413 1251 2590 1295 autem
2626 1242 2737 1308 illi,
2776 1244 2866 1313 qui
2911 1244 3532 1315 jejuniia,cbameuniis,
3565 1253 3643 1307 vi-

2062 1327 2223 1396 giliis,
2255 1344 2411 1384 sacco
2439 1340 2495 1384 et
2523 1332 2816 1387 innumeris
2855 1335 2974 1390 aliis
3016 1350 3139 1390 sese
3187 1349 3494 1403 macerant,
3538 1342 3637 1396 hac

2064 1426 2240 1472 tamen
2284 1421 2652 1478 admonitione
2679 1423 2917 1494 indigent
2941 1443 2953 1478 :
2985 1427 3197 1495 quando
3223 1430 3512 1497 poterimus
3540 1446 3639 1487 nos

2061 1509 2334 1565 moderate
2358 1511 2537 1568 vivere
2559 1553 2575 1579 ,
2605 1514 2693 1582 qui
2724 1529 2937 1569 mensas
2960 1531 3283 1585 apparamus
3321 1519 3465 1574 mille
3503 1537 3637 1576 nau-

2059 1595 2237 1667 fragiis
2267 1611 2488 1656 onustas
2508 1643 2524 1667 ,
2557 1619 2730 1672 neque
2756 1605 2978 1660 omnino
2999 1623 3278 1676 precamur
3301 1610 3386 1664 vel
3413 1612 3463 1665 in
3493 1615 3637 1682 priu-

2057 1689 2196 1759 cipio
2232 1691 2315 1745 vel
2356 1693 2408 1747 in
2458 1693 2604 1750 fine?
2644 1696 2848 1752 Idcirco
2875 1708 2932 1752 ut
2961 1701 3233 1770 naufragia
3263 1701 3350 1756 illa
3371 1703 3635 1760 dissolva-

2056 1795 2214 1848 mus,
2256 1783 2510 1853 hymnum
2565 1788 2711 1842 illum
2761 1790 2812 1843 in
2860 1791 3092 1845 medium
3129 1793 3486 1860 adducentes.
3537 1814 3634 1854 ex-

2055 1874 2310 1943 plicemus
2347 1878 2545 1944 omnia,
2569 1889 2627 1933 ut
2665 1881 2788 1950 quid
2817 1882 2949 1936 lucri
2973 1886 3274 1940 commodet
3300 1889 3632 1945 animadver-

2054 1974 2262 2034 tentes,
2313 1971 2616 2040 frequenter
2645 1973 2794 2028 illum
2843 1973 2896 2028 in
2943 1990 3128 2030 mensa
3176 1992 3465 2044 canamus,
3501 1997 3629 2036 vcn-

2052 2057 2252 2127 trisque
2296 2059 2524 2115 insultas
2563 2062 2919 2131 reprimamus
2939 2104 2955 2129 ,
2981 2075 3140 2135 atque
3167 2081 3346 2124 mores
3375 2070 3626 2141 legesque

2047 2151 2354 2219 angelorum
2385 2153 2592 2208 illorum
2621 2155 2671 2208 in
2703 2155 2893 2210 domos
2923 2169 3136 2214 nostras
3165 2159 3497 2218 inducamus.
3523 2165 3626 2220 Par

2045 2251 2190 2296 certe
2233 2241 2452 2306 fuisset,
2485 2253 2541 2298 ut
2567 2245 2655 2299 illo
2686 2260 2781 2300 vos
2816 2248 3154 2303 conferentes
3185 2250 3322 2304 hunc
3353 2253 3622 2310 referretis

2045 2331 2302 2387 fructum:
2323 2333 2415 2389 sed
2441 2336 2563 2405 quia
2594 2336 2642 2390 id
2670 2353 2773 2392 non
2796 2339 2976 2402 vultis,
2997 2341 3170 2394 verbis
3201 2342 3388 2396 saltem
3425 2348 3622 2401 nostris

2042 2425 2178 2482 hanc
2193 2428 2519 2497 spiritualem
2535 2430 2816 2485 melodiam
2832 2431 3031 2497 audite,
3046 2448 3108 2487 ac
3129 2434 3320 2504 singuli
3336 2445 3451 2503 post
3468 2451 3618 2502 men-

2039 2533 2153 2573 sam
2205 2519 2317 2574 baec
2352 2521 2512 2575 verba
2540 2522 2808 2588 referant,
2840 2525 2918 2578 sic
2945 2525 3052 2578 orsi
3081 2543 3093 2578 :
3121 2524 3424 2581 Benedictus
3453 2527 3613 2584 Deus.

2040 2608 2399 2678 Apostolicam
2423 2611 2618 2680 quippe
2637 2612 2803 2680 legem
2827 2613 3004 2667 statim
3029 2615 3360 2685 implentqua
3379 2617 3614 2683 jubetur:

2039 2697 2399 2769 Quodcumque
2428 2701 2707 2754 fecerimus
2733 2703 2784 2754 in
2817 2703 2962 2756 verba
3027 2713 3076 2756 et
3112 2721 3289 2775 opere,
3334 2707 3387 2760 in
3415 2709 3616 2762 nomine

2037 2786 2242 2842 Domini
2276 2791 2432 2842 nostri
2469 2790 2595 2843 Jesu
2635 2790 2822 2844 Christi
2865 2792 3144 2862 faciamus,
3181 2795 3372 2865 gratias
3401 2808 3607 2868 agentes

2034 2873 2142 2929 Deo
2188 2886 2234 2930 et
2279 2876 2428 2931 Patri
2472 2895 2562 2946 per
2607 2880 2773 2948 ipsum
2822 2878 3037 2950 (Coloss.
3077 2881 3132 2936 5.
3175 2883 3290 2952 i7).
3322 2885 3520 2940 Deinde
3551 2898 3609 2940 ut

2029 2967 2316 3036 gratiarum
2363 2969 2504 3023 actio
2547 2984 2652 3023 non
2702 2984 2796 3038 pro
2839 2971 2930 3025 illo
2971 2971 3088 3025 solo
3128 2971 3219 3028 die
3257 2974 3358 3040 sit,
3390 2977 3482 3030 sed
3514 2993 3609 3046 pro

2031 3067 2141 3114 tota
2168 3061 2270 3114 vita
2293 3100 2309 3127 ,
2339 3061 2531 3115 dicitur
2555 3078 2569 3113 :
2599 3060 2700 3127 Qui
2723 3061 2887 3130 pascis
2911 3078 2988 3114 me
3007 3078 3038 3114 a
3049 3063 3310 3134 juventute
3330 3082 3459 3118 mea.
3484 3065 3608 3123 llaac

2028 3167 2241 3223 quoque
2266 3153 2506 3208 doctrina
2539 3154 2904 3224 philosophica
2932 3167 3032 3210 est.
3057 3156 3165 3210 Deo
3188 3158 3384 3226 quippe
3407 3159 3602 3226 alente,

2027 3262 2134 3301 non
2184 3249 2471 3302 sollicitmn
2517 3265 2636 3304 esse
2683 3259 2913 3318 Oportet.
2963 3251 3094 3306 Nam
3126 3253 3172 3307 si
3199 3269 3325 3324 rege
3353 3255 3446 3310 tibi
3479 3272 3604 3324 pro-

2026 3339 2310 3403 mittente,
2344 3354 2402 3392 se
2444 3339 2536 3394 tibi
2580 3341 2944 3409 quotidianum
2984 3341 3160 3396 cibum
3209 3358 3274 3396 ex
3323 3359 3416 3398 sua
3462 3361 3600 3414 penu

2024 3429 2476 3500 suppeditaturum
2498 3445 2634 3495 csse,
2658 3432 2960 3486 conlideres
2981 3434 3192 3504 utique:
3216 3437 3384 3491 multo
3409 3439 3600 3505 magis,

2024 3521 2068 3574 si
2094 3520 2235 3574 Deus
2257 3526 2492 3589 prtebeat
2516 3562 2532 3587 ,
2560 3531 2613 3574 et
2639 3522 2816 3575 omnia
2847 3521 2938 3578 tibi
2965 3524 3113 3593 quasi
3143 3539 3207 3578 ex
3240 3524 3386 3580 fonte
3412 3525 3596 3594 uant,

2021 3610 2165 3665 omni
2209 3609 2572 3665 sollicitudine
2611 3626 2832 3665 vacuum
2877 3627 2999 3668 esse
3042 3623 3274 3682 oportet.
3308 3615 3430 3670 ldeo
3457 3620 3599 3672 enim

2022 3699 2136 3754 haec
2160 3700 2362 3762 dicunt,
2390 3711 2446 3753 ut
2469 3711 2523 3754 et
2549 3701 2756 3769 seipsos
2783 3709 2837 3754 et
2861 3701 3150 3771 discipulos
3176 3703 3240 3757 ad
3268 3721 3482 3759 onmem
3506 3721 3601 3760 cn-

2021 3807 2136 3847 ram
2161 3799 2218 3846 et
2249 3791 2663 3846 sollicitudinem
2706 3793 3006 3861 ponendam
3052 3794 3322 3848 inducant.
3366 3796 3594 3863 Deinde,

2019 3897 2087 3936 ne
2115 3892 2297 3950 putes,
2350 3882 2493 3950 ipsos
2539 3896 2635 3948 pro
2664 3896 2722 3936 se
2751 3891 2953 3935 tantum
3002 3883 3139 3936 hanc
3173 3885 3462 3953 gratiarum
3503 3903 3597 3942 ac-

2019 3976 2216 4027 tionem
2244 3972 2463 4034 referre,
2487 3972 2833 4041 subjungunt,
2862 3973 2961 4037 Qui
2981 3974 3067 4026 dat
3088 3992 3252 4029 eseam
3275 3979 3412 4031 onmi
3430 3982 3593 4047 carni,

2018 4079 2113 4134 pro
2137 4073 2248 4118 toto
2272 4064 2402 4119 orbe
2433 4064 2529 4132 ipsi
2557 4065 2754 4133 gratias
2781 4074 3034 4132 agentes;
3063 4075 3114 4120 et
3139 4068 3288 4135 quasi
3311 4070 3456 4125 orbis
3481 4073 3596 4126 uni-

2015 4156 2156 4210 versi
2183 4165 2392 4224 patres,
2423 4156 2502 4209 sic
2525 4171 2619 4223 pro
2649 4156 2898 4209 omnibus
2930 4156 3114 4212 laudes
3143 4159 3415 4228 referunt,
3443 4172 3496 4218 et
3527 4165 3594 4219 ad

2015 4264 2194 4304 veram
2222 4263 2341 4303 sese
2381 4249 2764 4302 fraternitatem
2818 4248 3056 4303 incitant.
3089 4249 3271 4320 Neque
3295 4253 3434 4307 enim
3467 4270 3594 4323 pos-

2013 4348 2138 4394 sunt
2158 4340 2276 4394 illos
2295 4340 2491 4403 odisse,
2523 4354 2617 4408 pro
2638 4339 2829 4408 quibus
2857 4339 2924 4394 de
2949 4341 3292 4409 suppeditato
3320 4344 3448 4412 ipsis
3471 4347 3593 4400 ciho

2015 4429 2127 4484 Deo
2153 4429 2350 4500 gratias
2376 4439 2558 4498 agunt.
2592 4429 2778 4482 Viden
2799 4438 2855 4482 et
2885 4431 3159 4485 caritatem
3184 4447 3278 4500 per
3300 4437 3588 4502 gratiarum

2014 4521 2276 4574 actionem
2309 4519 2614 4582 inductam,
2657 4533 2776 4586 quae
2821 4520 3130 4574 saecularem
3179 4521 3594 4580 sollicitudinem

2013 4611 2194 4678 ejicit,
2241 4618 2349 4663 tum
2391 4625 2454 4663 ex
2487 4609 2550 4662 iis
2575 4624 2692 4677 quae
2737 4609 3078 4676 prmeedunt,
3123 4619 3232 4662 tum
3276 4627 3346 4664 ex
3379 4611 3460 4666 his
3484 4613 3592 4680 jam

2012 4703 2204 4757 dictis?
2229 4701 2283 4756 Si
2312 4702 2452 4756 enim
2482 4700 2572 4754 dat
2598 4715 2775 4755 escam
2805 4701 2948 4753 omni
2980 4699 3164 4765 carni,
3213 4702 3382 4755 multo
3426 4705 3594 4774 magis

2013 4793 2078 4848 iis
2099 4795 2186 4863 qui
2214 4793 2311 4861 ipsi
2352 4791 2545 4846 addicti
2574 4799 2734 4854 sunt;
2766 4805 2888 4843 nam
2921 4790 2962 4842 si
2991 4805 3106 4854 eos,
3129 4791 3218 4859 qui
3249 4792 3594 4848 saecularibus

2013 4883 2158 4937 curis
2187 4889 2312 4936 sunt
2342 4881 2597 4945 involuti;
2651 4880 2817 4933 multo
2857 4881 3025 4949 magis
3072 4895 3186 4945 eos,
3227 4882 3314 4950 qui
3345 4883 3409 4936 iis
3441 4887 3591 4939 vacui

2013 4985 2169 5036 sunt.
2203 4975 2385 5027 nutrit.
2420 4972 2532 5027 Hoc
2555 4981 2608 5024 et
2633 4969 2876 5025 Christus
2907 4973 3232 5025 contirmans
3260 4973 3427 5028 dicit:
3458 4973 3590 5039 Quot

2015 5065 2297 5134 passeribus
2341 5063 2569 5116 meliores
2608 5062 2723 5115 estis
2766 5078 2850 5114 vos
2882 5060 3032 5131 (Luc.
3067 5062 3154 5115 12.
3189 5062 3270 5132 7)?
3298 5062 3390 5116 llis
3419 5066 3594 5120 verbis

2012 5157 2166 5213 docet
2197 5171 2302 5210 non
2339 5169 2457 5208 esse
2494 5153 2760 5208 lidendum
2800 5152 3000 5206 divitiis
3025 5162 3078 5205 et
3105 5161 3261 5207 terra:
3291 5162 3348 5206 et
3376 5156 3593 5208 semini-

2013 5249 2132 5302 bus.
2164 5247 2277 5300 Non
2320 5247 2460 5299 enim
2507 5246 2619 5298 hrec
2651 5253 2774 5298 sunt
2801 5260 2919 5313 quae
2951 5244 3223 5305 nutriunt,
3251 5245 3344 5297 sed
3375 5245 3590 5298 verbum

2017 5339 2128 5394 Dei.
2168 5338 2261 5392 llis
2281 5337 2439 5390 etiam
2474 5335 2797 5389 Manichacus
2828 5334 3109 5388 retrudunt
3131 5373 3145 5395 ,
3189 5343 3242 5386 et
3274 5333 3591 5389 Valentinia-

2013 5449 2131 5498 nos,
2164 5445 2362 5499 eosque
2389 5429 2477 5497 qui
2517 5442 2639 5481 com
2680 5427 2785 5479 illis
2816 5425 3070 5478 sentiunt.
3106 5423 3220 5477 Non
3249 5423 3390 5477 enim
3422 5437 3593 5494 potest

2016 5523 2100 5575 hic
2131 5522 2302 5574 malus
2345 5531 2465 5571 esse
2513 5518 2685 5578 Deus,
2729 5516 2815 5583 qui
2858 5514 3141 5571 omnibus,
3189 5513 3348 5566 etiam
3387 5530 3445 5568 se
3487 5515 3593 5569 bla-

2014 5611 2440 5682 Sphemantibus,
2472 5609 2608 5662 bona
2641 5623 2732 5660 sua
2759 5605 2970 5659 confert
3024 5605 3222 5658 Deinde
3245 5605 3479 5674 sequitur
3501 5621 3597 5675 pc-

2015 5706 2132 5762 titio
2200 5703 2359 5774 Ileple
2387 5701 2573 5772 gaudio
2595 5709 2638 5754 et
2661 5700 2837 5755 lwtitia
2859 5698 3017 5752 corda
3037 5708 3228 5752 nostra.
3255 5698 3371 5767 Quo
3401 5693 3595 5766 gaudio
