4028 6152
398 309 499 366 547
1174 299 1232 356 S.
1274 296 1550 355 JUANNIS
1587 291 2057 350 CHRYSOSTOMI
2100 292 2413 349 ARCIIIEP.
2453 294 2989 354 CONSTANTINOP.
3559 301 3667 356 548

378 424 556 480 'dieit?
584 437 707 477 num
735 417 1012 476 saaculari?
1037 415 1219 470 Absit!
1252 414 1425 484 neque
1454 412 1595 467 enim
1618 410 1664 465 si
1694 408 1825 463 illud
1857 408 1969 464 vel-

397 519 507 572 lent
527 559 539 577 .
566 515 845 570 cacumina
873 510 1130 565 montium
1156 515 1208 561 et
1231 506 1443 561 deserta
1470 509 1854 572 occupassent,
1885 515 1979 555 ne-

395 627 497 681 que
520 624 676 666 sacco
698 613 880 661 essent
910 603 1117 667 induti;
1167 599 1261 654 sed
1302 597 1433 652 illud
1470 595 1722 666 gaudium
1755 593 1974 655 dicunt,

326 719 347 737 ν
394 704 536 773 quod
558 716 677 755 cum
712 696 959 766 prtesenti
991 693 1098 747 vita
1130 690 1262 745 nihil
1289 703 1574 744 commune
1608 686 1803 751 habet,
1844 699 1977 754 gau-

395 798 538 849 dium
587 793 895 861 angelorum
945 796 1001 842 et
1044 799 1373 854 supernum;
1422 797 1521 836 nec
1568 779 1882 848 simpliciter
1926 776 1977 831 id

399 886 699 957 postulant,
748 882 842 935 sed
884 878 1239 935 abundantius
1268 884 1563 944 expetunt;
1610 888 1713 927 non
1753 872 1975 937 dicuntv,

399 978 472 1031 lla
490 1020 503 1042 ,
534 977 648 1040 scd,
682 972 842 1042 Reple
861 1014 875 1034 ,
905 987 1005 1025 nec
1035 970 1251 1035 dicunt,
1279 968 1384 1022 Nos
1406 1008 1420 1031 ,
1449 966 1565 1030 sed,
1590 965 1753 1018 Corda
1774 974 1979 1016 nostra:

394 1070 496 1123 hoc
543 1070 684 1123 enim
731 1068 961 1118 maxime
1011 1061 1259 1131 gaudium
1309 1059 1538 1113 cordis:
1584 1056 1806 1110 Fructus
1843 1058 1976 1108 enim

397 1164 651 1233 Spiritus,
698 1160 914 1223 caritas,
959 1155 1223 1227 gaudium,
1257 1168 1358 1221 pax
1403 1150 1550 1221 (Gal.
1582 1151 1632 1205 5.
1676 1149 1791 1219 22).
1842 1147 1977 1214 Quia

396 1257 537 1310 enim
580 1260 858 1321 peccatum
905 1247 1169 1300 tristitiam
1212 1242 1454 1307 induxit,
1498 1248 1779 1310 precantur
1802 1249 1859 1292 ut
1887 1252 1980 1306 per

396 1343 648 1413 gaudium
697 1339 896 1409 justitia
933 1337 982 1390 in
1013 1336 1141 1405 ipsis
1167 1334 1466 1387 inseratur:
1494 1346 1666 1400 neque
1696 1330 1836 1384 enim
1876 1329 1981 1382 alio

398 1434 557 1488 modo
580 1430 825 1501 gaudium
850 1430 900 1481 in
931 1427 1033 1480 illis
1063 1430 1426 1495 generaretur.
1459 1420 1527 1475 Ut
1564 1436 1758 1490 semper
1783 1433 1980 1471 onmem

398 1525 744 1596 sufficientiam
780 1521 1011 1574 habentes
1035 1516 1344 1569 abundemus
1367 1514 1419 1567 in
1440 1528 1586 1566 omne
1616 1527 1745 1580 opus
1774 1512 1977 1563 bonum.

404 1618 538 1671 \‘ide
595 1614 956 1684 evangelicum
1006 1609 1137 1664 illud
1183 1608 1384 1662 dictum
1437 1604 1751 1673 impletum:
1786 1600 1982 1654 Panem

395 1730 630 1777 nostrum
646 1713 1011 1786 quotidianum
1027 1710 1096 1760 da
1118 1706 1263 1760 nobis
1285 1703 1435 1757 hodie
1451 1700 1603 1770 (Luc.
1624 1698 1682 1752 ‘ll
1698 1692 1967 1765 .5).t2uius

396 1808 784 1884 postulationis
806 1802 1058 1856 eﬁ'ectum
1087 1805 1310 1867 propter
1336 1791 1637 1862 spiritualia
1671 1792 1964 1884 quaet-unt}

401 1870 467 1957 Ut
493 1897 836 1957 abundemus,
864 1891 1133 1959 inquiunt,
1156 1887 1209 1939 in
1228 1893 1375 1936 autne
1397 1897 1524 1948 opus
1538 1879 1747 1931 bonum.
1767 1872 1875 1927 Nec
1891 1870 1972 1924 di-

396 2001 548 2055 cunt,
575 1989 642 2044 Ut
677 1986 943 2040 iaciamus
969 1980 1143 2033 solum
1172 1974 1317 2045 quod
1340 1974 1601 2028 debemus
1627 1987 1640 2034 ;
1680 1967 1773 2022 sed
1802 1965 1968 2018 etiam

398 2053 543 2154 plus,
561 2094 722 2150 quam
740 2080 1005 2145 praecepta
1030 2069 1344 2128 continent;
1370 2064 1421 2116 id
1449 2061 1593 2115 enim
1620 2054 1892 2125 signiﬁcat
1912 2053 1973 2106 il-

399 2145 490 2227 lud
504 2216 516 2237 ,
530 2145 946 2222 ut'abundemus.
960 2158 1026 2211 Et
1038 2174 1065 2211 a
1078 2157 1187 2211 Deo
1199 2155 1415 2224 quidem
1431 2145 1807 2204 sullicientiam
1827 2157 1973 2211 quaa-

398 2262 521 2308 runt
547 2254 596 2307 in
629 2250 947 2306 necessariis
974 2266 986 2302 :
1017 2248 1117 2316 ipsi
1140 2261 1269 2301 vero
1299 2246 1483 2298 nolunt
1507 2258 1628 2297 cum
1656 2240 1972 2295 sufﬁcientia

398 2352 603 2398 tantum
636 2342 888 2407 obedire,
938 2339 1034 2395 sed
1078 2334 1575 2406 superabundauter
1615 2333 1668 2386 in
1706 2329 1979 2384 omnibus.

402 2436 515 2490 lloc
556 2444 638 2491 est
669 2426 804 2505 frugi
849 2446 1146 2495 servorum,
1194 2430 1293 2482 hoc
1336 2425 1775 2497 philosophorum
1807 2421 1981 2475 homi-

399 2544 525 2585 num
553 2568 566 2588 .
602 2540 815 2594 semper
858 2533 913 2576 et
957 2521 1010 2574 in
1051 2518 1299 2573 omnibus
1342 2514 1639 2569 abundare.
1684 2510 1887 2565 Deinde
1925 2517 1982 2562 ut

399 2620 762 2678 inﬁrmitatem
804 2630 955 2669 suam
983 2618 1437 2672 commemorent,
1469 2607 1841 2673 fateanturque
1868 2603 1983 2657 sine

395 2724 630 2780 superno
656 2717 787 2761 nutu
821 2704 955 2759 nihil
985 2718 1042 2757 se
1073 2716 1232 2773 posse
1263 2710 1541 2754 strenuum
1581 2697 1755 2751 facere
1776 2737 1791 2759 ,
1829 2703 1979 2763 post-

392 2817 552 2871 quam
580 2799 863 2861 dixerunt,
899 2794 967 2849 Ut
995 2793 1303 2847 abundemus
1346 2790 1397 2841 in
1438 2804 1584 2842 autne
1608 2803 1735 2855 opus
1778 2786 1980 2849 bonum,

400 2891 725 2958 subjiciunt,
775 2886 841 2940 In
886 2885 1087 2941 Christo
1126 2883 1251 2937 Jesu
1306 2879 1525 2934 Domino
1564 2890 1733 2932 nostra
1781 2879 1981 2946 quicum

401 2986 489 3038 tibi
513 2984 696 3054 gloria,
729 2983 909 3043 honor,
950 2978 1214 3048 imperium
1251 2977 1305 3028 in
1340 2973 1542 3026 sarcula.
1584 2972 1761 3023 Amen.
1794 2970 1981 3022 Parem

398 3075 660 3148 principio
691 3073 850 3127 ﬁnem
883 3086 974 3141 per
1005 3069 1296 3139 gratiarum
1323 3065 1587 3119 actionem
1620 3071 1821 3116 texunt.

468 3168 522 3223 6.
553 3166 741 3220 Postea
760 3178 890 3216 vero
920 3160 1164 3214 videntur
1204 3157 1353 3226 quasi
1379 3170 1406 3208 a
1432 3153 1692 3224 principio
1716 3152 1976 3220 incipere,

396 3270 447 3313 ct
493 3256 738 3311 eumdem
768 3267 1069 3308 sermonem
1102 3250 1414 3304 continuant
1450 3255 1548 3300 :ut
1592 3254 1646 3298 et
1690 3244 1884 3298 Paulus
1931 3245 1983 3297 iu

397 3346 658 3419 principio
690 3344 939 3412 Epistulae
966 3342 1115 3411 quasi
1158 3342 1208 3394 in
1258 3338 1699 3409 gloriﬁcationem
1734 3335 1984 3389 desinens

397 3441 468 3493 ait
500 3436 826 3494 :Secundum
852 3431 1155 3487 voluntatem
1182 3430 1277 3483 Dei
1321 3438 1366 3482 et
1399 3428 1589 3491 Patris,
1631 3426 1712 3478 cui
1735 3425 1898 3494 gloria
1931 3425 1985 3476 in

397 3531 601 3590 uacula,
633 3544 777 3579 amen
808 3527 827 3595 (
852 3524 969 3579 Gal.
995 3526 1046 3578 1.
1071 3525 1125 3578 4.
1155 3521 1224 3593 5)
1252 3539 1265 3575 :
1288 3536 1351 3575 ac
1379 3535 1563 3575 rursus
1582 3519 1723 3588 quod
1746 3524 1982 3571 tractan-

397 3620 523 3673 dum
556 3618 797 3685 suscipit,
828 3620 1196 3683 argumentum
1224 3610 1464 3664 resumit.
1512 3609 1579 3662 Et
1606 3608 1727 3661 alibi
1756 3620 1940 3662 rursus
1966 3623 1981 3659 :

396 3709 669 3765 Coluerunt
701 3718 749 3761 et
776 3706 1048 3759 servierunt
1095 3713 1339 3756 creatura:
1368 3701 1531 3769 potius
1558 3715 1709 3768 quam
1737 3696 1980 3763 Creatori,

395 3802 481 3872 qui
509 3810 578 3854 est
614 3799 896 3853 benedictus
943 3796 998 3850 in
1047 3796 1252 3850 sertula.
1286 3792 1442 3846 Amen
1473 3793 1661 3863 (Rom.
1718 3793 1769 3844 1.
1824 3788 1935 3861 25)
1965 3807 1980 3843 :

397 3908 503 3947 non
534 3891 765 3945 absolvit
792 3902 1117 3951 sermonem,
1150 3885 1241 3938 sed
1273 3884 1459 3953 pergit.
1492 3882 1569 3937 Ne
1591 3883 1747 3952 igitur
1768 3882 1864 3936 hos
1890 3895 1985 3934 an-

394 3985 540 4055 gelos
569 3986 891 4046 incuscmus,
927 3979 1077 4049 quasi
1107 3977 1405 4031 inordinate
1430 3975 1641 4039 faciant,
1671 3974 1809 4044 quod
1832 3983 1980 4044 past-

396 4092 554 4145 quam
588 4076 643 4127 in
673 4074 1109 4139 gloriﬁcationem
1157 4071 1423 4123 desierunt
1450 4110 1465 4133 ,
1494 4081 1679 4122 rursus
1728 4067 1979 4137 hymnum

396 4180 605 4218 sacrum
635 4163 911 4229 incipiant.
944 4161 1272 4229 Apostolicas
1296 4160 1438 4212 enim
1484 4165 1777 4226 sequuntur
1814 4158 1976 4225 leges,

396 4270 518 4308 cum
545 4270 572 4306 a
604 4251 988 4322 gloriﬁcatione
1028 4251 1323 4317 incipiunt,
1355 4258 1408 4302 et
1436 4249 1487 4301 in
1520 4249 1663 4300 illam
1689 4248 1939 4301 desinunt
1961 4287 1978 4313 ,

398 4356 687 4415 posteaque
728 4357 913 4395 rursus
955 4341 1320 4395 exordiuntur.
1378 4339 1710 4407 QuaprOpter
1755 4338 1976 4394 dicunt:

396 4436 572 4489 (iloria
594 4435 699 4499 tibi,
730 4432 975 4493 Domine,
1011 4432 1173 4500 gloria
1196 4431 1304 4494 tibi,
1325 4439 1513 4491 sancte,
1545 4429 1705 4497 gloria
1734 4429 1839 4488 tibi,
1867 4445 1976 4493 rex,

395 4527 514 4595 quia
540 4525 719 4578 dedisti
749 4523 891 4576 nobis
915 4522 1049 4575 cibos
1075 4522 1127 4574 in
1156 4521 1399 4574 laetitiam.
1431 4518 1545 4573 Non
1576 4519 1718 4573 enim
1745 4533 1843 4588 pro
1868 4533 1980 4572 ma-

395 4619 512 4686 guis
557 4627 782 4683 tantum,
814 4615 907 4669 sed
938 4622 992 4667 et
1021 4628 1116 4682 pro
1148 4612 1378 4666 minimis
1407 4612 1600 4682 gratias
1643 4626 1800 4681 agere
1828 4627 1979 4681 opor-

396 4718 487 4763 tul.
544 4708 751 4763 Gratias
780 4718 954 4761 autem
996 4720 1092 4776 pro
1140 4705 1221 4758 his
1256 4715 1449 4774 agunt,
1478 4713 1535 4756 ut
1566 4703 1973 4757 Manichaeorum

395 4798 639 4852 haeresim
668 4796 1027 4867 pudefaciant,
1065 4805 1118 4849 et
1148 4810 1333 4847 omnes
1363 4804 1619 4863 quotquot
1658 4803 1972 4863 praesentem

390 4893 547 4944 vitam
578 4906 696 4944 esse
735 4889 923 4942 malam
953 4888 1152 4941 dicunt.
1188 4885 1264 4939 Ne
1296 4896 1448 4954 putes
1474 4887 1615 4938 enim
1646 4899 1761 4949 eos,
1791 4886 1878 4953 qui
1906 4885 1972 4939 ad

388 4999 646 5035 summam
673 4980 1059 5049 philosophiam
1087 4994 1143 5031 se
1168 4989 1419 5030 exercent
1444 4985 1498 5030 et
1524 4986 1762 5030 ventrem
1792 4976 1970 5045 despi-

389 5076 554 5134 ciunt,
585 5086 733 5123 escas
778 5069 1101 5133 abominari,
1127 5078 1181 5120 ut
1212 5069 1243 5120 ii
1276 5067 1362 5136 qui
1396 5082 1453 5120 se
1485 5066 1762 5131 suffocant,
1795 5067 1972 5120 verbis

385 5162 711 5232 supplicibus
730 5160 819 5212 tibi
838 5158 1080 5221 suadent,
1101 5174 1158 5210 se
1178 5175 1278 5210 non
1304 5157 1422 5210 ideo
1442 5172 1469 5209 a
1488 5158 1665 5210 multis
1682 5157 1967 5220 abstinere,

386 5255 522 5324 quod
557 5254 749 5307 multas
780 5251 869 5304 Uci
891 5262 1161 5303 creaturas
1187 5250 1536 5313 detestentur,
1559 5248 1651 5301 sed
1682 5249 1820 5317 quod
1854 5249 1971 5317 phi-

386 5346 679 5413 losophiam
712 5350 1014 5396 exerceant.
1063 5340 1130 5395 Et
1153 5342 1513 5393 animadverte
1560 5340 1823 5409 quomodo
1852 5347 1971 5408 post

385 5437 671 5505 gratiarum
697 5435 959 5489 actionem
996 5449 1091 5502 pio
1119 5433 1326 5487 collatis
1356 5431 1490 5485 cibis
1518 5432 1715 5499 majora
1765 5440 1964 5500 petant,

389 5543 484 5582 nec
512 5528 561 5580 in
590 5528 934 5580 smcularibus
966 5536 1224 5595 perstent,
1253 5523 1343 5579 sed
1389 5539 1543 5591 supra
1577 5524 1739 5578 cados
1774 5539 1964 5577 ascen-

388 5622 532 5683 dant,
552 5619 830 5689 dicantquc
856 5639 867 5673 :
903 5618 1064 5687 Imple
1085 5635 1173 5671 nos
1198 5616 1393 5687 Spiritu
1414 5626 1584 5669 sancto
1622 5614 1804 5684 Neque
1824 5615 1964 5669 enitn

390 5718 567 5786 potest
589 5713 708 5782 quis
737 5712 991 5783 praeclare
1012 5726 1069 5767 se
1098 5726 1306 5784 gerere,
1329 5711 1429 5767 nisi
1452 5710 1521 5766 sit
1540 5710 1774 5781 repletus
1793 5708 1959 5778 gratia

2085 409 2174 465 illa
2198 451 2212 473 ,
2244 418 2304 464 ut
2344 427 2450 464 non
2479 419 2651 479 potest
2680 412 2797 481 quis
2847 423 3121 465 strenuum
3148 418 3233 464 aut
3266 422 3513 478 magimm
3543 409 3669 477 quid

2080 500 2276 565 facere,
2302 502 2400 556 nisi
2425 503 2623 557 Christi
2652 503 2817 573 gratia
2842 502 3066 557 fruatur.
3094 501 3238 557 Sicut
3259 515 3388 570 ergo
3408 499 3668 557 dicentes.

2084 592 2151 647 Ut
2195 590 2509 647 abundamus
2560 595 2615 647 in
2661 610 2807 647 omne
2843 610 2969 663 opus
3011 593 3230 658 bonum,
3258 591 3668 661 subjunxerunt,

2083 682 2147 737 In
2198 684 2397 739 Christo
2438 685 2564 739 Jesu
2597 704 2613 737 :
2637 686 2711 741 ita
2746 695 2800 740 et
2853 686 2938 740 hic
2979 684 3199 750 dicunt,
3235 683 3394 755 Reple
3429 701 3521 738 nos
3549 682 3672 752 Spi-

2081 776 2182 828 ritu
2205 786 2396 839 sanrto,
2422 777 2437 807 ¹
2454 774 2526 847 [ut
2551 776 2863 829 inveniamur
2888 778 2941 828 in
2968 785 3236 844 conspectu
3277 787 3363 828 tuo
3391 775 3674 845 acceptabi-

2082 866 2172 919 les.
2208 866 2390 919 Viden‘
2416 866 2686 935 quomodo
2708 866 2776 921 de
2823 866 2981 920 rebus
3016 865 3081 919 ad
3113 866 3273 919 vitam
3304 864 3672 935 spectantibus

2083 974 2187 1013 non
2232 969 2511 1028 precentur
2534 1000 2549 1024 ,
2582 960 2674 1014 sed
2715 961 2912 1028 gratias
2941 971 3099 1029 agant
3130 968 3334 1015 tantum
3369 976 3382 1011 :
3415 960 3555 1014 circa
3586 975 3673 1015 res

2082 1064 2259 1105 autem
2285 1052 2587 1121 Spirituales
2610 1062 2667 1107 et
2690 1054 2889 1121 gratias
2922 1060 3080 1117 agant
3106 1060 3162 1105 et
3187 1051 3507 1121 precentur?
3537 1049 3669 1104 Nam

2082 1143 2156 1195 ait
2183 1159 2197 1194 :
2232 1142 2450 1208 Quwrite
2492 1143 2707 1210 primum
2742 1157 2951 1212 regnum
2980 1141 3253 1205 caelorum,
3281 1149 3326 1194 et
3368 1141 3475 1194 haec
3503 1141 3675 1193 omnia

2084 1235 2386 1304 adﬁcientur
2428 1234 2563 1288 vobis
2593 1232 2802 1311 (Matth.
2826 1233 2878 1287 6.
2909 1234 3032 1302 55).
3080 1231 3358 1300 Perpende
3394 1240 3573 1286 autem
3618 1240 3675 1285 et

2082 1326 2238 1379 aliam
2261 1326 2471 1380 illorum
2499 1325 2903 1396 philosophiam.
2934 1322 2999 1379 Ut
3036 1323 3368 1389 inueniamur,
3403 1324 3669 1392 inquiunt,

2082 1419 2134 1470 in
2164 1429 2429 1488 conspectu
2454 1427 2540 1472 tuo
2567 1417 2892 1487 acceptabiles
2911 1456 2927 1483 ,
2961 1432 3048 1469 nec
3099 1415 3292 1485 pudore
3330 1412 3673 1484 aﬂiciamur.]

2083 1511 2267 1579 Neque
2296 1512 2439 1566 enim
2466 1523 2738 1575 curamus,
2765 1507 2907 1577 quod
2936 1506 3077 1575 apud
3107 1506 3306 1559 multos
3343 1505 3395 1559 id
3424 1504 3675 1558 dedecori

2085 1601 2239 1655 nobis
2266 1609 2522 1666 vertatur,
2552 1600 2645 1654 sed
2666 1612 3013 1668 quwcumque
3039 1596 3268 1650 dixerint
3300 1595 3368 1650 de
3394 1594 3547 1649 nobis
3579 1593 3678 1647 ho-

2084 1693 2256 1746 mines
2276 1692 2536 1755 ridentes,
2555 1690 2966 1759 exprobrantes,
2986 1703 3053 1743 ne
3072 1687 3399 1743 advertimus
3418 1685 3632 1756 quidem
3659 1702 3675 1738 :

2086 1782 2190 1838 hoc
2215 1799 2375 1836 unum
2406 1781 2799 1847 contendimus,
2832 1796 2898 1836 ne
2929 1790 3051 1834 tunc
3076 1778 3272 1833 confun
3285 1778 3491 1832 damur.
3519 1778 3679 1831 Post-

2086 1889 2247 1944 quam
2269 1884 2447 1928 autem
2481 1873 2596 1927 haec
2624 1872 2891 1935 dixerunt,
2920 1872 3055 1941 ignis
3085 1886 3297 1941 quoque
3320 1870 3536 1925 ﬂuvium
3565 1883 3679 1923 mc-

2086 1975 2314 2029 morant,
2342 1962 2555 2032 przemia
2581 1973 2633 2017 ct
2662 1964 2862 2017 bravia.
2890 1963 2997 2017 Nec
3026 1961 3229 2026 dicunt,
3256 1960 3335 2019 Ne
3357 1964 3676 2032 puniamur:

2087 2058 2204 2123 sed,
2220 2057 2293 2111 Ne
2314 2056 2715 2111 confundantur.
2737 2056 2847 2110 Hoc
2866 2056 3060 2124 quippe
3082 2055 3234 2108 nobis
3257 2052 3547 2107 terribilius
3571 2059 3672 2116 est,

2086 2162 2244 2216 quam
2270 2147 2531 2216 gehenua,
2563 2146 2607 2202 si
2637 2146 2910 2200 videamur
2931 2145 3215 2199 oil‘endisse
3237 2143 3538 2197 Dominum.
3568 2142 3678 2195 Sed

2087 2242 2207 2308 quia
2246 2239 2441 2293 multos
2476 2253 2541 2292 ex
2568 2238 2919 2291 crassioribus
2950 2236 3052 2290 hoc
3092 2250 3196 2289 non
3253 2243 3453 2289 terrere
3498 2233 3675 2298 solet,

2091 2330 2348 2397 adjiciunt
2374 2346 2388 2382 :
2423 2328 2548 2383 Cum
2584 2329 2761 2381 reddes
2788 2328 3055 2396 unicuique
3081 2324 3353 2379 secundum
3379 2339 3532 2394 Opera
3559 2338 3672 2375 sua.

2092 2422 2273 2476 Viden‘
2294 2429 2547 2490 quantum
2574 2420 2726 2474 nobis
2750 2420 2954 2489 prosint
2981 2416 3195 2472 externi
3224 2416 3297 2470 illi
3318 2424 3373 2469 et
3408 2413 3678 2483 peregrini

2087 2512 2387 2567 solitudinis
2405 2512 2567 2575 cives,
2589 2511 2695 2564 imo
2715 2510 2968 2564 caelorum
2988 2506 3168 2563 cives?
3185 2504 3293 2560 Nos
3318 2505 3459 2560 enim
3489 2504 3544 2558 in
3570 2520 3651 2559 cie
3665 2534 3680 2547 ο

2089 2604 2153 2657 lis
2174 2602 2436 2674 peregrini
2454 2615 2658 2667 sumus,
2679 2611 2831 2655 terra:
2852 2609 3031 2653 autem
3050 2598 3229 2652 cives:
3257 2595 3327 2650 illi
3346 2610 3472 2649 vero
3496 2609 3527 2649 e
3549 2609 3678 2649 con-

2089 2705 2186 2753 tra.
2212 2696 2336 2750 Past
2359 2696 2497 2749 hunc
2523 2694 2775 2765 hymnum
2794 2690 3203 2761 compunctione
3229 2688 3377 2752 moti,
3402 2687 3680 2757 lacrymisz-

2086 2801 2190 2856 que
2216 2786 2394 2839 multis
2421 2799 2485 2839 ac
2514 2783 2729 2838 fervidis
2758 2781 2987 2851 perfusi,
3018 2778 3085 2833 ad
3117 2794 3361 2833 somnum
3411 2786 3635 2846 pergunt
3656 2813 3673 2840 ,

2090 2886 2290 2930 tantum
2344 2874 2706 2939 dormientes,
2754 2882 3005 2941 quantum
3059 2870 3189 2923 satis
3225 2878 3307 2923 est
3343 2867 3411 2921 ad
3458 2879 3677 2936 parvam

2088 2969 2368 3040 quamdam
2388 2969 2618 3037 quietem
2649 2964 2979 3035 capiendam.
3015 2962 3354 3029 Rursumque
3396 2966 3581 3012 noctes
3625 2957 3677 3009 in

2087 3063 2204 3117 dies
2229 3070 2441 3115 vertunt
2466 3101 2479 3125 ,
2502 3061 2555 3113 in
2576 3060 2861 3129 gratiarum
2889 3055 3097 3110 actione
3119 3062 3173 3108 et
3194 3052 3483 3123 psalmodia
3513 3052 3676 3104 vitam

2088 3165 2324 3225 agentes.
2348 3152 2458 3207 Nec
2480 3151 2638 3205 modo
2663 3149 2779 3214 viri,
2806 3147 2899 3201 sed
2928 3156 2981 3201 et
3010 3144 3261 3198 tnulieres
3284 3142 3420 3195 hanc
3440 3140 3677 3211 philoso-

2089 3250 2264 3319 phiam
2291 3255 2567 3312 exercent,
2596 3262 2712 3315 qua:
2741 3252 2944 3297 natura:
2978 3238 3346 3294 inﬁrmitatem
3375 3236 3536 3290 animi
3558 3250 3676 3288 ma-

2086 3339 2360 3408 gnitudine
2388 3345 2660 3406 superant.
2712 3333 2915 3388 Pudeat
2944 3330 3100 3400 igitur
3130 3343 3227 3383 nos
3258 3326 3401 3380 viros
3430 3325 3588 3378 talem
3623 3323 3674 3377 iu

2088 3431 2220 3499 ipsis
2272 3428 2627 3483 constantiam
2674 3424 2959 3485 videntes,
2991 3430 3046 3475 et
3069 3431 3343 3474 cessemus
3387 3415 3676 3485 cupiditate

2089 3521 2288 3575 moveri
2314 3516 2489 3574 rerum
2520 3516 2880 3587 praesentium,
2905 3512 3126 3577 umbrtc,
3144 3508 3495 3572 somniorum,
3518 3506 3673 3559 fumi.

2088 3611 2221 3666 Nam
2250 3611 2485 3665 maxima
2512 3621 2635 3678 pars
2660 3605 2783 3660 vita:
2819 3613 3016 3658 nostrae
3044 3616 3206 3656 sensu
3235 3612 3419 3654 carere
3440 3596 3671 3650 videtur.

2089 3705 2265 3759 Prima
2294 3710 2425 3756 astas
2472 3699 2636 3754 multa
2675 3698 2828 3766 plena
2856 3705 2937 3749 est
2966 3692 3231 3755 stultitia;
3263 3704 3382 3759 qua:
3433 3702 3560 3742 vero
3605 3688 3675 3741 ad

2088 3796 2296 3851 senium
2327 3792 2494 3859 vergit
2516 3830 2531 3852 ,
2564 3804 2779 3844 sensum
2816 3787 2867 3840 in
2899 3785 3052 3839 nobis
3084 3782 3410 3837 hebetiorem
3457 3777 3672 3843 reddit;

2088 3885 2458 3942 intermedium
2490 3892 2695 3950 tempus
2719 3880 2881 3933 breve
2909 3888 3012 3942 est,
3036 3890 3141 3944 quo
3170 3888 3331 3928 sensu
3356 3870 3671 3925 deliciarum

2086 3978 2349 4040 fruimur;
2398 3975 2505 4027 imo
2535 3987 2601 4025 ne
2631 3981 2871 4039 tempore
2912 3966 3125 4036 quidem
3178 3965 3267 4018 illo
3312 3977 3474 4017 sensu
3526 3970 3671 4016 recte

2086 4073 2328 4136 fruimur,
2357 4084 2477 4123 cum
2507 4065 2650 4120 mille
2677 4077 2818 4116 cura!
2849 4061 3161 4128 laboresque
3188 4056 3363 4110 adsint
3390 4054 3480 4124 qui
3519 4053 3668 4107 illum

2086 4163 2421 4217 labefactent.
2452 4160 2783 4227 Quapropter
2804 4193 2817 4215 ,
2849 4151 3074 4205 obsecro
3099 4189 3114 4213 ,
3147 4149 3362 4201 immota
3388 4159 3439 4200 et
3467 4154 3668 4198 aeterna

2085 4268 2384 4325 quasramus
2408 4251 2567 4314 bona,
2585 4259 2639 4304 et
2662 4248 2819 4301 vitam
2849 4259 2968 4314 qua:
2989 4240 3119 4295 nulli
3140 4240 3290 4293 senio
3314 4238 3539 4291 obnoxia
3560 4243 3664 4289 est.

2084 4349 2213 4402 Nam
2238 4354 2410 4415 potest
2430 4344 2586 4400 etiam
2615 4344 2677 4402 is.
2697 4342 2786 4410 qui
2818 4340 2867 4392 in
2889 4336 3102 4391 civitate
3128 4333 3347 4395 habitat,
3378 4331 3666 4383 monacho-

2083 4456 2201 4493 rum
2247 4435 2637 4507 philosOpbiam
2683 4428 2878 4485 imitari
2909 4443 2923 4485 :
2958 4433 3133 4496 petest
3184 4421 3393 4476 etiamsi
3442 4434 3665 4473 uxorem

2083 4531 2276 4585 habeat
2302 4539 2356 4583 et
2383 4526 2527 4582 domi
2580 4531 2854 4587 versetur,
2888 4518 3131 4586 precari,
3174 4513 3416 4583 jejunare
3440 4550 3457 4577 ,
3510 4524 3663 4564 com-

2083 4622 2263 4692 pungi.
2305 4619 2434 4673 Nam
2463 4628 2518 4672 et
2544 4616 2632 4685 qui
2661 4614 2730 4668 ab
2758 4613 2908 4665 initio
2935 4608 3003 4663 ab
3029 4606 3282 4676 apostolis
3309 4602 3661 4657 institueban-

2080 4722 2184 4777 tur,
2213 4711 2480 4766 civitatem
2505 4704 2827 4767 incolebant,
2850 4715 3033 4756 eorum
3060 4699 3147 4768 qui
3170 4696 3220 4750 in
3243 4696 3508 4749 desertum
3533 4707 3663 4748 con-

2078 4812 2353 4861 cesserunt
2381 4802 2629 4869 pietatem
2654 4792 2998 4853 exhibebant,
3030 4804 3128 4843 nec
3170 4803 3275 4842 non
3304 4787 3393 4840 alii
3420 4784 3509 4855 qui
3535 4784 3661 4838 ofﬁ-

2076 4897 2211 4951 cinis
2243 4900 2533 4965 pracrant,
2550 4900 2606 4943 ut
2630 4886 2871 4943 Priscilla
2900 4893 2953 4939 et
2978 4881 3165 4951 Aquila
3190 4880 3209 4949 (
3230 4879 3341 4933 Act.
3373 4880 3494 4949 18).
3522 4878 3660 4932 Pro—

2078 4988 2251 5056 pheta:
2279 4996 2489 5053 quoque
2517 4993 2722 5043 oumes,
2751 4988 2805 5029 et
2829 4988 3021 5028 uxores
3057 4982 3113 5026 et
3142 4970 3332 5025 domos
3371 4968 3657 5033 habebant,

2077 5090 2133 5131 ut
2166 5078 2346 5138 Isaias,
2389 5070 2656 5135 Ezechiel,
2707 5081 3033 5137 magnusque
3057 5063 3283 5132 Moyses,
3319 5075 3491 5127 neque
3536 5060 3662 5114 inde

2083 5169 2352 5238 quidpiam
2378 5166 2503 5233 ipsis
2526 5162 2703 5216 damni
2721 5160 2786 5213 ad
2822 5159 3066 5211 virtutem
3093 5155 3445 5208 exercendam
3472 5167 3661 5205 acces-

2074 5262 2164 5314 sit.
2213 5261 2319 5311 llos
2347 5266 2401 5310 et
2433 5270 2528 5308 nos
2550 5250 3068 5321 quoqueimitautes,
3094 5260 3306 5312 semper
3328 5243 3436 5297 Deo
3456 5243 3659 5311 gratias

2075 5364 2312 5420 agamus,
2338 5362 2550 5416 semper
2574 5346 2743 5414 ipsum
2768 5340 2980 5412 hymnis
3000 5338 3353 5399 celebremus,
3370 5334 3659 5389 coatineu-

2135 5529 2152 5558 ¹
2188 5531 2307 5574 Loco
2333 5536 2499 5573 eorum
2522 5533 2632 5583 qua:
2654 5520 2843 5568 uncinis
2864 5510 3449 5583 claudtmturrsilculegitur
3472 5508 3520 5556 in

2071 5590 2151 5657 tis,
2170 5594 2218 5656 ut
2234 5572 2870 5657 iurenimniqinconspectu
2884 5587 2982 5657 "tuo
3004 5572 3337 5657 acceptabiles,
3363 5583 3449 5619 nec
3467 5572 3653 5657 pudqre

2070 5631 2661 5721 ἇῇξέίξιιῆιλῆἰιιιθηρδἰιιιρ
2688 5631 2743 5691 εί
2763 5646 2809 5688 in
2835 5640 2978 5721 editis
2998 5648 3050 5686 et
3064 5631 3241 5721 immissa
3261 5646 3356 5721 pou
3382 5632 3545 5693 paucis
3566 5631 3652 5680 de-

2073 5698 2370 5769 siderantur,
2399 5698 2597 5771 propter
2630 5702 2903 5751 Graecorum
2922 5698 3362 5750 homoeoteleuton.
