4028 6152
343 247 375 304 ii
388 247 444 306 iii

347 359 581 434 tiamque
607 369 663 418 et
687 360 819 416 alias
848 362 1068 414 virtutes
1109 359 1366 419 colamus,
1397 363 1555 426 atque
1581 371 1696 410 eam
1722 370 1841 425 qua:
1876 356 1931 410 iu

351 458 623 514 montibus
647 457 786 525 viget
810 452 1222 524 philosophiam,
1253 450 1305 503 in
1332 449 1572 503 civitates
1596 446 1928 529 inducamus,

352 559 414 604 ut
459 557 517 602 et
545 545 682 618 apud
715 546 879 599 Deum
929 542 1284 611 acceptabiles
1307 551 1361 595 et
1399 534 1701 593 hominibus
1727 536 1932 607 probati

349 637 660 706 videamur,
713 647 767 692 et
810 636 982 690 futura
1037 649 1429 704 consequamur
1476 633 1635 697 bona,
1688 631 1852 700 gratia
1882 638 1936 682 et

1417 245 1478 300 IN
1516 241 1921 300 MATTlleUM
1962 243 2186 300 IIUMIL.
2231 243 2362 298 LVI.
2391 242 2464 298 al.
2495 242 2647 298 LVII.

3521 247 3623 301 520

2035 354 2357 424 benignitate
2386 353 2596 408 Domini
2640 353 2807 409 nostri
2854 351 2978 407 Jesu
3022 351 3238 416 Christi,
3267 368 3361 422 per
3387 369 3542 422 quem
3571 366 3622 410 et

2035 463 2155 503 cum
2181 463 2284 517 quo
2306 447 2447 500 Patri
2475 446 2664 515 gloria,
2691 446 2884 510 honor,
2904 445 3206 516 imperium,
3234 461 3336 500 una
3354 461 3476 501 cum
3503 460 3623 501 san-

2038 547 2125 592 cto
2151 546 2205 592 et
2233 537 2442 590 vivifico
2469 535 2690 605 Spiritu,
2723 550 2863 592 nunc
2885 545 2940 592 et
2965 552 3177 608 semper
3201 579 3217 605 ,
3245 546 3298 594 et
3327 553 3381 593 in
3430 540 3622 594 εωοιιιιι

2039 629 2378 682 saeculorum.
2409 627 2598 681 Amen.

2739 754 3506 780 Ἢ

1579 838 1923 900 HOMILIA
1981 837 2140 896 LVI.
2177 836 2263 897 al.
2309 837 2496 897 LVll.

345 991 478 1046 cui.
517 987 604 1044 16.
634 1004 684 1042 v.
708 989 798 1043 28.
826 987 982 1040 Amen
1005 1028 1020 1052 ,
1052 1001 1196 1038 amen
1227 984 1340 1036 dico
1369 983 1503 1035 vobis
1527 1023 1542 1046 ,
1569 990 1684 1034 sunt
1729 979 1934 1046 quidam

421 1083 486 1136 de
513 1082 594 1134 hic
617 1078 950 1141 adstantibus,
979 1079 1062 1146 qui
1090 1092 1187 1129 non
1214 1069 1486 1144 gustabunt
1515 1065 1718 1124 mortem
1739 1111 1753 1134 ,
1777 1071 1934 1122 donec

421 1174 636 1228 viderint
664 1170 858 1224 Filium
885 1168 1100 1222 hominis
1123 1168 1395 1222 venientem
1421 1166 1472 1218 in
1503 1173 1654 1234 regno
1677 1165 1788 1216 suo.

423 1265 477 1318 1.
519 1262 778 1330 Quoniam
809 1260 973 1314 multa
1001 1259 1068 1313 de
1097 1257 1368 1327 periculis,
1401 1257 1467 1310 de
1488 1265 1687 1320 morte,
1712 1247 1779 1307 de
1807 1256 1929 1322 pas-

348 1357 504 1410 sione
522 1369 616 1408 sua
630 1348 878 1422 loquutus
898 1361 995 1415 est,
1030 1359 1234 1405 necnon
1265 1348 1334 1403 de
1358 1347 1504 1402 caede
1527 1342 1926 1414 discipulorum,

353 1449 547 1516 illaque
570 1460 757 1515 aspera
783 1445 912 1513 ipsis
938 1444 1209 1513 praecepit,
1253 1457 1370 1511 quae
1397 1441 1446 1494 in
1477 1439 1723 1508 praesenti
1755 1440 1855 1492 vita
1877 1448 1931 1492 et

352 1539 506 1609 quasi
524 1539 575 1593 in
602 1536 845 1591 manibus
865 1539 1036 1599 erant,
1066 1534 1202 1588 bona
1231 1548 1356 1587 vero
1379 1532 1431 1585 in
1456 1546 1550 1600 spe
1579 1539 1632 1584 ct
1652 1537 1930 1599 exspecta-

353 1632 502 1684 ti'one
525 1647 538 1682 :
563 1639 618 1682 ut
646 1637 762 1682 erat
787 1627 935 1693 illud,
967 1641 1062 1680 eos
1081 1625 1169 1693 qui
1199 1624 1429 1677 animam
1457 1621 1681 1692 perdunt
1719 1635 1933 1674 servare

355 1729 500 1787 eam,
532 1729 585 1775 et
608 1727 886 1775 venturum
917 1720 1086 1788 ipsum
1114 1729 1232 1771 esse
1268 1717 1318 1770 in
1353 1715 1574 1785 gloriam
1605 1714 1774 1768 Patris
1810 1714 1929 1777 sui,

355 1824 411 1872 et
442 1814 656 1885 praemia
700 1806 1030 1866 redditurum
1063 1829 1074 1862 :
1105 1814 1224 1864 etim
1271 1803 1434 1862 vellet
1474 1821 1566 1862 eos
1605 1807 1719 1860 visu
1772 1804 1932 1860 etiam

355 1907 615 1960 certiores
641 1904 835 1964 facere,
862 1901 1250 1969 ostendereque
1274 1898 1397 1968 quid
1425 1901 1568 1951 esset
1615 1896 1701 1948 illa
1741 1894 1929 1963 gloria,

357 2001 478 2050 cum
530 2009 631 2064 qna
681 1998 936 2047 venturus
985 1998 1157 2054 esset,
1199 1996 1453 2059 quantum
1497 1981 1698 2041 scilicet
1743 2000 1936 2054 capere

359 2095 607 2158 poterant
633 2104 645 2138 :
671 2087 722 2138 in
756 2085 1003 2153 praesenti
1034 2084 1242 2152 quoque
1275 2079 1379 2133 vita
1408 2068 1548 2132 illam
1576 2065 1840 2141 ostendit,
1880 2084 1937 2130 et

359 2180 589 2240 revelat,
617 2186 759 2229 utne
786 2172 854 2230 de
903 2175 1075 2229 morte
1115 2175 1230 2237 sua,
1283 2185 1415 2225 neve
1456 2169 1521 2224 de
1553 2168 1758 2222 Domini
1806 2181 1936 2220 nece

359 2269 624 2332 dolerent,
651 2277 705 2322 et
732 2267 959 2320 maxime
981 2262 1169 2320 Petrus
1192 2263 1279 2334 qui
1307 2277 1423 2316 eam
1450 2273 1592 2330 aegre
1618 2258 1839 2314 ferebat.
1871 2257 1935 2311 Et

361 2361 481 2415 vide
509 2360 634 2430 quid
666 2360 842 2423 faciat,
876 2367 1150 2428 postquam
1196 2355 1264 2411 de
1296 2351 1536 2426 gehenna
1573 2362 1626 2408 et
1667 2353 1734 2406 de
1772 2365 1936 2421 regno

362 2453 614 2521 loquutus
664 2451 852 2504 fuerat.
901 2449 1034 2504 Cum
1079 2448 1298 2510 diceret,
1343 2447 1442 2513 Qui
1488 2445 1670 2498 invenit
1717 2445 1937 2496 animam

361 2560 507 2598 suam
533 2543 705 2611 perdet
730 2558 860 2605 eam,
893 2551 939 2595 et
961 2541 1048 2612 qui
1069 2539 1346 2606 perdiderit
1388 2538 1611 2590 animant
1642 2553 1786 2590 suam
1815 2551 1934 2604 pro-

361 2647 472 2706 pter
493 2653 594 2700 me,
622 2636 834 2688 inveniet
853 2651 963 2687 eam
991 2632 1168 2700 (Joan.
1194 2633 1280 2686 12.
1308 2631 1430 2702 25);
1460 2633 1776 2698 iterumque,
1804 2629 1938 2683 Red-

361 2729 443 2782 det
466 2729 732 2797 unicuique
754 2726 1024 2780 secundum
1063 2742 1218 2796 Opera
1259 2727 1368 2793 ejus
1411 2725 1430 2794 (
1457 2724 1641 2778 Matth.
1669 2723 1754 2778 I6.
1775 2721 1844 2775 Ἡ
1870 2721 1889 2792 )
1922 2740 1934 2774 :

362 2822 480 2876 time
507 2822 664 2875 ambo
690 2820 994 2876 declaravit.
1019 2819 1218 2874 Etcum
1249 2818 1317 2873 de
1345 2829 1572 2887 utroque
1587 2816 1828 2881 dixisset,
1853 2829 1940 2870 rc-

358 2927 524 2982 gnum
549 2911 764 2982 quidem
794 2910 1074 2964 videndum
1111 2908 1344 2972 exhibet,
1366 2907 1661 2978 gehennam
1687 2921 1816 2961 vero
1841 2906 1942 2960 mi-

363 3003 528 3057 nime.
561 3000 780 3070 Quare?
806 3001 938 3067 Quia
962 3002 1005 3054 si
1023 3000 1110 3054 alii
1149 2999 1342 3054 ibidem
1381 2998 1668 3052 crassiores
1688 2995 1936 3059 fuissent,

361 3095 416 3150 id
439 3104 585 3150 certe
601 3094 958 3148 necessarium
989 3085 1173 3146 fuisset
1198 3110 1211 3156 ;
1244 3090 1365 3160 quia
1396 3104 1523 3143 vero
1567 3088 1640 3142 illi
1675 3097 1828 3142 erant
1850 3102 1939 3141 ac-

357 3188 500 3258 cepti
530 3196 582 3242 et
607 3179 754 3255 probi
781 3186 900 3250 viri,
928 3199 958 3238 a
983 3183 1135 3239 bonis
1163 3175 1282 3238 illos
1303 3182 1598 3236 confirmat.
1620 3180 1801 3250 Neque
1826 3179 1940 3234 haec

361 3297 470 3334 una
498 3280 610 3333 sola
640 3287 798 3331 causa
840 3278 935 3331 fuit
979 3267 1095 3329 hinc
1122 3273 1548 3335 demonstrandi;
1579 3272 1670 3326 sed
1717 3271 1838 3340 quia
1885 3271 1937 3323 id

359 3370 462 3424 sibi
493 3369 894 3424 convenientius
921 3376 1056 3421 erat.
1087 3366 1195 3421 Nec
1225 3376 1398 3420 tamen
1433 3365 1571 3418 illam
1609 3363 1767 3418 aliam
1811 3378 1935 3432 par-

360 3476 468 3517 tem
507 3462 872 3530 praetermisit;
918 3459 1010 3514 sed
1054 3474 1196 3528 sa-pe
1244 3474 1329 3513 res
1370 3458 1487 3511 illas
1530 3457 1594 3511 ad
1642 3456 1935 3526 gehennam

360 3563 670 3626 spectantes
701 3552 812 3607 fere
836 3553 934 3608 sub
959 3551 1126 3606 oculis
1155 3551 1335 3620 ponit;
1369 3560 1425 3603 ut
1445 3565 1563 3603 cum
1593 3548 1778 3602 Lazari
1806 3548 1938 3602 ima-

355 3646 536 3714 ginem
582 3643 811 3707 induxit,
837 3653 891 3698 et
918 3659 1037 3697 cum
1087 3644 1398 3697 memoravit
1425 3656 1568 3700 eum.
1597 3639 1685 3709 qui
1724 3649 1935 3694 centum

356 3737 611 3791 denarios
638 3743 907 3806 exegerat,
935 3745 1094 3805 atque
1115 3735 1356 3788 meminit
1382 3733 1524 3787 illius
1543 3773 1556 3797 ,
1579 3733 1667 3801 qui
1707 3731 1936 3785 sordidis

354 3840 472 3884 erat
497 3827 715 3882 indutus
745 3829 1000 3893 vestibus,
1030 3827 1361 3896 aliorumque
1383 3826 1728 3896 plurimorum
1767 3823 1931 3898 (Luc.

356 3921 447 3974 iti.
472 3915 656 3972 Matth.
678 3917 760 3974 18.
779 3929 825 3972 et
848 3919 962 3988 22).
999 3917 1148 3987 (Cap.
1196 3920 1278 3974 l7.
1305 3917 1394 3989 )‘l.
1416 3917 1483 3970 Et
1504 3927 1613 3986 post
1634 3917 1738 3969 dies
1753 3931 1938 3968 sexus-

353 4014 508 4066 sumit
553 4009 764 4066 Petrum
786 4053 801 4075 ,
829 4020 877 4063 et
900 4009 1174 4075 Iacobum,
1220 4020 1266 4063 et
1303 4009 1570 4063 Joannem.
1608 4010 1756 4065 Alius
1782 4024 1929 4075 vero,

353 4103 484 4157 Post
505 4099 620 4156 dies
642 4113 762 4156 octo
784 4101 932 4172 (Luc.
955 4101 1007 4155 9.
1032 4101 1123 4169 28)
1144 4142 1158 4166 ,
1189 4101 1258 4154 ait
1280 4141 1294 4164 ,
1319 4116 1487 4170 neque
1512 4101 1635 4155 huic
1667 4102 1933 4156 centradi-

350 4199 448 4259 cit,
478 4193 572 4247 sed
615 4209 736 4247 cum
778 4193 867 4246 illo
916 4192 1066 4245 valde
1102 4193 1383 4246 consentit.
1425 4191 1556 4245 Nam
1610 4193 1745 4246 alius
1789 4192 1930 4247 diem

351 4287 520 4350 illam,
552 4284 602 4338 in
631 4299 732 4352 qua
764 4283 1011 4352 loquutus
1040 4291 1140 4348 cst,
1169 4291 1462 4346 enumerat,
1500 4282 1732 4353 itemque
1759 4283 1926 4350 illam,

351 4378 402 4429 in
425 4390 532 4445 qua
563 4373 775 4429 reduxit
804 4389 896 4427 eos
921 4389 935 4438 ;
965 4373 1102 4426 alius
1125 4388 1250 4427 vero
1268 4373 1608 4428 intermedias
1635 4374 1802 4426 solum
1829 4389 1930 4444 po-

345 4467 477 4520 suit.
507 4464 587 4520 Tu
615 4479 740 4519 vero
759 4463 1150 4518 animadvertas
1173 4463 1330 4518 velim
1361 4463 1626 4532 quomodo
1655 4463 1930 4520 Matthieus

348 4551 760 4626 philosophetur
807 4555 903 4624 (a),
947 4554 1072 4608 dum
1103 4569 1198 4609 eos
1224 4570 1328 4609 non
1360 4563 1497 4608 tacet
1531 4555 1617 4624 qui
1649 4554 1746 4608 sibi
1775 4563 1927 4609 ante-

350 4647 511 4716 positi
543 4647 777 4700 fuerunt.
811 4645 922 4699 l'loc
975 4657 1029 4699 et
1079 4644 1311 4700 Joannes
1349 4660 1491 4714 szepe
1537 4645 1678 4710 facit,
1706 4646 1928 4700 eximias

345 4740 497 4796 Petri
529 4738 713 4793 laudes
739 4738 1140 4793 accuratissime
1162 4737 1489 4792 describens.
1527 4737 1656 4791 Nam
1689 4738 1854 4794 livore
1875 4747 1929 4794 et

346 4829 549 4888 invidia
571 4845 768 4886 vacuus
809 4845 1023 4900 semper
1064 4841 1180 4885 erat
1225 4827 1416 4883 horum
1455 4840 1758 4884 sanctorum
1799 4831 1928 4886 cho-

345 4942 461 4981 ωε.

415 5011 828 5085 Transﬁguratio
885 5011 1189 5068 Christi.—
1213 5012 1514 5081 Assumptis
1552 5013 1728 5082 itaque
1767 5028 1925 5083 cory-

344 5109 534 5178 pbaeis,
566 5105 729 5159 Duxit
755 5105 872 5158 illos
896 5105 950 5158 in
989 5113 1205 5158 montem
1235 5103 1486 5157 excelsum
1528 5120 1767 5168 seorsum,
1797 5103 1851 5158 2.
1879 5111 1926 5155 et

341 5201 741 5270 transﬁguratus
790 5206 864 5249 est
896 5206 1014 5249 ante
1050 5212 1131 5249 eos
1163 5211 1181 5247 :
1210 5203 1254 5248 ct
1294 5195 1606 5265 resplenduit
1635 5195 1789 5262 facies
1816 5197 1925 5264 ejus

340 5292 468 5344 sicut
487 5291 588 5354 sol,
629 5288 923 5342 vestimenta
954 5296 1122 5339 autent
1161 5287 1270 5355 ejus
1313 5291 1446 5354 facta
1486 5295 1602 5340 sunt
1640 5285 1754 5338 alba
1795 5287 1924 5338 sicut

341 5383 444 5433 nix.
471 5380 523 5434 5.
555 5378 624 5432 Et
651 5394 765 5432 ecce
792 5386 1134 5446 apparuerunt
1159 5378 1228 5428 eis
1257 5375 1455 5446 Moyses
1483 5386 1528 5430 et
1549 5375 1692 5428 Elias
1717 5375 1923 5444 loquen-

341 5481 410 5524 tes
440 5486 558 5522 cum
600 5469 735 5538 ipso.
779 5467 888 5521 Cur
936 5465 1032 5521 bos
1070 5467 1263 5536 accipit
1313 5465 1505 5522 solos?
1550 5468 1680 5535 Quia
1721 5465 1774 5521 lii
1803 5466 1922 5521 aliis

395 5603 472 5665 (a)
503 5598 832 5665 PI'EIIOSOpllal'l
858 5598 980 5660 apud
1006 5598 1390 5661 Chrysostomum
1411 5601 1473 5649 de
1491 5598 1745 5662 cujuslibet
1768 5598 1921 5648 virtu-

336 5668 396 5720 tis
407 5663 652 5716 exercitio
675 5663 871 5707 dicitur.

653 5755 934 5817 PATltOL.
982 5757 1099 5818 Gn.
1151 5760 1368 5819 LVIII.

2038 977 2436 1044 priestantiores
2460 991 2651 1044 erant;
2682 981 2869 1037 Petrus
2898 989 3037 1055 quod
3067 991 3350 1048 admodum
3376 996 3619 1066 diligeret

2035 1065 2326 1133 Christum,
2378 1068 2500 1123 ideo
2546 1074 2965 1141 praeminebat;
3010 1079 3242 1136 Joannes
3272 1086 3416 1152 quod
3464 1065 3621 1142 valde

2037 1159 2376 1228 diligeretur;
2405 1160 2634 1244 Jacobus
2672 1181 2738 1219 ex
2782 1181 2876 1221 sua
2907 1184 3028 1224 cum
3058 1171 3222 1229 fratre
3250 1181 3617 1247 responsione,

2034 1250 2247 1318 quando
2266 1250 2418 1343 dixit,
2442 1251 2724 1310 Possumus
2744 1257 2908 1314 bibere
2930 1263 3139 1316 calicem
3161 1264 3372 1335 (Matth.
3395 1269 3485 1325 20.
3501 1271 3614 1343 22);

2035 1349 2207 1409 neque
2233 1342 2300 1395 ab
2327 1341 2426 1396 hac
2451 1348 2795 1414 responsione
2823 1351 3024 1414 solum;
3057 1354 3150 1408 sed
3171 1358 3328 1411 etiam
3355 1376 3420 1413 ex
3447 1341 3623 1430 operi.

2039 1430 2159 1494 bus,
2184 1439 2292 1484 tum
2310 1432 2446 1499 aliis,
2483 1444 2590 1488 tum
2616 1438 2755 1506 quod
2784 1440 3080 1510 impleverit
3105 1445 3154 1499 id
3184 1450 3324 1516 quod
3367 1451 3576 1508 dixerat
3605 1473 3617 1509 :

2036 1521 2231 1576 Judaais
2255 1524 2450 1593 quippe
2479 1526 2550 1580 ita
2595 1543 2718 1583 acer
2742 1540 2796 1585 et
2826 1534 3115 1592 vehemens
3160 1553 3280 1594 esse
3310 1543 3613 1611 videbatur,

2039 1621 2096 1664 ut
2125 1611 2362 1668 Herodes
2393 1631 2584 1671 manus
2616 1619 2905 1677 maximum
2951 1641 3009 1680 se
3041 1629 3384 1695 prmbiturum
3421 1635 3619 1692 Judaeis

2039 1714 2266 1772 putaret,
2290 1707 2334 1760 si
2358 1707 2504 1762 illmn
2536 1712 2804 1769 occideret
2843 1716 2862 1785 (
2893 1717 3007 1773 Act.
3036 1720 3120 1773 t2.
3155 1724 3179 1778 1
3219 1723 3258 1792 ).
3292 1725 3398 1782 Cur
3439 1737 3620 1784 autem

2039 1809 2144 1890 non
2166 1796 2342 1890 statim
2371 1797 2490 1853 illos
2519 1815 2698 1857 secum
2729 1805 2980 1861 adducit?
3016 1810 3093 1866 Ne
3138 1815 3325 1886 reliqui
3371 1816 3612 1890 discipuli

2038 1881 2233 1955 aliquid
2263 1888 2550 1946 humanum
2575 1904 2895 1962 paterentur.
2927 1901 3050 1958 Ideo
3071 1920 3136 1960 ne
3161 1881 3374 1964 nomina
3403 1881 3617 1980 quidem

2039 1992 2222 2066 eorum
2253 1981 2470 2049 protulit
2514 1987 2601 2054 qui
2635 1993 2905 2044 ascensuri
2946 2005 3120 2050 erant.
3166 1998 3297 2054 Nam
3335 2001 3618 2060 admodum

2039 2066 2437 2163 desiderassent
2456 2077 2634 2128 caeteri
2664 2077 2931 2136 Christum
2977 2088 3146 2156 sequi,
3173 2099 3371 2146 tantam
3397 2095 3616 2163 gloriam

2042 2153 2224 2226 visuri,
2249 2172 2303 2216 et
2329 2172 2596 2234 tamquam
2627 2171 2850 2239 neglecti
2881 2153 3192 2235 doluissent.
3224 2153 3444 2242 Etiamsi
3475 2189 3618 2246 enim

2041 2249 2147 2346 hoc
2185 2258 2531 2323 corporaliter
2572 2266 2801 2321 maxime
2849 2282 3120 2328 05tensum
3158 2275 3336 2346 fuerit,
3387 2292 3620 2344 attamen

2041 2343 2263 2444 multum
2303 2346 2552 2404 desiderii
2596 2353 2646 2408 id
2692 2356 2976 2416 intulisset.
3023 2363 3132 2420 Cur
3177 2343 3353 2426 autem
3390 2373 3440 2428 id
3485 2392 3621 2444 pra:-

2041 2433 2212 2490 dixit?
2263 2438 2330 2494 Ut
2383 2446 2674 2511 paratiores
2727 2461 2780 2504 et
2829 2461 3126 2521 pi'temoniti
3169 2463 3308 2519 circa
3363 2433 3619 2528 visionem

2041 2541 2240 2596 essent,
2269 2548 2332 2586 ex
2367 2537 2725 2607 lll‘iL‘dlCllOIlC,
2763 2554 2814 2598 et
2840 2561 2904 2600 ex
2936 2548 3138 2607 dierum
3163 2571 3385 2612 numero
3411 2565 3620 2632 cupidi-

2043 2627 2151 2714 tate
2177 2623 2388 2678 videndi
2409 2628 2676 2695 ardentes,
2708 2635 2785 2689 sic
2814 2639 2955 2707 vigili
2995 2653 3049 2697 et
3073 2647 3300 2703 sollicita
3324 2623 3502 2711 mente
3529 2672 3620 2714 ac-

2042 2711 2314 2807 cederent.
2361 2718 2468 2772 Cur
2495 2732 2670 2778 autem
2713 2727 2928 2800 Moysen
2974 2744 3029 2788 et
3072 2737 3238 2794 Eliam
3287 2743 3338 2798 in
3387 2711 3620 2807 medium

2042 2803 2296 2907 adducit?
2323 2809 2499 2907 lllulta:
2521 2827 2738 2882 possent
2761 2821 2938 2877 afferri
2967 2840 3163 2893 causae,
3197 2846 3418 2901 quarum
3451 2803 3618 2907 prima

2045 2893 2158 2996 hinc
2179 2905 2260 2951 est
2289 2900 2464 2996 :_Quia
2501 2905 2668 2962 turba:
2695 2909 2964 2981 dicebant,
2987 2917 3074 2971 alii
3097 2893 3302 2992 Elian),
3331 2928 3419 2982 alii
3451 2893 3619 2988 'Jere:

2043 2990 2250 3072 miam,‘
2283 2990 2373 3044 alii
2423 3009 2583 3049 unum
2633 3011 2870 3056 veterum
2925 2990 3300 3078 prophetarum
3348 3017 3616 3078 Christum

2042 3093 2163 3181 esse
2190 3079 2418 3181 (diali/1.
2443 3088 2534 3181 16.
2566 3091 2631 3144 Iri
2655 3091 2695 3161 ),
2727 3093 2847 3150 ideo
2878 3098 2996 3154 illos
3043 3105 3132 3173 qui
3175 3110 3425 3181 przeeipui
3468 3129 3620 3174 erant

2043 3169 2276 3238 adducit,
2317 3185 2370 3229 ut
2401 3177 2524 3234 hinc
2571 3183 2840 3241 videretur
2864 3169 3118 3259 quantum
3141 3169 3427 3259 discrimen
3475 3169 3620 3266 esset

2043 3274 2228 3355 servos
2252 3265 2390 3320 inter
2409 3279 2461 3322 et
2491 3270 2794 3343 Dominum,
2828 3295 2891 3335 ac
2918 3293 3062 3338 recte
3080 3286 3296 3345 Petrum
3328 3293 3490 3354 fuisse
3507 3265 3619 3355 Ian;

2041 3350 2241 3452 datum,
2278 3358 2417 3424 quod
2449 3361 2615 3426 ipsum
2646 3381 2764 3422 esse
2795 3369 2885 3424 Dei
2921 3373 3109 3431 Filium
3151 3381 3426 3443 confessus

2043 3442 2197 3542 aliud
2244 3462 2457 3547 quoque
2502 3451 2803 3512 addendum
2856 3466 3106 3533 suppetit.
3156 3469 3288 3538 Quia
3314 3442 3618 3547 frequenter

2042 3539 2212 3637 ipsum
2267 3539 2578 3637 arguebant,
2619 3548 2758 3614 quod
2812 3550 2978 3621 legem
3036 3539 3516 3637 transgredereiur,
3565 3582 3618 3628 et

2040 3622 2603 3722 blasphemumipsum
2636 3640 2890 3705 putabant
2917 3659 3070 3713 esse,
3103 3622 3222 3719 quia
3250 3654 3470 3722 gloriam

2042 3713 2138 3814 tris
2187 3717 2318 3771 nihil
2365 3721 2430 3774 ad
2455 3736 2515 3777 se
2571 3730 2921 3793 pertinentem
2970 3737 3069 3792 sibi
3118 3713 3428 3814 vindicaret,
3476 3713 3614 3806 ne;

2040 3805 2269 3890 banlque
2301 3827 2315 3862 :
2349 3811 2446 3864 Hic
2475 3830 2575 3868 non
2604 3829 2677 3872 est
2705 3838 2736 3874 a
2766 3821 2892 3890 Deo,
2925 3829 3046 3890 quia
3066 3831 3327 3888 sabbatum
3358 3805 3458 3892 non

2037 3895 2542 3993 vat-(Joan.9.16);
2580 3922 2643 3962 ac
2679 3925 2910 3979 rursum,
2939 3915 3017 3970 De
3050 3920 3178 3973 bona
3216 3940 3364 3993 opere
3402 3946 3501 3984 non
3539 3933 3616 3985 la-

2039 3989 2273 4082 pidamus
2305 4003 2384 4061 te,
2415 3996 2502 4049 sed
2523 3999 2586 4051 de
2615 3999 2946 4074 blasphemia,
2977 4020 3022 4063 et
3056 4015 3177 4080 quia
3215 3989 3268 4069 tu
3293 4059 3307 4082 ,
3336 4021 3485 4076 homo
3504 4041 3615 4080 cum

2036 4081 2124 4183 sis,
2149 4082 2275 4151 facis
2303 4086 2516 4155 teipsum
2550 4087 2709 4144 Deum
2737 4093 2913 4165 (Jaan.
2951 4101 3034 4154 l0.
3060 4103 3185 4172 55):
3213 4117 3265 4160 ut
3285 4114 3614 4183 ostendatur,

2037 4172 2173 4229 lianc
2200 4186 2480 4249 utramque
2507 4183 2932 4244 crin'iinationem
2975 4209 3042 4247 ex
3087 4196 3281 4254 invidia
3329 4172 3612 4273 proficisci:

2035 4277 2086 4321 et
2113 4282 2172 4322 se
2201 4278 2423 4372 utraque
2468 4273 2520 4327 in
2562 4291 2620 4331 re
2650 4277 2910 4336 insontem
2959 4300 3108 4354 esse;
3141 4305 3313 4361 neque
3359 4311 3418 4351 se
3445 4299 3613 4370 legem

2035 4372 2438 4461 praevaricatum
2467 4379 2602 4433 esse,
2640 4384 2737 4423 nec
2759 4387 2819 4426 se
2848 4373 2948 4428 sibi
2971 4391 3074 4431 non
3105 4394 3484 4451 congruentem
3510 4393 3614 4460 glo-

2035 4454 2168 4546 riam
2197 4454 2523 4546 attribuiss'e,
2556 4474 2676 4514 cum
2705 4475 2765 4517 se
2791 4463 2992 4522 diceret
3028 4473 3285 4541 :equalem
3313 4477 3489 4546 Patri,
3513 4454 3613 4538 eos

2034 4541 2085 4594 in
2115 4543 2347 4598 medium
2376 4547 2608 4617 adducit,
2642 4553 2730 4621 qui
2762 4554 2815 4608 in
2845 4567 3067 4628 utraque
3096 4577 3154 4616 re
3183 4564 3456 4624 fulserunt.
3476 4541 3611 4627 Nam

2034 4633 2243 4730 liloyses
2272 4637 2444 4707 legem
2476 4641 2718 4708 dederat,
2769 4659 3118 4721 poterantque
3143 4653 3311 4710 Judazi
3337 4663 3573 4730 cogitare
3597 4707 3609 4728 ,

2032 4727 2245 4800 Moysen
2273 4745 2376 4786 non
2401 4731 2630 4789 libenter
2672 4752 2948 4805 passurum
2999 4743 3164 4802 fuisse
3209 4753 3350 4819 quod
3377 4727 3461 4809 lex
3487 4772 3613 4811 con-

2031 4821 2348 4886 eulcaretur,
2381 4825 2530 4878 utilli
2574 4829 2846 4897 putabant,
2879 4848 2978 4887 nec
3018 4837 3196 4893 colere
3240 4843 3478 4910 potuisse
3514 4846 3613 4900 bo—

2032 4923 2168 5004 stem
2203 4913 2316 4982 ejus
2345 4915 2434 4999 qui
2461 4916 2628 4986 legem
2656 4917 2894 4976 dederat.
2926 4924 3070 4980 Elias
3097 4943 3241 4995 vero,
3274 4933 3363 5002 qui
3391 4949 3487 5004 pro
3519 4939 3610 4996 Dei

2029 5003 2196 5070 gloria
2222 5005 2336 5059 zelo
2363 5006 2544 5074 plenus
2566 5020 2698 5075 erat,
2724 5012 2766 5066 si
2796 5013 2905 5068 Deo
2933 5017 3270 5077 adversarius
3295 5003 3607 5097 illefuisset,

2031 5094 2073 5147 si
2103 5109 2160 5146 se
2187 5095 2350 5190 Deum
2383 5107 2436 5150 et
2462 5099 2598 5165 patri
2645 5103 2906 5171 :eqnalem
2949 5107 3085 5163 l'also
3133 5111 3376 5183 dixisset,
3405 5094 3610 5190 nequa;

2029 5200 2186 5253 quam
2214 5185 2489 5242 adfuturus
2517 5199 2570 5244 et
2598 5191 2670 5244 illi
2703 5193 3094 5266 obsequuturus
3117 5201 3320 5260 fuisset.

2099 5276 2152 5331 2.
2195 5274 2296 5330 Cur
2325 5277 2527 5348 Moyses
2552 5290 2598 5334 et
2623 5281 2768 5337 Elias
2799 5290 3233 5360 trans/igurau'oni
3251 5296 3604 5366 interfuerunt.

2030 5365 2171 5421 Petri
2216 5369 2462 5424 miracula
2511 5374 2675 5427 orbem
2729 5386 2888 5431 totum
2933 5391 3295 5440 converterunt.
3348 5417 3421 5427 —
3471 5389 3606 5446 Cum

2028 5477 2185 5532 supra
2211 5463 2367 5519 dictis
2395 5465 2558 5521 altera
2582 5477 2665 5522 est
2687 5470 2864 5526 adhuc
2891 5471 3114 5527 dicenda
3138 5489 3318 5530 causa.
3347 5479 3604 5546 Quianam

2029 5553 2155 5610 illa?
2180 5551 2250 5613 Ut
2295 5557 2561 5614 discerent
2591 5576 2710 5615 eum
2743 5572 2795 5616 et
2821 5563 2940 5618 vita:
2974 5574 3028 5619 et
3073 5568 3260 5621 mortis
3289 5579 3604 5638 potestatem

2029 5650 2245 5721 habere,
2275 5668 2337 5709 ac
2359 5653 2659 5709 caelestibus
2675 5653 2871 5725 pariter
2891 5665 3049 5727 atque
3066 5665 3295 5715 terrenis
3313 5665 3600 5733 imperare.

3270 5795 3307 5852 6
