4074 6144
450 261 542 314 δεη
1194 253 1247 308 s.
1287 251 1562 306 mmsis
1598 247 2065 303 cui-.vsosrout
2107 251 2418 312 AllCHlEP.
2459 258 2982 320 CONSTANTINOP.

449 380 787 446 Quapropter
813 381 864 427 et
889 388 1006 426 eum
1032 413 1044 434 ,
1075 371 1162 441 qui
1205 380 1444 424 mortuus
1482 377 1595 423 erat
1619 411 1632 432 ,
1663 379 1716 422 et
1743 382 1860 421 eum
1887 407 1902 433 ,
1933 367 2020 434 qui

451 467 683 523 nondum
715 463 937 526 obierat,
974 463 1023 515 in
1053 460 1282 514 medium
1330 459 1559 513 adducit.
1594 458 1840 525 Quintam
1892 471 2019 512 cau-

449 576 563 614 sam
599 561 742 629 (nam
773 566 916 611 certe
963 554 1142 625 quinta
1173 567 1396 606 numero
1417 555 1518 622 est)
1553 551 1705 605 all‘ert
1743 550 2018 619 evangeli-

447 662 552 704 sta.
574 651 825 717 Quaenam
865 647 949 700 illa
973 646 1092 700 est?
1129 643 1195 700 Ut
1229 644 1402 698 crucis
1441 642 1658 713 gloriam
1693 641 2018 704 ostenderet,

449 744 772 810 Petrumque
823 754 885 791 ac
921 738 1154 807 reliquos
1191 736 1484 798 solaretur,
1515 733 1601 802 qui
1634 733 1930 801 passionem
1960 732 2023 785 ti-

453 833 688 894 mebant,
720 831 1060 898 ipsorumque
1101 826 1308 879 animos
1351 825 1594 891 erigeret.
1625 823 1754 876 Nam
1782 837 1900 875 cum
1926 821 2019 874 illo

451 924 810 984 advenissent,
844 935 950 973 non
978 918 1244 981 tacebant,
1265 916 1356 971 sed
1389 915 1736 985 loquebantur
1768 913 1834 968 de
1855 913 2018 982 gloria

453 1026 610 1080 quam
645 1013 662 1044 ί
688 1010 1050 1079 completurus
1077 1017 1189 1062 erat
1219 1007 1270 1060 in
1309 1005 1600 1059 Jerusalem
1631 1003 1778 1072 (Luc.
1811 1003 1858 1058 9.
1895 1003 2016 1071 5i);

453 1103 502 1159 id
524 1111 628 1170 est,
657 1102 725 1157 de
753 1101 999 1171 passione
1026 1108 1080 1154 et
1104 1112 1297 1163 cruce;
1326 1098 1402 1152 sic
1431 1097 1571 1151 enim
1605 1096 1769 1163 ipsam
1809 1108 2019 1161 semper

449 1198 666 1240 vocant.
698 1185 1022 1252 Nequehinc
1055 1194 1257 1238 tantum
1284 1186 1403 1236 illos
1434 1184 1654 1244 excitat,
1689 1183 1779 1236 sed
1814 1198 1874 1234 ex
1909 1184 2024 1250 ipsa

451 1277 694 1330 virorum
717 1274 936 1334 virtute,
957 1287 1118 1342 quam
1137 1272 1250 1341 ipse
1269 1273 1322 1325 in
1341 1271 1450 1325 illis
1469 1270 1703 1324 maxime
1725 1268 2022 1338 quaerebat.

449 1376 576 1440 Quia
604 1373 744 1428 enim
781 1372 1005 1436 dixerat,
1053 1371 1114 1426 Si
1137 1373 1248 1442 quis
1287 1371 1392 1424 vult
1421 1377 1532 1439 post
1570 1385 1648 1422 me
1676 1368 1853 1425 venire.
1880 1366 2021 1420 tollat

449 1480 645 1517 crucem
676 1479 819 1515 suam
865 1471 912 1515 et
956 1471 1189 1531 sequatur
1229 1477 1323 1524 me,
1354 1473 1477 1524 eos,
1521 1457 1607 1527 qui
1656 1472 1748 1524 pro
1791 1457 1881 1508 Dei
1929 1456 2020 1510 bc-

451 1555 736 1625 neplacito,
765 1562 817 1609 et
842 1569 934 1622 pro
965 1554 1063 1609 sibi
1092 1553 1376 1606 commisso
1422 1553 1612 1620 pupqu
1649 1549 1791 1602 mille
1822 1556 2018 1601 mortes

452 1647 711 1713 obierant,
746 1646 795 1697 in
818 1644 1046 1699 medium
1077 1643 1308 1697 adducit.
1333 1641 1568 1710 Uterque
1617 1641 1756 1692 enim
1789 1639 2016 1692 animam

454 1737 701 1806 perdidit,
737 1745 789 1789 et
817 1737 1013 1789 invenit
1056 1749 1191 1788 eam.
1231 1733 1464 1800 Uterque
1506 1739 1688 1784 contra
1739 1738 2015 1799 tyrannum

451 1841 755 1885 constanter
792 1844 852 1881 ac
886 1827 1050 1881 libere
1093 1825 1268 1889 stetit;
1327 1824 1413 1878 ille
1461 1831 1644 1876 contra
1687 1819 2019 1889 1Egyptium,

452 1924 537 1976 hic
563 1933 742 1975 contra
793 1920 1091 1980 Achabum,
1125 1918 1279 1985 idque
1329 1931 1422 1984 pro
1449 1914 1664 1982 ingratis
1703 1922 1755 1968 ct
1805 1912 2017 1966 inobse-

450 2014 734 2082 quentibus
767 2012 1088 2065 hominibus.
1122 2010 1183 2063 Et
1213 2010 1278 2063 ab
1309 2009 1392 2073 iis,
1423 2023 1645 2078 quorum
1691 2006 1844 2058 saluti
1870 2003 2019 2058 advi-

450 2105 702 2174 gilabant,
732 2105 782 2156 in
838 2112 1130 2156 extremum
1177 2101 1277 2154 acti
1327 2107 1449 2153 sunt
1502 2095 1813 2165 periculum,
1864 2103 2021 2164 atque

454 2207 673 2264 uterque
705 2204 761 2246 ut
814 2195 930 2247 illos
979 2193 1045 2246 ab
1090 2191 1384 2245 idololatria
1421 2190 1746 2252 retraheret;
1780 2197 1841 2243 et
1865 2187 2021 2240 ambo

455 2285 638 2353 privati
661 2284 902 2336 homines
929 2297 1048 2336 esse
1074 2280 1388 2335 videbantur
1413 2297 1424 2330 :
1453 2279 1536 2332 ille
1563 2279 1733 2347 lingua
1765 2276 1942 2330 tardus
1969 2284 2022 2330 et

454 2375 576 2430 exili
606 2389 737 2428 vnce
765 2382 908 2435 erat;
933 2373 1018 2426 hic
1051 2371 1274 2440 agrestis
1303 2369 1400 2423 viri
1430 2383 1578 2422 more
1605 2368 1791 2436 agebat
1821 2382 1834 2418 :
1866 2369 2020 2418 ambo

455 2479 711 2536 pauperes
738 2464 1020 2518 admodum
1047 2469 1200 2516 erant
1231 2477 1245 2513 :
1277 2475 1394 2513 nam
1429 2474 1601 2528 neque
1634 2457 1842 2526 Moyses
1863 2455 2018 2525 quid-

455 2559 592 2627 piam
620 2556 943 2627 possidebat,
972 2568 1140 2624 neque
1169 2553 1377 2616 Helias;
1413 2549 1574 2622 (quid
1605 2549 1744 2603 enim
1774 2547 1891 2617 plus
1922 2544 2021 2600 ba-

455 2650 586 2716 buit,
613 2664 768 2719 quain
797 2645 1104 2717 tneloten?)
1143 2655 1197 2701 et
1247 2645 1360 2699 hanc
1411 2645 1461 2697 in
1508 2641 1672 2698 veteri
1718 2639 1854 2710 lege,
1903 2653 2020 2693 cum

457 2741 686 2797 noiidum
769 2749 966 2794 tantam
1027 2738 1294 2808 signorum
1373 2733 1597 2806 gratiam
1675 2731 2022 2802 accepissent.

460 2831 676 2886 Etiamsi
698 2831 836 2885 enim
864 2829 1070 2900 Moyses
1097 2843 1242 2882 mare
1268 2826 1525 2891 diviserit,
1555 2834 1608 2878 at
1637 2823 1824 2878 Petrus
1866 2837 2025 2891 super

455 2939 620 2993 aqtias
645 2923 950 2988 ambulavit,
979 2931 1032 2975 et
1060 2928 1270 2974 montes
1300 2917 1583 2973 transferre
1608 2921 1850 2983 poterat,
1884 2927 2026 2966 mor-

455 3016 552 3070 bos
571 3017 740 3070 omnis
769 3013 979 3083 generis
1007 3011 1246 3075 curabat,
1270 3009 1472 3064 feroces
1499 3006 1771 3061 daemonas
1795 3003 2023 3073 fugabat,

458 3122 747 3177 magnaque
797 3105 882 3158 illa
934 3103 1169 3173 prodigia
1211 3115 1305 3170 per
1357 3098 1599 3153 umbram
1665 3096 1904 3164 corporis
1944 3093 2024 3147 sui

457 3199 666 3262 edebat,
701 3205 975 3264 totumque
1020 3193 1204 3248 orbem
1234 3191 1516 3247 convertit.
1572 3188 1628 3244 Si
1676 3197 1851 3241 autem
1882 3185 2025 3239 Elias

460 3300 726 3343 mortuum
784 3285 1094 3350 suscitavit;
1140 3293 1193 3339 at
1237 3283 1311 3338 illi
1359 3291 1636 3338 sexcentos
1683 3279 2023 3340 suscitarunt,

457 3379 666 3434 etiamsi
693 3378 926 3433 nondum
967 3377 1223 3447 Spiritum
1249 3384 1488 3430 sanctum
1531 3375 1874 3441 accepissent.
1907 3370 2027 3426 Illos

461 3477 637 3542 itaque
683 3471 782 3526 hac
827 3471 896 3527 de
942 3485 1098 3525 causa
1153 3470 1203 3523 in
1255 3469 1487 3524 medium
1531 3465 1747 3521 adduxit
1779 3482 1792 3518 :
1822 3464 2030 3520 volebat

461 3565 600 3618 enim
628 3563 1128 3632 discipuloseorum
1163 3561 1227 3614 ad
1278 3560 1529 3631 pepulum
1570 3556 1869 3612 ducendum
1919 3568 2029 3610 stu-

459 3655 604 3708 dium
632 3654 846 3718 imitari,
878 3653 1087 3708 illorum
1114 3653 1487 3716 conStantiam,
1517 3650 1818 3705 firmitatem
1850 3661 2031 3703 :esse-

460 3761 560 3815 que
589 3745 759 3808 mites,
797 3752 854 3797 ut
880 3744 1086 3816 Moyses
1116 3755 1246 3810 erat,
1300 3744 1414 3798 zelo
1453 3743 1640 3813 plenos
1668 3751 1722 3797 ut
1761 3743 1923 3806 Elias,
1952 3743 2027 3797 si-

462 3837 759 3907 militerque
797 3836 1071 3890 sollicitos.
1111 3836 1263 3891 Alter
1292 3836 1434 3892 cnim
1488 3835 1801 3890 triennalem
1835 3834 2024 3888 famem

463 3931 579 3984 tulit
607 3939 818 4000 propter
845 3930 1095 4002 pepulum
1118 3929 1390 3985 Iudaicum
1418 3947 1431 3994 ;
1464 3931 1599 3986 alter
1627 3945 1752 3983 vero
1781 3927 1988 3984 diccbat
2011 3945 2024 3981 ε

464 4019 520 4071 Si
545 4019 743 4087 quidem
772 4020 978 4074 dimittis
1004 4022 1128 4089 ipsis
1162 4031 1435 4092 percolunt,
1465 4023 1693 4088 dimitte;
1721 4025 1798 4076 sin
1825 4024 1990 4079 minus
2008 4064 2024 4091 ,

463 4111 572 4163 dele
600 4127 676 4162 me
700 4112 761 4165 de
783 4111 907 4164 libro
935 4129 1081 4180 quem
1109 4114 1351 4183 scripsisti
1382 4113 1401 4182 (
1426 4114 1590 4167 Ea'od.
1623 4114 1708 4168 39..
1739 4113 1806 4168 52
1835 4114 1874 4184 ).
1908 4115 2030 4168 Hac

463 4201 636 4255 omnia
669 4202 792 4269 ipsis
823 4217 914 4270 per
937 4202 1072 4256 hanc
1097 4203 1350 4256 visionem
1383 4204 1433 4257 in
1459 4214 1689 4258 mentcnt
1722 4205 2028 4260 revocabat.

464 4291 593 4345 Nam
625 4293 674 4346 in
705 4292 924 4360 gloriam
958 4293 1098 4345 illam
1131 4291 1348 4348 adduxit
1383 4297 1557 4361 ipsos;
1607 4311 1708 4349 non
1737 4305 1796 4350 ut
1827 4299 1876 4350 in
1926 4297 2030 4352 illis

464 4393 682 4448 starent,
715 4384 806 4436 sed
838 4393 896 4437 ut
923 4393 1210 4438 scammata
1243 4385 1583 4440 transilirent.
1612 4387 1833 4454 Quando
1864 4389 2021 4456 igitur

465 4476 729 4538 dixerunt,
759 4474 999 4529 Dicamus
1035 4475 1200 4546 ignem
1228 4476 1291 4530 de
1317 4476 1437 4530 caelo
1460 4479 1774 4545 descendere,
1823 4491 1876 4537 et
1903 4483 2029 4538 Elia:

470 4565 729 4621 recordati
753 4574 893 4631 sunt,
919 4567 1006 4636 qui
1041 4568 1141 4621 hoc
1167 4567 1386 4631 fecerat,
1415 4572 1488 4623 ait
1510 4570 1612 4624 illis
1642 4589 1655 4625 :
1690 4571 1906 4628 Nescitis
1937 4593 2025 4629 cu-

465 4659 545 4724 ius
569 4657 776 4724 spiritus
799 4657 908 4710 silis
939 4657 1086 4727 (Luc.
1115 4659 1166 4712 9.
1197 4659 1283 4713 54.
1307 4660 1429 4729 55);
1459 4661 1524 4716 ad
1555 4662 1864 4731 injuriarnm
1894 4668 2031 4720 oblis

466 4763 672 4802 vacnem
706 4748 822 4803 illos
851 4749 1137 4804 adhortans
1165 4753 1231 4807 ob
1256 4752 1630 4810 charismatum
1662 4757 2029 4816 differentiam.

465 4839 540 4893 Nc
569 4848 722 4894 notes
754 4855 850 4895 nos
882 4841 1048 4896 Eliam
1099 4852 1154 4896 Iit
1200 4845 1564 4913 imperfectum
1607 4848 1859 4905 damnare
1889 4871 1900 4905 :
1927 4869 2032 4908 non

465 4930 606 4981 enim
635 4930 735 4986 hoc
759 4932 983 4986 dicimus
1006 4949 1021 4999 ;
1053 4935 1249 4988 etenim
1277 4935 1560 4992 admodum
1608 4941 1872 5008 perfecms
1897 4956 2029 4998 erat.

467 5019 665 5074 Verum
693 5024 1018 5091 temporibus
1035 5027 1171 5090 suis,
1195 5043 1314 5081 cum
1345 5031 1595 5094 puerilior
1624 5041 1746 5087 tunc
1767 5050 1915 5088 mens
1947 5036 2034 5088 ho-

469 5109 671 5162 minum
702 5121 863 5174 esset,
909 5113 1009 5166 hac
1034 5130 1164 5181 opus
1192 5127 1305 5170 erat
1335 5119 1668 5177 institutione
1702 5139 1859 5178 :nam
1891 5126 2037 5199 Moy-

468 5215 554 5253 ses
579 5214 788 5269 quoque
813 5199 912 5254 hac
939 5202 1141 5256 ratione
1157 5205 1416 5270 perfectus
1437 5218 1582 5276 erat;
1613 5214 1704 5268 sed
1733 5215 1847 5284 plus
1868 5218 2025 5288 exigi-

470 5300 555 5343 tur
579 5291 647 5344 ab
674 5289 924 5358 aposwlis
958 5307 1115 5361 quam
1157 5293 1223 5347 ab
1262 5293 1370 5349 illo.
1402 5297 1520 5352 Nisi
1543 5303 1677 5355 enim
1717 5305 2036 5360 abundaverit

459 5379 658 5446 iustitia
683 5393 841 5434 vestra
863 5382 976 5451 plus
997 5401 1146 5453 quam
1162 5387 1435 5443 scribarum
1462 5402 1505 5446 et
1526 5392 1918 5463 Pharisa'orum,
1938 5416 2035 5452 non

469 5469 713 5522 tunabitis
743 5472 793 5522 in
822 5489 1026 5541 regnum
1047 5479 1282 5531 arctorum
1314 5479 1522 5550 (Matth.
1551 5485 1602 5538 5.
1627 5485 1735 5554 20).
1765 5487 1878 5542 Non
1897 5491 2034 5544 enim

524 5619 539 5643 ‘
596 5623 735 5672 Juxta
758 5626 875 5675 alios
893 5636 942 5676 et
967 5630 1081 5678 Bibl.
1105 5630 1364 5695 legendtun
1395 5649 1487 5700 est,
1513 5641 1573 5690 de
1597 5653 1792 5691 excessu
1813 5657 1970 5709 quem.

3591 277 3698 332 552

2132 369 2182 463 ln
2210 368 2495 442 )‘Egyptum
2531 377 2750 446 ingressi
2775 392 2913 447 sunt,
2948 383 3040 438 sed
3070 385 3118 437 in
3150 387 3330 441 orbem
3355 397 3543 456 totum,
3571 409 3696 463 gra-

2125 461 2242 518 vius
2293 471 2346 516 et
2392 465 2542 532 pejus
2594 467 2838 524 allectum
2879 487 3036 541 quam
3079 473 3312 545 Egyptii
3363 461 3696 538 erantzinon

2126 551 2454 609 Pharaonem
2499 558 2840 628 alloquuturi,
2876 565 2969 618 sed
3000 579 3117 619 cum
3165 567 3374 624 diabolo
3417 575 3698 641 pugnaturi

2125 659 2240 711 lpSO
2266 649 2516 715 nequitiae
2545 661 2788 720 tyranno.
2821 654 2950 709 Nam
2987 666 3254 713 certamen
3302 661 3430 727 ipsis
3471 673 3606 727 erat,
3639 674 3699 718 ut

2125 732 2270 788 illum
2295 737 2588 806 alligarent,
2621 751 2674 795 et
2696 759 2819 798 vasa
2845 743 2961 814 ejus
3003 747 3296 816 diriperent
3333 753 3543 817 omnia;
3569 753 3696 806 illud

2125 840 2250 880 vero
2273 826 2554 896 faciebant,
2581 847 2684 885 non
2712 849 2857 888 mare
2905 836 3220 904 dividentes,
3252 841 3344 894 sed
3373 857 3466 910 per
3494 844 3695 912 virgam

2122 913 2288 970 Jessaa
2317 917 2632 986 profundum
2677 924 2964 993 impietatis
2990 927 3339 995 dissecantes,
3369 933 3536 987 multo
3569 948 3695 1003 gra-

2125 1006 2356 1062 vioribus
2377 1011 2628 1078 agitatum
2662 1013 2924 1070 ﬂuctibus.
2957 1017 3086 1072 Vide
3114 1019 3272 1088 igitur
3298 1030 3427 1090 quot
3467 1035 3696 1091 quanta-

2123 1111 2226 1166 que
2269 1110 2483 1168 essent,
2530 1117 2649 1171 quae
2693 1104 2994 1163 hominibus
3049 1119 3308 1167 terrorem
3351 1114 3692 1171 incuterent:

2122 1201 2288 1248 mors,
2317 1199 2622 1258 paupertas,
2655 1192 2892 1262 infamia,
2924 1199 3067 1252 mille
3090 1200 3249 1264 mala,
3297 1205 3573 1272 magisque
3606 1205 3695 1258 illa

2121 1284 2248 1330 tunc
2276 1279 2546 1346 timebant,
2583 1298 2739 1352 quam
2779 1284 2948 1340 Juda-i
2973 1288 3096 1342 olim
3128 1291 3346 1360 pelagus
3369 1293 3518 1348 illud.
3544 1297 3696 1348 Atta-

2122 1379 2242 1418 men
2269 1368 2434 1420 suasit
2462 1369 2562 1423 illis
2591 1379 2645 1423 ut
2671 1371 2784 1426 hinc
2811 1377 2988 1428 omnia
3021 1377 3244 1432 ﬁdenter
3260 1381 3693 1450 aggrederentur,

2122 1462 2175 1507 et
2200 1471 2316 1508 cum
2342 1472 2530 1525 magna
2558 1462 2839 1517 securitate
2865 1467 3014 1534 quasi
3042 1483 3137 1535 per
3161 1469 3358 1523 siccum
3387 1473 3695 1528 transirent.

2123 1545 2201 1600 Ad
2234 1547 2343 1600 haec
2372 1549 2530 1618 igitur
2563 1554 2740 1606 omnia
2788 1557 2930 1623 ipsos
2969 1559 3277 1623 concitans,
3329 1562 3448 1616 illos
3477 1563 3698 1618 adduxit

2123 1637 2279 1704 quiin
2307 1636 2482 1693 Veteri
2517 1642 2851 1698 refulserant.
2899 1646 3034 1713 Quid
3071 1649 3226 1717 igitur
3254 1651 3442 1706 Petrus
3485 1653 3696 1709 fervens

2125 1726 2246 1780 ille?
2272 1728 2322 1781 4.
2355 1728 2550 1783 Bonum
2575 1743 2647 1785 est
2681 1750 2771 1788 nos
2805 1736 2885 1788 hic
2918 1754 3038 1791 esse.
3086 1740 3216 1806 Quia
3255 1745 3394 1796 enim
3439 1744 3696 1808 audierat,

2124 1817 2293 1885 ipsum
2321 1819 2701 1892 Jcrosolymam
2735 1839 3016 1882 venturum
3043 1837 3099 1882 et
3134 1845 3410 1897 passurum
3459 1848 3597 1902 esse,
3633 1850 3694 1888 ca

2123 1908 2191 1962 de
2207 1925 2362 1964 causa
2386 1912 2558 1967 adhuc
2576 1914 2767 1969 timens
2795 1927 2848 1970 et
2869 1927 3121 1984 tremens,
3137 1932 3257 1990 post
3279 1923 3695 1993 increpationem

2124 2000 2267 2054 illam
2296 2018 2398 2057 non
2430 2005 2590 2059 audet
2615 2007 2824 2076 quidem
2854 2009 3110 2066 accedere
3157 2028 3218 2067 ac
3264 2014 3440 2068 dicere
3467 2031 3478 2065 :
3506 2015 3696 2082 Propi-

2125 2091 2222 2144 tius
2248 2092 2333 2145 tibi
2355 2095 2416 2147 sit
2439 2093 2648 2162 (Matth.
2682 2097 2766 2151 16.
2786 2099 2902 2168 22),
2934 2101 3026 2154 sed
3056 2103 3243 2156 timore
3269 2104 3441 2158 adhuc
3485 2117 3692 2174 captus,
3777 2141 3784 2148 -

2123 2183 2306 2237 eadem
2337 2184 2466 2252 ipsa,
2493 2187 2584 2240 sed
2614 2203 2709 2256 per
2734 2190 2832 2242 alia
2865 2191 3022 2246 verba
3051 2193 3369 2249 subindicat.
3395 2195 3524 2262 Quia
3555 2198 3698 2251 enim

2125 2284 2356 2328 montem
2413 2278 2623 2332 videbat
2674 2290 2728 2334 et
2767 2291 2968 2338 vastam
3025 2285 3386 2353 solitudinem,
3435 2288 3698 2358 cogitabat

2125 2378 2367 2430 magnam
2399 2365 2469 2419 ibi
2523 2370 2858 2424 securitatem
2907 2388 2938 2427 a
2980 2373 3098 2430 loco
3136 2389 3293 2440 esse;
3347 2392 3445 2432 nec
3475 2378 3633 2433 modo
3667 2393 3699 2432 a

2126 2451 2262 2515 loco,
2295 2455 2386 2509 sed
2415 2458 2550 2524 quod
2573 2469 2790 2528 cuperet
2819 2461 2989 2529 ipsum
3020 2481 3124 2519 non
3157 2467 3290 2521 ultra
3311 2466 3698 2540 Jcrosolymam

2126 2544 2313 2599 adire:
2348 2547 2455 2600 vult
2504 2549 2645 2602 enim
2694 2566 2813 2605 eum
2856 2553 2926 2607 ibi
2975 2566 3229 2624 perpetuo
3271 2573 3484 2612 manere
3521 2576 3535 2612 :
3579 2558 3703 2612 ideo

2129 2635 2461 2691 tabernacula
2489 2649 2766 2695 memorat.
2813 2641 2871 2697 Si
2898 2646 3038 2699 enim
3070 2646 3172 2701 hoc
3220 2647 3329 2708 fiat,
3359 2649 3558 2719 inquit,
3591 2665 3697 2703 non

2129 2726 2261 2781 ultra
2287 2726 2670 2799 Jerosolymam
2696 2734 3077 2803 ascendemus;
3117 2739 3160 2793 si
3203 2754 3308 2794 non
3329 2741 3696 2802 ascendamus.

2129 2816 2214 2872 ille
2239 2835 2344 2873 non
2374 2824 2647 2877 morietur.
2678 2825 2750 2879 lbi
2781 2841 3009 2898 namque
3033 2830 3243 2886 dicebat
3270 2833 3474 2888 scribas
3515 2848 3574 2888 se
3611 2850 3701 2905 ag-

2127 2924 2404 2978 gressuros
2437 2927 2576 2968 esse.
2609 2915 2712 2971 Sed
2739 2933 2840 2971 non
2867 2935 3027 2975 ausus
3048 2929 3128 2976 est
3155 2923 3224 2976 ita
3252 2923 3430 2994 loqui;
3471 2925 3585 2979 hac
3608 2941 3701 2978 au-

2131 3009 2233 3055 tem
2262 3001 2518 3070 perlicere
2541 3006 2747 3071 volens,
2780 3024 2969 3064 secure
3007 3011 3217 3066 dicebat
3249 3033 3262 3066 :
3289 3014 3482 3067 Bonum
3511 3025 3582 3069 est
3611 3033 3702 3069 nos

2129 3091 2211 3142 hic
2238 3107 2363 3157 esse,
2397 3093 2485 3148 ubi
2514 3104 2565 3149 et
2587 3095 2795 3169 Moyses
2821 3107 2874 3153 et
2903 3099 3050 3155 Elias
3073 3103 3264 3157 adsunt
3288 3123 3300 3157 :
3331 3103 3491 3168 Elias,
3524 3107 3611 3175 qui
3635 3107 3702 3159 de

2129 3182 2257 3237 caelo
2286 3185 2458 3253 ignem
2481 3186 2532 3240 in
2558 3197 2792 3244 montem
2813 3190 3139 3249 descendere
3159 3195 3337 3262 jussit,
3368 3195 3700 3266 Moysesque,

2129 3275 2215 3345 qui
2249 3276 2299 3329 in
2324 3277 2598 3346 caliginem
2622 3281 2910 3350 ingressus,
2938 3298 3057 3339 cum
3091 3285 3200 3341 Deo
3231 3286 3477 3358 loquutus
3499 3299 3579 3343 est
3605 3305 3618 3341 :
3646 3298 3701 3342 et

2131 3379 2288 3421 nemo
2311 3367 2442 3422 sciet
2463 3369 2676 3424 ubinam
2699 3387 2903 3428 sumus.

2199 3459 2252 3512 5.
2304 3458 2576 3516 Visdistin’
2615 3461 2904 3521 ferventem
2959 3465 3151 3522 Christi
3207 3479 3496 3526 amatorem
3543 3472 3566 3524 εδ
3627 3471 3704 3526 Ne

2131 3563 2337 3618 quaeras
2375 3566 2531 3621 quam
2571 3554 2804 3622 prudens
2846 3565 2899 3611 et
2940 3568 3216 3614 accuratus
3262 3571 3406 3615 esset
3456 3561 3700 3616 hortandi

2131 3642 2349 3708 modus,
2403 3643 2498 3698 sed
2561 3659 2718 3713 quam
2768 3645 3011 3710 fervens,
3073 3659 3431 3720 quantumque
3484 3652 3704 3706 ardebat

2131 3747 2310 3789 amore
2341 3731 2557 3788 Christi.
2588 3735 2738 3803 Quod
2766 3737 2904 3792 enim
2927 3753 3047 3792 cum
3079 3739 3203 3794 illud
3223 3742 3440 3806 diceret,
3475 3757 3577 3797 non
3607 3759 3704 3812 pro

2131 3826 2310 3895 seipse
2338 3834 2540 3880 tantum
2570 3836 2820 3882 tremeret
2849 3829 2960 3884 huic
2988 3830 3234 3897 dicendo,
3261 3833 3378 3886 andi
3408 3833 3532 3904 quid
3561 3833 3703 3888 dicat

2131 3929 2250 3970 cum
2295 3913 2537 3970 Christus
2577 3926 2803 3972 mortem
2833 3932 2980 3972 suam
3024 3933 3077 3973 et
3122 3920 3340 3976 insidias
3383 3923 3481 3976 sibi
3529 3929 3700 3992 parari

2133 4005 2500 4075 praenuntiavit
2527 4023 2541 4059 :
2569 4007 2799 4060 Animam
2833 4025 2991 4062 meam
3029 4027 3120 4078 pro
3142 4021 3187 4064 te
3215 4027 3399 4080 ponam
3431 4028 3450 4067 :
3485 4014 3527 4066 si
3557 4031 3705 4082 apor-

2133 4099 2282 4152 tuerit
2305 4115 2384 4152 me
2412 4098 2541 4152 mori
2568 4107 2726 4152 tecum
2745 4140 2760 4166 ,
2793 4116 2890 4153 non
2928 4111 2973 4154 te
2999 4102 3183 4171 negabo
3211 4101 3230 4174 (
3257 4103 3417 4157 Marc.
3452 4105 3536 4160 14.
3569 4106 3629 4160 51
3659 4107 3701 4175 ).

2135 4187 2266 4244 Vide
2311 4192 2467 4244 ctiam
2508 4192 2775 4261 quomodo
2805 4193 2855 4246 in
2906 4195 3092 4248 mediis
3142 4183 3386 4262 periculis
3431 4198 3551 4252 vita;
3595 4213 3707 4254 suae

2135 4294 2317 4348 parum
2357 4284 2674 4337 consuleret.
2701 4282 2870 4337 Tanto
2909 4286 3048 4338 enim
3079 4287 3454 4343 circumstante
3481 4292 3705 4360 p0pulo,

2136 4388 2240 4425 non
2285 4374 2442 4427 modo
2477 4389 2582 4428 non
2611 4377 2832 4445 aufugit,
2879 4377 2970 4430 sed
2999 4377 3184 4431 stricto
3212 4378 3386 4448 gladio
3417 4382 3707 4448 amputavit

2135 4463 2423 4517 auriculam
2472 4465 2610 4518 servi
2651 4464 2961 4520 sacerdotis.
2993 4465 3081 4520 Sic
3121 4466 3209 4520 ille
3241 4482 3344 4521 non
3379 4468 3518 4538 quod
3551 4456 3706 4524 suum

2136 4562 2252 4609 erat
2296 4557 2646 4623 reSpiciebat,
2695 4557 2785 4611 sed
2839 4573 2935 4627 pro
2983 4560 3236 4629 magistro
3282 4575 3378 4614 suo
3425 4561 3706 4615 tremebat.

2140 4645 2338 4701 Deinde
2375 4647 2496 4716 quia
2541 4647 2781 4702 absolute
2825 4649 3068 4718 loquutus
3112 4647 3310 4713 fuerat,
3365 4649 3430 4704 ad
3475 4661 3708 4705 mentem

2137 4737 2310 4802 redit;
2339 4736 2632 4806 timensque
2663 4753 2727 4792 ne
2749 4753 2932 4793 rursus
2959 4740 3346 4808 increparetur,
3376 4740 3450 4794 ait
3481 4757 3494 4794 :
3525 4739 3587 4794 Si
3613 4742 3709 4807 vis,

2136 4824 2380 4893 faciamus
2410 4830 2490 4883 hic
2521 4831 2614 4883 (ria
2639 4832 2978 4893 tabernacula,
3011 4831 3096 4884 tibi
3120 4847 3294 4898 unum,
3331 4830 3501 4902 Moysi
3527 4849 3708 4897 unum,

2139 4928 2182 4970 et
2217 4917 2342 4972 Elia:
2369 4937 2548 4972 unum.
2575 4919 2710 4986 Quid
2755 4920 2904 4983 dicis,
2936 4921 3138 4976 Petre?
3168 4935 3344 4976 nonne
3389 4921 3543 4990 paulo
3584 4933 3711 4976 ante

2149 5029 2177 5067 a
2207 5011 2377 5064 servis
2422 5025 2540 5064 eum
2584 5013 2836 5080 separasri
2861 5013 2884 5063 ?
2911 5028 3005 5065 cur
3031 5028 3149 5065 cum
3191 5014 3360 5067 servis
3391 5013 3549 5067 modo
3577 5030 3708 5068 con—

2142 5098 2436 5154 numeras?
2474 5100 2656 5153 Viden’
2703 5115 2858 5169 quam
2909 5101 3199 5169 imperfecti
3250 5103 3323 5156 illi
3366 5113 3550 5157 essent
3585 5115 3710 5159 ante

2140 5188 2400 5243 crucem?
2437 5188 2566 5242 Nam
2595 5191 2636 5242 si
2686 5190 2841 5244 Pater
2881 5189 3038 5244 Petro
3087 5192 3361 5257 revelavit,
3407 5202 3461 5246 at
3489 5209 3591 5247 non
3619 5195 3710 5248 ditt

2142 5280 2515 5334 revelationem
2549 5280 2688 5333 illam
2719 5280 2953 5340 retinuit,
2979 5282 3070 5334 sed
3104 5297 3300 5350 pavore
3327 5283 3565 5337 turbatus
3603 5295 3707 5348 est,

2143 5385 2245 5422 non
2295 5371 2464 5423 solum
2511 5384 2576 5424 eo
2614 5385 2771 5439 quem
2815 5369 2957 5436 dixi,
2990 5371 3080 5425 sed
3123 5374 3280 5425 etiam
3311 5374 3415 5426 alio
3445 5389 3603 5442 quem
3645 5389 3711 5426 ex

2144 5460 2342 5513 visione
2389 5459 2476 5513 illa
2521 5467 2843 5528 susceperat.
2881 5461 2981 5513 Alii
3013 5460 3188 5529 itaque
3229 5464 3566 5532 evangelista:
3609 5461 3712 5516 hoc

2144 5551 2530 5620 significantes,
2577 5553 2769 5605 mentis
2814 5551 3215 5615 confusionem,
3265 5570 3364 5620 qua
3411 5553 3708 5608 afficieba-

2149 5650 2250 5706 tur,
2295 5655 2411 5694 cum
2453 5641 2565 5695 haec
2611 5641 2829 5709 diceret,
2859 5657 2924 5697 ex
2953 5657 3146 5712 pavore
3171 5643 3264 5698 illo
3285 5653 3583 5713 susceptam
3621 5642 3708 5698 de-
