4074 6144
351 438 579 492 clarant.
608 434 820 491 Marcus
843 434 1056 504 quidem
1092 431 1240 500 dicit,
1271 431 1393 487 Non
1421 433 1556 488 enim
1595 431 1780 486 sciebat
1814 431 1934 499 quid

354 531 644 599 loqueretur
693 543 711 581 :
751 527 1002 597 perterriti
1044 541 1260 595 namque
1301 527 1504 596 fuerunt
1529 523 1548 594 (
1573 523 1738 578 Marc.
1762 521 1814 577 9.
1841 523 1936 592 6).

354 617 524 673 Lucas
547 633 676 672 vero
694 625 974 686 postquam
1002 615 1153 679 dixit,
1178 613 1451 667 Faciamus
1478 623 1514 666 ti
1526 614 1574 666 ia
1593 612 1936 678 tabernacula,

351 710 534 765 statim
564 707 860 775 subiunxit,
891 705 1133 760 Nesciens
1157 705 1279 775 quid
1307 705 1490 757 diceret
1526 702 1696 774 (Luc.
1721 703 1774 758 9.
1808 703 1936 771 '55).

356 802 561 857 Deinde
601 800 906 872 significans
947 809 1000 853 et
1026 799 1176 852 illum
1206 805 1262 852 et
1285 797 1418 851 alios
1448 797 1638 850 timore
1666 804 1940 864 correptos

353 891 557 960 fuisse,
586 892 661 946 ait
710 909 722 944 :
767 889 975 944 Cravati
1015 905 1191 944 somno
1234 898 1375 943 erant
1413 904 1432 942 :
1469 905 1583 941 cum
1624 888 1940 957 evigilassent

352 994 523 1036 autem
541 1023 556 1046 ,
590 982 820 1037 viderunt
847 981 1062 1052 gloriam
1095 981 1206 1050 ejus
1233 977 1411 1052 (Ibid.
1439 995 1488 1033 v.
1517 978 1586 1032 52
1609 976 1630 1050 )
1655 995 1670 1042 ;
1695 993 1937 1032 somnum

351 1089 482 1129 vero
505 1074 590 1129 hic
619 1082 774 1128 vocat
798 1087 1047 1142 soporem
1075 1071 1222 1125 illum
1249 1071 1339 1142 qui
1375 1086 1441 1125 ex
1489 1070 1582 1124 tali
1615 1069 1823 1125 visione
1852 1085 1940 1123 ac-

351 1167 502 1223 cidit.
532 1167 664 1222 Nam
683 1168 844 1221 veluti
867 1166 1005 1221 oculi
1036 1179 1099 1220 ex
1139 1164 1305 1218 nimio
1335 1163 1541 1233 fulgore
1574 1162 1938 1217 obtenebran-

352 1269 441 1312 tur
465 1299 481 1323 ,
531 1258 610 1313 sic
647 1268 704 1314 et
747 1257 849 1312 illis
895 1256 1092 1312 evenit.
1125 1255 1307 1326 Neque
1344 1255 1488 1309 enim
1533 1269 1637 1308 nox
1665 1263 1803 1320 erat,
1844 1253 1938 1308 sed

351 1348 473 1404 dies
504 1365 518 1402 :
553 1358 608 1402 et
649 1347 919 1402 radiorum
963 1345 1216 1416 splendor
1256 1344 1530 1399 oculorum
1577 1343 1936 1398 infirmitatem

349 1443 626 1512 gravabat.
675 1439 810 1506 Quid
851 1439 1062 1508 igitur?
1102 1438 1220 1506 Ipse
1261 1435 1477 1507 quidem
1524 1435 1654 1490 nihil
1683 1435 1934 1505 loquitur,

351 1546 526 1601 neque
549 1531 757 1601 Moyses
776 1571 792 1596 ,
825 1544 996 1598 neque
1023 1528 1169 1583 Elias
1201 1547 1213 1582 :
1243 1527 1338 1583 sed
1365 1529 1456 1598 qui
1481 1527 1730 1583 omnibus
1768 1526 1939 1596 major

349 1629 410 1674 et
454 1619 558 1674 fide
598 1619 807 1690 dignior
836 1628 952 1682 est,
1003 1619 1162 1673 Pater
1205 1634 1390 1673 vocem
1436 1619 1631 1673 emittit
1673 1634 1737 1672 ex
1777 1618 1934 1672 nube.

351 1711 461 1766 Cur
488 1728 555 1767 ex
585 1712 722 1766 nube
744 1713 768 1766 ?
788 1711 878 1766 Sic
903 1726 1117 1780 semper
1147 1719 1369 1779 apparet
1395 1711 1536 1765 Deus
1567 1728 1579 1764 :
1614 1727 1734 1765 nam
1766 1709 1938 1764 Nubes

350 1815 400 1857 et
450 1803 614 1873 caligo
646 1806 700 1857 in
729 1803 944 1856 circuitu
971 1804 1082 1872 ejus
1126 1804 1144 1871 (
1173 1801 1319 1856 Psal.
1339 1801 1426 1856 96.
1459 1802 1532 1871 2)
1557 1822 1572 1866 ;
1610 1811 1662 1856 et
1707 1816 1890 1856 rursus
1920 1819 1934 1854 :

354 1893 457 1959 Qui
484 1895 625 1965 ponit
651 1894 803 1950 nubes
827 1910 1094 1953 ascensum.
1113 1893 1301 1962 suum(
1330 1892 1938 1964 Psal.105.3);iterum-

351 2002 478 2054 que,
531 1985 778 2044 Dominus
815 1985 948 2042 sedet
988 1987 1040 2038 in
1085 1984 1214 2038 nube
1253 1985 1350 2040 levi
1375 1984 1394 2054 (
1419 1983 1548 2038 lsai.
1581 1984 1669 2038 i9.
1701 1986 1723 2038 Ι
1762 1986 1816 2053 );
1847 1993 1934 2051 et,

353 2076 528 2131 Nubes
558 2076 776 2144 suscepit
805 2092 918 2128 eum
948 2074 1009 2127 ab
1048 2074 1209 2128 oculis
1235 2090 1409 2128 eorum
1431 2075 1448 2144 (
1473 2074 1586 2126 Act.
1621 2076 1670 2129 l.
1695 2073 1769 2142 9)
1799 2091 1812 2138 ;
1846 2086 1897 2128 et
1918 2116 1932 2140 ,

356 2167 515 2234 Quasi
529 2165 573 2218 F
576 2164 925 2220 iliushominis
948 2166 1146 2220 veniens
1172 2167 1227 2218 in
1263 2165 1473 2219 nubibus
1510 2165 1529 2235 (
1554 2165 1686 2218 Dan.
1713 2167 1764 2219 7.
1799 2167 1864 2220 13
1894 2170 1932 2236 ).

353 2262 424 2318 Ut
456 2264 613 2334 igitur
637 2261 858 2317 credant
885 2263 953 2318 ab
979 2262 1098 2332 ipso
1144 2262 1255 2317 Deo
1287 2277 1470 2317 vocem
1500 2262 1663 2328 ferri,
1697 2264 1820 2318 inde
1845 2281 1935 2317 vc-

351 2357 450 2421 nit,
473 2367 528 2412 et
551 2356 720 2410 nubes
747 2355 918 2409 lucida
941 2363 1057 2410 erat
1085 2373 1098 2408 :
1133 2370 1252 2408 nam
1287 2355 1338 2408 5.
1374 2355 1554 2408 Adhuc
1587 2372 1661 2410 eo.
1682 2357 1928 2422 loquente,

348 2464 462 2502 ecce
483 2448 636 2502 nubes
674 2447 844 2501 lucida
875 2445 1186 2500 obumbravit
1215 2462 1316 2500 eos.
1350 2446 1414 2499 Et
1457 2463 1568 2500 ecce
1592 2463 1689 2500 vos:
1718 2447 1779 2500 de
1807 2447 1935 2500 nube

349 2540 520 2594 dicens
547 2555 567 2593 :
592 2537 694 2593 Hic
725 2547 796 2593 est
822 2536 988 2592 Filius
1027 2553 1164 2592 meus
1193 2537 1426 2604 dilectus,
1451 2539 1517 2592 in.
1538 2556 1636 2606 quo
1663 2539 1787 2591 mihi
1813 2540 1933 2592 bene

347 2630 633 2698 complacui
654 2645 673 2681 :
700 2628 866 2697 ipsum
900 2628 1090 2680 audite.
1120 2627 1348 2695 Quando
1385 2628 1527 2683 enim
1567 2630 1816 2692 minatur,
1851 2638 1930 2682 te-

347 2718 634 2774 nebrosam
666 2716 860 2773 nubem
887 2716 1154 2780 ostendit,
1183 2717 1635 2788 quemadmodum
1676 2719 1731 2772 in
1758 2719 1883 2773 Sina
1915 2736 1928 2771 :

347 2808 566 2862 Intravit
596 2809 762 2872 enim,
806 2807 899 2870 ait,
926 2808 979 2861 in
1007 2810 1186 2862 nubent
1229 2817 1277 2861 et
1319 2809 1371 2861 in
1411 2809 1676 2878 caliginem
1706 2807 1930 2878 Moyses,

344 2910 394 2954 et
442 2899 577 2952 velut
624 2914 783 2968 vapor
825 2899 897 2952 ita
947 2898 1202 2969 ferebatur
1240 2902 1414 2970 fumus
1442 2899 1632 2968 (Exod.
1656 2899 1746 2954 24.
1781 2901 1848 2955 18
1872 2901 1928 2968 );

344 3000 402 3046 et
455 2989 714 3060 prepbeta
755 2989 823 3043 de
869 2989 1026 3044 minis
1053 2990 1169 3059 ejus
1195 2990 1484 3056 disserens,
1515 2989 1817 3057 Tenebrosa,
1847 2991 1931 3045 in-

343 3081 484 3151 quit,
514 3097 647 3149 aqua
675 3081 727 3135 in
757 3080 968 3135 nubibus
997 3080 1168 3152 aeris(
1197 3079 1337 3136 Psal.
1366 3082 1450 3135 l7.
1484 3081 1551 3135 12
1574 3081 1592 3153 )
1618 3099 1632 3146 ;
1666 3081 1752 3136 hic
1780 3096 1927 3148 vero,

343 3174 468 3242 quia
509 3189 616 3227 non
668 3181 888 3237 terrere,
923 3172 1016 3227 sed
1045 3173 1244 3228 docere
1285 3172 1528 3240 volebat,
1562 3174 1729 3229 nubes
1759 3175 1930 3229 lucida

342 3272 448 3320 est.
490 3264 557 3319 Et
584 3263 782 3318 Petrus
805 3263 1020 3334 quidem
1047 3263 1280 3328 dicebat,
1315 3263 1590 3319 Faciamus
1615 3267 1713 3319 tria
1749 3266 1932 3321 taber—

342 3353 574 3419 nacula;
616 3353 875 3413 illevero
894 3353 1298 3409 tabernaculum
1339 3355 1575 3410 ostendit
1603 3370 1707 3410 non
1741 3372 1928 3411 manu-

340 3447 563 3506 factum.
592 3445 716 3502 Ideo
736 3446 806 3502 ibi
832 3445 1045 3516 quidem
1063 3445 1240 3502 fumus
1269 3457 1370 3513 est,
1394 3457 1449 3502 et
1473 3463 1640 3518 vapor
1667 3448 1926 3515 fornacis;

342 3536 432 3594 hic
457 3551 588 3592 vero
610 3535 700 3591 lux
724 3535 1024 3601 ineli'abilis,
1044 3546 1098 3592 et
1127 3553 1249 3591 vox.
1295 3537 1496 3593 Deinde
1527 3549 1581 3592 ut
1612 3541 1928 3595 ostendatur

341 3642 450 3682 non
500 3626 569 3683 de
613 3641 718 3681 uno
765 3628 918 3680 trium
961 3627 1274 3697 simpliciter
1314 3628 1448 3693 dici,
1499 3629 1595 3684 sed
1621 3629 1689 3686 de
1716 3630 1930 3687 Christo

344 3729 575 3786 tantum,
618 3734 737 3774 cum
766 3735 866 3774 vox
898 3719 1058 3773 allata
1101 3729 1203 3787 est,
1233 3720 1306 3774 illi
1339 3731 1691 3776 recesserant.
1724 3721 1855 3778 Nam
1883 3724 1926 3778 si

343 3808 410 3865 de
431 3825 539 3863 uno
577 3824 644 3863 ex
670 3810 776 3864 illis
799 3809 999 3864 dictum
1030 3809 1236 3876 fuisset,
1269 3826 1376 3865 non
1413 3812 1502 3866 ille
1535 3814 1816 3868 mansisset
1841 3828 1928 3869 so-

342 3899 462 3964 los,
513 3899 725 3956 duobus
766 3901 886 3956 aliis
914 3901 1154 3956 remotis.
1184 3901 1261 3972 (a)
1284 3900 1304 3974 [
1325 3901 1433 3956 Cur
1457 3917 1585 3973 ergo
1625 3903 1792 3959 nubes
1822 3919 1926 3959 non

341 3989 614 4045 Christum
651 3991 820 4045 solum
858 3992 1086 4060 operuit,
1110 3993 1202 4047 sed
1228 4007 1417 4048 omnes
1451 3993 1607 4048 simul
1636 3995 1659 4048 ἲ
1692 3993 1747 4050 Si
1778 3995 1930 4051 Chri-

341 4090 481 4134 stum
534 4080 710 4136 solum
763 4081 1178 4149 obumbrasset,
1219 4093 1459 4154 putatum
1511 4084 1698 4142 fuisset
1753 4086 1926 4156 ipsum

338 4171 617 4227 Christum
669 4174 912 4230 emisisse
968 4190 1174 4230 vocem.
1197 4175 1534 4247 Quapropter
1579 4179 1920 4248 evangelista,

339 4272 398 4317 ut
421 4261 525 4317 hoc
551 4263 721 4331 ipsum
743 4263 1106 4330 confirmaret,
1129 4265 1204 4318 ait
1227 4280 1410 4320 vocem
1443 4283 1508 4321 ex
1530 4267 1669 4323 nube
1694 4273 1924 4338 venisse,

339 4352 393 4410 id
421 4363 506 4408 est
525 4394 540 4416 ,
570 4370 638 4409 ex
669 4352 844 4425 Deo.]
887 4353 953 4408 Et
980 4353 1106 4424 quid
1134 4356 1209 4409 ait
1237 4371 1336 4409 vox
1370 4357 1503 4410 illa?
1530 4357 1632 4412 Hic
1658 4370 1730 4414 est
1760 4359 1926 4416 Filius

338 4460 482 4498 meus
521 4446 754 4499 dilectus.
782 4445 838 4501 Si
876 4445 1119 4509 dilectus,
1151 4461 1216 4501 ne
1247 4446 1454 4513 timeas,
1493 4448 1668 4504 Petre.
1701 4451 1926 4520 Oporte-

337 4535 430 4589 bat
455 4535 602 4590 enim
627 4544 679 4590 te
706 4545 758 4591 et
785 4535 1030 4591 virtutem
1062 4537 1459 4608 potentiamque
1483 4538 1598 4608 ejus
1611 4541 1721 4608 jam
1744 4557 1922 4608 nosse,

338 4633 393 4678 et
436 4625 505 4679 de
544 4627 939 4682 resurrectione
974 4640 1092 4682 esse
1136 4628 1416 4682 certiorem
1449 4644 1464 4692 ;
1496 4630 1616 4698 quia
1645 4645 1770 4685 vero
1798 4631 1924 4685 illud

338 4715 600 4786 ignoras,
641 4715 830 4772 Saltem
881 4731 948 4772 ex
991 4731 1124 4771 voce
1172 4717 1344 4772 Patris
1391 4717 1641 4774 ﬁdentior
1688 4730 1823 4774 esto.
1867 4722 1923 4777 Si

339 4821 571 4876 namque
598 4815 787 4875 potens
811 4815 894 4862 est
919 4807 1079 4871 Deus,
1113 4818 1171 4862 ut
1198 4823 1324 4865 vere
1349 4819 1538 4879 potens
1563 4821 1644 4866 est
1665 4851 1679 4876 ,
1706 4814 1922 4881 procul-

337 4897 502 4952 dubio
545 4906 602 4952 et
642 4897 813 4952 Filius
858 4899 1125 4953 similiter.
1175 4899 1255 4954 Ne
1301 4901 1489 4956 timeas
1517 4917 1646 4971 ergo
1675 4905 1832 4963 mala.
1867 4903 1922 4961 Si

337 4997 517 5042 autem
550 4988 652 5042 hoc
681 4987 919 5042 nondum
954 4988 1212 5053 admittis,
1239 4989 1367 5044 illud
1392 4991 1580 5045 saltem
1620 4995 1792 5063 cogita
1815 5035 1827 5057 ,
1856 4994 1922 5048 il-

337 5077 446 5132 lum
470 5088 526 5133 et
552 5077 746 5131 Filium
773 5093 913 5143 esse,
941 5088 994 5133 et
1015 5078 1183 5148 diligi.
1210 5077 1310 5132 Hic
1337 5090 1412 5135 est
1440 5081 1605 5148 enim,
1633 5083 1728 5149 ait,
1753 5082 1922 5138 Filius

334 5185 478 5232 meus
522 5169 758 5223 dilectus.
805 5168 859 5223 Si
901 5184 1027 5224 vero
1070 5169 1326 5240 diligitur,
1395 5186 1464 5229 ne
1505 5174 1707 5228 timeas.
1756 5175 1921 5230 Nemo

334 5259 480 5313 enim
506 5274 668 5328 quem
711 5259 917 5328 diligit,
948 5259 1149 5329 abjicit.
1179 5261 1257 5315 Ne
1289 5262 1516 5317 turberis
1544 5278 1672 5332 ergo
1705 5282 1719 5321 :
1749 5281 1919 5335 quan-

336 5350 532 5404 tumvis
559 5350 706 5404 euim
744 5349 964 5420 diligas,
995 5367 1098 5406 non
1134 5351 1308 5421 diligis
1333 5368 1454 5406 cum
1488 5364 1544 5406 ut
1571 5354 1727 5409 Pater
1756 5357 1921 5424 ipsius

333 5437 523 5511 diligit.
551 5438 622 5492 In
649 5455 750 5511 quo
789 5440 914 5494 mihi
956 5440 1262 5510 complacui.
1291 5442 1404 5496 Non
1428 5443 1569 5497 enim
1596 5445 1767 5498 solum
1799 5447 1920 5500 dili-

398 5611 467 5678 (a)
500 5616 586 5672 Qui
624 5615 819 5678 uncinis
854 5614 1088 5665 clauditur
1126 5615 1258 5678 locus
1280 5615 1438 5678 deest
1477 5617 1525 5665 in
1548 5617 1718 5678 Editis.
1742 5625 1829 5670 sed
1855 5636 1918 5672 ex

332 5673 745 5786 :iuobusttiiptimis
786 5684 891 5725 Mss.
930 5684 1196 5740 excerptus
1222 5675 1333 5737 fuit,
1367 5685 1542 5742 estque
1580 5673 1923 5746 sanealicujus

351 5747 524 5785 nomen
569 5771 582 5784 .

1347 318 1414 375 IN
1453 313 1858 372 MATTIIEUM
1903 313 2130 370 iIOMIL.
2174 311 2304 368 LVI.
2349 315 2420 368 al.
2464 313 2621 369 LVII.
3521 320 3618 377 βω

2044 431 2121 502 git
2161 445 2284 487 eum
2307 471 2325 499 ,
2361 432 2490 502 quia
2517 431 2739 502 genuit,
2787 433 2882 488 sed
2928 433 3047 504 quia
3098 442 3151 489 et
3189 435 3410 504 :cqualis
3437 446 3520 492 cst
3550 437 3624 491 illi

2046 523 2300 590 omnino,
2345 531 2399 578 et
2427 524 2664 593 ejusdem
2710 525 3016 579 voluntatis.
3051 526 3253 596 Duplex
3297 528 3476 596 igitur,
3519 527 3628 582 imo

2047 614 2234 682 triplex
2283 622 2364 668 est
2414 613 2713 669 dilectionis
2757 625 3130 686 argumentum
3182 634 3196 669 :
3243 618 3364 686 quia
3420 616 3624 680 Filius,

2021 703 2164 772 .quia
2193 703 2437 769 dilectus,
2458 705 2578 773 quia
2608 705 2659 759 iu
2679 705 2792 774 ipso
2813 706 2910 760 sibi
2929 707 3269 777 complacuit.
3299 707 3434 776 Quid
3467 722 3625 777 porro

2045 794 2310 862 signiﬁcat
2361 795 2488 850 illud
2518 838 2532 859 ,
2569 798 2633 849 In
2673 813 2770 866 quo
2796 799 2922 851 mihi
2950 799 3069 852 bene
3113 800 3398 870 complacui
3422 800 3448 852 ?
3478 801 3555 854 Ac
3584 801 3626 853 si

2044 886 2245 941 diceret
2270 927 2286 953 ,
2336 887 2392 940 ln
2423 903 2528 956 quo
2556 888 2773 957 quiesco
2793 929 2808 954 ,
2851 905 2955 958 quo
2977 890 3246 950 oblector.
3292 892 3381 961 qui
3411 893 3628 945 omnino

2045 977 2264 1045 mqualis
2311 978 2437 1032 mihi
2469 988 2585 1042 est,
2613 988 2667 1033 et
2696 979 2838 1048 quod
2867 996 3027 1035 unam
3053 997 3174 1036 cum
3201 981 3356 1038 Patre
3383 984 3627 1037 volunta-

2047 1075 2152 1120 tem
2198 1067 2412 1133 habeat,
2460 1077 2514 1123 et
2561 1068 2701 1138 quod
2734 1068 2900 1123 Filius
2928 1085 3170 1135 manens,
3216 1087 3379 1125 unum
3410 1073 3628 1126 omnino

2044 1155 2114 1209 sit
2167 1171 2288 1211 cum
2333 1156 2607 1212 Genitore.
2645 1156 2863 1227 Ipsum,
2897 1158 3099 1228 inquit,
3133 1160 3320 1213 audite.
3365 1161 3542 1228 Quare
3583 1161 3631 1215 si

2045 1247 2280 1316 cruciligi
2329 1249 2594 1315 voluerit,
2645 1264 2711 1304 ne
2740 1250 2987 1304 obsistas.
3015 1249 3070 1304 6.
3113 1249 3178 1302 Et
3213 1251 3468 1306 audientes
3497 1253 3628 1306 ceci-

2045 1336 2222 1390 derunt
2244 1339 2293 1391 iu
2324 1337 2478 1407 facies
2505 1356 2642 1404 suas,
2665 1349 2712 1393 et
2736 1340 3008 1394 timuerunt
3031 1339 3195 1394 valde.
3220 1341 3271 1394 7.
3303 1339 3368 1394 Et
3390 1343 3628 1396 accedens

2042 1427 2194 1481 Iesus
2215 1469 2230 1493 ,
2262 1430 2420 1500 tetigit
2464 1446 2568 1493 eos,
2614 1441 2658 1483 et
2697 1431 2824 1484 dixit
2865 1446 2882 1483 :
2912 1429 3139 1502 Surgite,
3182 1441 3228 1485 et
3257 1432 3408 1486 nolite
3434 1435 3629 1489 timere.

2044 1520 2096 1572 8.
2131 1518 2374 1574 Levantes
2409 1531 2578 1575 autem
2602 1523 2775 1576 oculos
2804 1539 2958 1587 suos,-
2985 1524 3234 1581 neminem
3261 1525 3490 1583 viderunt
3529 1527 3628 1581 nisi

2044 1613 2206 1665 solum
2226 1611 2423 1667 Iesum.

2114 1705 2166 1759 4.
2200 1705 2478 1772 Quomodo
2517 1706 2633 1763 haec
2672 1707 2956 1770 audientes
2993 1710 3222 1779 perculsi
3268 1721 3393 1766 sum
3423 1712 3450 1764 ν
3498 1712 3624 1766 Nam

2043 1795 2268 1851 antehac
2293 1799 2497 1854 emissa
2519 1798 2615 1854 fuit
2643 1815 2747 1854 vox
2779 1800 2899 1856 talis
2941 1801 2994 1855 in
3021 1801 3254 1857 Jordane
3283 1819 3296 1867 ;
3329 1805 3494 1859 turbae
3533 1807 3628 1860 ad-

2041 1897 2213 1953 erant,
2242 1903 2398 1944 nemo
2418 1889 2687 1958 quidpiam
2718 1891 2820 1944 tale
2850 1905 3036 1961 passus
3065 1903 3146 1946 est
3177 1911 3190 1947 :
3219 1902 3274 1948 et
3297 1905 3480 1962 postea
3507 1911 3627 1950 rur-

2043 1995 2190 2046 sum,
2215 1981 2426 2050 quando
2452 1983 2647 2037 tonitru
2677 1983 2870 2038 factum
2899 1983 3061 2038 fuisse
3091 1983 3372 2051 dicebant;
3408 1986 3499 2041 sed
3527 2003 3625 2042 nec

2045 2079 2167 2126 tunc
2189 2071 2316 2141 quid
2343 2073 2516 2128 simile
2543 2083 2665 2128 sunt
2689 2075 2851 2142 passi.
2877 2073 3155 2140 Quomodo
3183 2075 3417 2145 igituriu
3443 2087 3622 2132 monte

2041 2163 2388 2218 ceciderunt?
2430 2165 2562 2231 Quia
2593 2173 2646 2220 ct
2681 2166 2913 2220 solitudo
2933 2207 2948 2232 ,
2980 2176 3034 2221 et
3077 2167 3300 2222 altitudo
3331 2170 3546 2237 montis,
3572 2179 3624 2224 et

2041 2255 2190 2323 quies
2221 2271 2407 2326 magna
2449 2267 2598 2322 erat,
2627 2265 2682 2312 et
2729 2257 3124 2327 transﬁguratio
3169 2258 3390 2314 horrore
3412 2261 3621 2330 .plena,

2040 2356 2092 2401 et
2131 2348 2218 2401 lux
2247 2349 2522 2413 immensa,
2557 2359 2611 2405 et
2655 2350 2825 2406 nubes
2859 2361 3075 2406 extensa
3109 2370 3122 2405 :
3153 2367 3272 2421 quae
3298 2355 3474 2408 omnia
3504 2355 3624 2410 illos

2041 2438 2092 2491 in
2137 2455 2387 2508 pavorem
2446 2456 2696 2511 magnum
2752 2443 3115 2512 conjecerunt.
3170 2441 3414 2514 Undique
3456 2455 3625 2500 terror

2039 2531 2307 2586 oriebatur
2330 2573 2342 2596 ,
2376 2541 2430 2588 et
2469 2534 2779 2589 ceciderunt
2809 2536 2978 2590 territi
3023 2535 3182 2591 simul
3216 2546 3270 2592 et
3311 2537 3616 2595 adorantes.

2039 2621 2115 2676 Ne
2159 2638 2317 2690 porro
2347 2624 2506 2677 timor
2536 2625 2624 2679 ille
2650 2626 2693 2678 si
2724 2625 2814 2679 ditt
2845 2627 3163 2694 mansisset,
3195 2642 3374 2681 rerum
3414 2645 3616 2684 memo-

2040 2713 2170 2766 riam
2215 2713 2450 2779 deleret,
2493 2717 2669 2769 statim
2713 2718 2832 2771 illos
2871 2733 2899 2770 a
2932 2727 3134 2773 terrore
3176 2720 3439 2785 liberavit,
3473 2722 3618 2777 solus

2040 2805 2152 2872 ipse
2181 2805 2506 2875 conspicitur
2530 2849 2546 2874 ,
2578 2808 2895 2878 mandatque
2923 2810 3050 2880 ipsis
3083 2820 3138 2864 ut
3183 2812 3382 2866 nemini
3411 2813 3618 2879 dicant,

2037 2894 2207 2949 donec
2248 2913 2275 2948 a
2324 2897 2548 2952 mortuis
2594 2909 2916 2968 resurgeret.
2971 2899 3048 2969 (a)
3092 2900 3144 2954 9.
3198 2899 3622 2958 Descendentibus

2038 2985 2179 3039 enim
2221 2986 2324 3040 illis
2350 2987 2413 3040 de
2455 2998 2655 3054 monte,
2695 2990 2930 3058 prtecepit
2956 2991 3027 3044 eis
3068 3001 3122 3044 ut
3156 2992 3342 3046 nemini
3377 2994 3618 3058 dicerent,

2037 3075 2192 3128 donec
2221 3079 2328 3145 ipse
2353 3093 2384 3130 a
2427 3079 2636 3132 mortuis
2665 3090 2959 3151 resurgeret.
3014 3081 3146 3136 Nam
3177 3093 3375 3152 quanto
3417 3084 3619 3154 majora

2035 3165 2104 3219 de
2147 3166 2239 3220 illo
2281 3167 2665 3234 narrabantur,
2715 3179 2861 3225 tanto
2906 3171 3112 3226 credito
3157 3173 3457 3229 difficiliora
3496 3186 3620 3230 tunc

2036 3257 2220 3311 multis
2261 3268 2414 3312 erant
2454 3276 2468 3313 :
2512 3261 2819 3316 scandalum
2864 3271 3041 3318 autem
3083 3266 3259 3320 crucis
3287 3268 3457 3337 magis
3497 3268 3620 3324 inde

2035 3345 2332 3401 crescebat.
2358 3348 2558 3404 Idcirco
2576 3362 2750 3406 tacere
2760 3351 2931 3421 jubet,
2967 3368 3138 3423 neque
3156 3354 3491 3425 simpliciter,
3521 3360 3616 3414 sed

2038 3451 2219 3490 rursus
2268 3440 2567 3506 passionem
2615 3457 3074 3509 commemorans,
3130 3461 3192 3500 ac
3240 3446 3353 3502 fere
3404 3463 3618 3503 causam

2036 3526 2219 3581 dicens
2247 3544 2344 3583 cur
2383 3532 2812 3602 tacerejuberet.
2862 3534 3043 3605 Neque
3088 3536 3228 3592 enim
3267 3535 3420 3607 jubet
3465 3556 3618 3594 num-

2035 3633 2194 3686 quam
2227 3618 2341 3674 haec
2368 3623 2594 3692 cuipiam
2630 3623 2809 3680 dicere
2829 3667 2844 3691 ,
2875 3627 2968 3681 sed
2999 3626 3171 3683 donec
3199 3629 3310 3700 ipse
3341 3646 3369 3684 a
3397 3634 3618 3686 mortuis

2036 3719 2357 3778 resurgeret.
2389 3713 2563 3782 Atque
2599 3713 2686 3769 hic
2714 3715 2854 3785 quod
2892 3716 3082 3771 durum
3111 3731 3220 3773 erat
3255 3729 3452 3784 tacens,
3477 3724 3616 3792 quod

2029 3797 2324 3866 jucundum
2355 3811 2470 3856 erat
2508 3811 2709 3859 tantum
2741 3806 2892 3861 dixit.
2925 3808 3061 3874 Quid
3101 3826 3228 3879 ergo
3257 3822 3437 3880 postea
3466 3816 3489 3866 ἲ
3517 3829 3616 3867 an-

2037 3905 2140 3944 non
2167 3892 2474 3947 scandalum
2507 3897 2712 3964 passuri
2752 3909 2904 3952 erant
2934 3902 2956 3952 ?
2983 3900 3345 3970 Nequaquam.
3384 3903 3616 3976 Tempus

2035 3996 2246 4037 crucem
2281 3985 2590 4052 praecedens
2628 3995 2832 4042 tantum
2874 3994 3210 4059 quaerebatur
3236 4008 3402 4048 :vnam
3435 4007 3615 4065 postea

2033 4072 2232 4140 Spiritu
2255 4086 2440 4130 sancto
2468 4075 2665 4145 dignati
2692 4088 2834 4142 sunt,
2864 4092 2917 4133 et
2946 4081 3218 4150 signorum
3239 4099 3423 4139 vocem
3454 4088 3615 4143 liabe-

2035 4162 2163 4217 bant
2181 4163 2280 4219 sibi
2308 4167 2749 4236 patrocinantem,
2777 4179 2935 4241 atque
2961 4173 3286 4245 omniaqure
3313 4186 3437 4232 tunc
3466 4179 3613 4234 dice-

2034 4254 2162 4308 bant
2187 4257 2532 4325 acceptabilia
2563 4268 2738 4326 erant,
2767 4275 2889 4320 cum
2917 4277 3003 4317 res
3048 4264 3178 4334 ipsa:
3208 4265 3424 4335 clarius,
3452 4285 3612 4340 quam

2036 4345 2158 4400 tuba
2179 4347 2449 4416 quaelibet,
2479 4349 2596 4419 ejus
2620 4354 2910 4421 potentiam
2937 4356 3310 4426 praedicarent,
3349 4375 3448 4416 nec
3473 4379 3612 4432 quo-

2035 4437 2175 4506 piam
2206 4439 2596 4497 iuterveniente
2623 4443 2964 4501 olfendiculo.

2102 4527 2289 4584 Christi
2327 4530 2568 4585 adventus
2603 4536 2850 4590 secundus
2887 4554 3038 4607 quam
3076 4540 3342 4609 gloriosus.
3371 4572 3442 4583 —-
3469 4544 3608 4599 Nihil

2032 4633 2159 4688 ergo
2184 4621 2438 4688 apostolis
2469 4623 2671 4677 beatius
2695 4666 2712 4692 ,
2741 4627 3076 4697 maximeque
3111 4631 3275 4685 tribus
3303 4632 3403 4687 illis
3428 4636 3516 4703 qui
3559 4638 3610 4690 in

2033 4708 2171 4762 nube
2197 4709 2372 4780 obtegi
2407 4727 2506 4764 una
2534 4727 2654 4767 cum
2698 4715 2922 4770 Domino
2972 4718 3171 4787 dignati
3223 4730 3367 4779 sunt.
3417 4724 3522 4780 Sed
3569 4729 3613 4782 si

2033 4798 2274 4863 velimus,
2314 4813 2411 4852 nos
2451 4814 2660 4870 quoque
2708 4803 2975 4860 Christum
3021 4807 3320 4865 videbimus
3352 4828 3366 4865 :
3404 4829 3507 4868 non
3557 4829 3615 4870 ut

2031 4887 2104 4940 illi
2131 4897 2252 4942 tunc
2296 4890 2349 4945 in
2394 4902 2604 4955 monte,
2646 4894 2738 4948 sed
2767 4896 2933 4950 multo
2958 4898 3408 4967 splendidiorem:
3439 4922 3612 4977 neque

2031 4979 2172 5035 enim
2202 4980 2279 5033 sic
2307 4991 2576 5049 postremo
2601 4985 2797 5040 veniet.
2830 4987 2960 5041 Nam
2995 4997 3116 5044 tunc
3137 4992 3411 5064 discipulis
3448 5015 3508 5054 se
3536 5011 3615 5055 at-

2032 5077 2333 5138 temperans
2362 5081 2563 5127 tantum
2589 5075 2924 5144 splendorem
2952 5080 3157 5150 eﬂ‘udit,
3180 5097 3436 5156 quantum
3465 5103 3615 5160 pote-

2029 5169 2149 5214 rant
2176 5161 2252 5215 illi
2278 5161 2416 5218 ferre
2441 5178 2456 5228 ;
2490 5165 2541 5217 in
2569 5175 2808 5222 extremo
2833 5181 3010 5226 autem
3039 5182 3278 5245 tempore
3313 5180 3364 5234 in
3395 5187 3610 5253 propria

2032 5251 2202 5308 Patris
2228 5255 2397 5325 gloria
2422 5257 2620 5323 veniet,
2653 5275 2757 5315 non
2786 5276 2905 5317 cum
2933 5265 3112 5336 Moyse
3137 5279 3191 5323 et
3219 5270 3330 5324 Elia
3363 5251 3561 5328 tantum
3595 5318 3608 5335 .

2028 5343 2122 5397 sed
2153 5359 2272 5400 cum
2300 5345 2563 5402 immenso
2583 5353 2894 5420 angelorum
2920 5357 3160 5410 exercitu
3185 5398 3198 5421 ,
3229 5373 3347 5413 cum
3379 5364 3599 5418 archan-

2027 5433 2160 5501 gelis
2184 5475 2197 5496 ,
2232 5449 2350 5489 cum
2381 5434 2694 5493 Cherubinis
2719 5482 2734 5506 ,
2777 5457 2895 5495 cum
2929 5443 3228 5512 hujusmodi
3273 5451 3609 5508 multitudine

2030 5523 2233 5580 inﬁnita
2255 5541 2270 5589 ;
2294 5540 2398 5580 non
2421 5542 2539 5580 cum
2563 5529 2703 5583 nube
2724 5539 2884 5600 caput
2905 5536 3199 5604 aperiente,
3225 5539 3318 5592 sed
3337 5541 3451 5609 ipso
3475 5551 3608 5598 cmlo

2029 5623 2322 5669 contracto.
2358 5615 2488 5669 Nam
2517 5619 2652 5678 sicut
2667 5633 2787 5673 cum
2810 5619 3020 5688 judiees
3057 5626 3264 5693 publice
3288 5633 3604 5687 sententiam

2091 5748 2162 5811 (a)
2196 5751 2456 5813 Sequentia
2483 5766 2569 5810 per
2594 5753 3004 5811 betttwoteleuton
3030 5760 3236 5812 deerant
3261 5767 3308 5813 in
3332 5768 3490 5816 Morel.
