4074 6144
502 266 607 323 555

499 384 752 454 prolaturi
801 394 944 452 sunt,
990 385 1078 455 qui
1128 385 1342 439 adstant
1387 386 1606 440 remotis
1656 386 1818 452 velis,
1854 401 1932 440 sic
1964 384 2083 439 illus

500 477 746 530 munibus
783 475 1188 546 conspiciendus
1232 477 1469 544 praebent
1506 494 1519 530 :
1550 478 1619 532 ita
1648 484 1702 531 et
1749 489 1873 530 tunc
1897 491 2084 530 omnes

501 567 644 620 illum
675 567 949 629 sedentem
981 566 1254 627 videbunt.
1292 578 1347 621 et
1373 577 1478 622 tota
1504 567 1732 621 humana
1778 579 1961 621 natura
2006 567 2081 619 si-

497 669 688 720 stetur,
722 660 939 729 ipseque
978 675 1072 728 per
1115 674 1175 713 se
1221 658 1326 712 illis
1357 658 1735 727 respondebit;
1773 668 1933 726 atque
1967 657 2082 711 aliis

496 752 638 806 dicet
676 769 689 804 :
734 751 921 818 Venite,
953 751 1198 806 benedicti
1225 751 1396 807 Patris
1443 754 1539 805 mei
1580 768 1598 805 .'
1635 752 1816 805 esurivi
1842 752 2007 816 enim,
2035 761 2081 805 et

496 843 705 895 dedistis
752 842 877 895 mihi
914 844 1224 897 manducare
1267 843 1475 916 (Matth.
1507 844 1598 898 ‘25.
1630 844 1723 913 54)
1758 861 1769 896 :
1801 843 1920 897 aliis
1952 856 2080 896 vero

484 933 638 988 dicet
679 951 694 989 :
732 933 877 1007 Euge
900 975 918 1000 ,
941 951 1079 990 serve
1104 936 1230 990 bone
1257 945 1304 989 et
1325 936 1490 1003 ﬁdelis
1513 975 1527 998 ,
1567 952 1717 1006 super
1750 951 1912 1005 pauca
1937 935 2080 1006 fuisti

495 1023 683 1092 ﬁdelis.
710 1042 862 1094 super
888 1027 1049 1080 multa
1080 1037 1127 1080 te
1149 1028 1450 1081 constituam
1472 1024 1630 1095 (Ibid.
1664 1042 1711 1079 υ.
1735 1025 1852 1094 21).
1880 1025 2077 1080 Contra

496 1131 624 1172 vero
649 1116 770 1171 aliis
799 1134 813 1171 :
842 1117 923 1172 Ile
944 1120 998 1172 in
1029 1121 1197 1188 ignem
1238 1130 1480 1173 aeternum
1507 1128 1740 1188 paratum
1786 1116 1986 1171 diabolo
2030 1125 2078 1169 et

494 1209 689 1280 angelis
708 1211 819 1279 ejus
846 1207 1004 1279 (Ibid.
1035 1227 1084 1265 υ.
1120 1210 1245 1281 41);
1276 1211 1395 1265 aliis
1422 1226 1549 1265 vero
1568 1252 1582 1275 ,
1614 1210 1770 1265 Serve
1797 1226 2010 1278 nequam
2032 1218 2078 1263 et

495 1302 635 1372 piger
660 1300 824 1372 (Ibid.
860 1318 907 1354 υ.
934 1300 1049 1371 9.6).
1080 1300 1146 1355 Et
1172 1301 1307 1355 alios
1349 1301 1562 1371 quidem
1603 1300 1889 1355 dissecabit
1910 1342 1925 1364 ,
1955 1309 2078 1354 ‘lra-

494 1393 689 1463 detque
721 1394 1038 1459 tortoribus;
1060 1393 1195 1448 alios
1216 1409 1342 1449 vero
1368 1394 1542 1465 ligatis
1571 1394 1816 1448 manibus
1843 1401 1899 1449 et
1926 1393 2075 1463 pedi-

500 1485 598 1539 bus
630 1485 839 1554 jubebit
878 1485 1062 1554 projici
1108 1485 1159 1540 iu
1191 1486 1438 1540 tenebras
1480 1485 1793 1540 exteriores.
1846 1485 1914 1539 Et
1960 1492 2078 1553 post

499 1577 728 1632 securim
759 1578 939 1631 fornax
973 1576 1228 1647 excipiet,
1259 1592 1321 1631 ac
1345 1592 1464 1645 qua:
1503 1592 1533 1630 a
1563 1590 1755 1645 sagena
1787 1575 2074 1645 projiciun-

495 1678 599 1733 tur,
633 1669 756 1723 illuc
783 1668 995 1722 cadent.
1021 1667 1164 1721 Tunc
1175 1669 1303 1739 justi
1324 1666 1582 1738 fulgebunt
1605 1668 1732 1721 sicut
1757 1666 1837 1720 sol
1860 1665 2072 1736 (Matth.

493 1761 581 1814 15.
612 1758 734 1831 45);
764 1759 873 1813 imo
895 1759 1010 1827 plus
1031 1774 1188 1828 quam
1211 1759 1308 1812 sol.
1336 1757 1389 1812 ld
1414 1773 1543 1812 vero
1565 1756 1776 1823 dicitur,
1803 1773 1909 1811 non
1929 1755 2072 1826 quod

494 1852 579 1904 lux
623 1865 809 1905 eorum
852 1851 1011 1904 solari
1057 1865 1151 1918 par
1186 1859 1387 1904 tantum
1409 1851 1513 1916 sit;
1560 1849 1656 1905 sed
1699 1850 1823 1919 quia
1870 1859 2074 1902 astrum

492 1943 693 2001 nullum
725 1941 828 1998 hoc
853 1942 1183 2010 splendidius
1209 1941 1486 2003 habemus,
1517 1942 1586 1997 ab
1626 1940 1730 1996 hoc
1777 1950 1961 1995 notum
2000 1939 2076 1993 l'a-
2106 2002 2107 2005 η

490 2048 615 2088 cere
661 2034 825 2088 voluit
864 2032 1097 2087 futurum
1135 2043 1442 2088 sanctorum
1469 2031 1829 2101 Splendorem.
1856 2031 1990 2086 Nam
2022 2031 2073 2084 in

493 2136 674 2179 monte
700 2140 912 2194 quoque
937 2166 951 2188 ,
973 2140 1095 2179 cum
1119 2124 1278 2191 dixit,
1310 2124 1640 2195 Resptenduit
1662 2133 1716 2177 ut
1749 2125 1826 2178 sol
1847 2164 1860 2183 ,
1888 2122 2073 2178 eadem

493 2215 560 2268 ile
589 2229 749 2269 causa
775 2215 854 2267 sic
879 2215 1129 2285 loquutus
1155 2223 1256 2269 est.
1284 2213 1415 2269 Nam
1432 2214 1573 2285 quod
1597 2213 1767 2284 major
1792 2214 1884 2267 lux
1907 2222 2072 2275 esset,

493 2320 654 2372 quam
683 2320 742 2361 ea
768 2322 886 2376 qum
914 2307 963 2359 in
1000 2307 1248 2376 exemplo
1272 2307 1472 2374 fertur,
1518 2307 1785 2363 testificati
1827 2315 1951 2361 sunt
1989 2306 2074 2360 di-

492 2400 683 2468 scipuli
712 2399 985 2455 cadentes.
1025 2400 1079 2455 Si
1108 2416 1267 2470 porro
1297 2416 1402 2456 non
1444 2402 1700 2457 immensa
1731 2401 1820 2456 lux
1851 2400 2072 2464 fuisset,

491 2490 586 2544 sed
607 2491 736 2545 solis
762 2490 866 2545 luci
890 2507 1003 2560 par,
1029 2508 1134 2546 non
1156 2491 1491 2559 cecidissent,
1516 2493 1610 2547 sed
1628 2492 1785 2548 facile
1804 2492 2070 2547 tulissent.

490 2582 626 2639 Iusti
658 2582 817 2653 igitur
846 2593 969 2639 tunc
997 2582 1276 2653 fulgebunt
1322 2585 1457 2640 sicut
1495 2586 1597 2651 sol,
1649 2595 1704 2640 et
1750 2585 1868 2655 plus
1911 2599 2072 2655 quam

492 2674 573 2727 sol
606 2690 619 2727 :
647 2684 956 2742 peccatores
985 2689 1113 2730 vero
1142 2684 1380 2730 extrema
1429 2676 1714 2745 patientur.
1762 2675 1913 2731 Tunc
1968 2689 2074 2730 non

492 2766 889 2824 commentariis
922 2781 1055 2833 opus
1098 2768 1193 2821 erit
1220 2807 1236 2833 ,
1266 2782 1371 2822 non
1395 2767 1743 2838 argumentis,
1772 2782 1878 2821 non
1922 2767 2073 2823 testi-

495 2859 592 2911 hus
619 2873 635 2912 :
659 2871 779 2912 nam
813 2859 925 2927 ipse
952 2858 1109 2927 iudex
1138 2859 1317 2914 omnia
1342 2868 1443 2925 est,
1487 2861 1660 2923 testis,
1701 2869 2071 2929 argumentum

493 2956 548 3001 ct
570 2947 754 3017 iudex.
789 2948 977 3003 Omnia
1007 2950 1202 3019 quippe
1230 2950 1374 3004 clare
1410 2951 1555 3004 novit
1581 2950 1671 3005 ille
1698 2969 1712 3005 :
1740 2965 1861 3005 nam
1891 2951 2077 3006 Omnia

494 3039 632 3092 nuda
677 3050 723 3092 et
766 3049 941 3109 aperta
986 3052 1103 3093 sunt
1150 3041 1308 3095 oculis
1355 3042 1464 3111 ejus
1505 3039 1689 3111 (Hebr.
1719 3042 1927 3112 4.13);
1969 3058 2074 3097 non

494 3132 676 3198 dives,
711 3147 815 3186 non
842 3148 1045 3202 pauper
1068 3173 1083 3197 ,
1118 3147 1222 3187 non
1253 3141 1441 3202 potens
1461 3171 1477 3197 ,
1508 3147 1614 3188 non
1651 3133 1923 3198 infirmus,
1967 3149 2074 3188 non

494 3223 742 3290 sapiens,
775 3237 880 3276 non
912 3224 1198 3291 insipiens,
1230 3239 1333 3277 non
1359 3237 1567 3289 servus,
1598 3239 1704 3278 non
1732 3224 1886 3290 liber,
1920 3239 2076 3279 nemo

496 3311 606 3365 illic
641 3311 935 3380 apparebit,
984 3312 1077 3366 sed
1126 3312 1209 3366 his
1259 3313 1500 3382 personis
1537 3315 1811 3380 contritis,
1854 3330 2075 3382 operum

498 3412 701 3457 tantum
725 3418 947 3458 examen
988 3405 1109 3458 erit.
1138 3403 1268 3459 Nam
1298 3404 1343 3459 si
1370 3407 1422 3459 in
1447 3404 1695 3474 judiciis,
1726 3420 1846 3460 cum
1868 3406 1985 3475 quis
2010 3404 2077 3461 de

499 3493 778 3564 tyrannide
827 3502 919 3548 aut
968 3495 1036 3548 de
1088 3498 1233 3550 caede
1273 3511 1491 3551 causam
1535 3496 1707 3562 dicit,
1757 3498 2077 3567 quicumque

497 3587 680 3653 fuerit,
708 3587 822 3642 sive
851 3585 1153 3656 pra-foetus,
1185 3588 1298 3643 sive
1315 3588 1523 3653 consul,
1544 3588 1662 3643 sive
1685 3588 1893 3658 quidvis
1911 3588 2074 3653 aliud,

498 3680 678 3735 omnia
703 3680 919 3734 avolant
944 3680 1170 3750 insignia
1196 3679 1487 3750 dignitatis,
1519 3689 1572 3736 et
1599 3681 1686 3750 qui
1714 3681 2076 3749 deprehensus

497 3785 580 3829 est
597 3813 614 3840 ,
644 3782 919 3829 extremas
941 3773 1032 3829 dat
1059 3787 1244 3844 poenas
1268 3790 1284 3828 :
1311 3773 1480 3829 multo
1506 3776 1676 3844 magis
1711 3773 1783 3829 ibi
1809 3788 1897 3829 res
1924 3773 1993 3827 ita
2019 3788 2078 3830 se

497 3865 729 3920 habebit.

569 3957 621 4010 5.
668 3955 837 4009 Virtus
880 3954 1082 4025 facitis,
1108 3956 1328 4026 nequitia
1354 3971 1584 4010 onerosa.
1630 3953 1820 4010 Contra
1847 3970 2074 4008 usuram.

497 4074 569 4087 --
597 4044 652 4099 ld
674 4060 743 4105 ne
767 4045 880 4110 ﬁat,
909 4059 1186 4114 ponamus,
1217 4045 1461 4108 obsecro,
1490 4045 1734 4100 sordidas
1781 4054 1994 4113 vestes,
2025 4054 2079 4101 et

498 4134 779 4191 induamur
822 4148 971 4188 arma
1025 4134 1179 4199 lucis,
1235 4143 1289 4188 et
1339 4135 1508 4202 gloria
1557 4134 1650 4189 Dei
1696 4136 1910 4190 amiciet
1956 4150 2075 4191 nos.
2118 4166 2119 4169 η

498 4226 636 4292 Quid
662 4226 803 4279 enim
830 4240 896 4280 ex
921 4226 1201 4293 pr:cceptis
1228 4238 1389 4294 grave
1407 4225 1432 4276 ἲ
1451 4224 1576 4294 quid
1598 4240 1701 4277 non
1734 4225 1925 4281 facile?
1941 4226 2078 4282 Audi

504 4319 663 4387 igitur
685 4316 810 4385 quid
830 4316 970 4369 dicat
989 4315 1243 4384 propheta
1263 4354 1277 4380 ,
1304 4323 1360 4369 et
1388 4326 1512 4369 tunc
1543 4315 1846 4371 facilitatem
1875 4316 2078 4373 intelli-

502 4425 635 4486 ges:
668 4408 844 4479 Neque
878 4408 923 4462 si
957 4408 1293 4461 incursaveris
1320 4448 1335 4472 ,
1364 4407 1509 4476 quasi
1557 4407 1801 4463 circulum
1823 4450 1839 4474 ,
1891 4410 2080 4465 collum

503 4514 664 4564 tuum,
691 4510 737 4554 et
755 4516 958 4555 saccum
979 4508 1027 4553 et
1054 4499 1269 4553 cinerem
1293 4498 1639 4567 substraveris,
1662 4516 1820 4571 neque
1837 4500 1910 4554 sic
1933 4517 2080 4555 voca-

501 4594 577 4650 bis
586 4592 839 4665 jejunium
866 4590 1199 4660 acceptabile‘
1222 4606 1240 4643 :
1258 4590 1346 4645 sed
1369 4592 1504 4645 solve
1532 4607 1679 4647 onme
1701 4592 1955 4647 uinculum
1982 4594 2082 4648 ini-

502 4686 705 4755 quitatis
728 4726 743 4750 ,
788 4683 1004 4737 dissolve
1045 4683 1372 4754 obligationes
1418 4682 1749 4739 riolentarum
1790 4687 2107 4757 pactionem-

502 4760 653 4848 (Isai.
687 4776 775 4831 58.
805 4776 859 4831 5.
894 4775 974 4846 6).
1003 4773 1136 4829 Vide
1178 4773 1450 4844 propheta:
1477 4775 1811 4843 sapientiam.
1842 4777 2081 4832 Onerosa

503 4872 654 4941 prius
697 4867 873 4938 posuit
915 4877 970 4922 et
1019 4865 1269 4932 sustulit,
1303 4876 1356 4921 et
1404 4881 1435 4921 a
1487 4867 1809 4922 facilioribus
1854 4871 2079 4925 salutem

501 4959 757 5026 consequi
782 4965 949 5025 rogat,
982 4957 1292 5020 ostendens,
1340 4971 1445 5009 non
1491 4956 1702 5013 labores
1752 4958 1939 5027 Deum,
1985 4960 2080 5015 sed

503 5045 860 5105 obedientiam
886 5059 1196 5114 exposcere.
1229 5046 1432 5101 Deinde
1460 5056 1518 5101 ut
1544 5058 1932 5106 commonstret
1977 5053 2083 5107 vir-

508 5148 674 5191 intem
714 5135 945 5195 tacilem,
1001 5136 1287 5203 nequitiam
1337 5151 1464 5190 vero
1517 5155 1800 5195 onerosam
1854 5157 1994 5209 esse,
2050 5158 2080 5197 a

505 5229 662 5283 nudis
692 5225 996 5288 nominibus
1035 5224 1085 5279 id
1127 5223 1370 5280 adstruit.
1398 5225 1644 5296 Nequitia
1667 5231 1808 5284 enim
1829 5270 1847 5296 ,
1880 5232 2078 5301 inquit,

501 5321 872 5377 cstvincnlum
904 5329 957 5376 et
985 5317 1256 5389 obligatio,
1292 5319 1457 5373 virtus
1479 5327 1652 5375 autem
1684 5323 1749 5376 ab
1780 5322 1861 5377 his
1884 5324 2081 5378 libera-

506 5416 582 5479 tio
606 5424 659 5468 et
690 5412 902 5466 solutio.
935 5410 1145 5464 Omnem
1173 5408 1514 5481 syngrapham
1541 5410 1783 5477 iniustam
1814 5413 2038 5482 discerpe
2063 5454 2079 5476 ,

505 5508 766 5563 fienorum
789 5514 841 5558 et
863 5518 1142 5581 usurarum
1159 5502 1414 5572 rescripta
1435 5502 1513 5557 sic
1535 5504 1824 5575 appellans.
1855 5503 2085 5560 Dissotve

570 5641 585 5672 ι
622 5634 806 5696 διυιουι..
820 5649 971 5707 neque
993 5636 1063 5707 sic
1085 5633 1274 5686 vocabis
1290 5633 1587 5707 meriﬁchan
1603 5637 1912 5702 acceptabite.
1936 5646 2083 5700 Unus,

506 5713 655 5769 armis
679 5712 747 5750 sic
778 5695 962 5772 iurabis
986 5700 1114 5749 diem
1135 5695 1490 5769 acceptaoitein.
1719 5695 1728 5702 '
1815 5711 1819 5715 ν

1254 267 1310 323 S.
1353 266 1629 323 JOANNIS
1663 262 2136 322 CHRYSOSTOMI
2174 264 2486 322 ARCHIEP.
2531 269 3066 331 CONSTANTINOP.

3670 289 3776 345 556

2195 389 2483 455 confracta:
2533 390 2588 442 in
2646 391 2970 461 remissione,
3023 396 3250 453 miseros
3304 401 3567 457 videlicet.
3631 406 3776 465 Talis

2190 477 2384 546 quippe
2426 478 2638 535 debitor
2679 493 2761 538 est
2795 500 2956 539 :cum
3006 490 3194 544 viderit
3236 495 3595 560 creditorem,
3654 501 3773 570 ejus

2189 568 2398 624 animus
2427 570 2704 639 frangitur,
2754 576 3034 648 ipsumque
3075 584 3245 647 magis
3270 599 3426 654 quam
3460 587 3625 642 feram
3658 568 3766 644 for.

2190 659 2374 713 midat.
2420 660 2486 714 Et
2531 680 2774 733 pauperes
2817 677 2945 722 tecto
2993 682 3215 728 carentes
3257 676 3408 730 induc
3458 679 3510 731 in
3565 681 3772 735 donmnt

2189 759 2328 804 tuam
2348 767 2370 814 ;
2397 754 2441 827 si
2461 755 2643 810 rideris
2672 758 2884 823 nudum,
2913 764 3053 832 aperi
3072 781 3205 830 eum,
3229 777 3274 820 et
3311 773 3543 839 proprios
3565 775 3771 830 seminis

2187 842 2261 894 tui
2293 858 2394 895 non
2418 843 2666 914 despicias
2691 846 2844 915 (Isai.
2878 850 2966 905 58.
2997 853 3072 924 7).
3105 855 3158 907 In
3184 858 3442 913 concione
3480 876 3636 928 quam
3667 879 3768 918 nu-

2188 946 2283 999 per
2329 931 2629 1000 habuimus,
2687 952 2808 991 cum
2853 940 2921 996 de
2950 945 3184 1010 praemiis
3213 961 3511 1014 ageremus.
3554 952 3770 1009 divitias

2187 1020 2310 1076 inde
2337 1034 2515 1092 partas
2539 1027 2872 1084 ostendimus
2917 1049 2929 1084 :
2978 1049 3118 1089 nunc
3149 1051 3307 1104 porro
3335 1038 3610 1094 videamus
3637 1059 3766 1099 num

2182 1112 2309 1179 quid
2339 1127 2404 1167 ex
2438 1116 2718 1184 praeceptis
2745 1117 2962 1175 difﬁcile
2986 1123 3091 1187 sit,
3137 1134 3191 1179 et
3241 1137 3487 1183 naturam
3528 1144 3765 1189 nostram

2184 1211 2419 1271 superet.
2448 1205 2555 1259 Sed
2580 1206 2713 1260 nihil
2742 1208 2917 1265 simile
2948 1212 3311 1282 inveniemus;
3344 1218 3452 1273 imo
3497 1226 3767 1279 centraria

2183 1294 2383 1360 omnia,
2432 1295 2502 1350 ita
2549 1306 2613 1351 ut
2652 1314 2772 1370 qua:
2814 1301 3059 1360 virtutem
3103 1318 3365 1378 spectant,
3393 1327 3638 1382 magnam
3668 1315 3767 1371 ha-

2183 1388 2343 1442 beant
2391 1390 2719 1457 facilitatem,
2773 1405 2961 1451 contra
3007 1412 3154 1465 vero,
3209 1416 3328 1471 quae
3376 1404 3442 1458 ad
3473 1408 3765 1476 nequitiam

2184 1480 2450 1547 pertinent
2473 1522 2489 1549 ,
2538 1482 2768 1540 sudores
2813 1488 3089 1544 maximos.
3125 1491 3261 1559 Quid
3293 1494 3434 1549 enim
3465 1508 3549 1552 est
3573 1499 3764 1556 difﬁci-

2181 1569 2301 1634 lius,
2332 1588 2490 1641 qnam
2523 1572 2798 1645 foenerari,
2828 1592 2890 1632 ac
2914 1580 2980 1634 de
3001 1595 3159 1636 usura
3182 1594 3235 1637 et
3259 1587 3589 1654 pactionibus
3620 1593 3766 1647 solli-

2181 1659 2342 1714 citum
2386 1678 2526 1727 esse,
2572 1667 2893 1734 sponsiones
2937 1682 3211 1741 expetere,
3253 1691 3316 1730 ac
3357 1678 3423 1731 de
3452 1681 3763 1749 pignoribus

2181 1759 2420 1806 metuere
2461 1768 2527 1807 ac
2570 1764 2817 1821 tremere,
2859 1758 2928 1814 de
2977 1772 3140 1825 sorte,
3185 1766 3252 1821 de
3298 1771 3638 1838 syngraphis,
3693 1774 3764 1827 de

2180 1841 2495 1906 faenoribus,
2524 1846 2592 1901 de
2620 1849 2995 1917 sponsionibus
3017 1855 3068 1907 ’?
3093 1855 3250 1912 Tales
3293 1869 3417 1914 sunt
3460 1877 3549 1917 res
3592 1879 3762 1919 saecu-

2180 1932 2340 1988 lares.
2375 1934 2498 1990 llmc
2541 1926 2661 2007 quae
2696 1939 2903 1995 videtur
2944 1946 3236 2014 excogitata
3280 1952 3540 2006 securitas
3584 1956 3762 2024 suspi-

2184 2025 2425 2080 cionibus
2455 2027 2607 2096 plena
2630 2071 2645 2095 ,
2676 2040 2730 2084 et
2753 2034 2988 2087 omnium
3017 2033 3352 2107 fragilissima
3393 2053 3504 2109 est;
3550 2045 3762 2101 miseri-

2179 2114 2414 2170 cordiam
2480 2129 2656 2174 autem
2701 2137 2952 2179 exercere
2997 2125 3152 2182 facile
3202 2140 3285 2184 est
3302 2124 3361 2199 ²,“
3394 2135 3463 2188 ab
3509 2138 3764 2208 omnique

2186 2205 2546 2262 sollicitudine
2590 2209 2797 2265 liberat.
2845 2212 2923 2269 Ne
2967 2216 3125 2286 igitur
3176 2219 3384 2276 alienas
3432 2205 3763 2283 calamitates

2182 2295 2536 2364 negotiemur,
2568 2314 2637 2354 ne
2659 2301 2712 2355 in
2736 2302 2942 2359 lucrum
2970 2314 3237 2365 vertamus
3266 2313 3355 2366 illa
3381 2329 3499 2384 qua:
3539 2317 3606 2372 ad
3656 2319 3761 2373 mi-

2180 2385 2527 2441 sericordiam
2555 2400 2820 2458 spectant.
2851 2394 2978 2450 Scio
3003 2396 3254 2466 quidem,
3285 2404 3482 2458 multos
3513 2404 3628 2460 hinc
3649 2422 3762 2461 non

2180 2475 2408 2532 libenter
2435 2479 2619 2534 audire
2644 2498 2658 2534 :
2684 2481 2778 2537 sed
2805 2485 2931 2554 quid
2960 2500 3024 2544 ex
3054 2489 3267 2545 silentio
3292 2491 3424 2547 lucri
3449 2497 3763 2552 accederet?

2180 2567 2237 2624 Si
2269 2579 2494 2637 taceam,
2521 2580 2577 2627 et
2601 2575 2798 2629 nemini
2830 2577 3125 2634 molestiam
3148 2583 3326 2639 verbis
3355 2585 3577 2642 inferam
3602 2627 3619 2648 ,
3652 2605 3761 2647 non

2180 2672 2368 2731 potero
2420 2680 2516 2733 per
2562 2666 2835 2722 silentium
2887 2685 2980 2725 vos
3023 2688 3053 2726 a
3101 2676 3360 2743 supplicio
3397 2692 3621 2745 eruere;
3651 2680 3759 2736 imo

2180 2751 2307 2808 hinc
2333 2756 2509 2809 omnia
2552 2760 2820 2813 contraria
2848 2762 3100 2817 eveniunt
3129 2782 3143 2819 :
3173 2767 3430 2835 supplicia
3459 2779 3757 2840 augentur,

2181 2854 2345 2915 atque
2371 2847 2678 2916 huiusmodi
2723 2850 2958 2918 silentii,
2990 2870 3095 2908 non
3127 2870 3222 2910 vos
3253 2866 3455 2912 tantum
3484 2900 3500 2924 ,
3534 2860 3627 2915 sed
3656 2876 3761 2932 ego

2180 2937 2340 2989 etiam
2370 2952 2555 3006 poenas
2580 2939 2783 2994 darem.
2811 2941 2891 2996 Ad
2923 2943 3050 3012 quid
3078 2945 3238 3015 igitur
3257 2950 3543 3004 verborum
3565 2951 3760 3007 adula-

2181 3026 2276 3089 tio,
2307 3029 2521 3096 quando
2543 3030 2631 3085 illa
2656 3031 2723 3085 ad
2748 3035 3076 3101 operandum
3107 3037 3403 3108 uihiljuvat
3425 3083 3439 3105 ,
3468 3042 3577 3097 imo
3596 3044 3758 3099 etiam

2182 3119 2388 3172 uocet?
2441 3119 2581 3188 quod
2630 3121 2836 3199 lucrum
2889 3125 3053 3180 verbo
3101 3126 3336 3183 laetitiam
3370 3171 3387 3196 ,
3436 3146 3498 3187 re
3542 3132 3759 3190 dolores

2178 3208 2416 3264 atierre?
2454 3227 2611 3267 aures
2647 3213 2952 3271 demulcere
2977 3228 3034 3273 et
3067 3221 3299 3274 animam
3328 3221 3586 3291 supplicio
3611 3225 3761 3285 addi-

2180 3302 2337 3356 cere?
2380 3303 2503 3358 Ideo
2528 3320 2748 3361 necesse
2790 3317 2875 3363 est
2917 3308 3004 3366 hic
3047 3310 3249 3379 dolere,
3301 3330 3373 3371 ne
3424 3317 3532 3371 illic
3575 3333 3762 3387 poenas

2179 3391 2387 3451 demus.
2419 3393 2550 3449 Nam
2579 3398 2777 3466 gravis,
2807 3402 2982 3468 gravis
3008 3413 3154 3458 certe
3173 3413 3231 3460 et
3248 3408 3469 3462 omnino
3494 3411 3763 3466 curandus

2181 3484 2398 3537 morbus
2443 3485 2734 3542 Ecclesium
2778 3490 2989 3546 invasit.
3027 3494 3125 3560 Qui
3159 3496 3512 3564 prohibentur
3560 3502 3646 3555 vel
3691 3518 3760 3558 ex

2177 3574 2337 3644 justis
2363 3577 2634 3634 laboribus
2665 3585 2915 3650 pecunias
2940 3589 3298 3658 accumulare,
3328 3592 3434 3645 imo
3457 3594 3545 3664 qui
3568 3594 3763 3664 juben-

2182 3672 2269 3718 tur
2297 3681 2429 3736 opes
2454 3684 2579 3724 suas
2600 3674 2783 3742 egenis
2814 3676 3027 3746 aperire
3047 3720 3062 3745 ,
3097 3694 3163 3734 ex
3193 3681 3417 3737 aliorum
3450 3697 3764 3756 paupertate

2181 3756 2452 3813 ditescunt
2477 3801 2490 3825 ,
2525 3765 2822 3830 speciosam
2854 3770 3093 3836 rapinatn
3121 3775 3488 3843 excogitantes
3532 3787 3586 3832 et
3627 3780 3765 3836 bene

2181 3848 2472 3906 coloratam
2496 3853 2791 3909 avaritiam.
2814 3856 2892 3912 Ne
2912 3860 3041 3914 mihi
3064 3875 3312 3919 externas
3338 3865 3484 3937 leges
3508 3868 3759 3938 objicias:

2182 3941 2498 4011 publicanus
2541 3947 2684 3999 enim
2736 3947 2903 4018 legem
2934 3952 3078 4006 illam
3108 3958 3428 4012 exteriorem
3461 3971 3677 4027 servat,
3711 3973 3765 4017 et

2185 4041 2362 4088 tamen
2406 4035 2498 4089 dat
2541 4052 2746 4106 pinnas.
2788 4040 2940 4107 Quod
2978 4044 3137 4099 etiam
3168 4062 3268 4101 nos
3312 4050 3606 4118 patiemur,
3663 4053 3764 4115 nisi

2182 4123 2488 4181 desinamus
2520 4144 2780 4198 pauperes
2802 4142 3067 4203 atterere,
3118 4146 3173 4192 et
3203 4141 3443 4208 penuriae
3488 4147 3765 4213 egestatis-

2183 4231 2288 4287 que
2326 4221 2607 4277 occasione
2646 4234 2875 4295 sumpta,
2915 4226 3224 4298 impudente
3253 4231 3395 4287 abuti
3425 4248 3604 4289 usura.
3640 4235 3767 4292 ideo

2183 4309 2325 4363 enim
2374 4312 2626 4381 pecunias
2672 4313 2868 4384 habes,
2899 4326 2957 4372 ut
2986 4333 3351 4390 paupertatem
3396 4327 3615 4394 solvas,
3659 4343 3766 4385 non

2185 4409 2243 4455 ut
2264 4417 2384 4457 eam
2411 4404 2714 4473 opprimas;
2748 4416 2803 4462 tu
2833 4423 2962 4463 vero
2982 4453 2999 4479 ,
3027 4414 3179 4480 quasi
3208 4429 3363 4484 opem
3394 4413 3575 4471 ferens
3598 4459 3615 4483 ,
3644 4435 3767 4473 ma-

2180 4496 2354 4566 jorem
2401 4494 2566 4551 infers
2607 4498 2963 4556 calamitatem
2990 4544 3006 4568 ,
3052 4515 3108 4559 et
3136 4505 3508 4564 liberalitatem
3540 4514 3765 4580 pecunia

2186 4590 2395 4645 vendis.
2433 4589 2615 4645 Vende
2634 4632 2649 4656 ,
2682 4606 2788 4647 non
2819 4604 2942 4647 veto
2965 4637 2981 4661 ,
3019 4596 3112 4651 sed
3143 4613 3239 4666 pro
3270 4615 3434 4670 regno
3459 4602 3718 4657 caelorum
3750 4622 3762 4657 :

2187 4695 2256 4736 ne
2286 4696 2503 4749 parvum
2530 4682 2759 4752 accipias
2784 4686 2963 4753 Operis
2990 4685 3208 4756 hujusce
3237 4693 3470 4758 pretium
3492 4734 3508 4758 ,
3543 4709 3761 4749 usuram

2186 4772 2527 4826 centesimam
2559 4771 2667 4845 (ιι),
2700 4774 2793 4828 sed
2822 4774 2981 4830 vitam
3028 4778 3406 4836 immortalem.
3435 4784 3542 4839 Cur
3566 4800 3769 4854 pauper

2188 4874 2243 4921 et
2292 4880 2493 4935 egenus
2539 4868 2637 4921 es?
2687 4882 2783 4922 cur
2831 4870 3005 4937 pusilli
3032 4874 3214 4939 animi,
3265 4885 3321 4929 ut
3364 4892 3553 4948 magna
3602 4896 3769 4951 parvo

2188 4957 2363 5027 pretio
2379 4958 2614 5014 mendas
2641 4998 2656 5024 ,
2699 4967 2752 5012 et
2803 4972 2901 5028 pro
2946 4960 3164 5017 caducis
3208 4968 3450 5033 pecuniis
3478 4968 3575 5023 des
3598 5011 3614 5035 ,
3645 4986 3769 5029 cum

2187 5057 2462 5117 oporteret
2493 5064 2589 5117 pro
2629 5063 2795 5118 regno
2820 5049 3053 5105 vendere
3091 5065 3305 5122 semper
3334 5069 3582 5113 manente
3604 5062 3629 5114 2
3672 5077 3773 5117 cur

2191 5141 2299 5196 Deo
2351 5140 2564 5209 relicto,
2609 5138 2837 5197 humana
2879 5143 3144 5199 lucraris?
3185 5162 3282 5202 cur
3326 5147 3491 5207 divite
3534 5153 3721 5209 relicto
3750 5195 3769 5224 ,

2251 5329 2268 5361 ι
2304 5327 2493 5391 Morel.,_
2513 5325 2577 5376 de
2598 5325 2835 5391 frenorum
2852 5319 3200 5391 sparsionibus.

2251 5392 2272 5423 ³
2306 5396 2450 5447 Unus,
2475 5382 2751 5449 inpendere
2776 5382 2934 5449 autem
2954 5382 3098 5444 facile
3119 5393 3208 5437 est.

2253 5451 2326 5513 (α)
2358 5451 2475 5501 Erat
2515 5447 2936 5513 porrogcentesinut
2960 5459 3119 5513 usura:
3137 5462 3331 5513 genus,
3357 5461 3456 5511 quo
3494 5450 3579 5511 qui
3605 5450 3652 5499 in
3677 5452 3765 5505 fce-

2188 5506 2282 5561 nus
2300 5506 2628 5575 accipiebant,
2645 5506 2848 5567 singulis
2867 5508 3119 5556 mensibus
3144 5506 3462 5575 centesnnam
3485 5506 3637 5560 sortis
3658 5524 3767 5575 par-

2188 5582 2289 5624 tem
2311 5571 2577 5630 solv'erent,
2617 5572 2761 5634 itaut
2780 5571 3257 5634 centummensibus
3287 5578 3471 5634 sortem
3490 5571 3766 5634 aequarent.

2187 5645 2267 5687 De
2289 5639 2493 5697 reliquis
2512 5633 2805 5701 centesimae
2813 5632 3083 5701 generibus
3102 5630 3213 5680 vide
3226 5645 3369 5694 supra
3401 5633 3448 5681 in
3483 5630 3770 5698 pratfatiottc

2191 5702 2246 5750 ad
2266 5693 2485 5764 qttart'um
2509 5702 2724 5763 Tomum,
2747 5693 2847 5757 ἓν.
