4074 6144
353 352 458 408 55ยน1

350 464 568 541 pauperi
595 467 893 523 molestiam
916 467 1097 532 infers,
1117 474 1169 521 et
1190 466 1498 537 largientem
1520 477 1932 537 prietercurrens

351 578 477 615 cum
505 563 714 631 ingrato
745 570 893 628 pacta
927 559 1061 613 inis?
1091 559 1186 614 Ille
1216 559 1440 614 reddere
1468 560 1814 628 concupiscit,
1845 559 1930 614 hic

358 667 501 721 zegre
530 651 725 705 reddit.
762 653 857 706 Hic
900 653 983 706 vix
1009 651 1357 705 centesimum
1388 662 1665 716 numerat;
1693 652 1782 706 ille
1807 667 1934 706 cen-

353 743 554 810 tuplum
584 752 637 794 et
682 758 904 810 regnum
951 743 1222 795 caelorum.
1276 741 1372 795 llic
1416 758 1536 796 cum
1582 744 1834 797 conviciis
1877 749 1931 796 et

351 833 710 893 contumeliis,
763 833 851 886 ille
894 848 1012 886 cum
1053 833 1298 888 laudibus
1324 844 1376 887 et
1401 834 1682 889 encomiis.
1716 833 1808 886 llic
1837 833 1929 887 tibi

351 922 604 975 invidiam
658 923 836 990 parit,
890 923 976 976 ille
1026 923 1116 976 libi
1157 938 1384 978 coronas
1431 925 1613 977 nectit.
1646 925 1739 977 llic
1764 924 1848 978 vix
1877 925 1927 978 in

354 1013 456 1070 hoc
495 1015 727 1080 satculo,
761 1015 852 1068 ille
895 1025 946 1068 et
975 1015 1026 1068 iu
1056 1015 1158 1070 hoc
1185 1025 1239 1070 et
1267 1017 1318 1070 in
1349 1015 1546 1070 futuro.
1578 1018 1770 1069 Annon
1799 1030 1928 1084 ergo

349 1113 606 1158 extrema:
651 1103 935 1157 dementia:
979 1113 1083 1170 est,
1133 1120 1202 1158 ne
1250 1107 1389 1159 scire
1429 1105 1642 1174 quidem
1685 1105 1929 1159 lucrari?

350 1195 494 1260 Quot
539 1194 762 1249 faenoris
803 1210 962 1248 causa
1011 1205 1208 1249 sortem
1247 1197 1406 1250 etiam
1446 1197 1774 1251 amiserunt?
1800 1205 1931 1266 quot

349 1296 574 1355 propter
599 1300 784 1340 usuras
811 1287 862 1340 in
892 1287 1124 1355 pericula
1153 1288 1482 1342 inciderunt?
1507 1300 1635 1358 quot
1678 1297 1732 1343 et
1772 1302 1831 1344 se
1876 1298 1930 1342 et

351 1377 485 1432 alios
511 1377 562 1430 in
592 1385 882 1431 extremam
917 1386 1278 1447 paupertatem
1309 1378 1620 1448 deiecerunt
1648 1379 1717 1434 ob
1745 1379 1924 1434 inere-

349 1467 566 1524 dibilem
595 1469 910 1528 avaritiam?

421 1560 474 1616 6.
501 1559 578 1616 Ne
607 1561 735 1616 mihi
765 1562 964 1616 dixeris
987 1603 1002 1627 ,
1033 1561 1181 1616 illum
1211 1564 1367 1618 talem
1396 1563 1620 1619 libenter
1643 1564 1884 1633 accipere
1907 1605 1924 1630 ,

349 1661 404 1709 et
445 1651 512 1706 de
557 1651 760 1706 faenore
815 1653 1037 1720 gratiam
1083 1652 1298 1707 habere.
1341 1653 1467 1707 Illud
1511 1657 1651 1708 enim
1700 1669 1793 1720 per
1841 1654 1925 1708 in-

345 1743 731 1806 humanitatem
777 1753 919 1799 tuam
977 1744 1172 1800 evenit.
1218 1745 1346 1799 Nam
1393 1757 1446 1800 et
1494 1746 1758 1801 Abraham
1803 1761 1926 1801 cum

347 1853 568 1892 uxorem
617 1837 856 1891 barbaris
905 1837 1140 1902 tradidit,
1194 1837 1411 1892 insidias
1459 1839 1575 1890 illas
1604 1839 1702 1891 sibi
1747 1846 1926 1908 gratas

344 1929 577 1990 reddidit
601 1928 767 1998 (Gen.
797 1927 882 1982 12.
914 1928 1048 1998 l5);
1077 1944 1182 1982 non
1211 1930 1437 1984 libenter
1458 1972 1472 1994 ,
1505 1929 1598 1985 sed
1629 1930 1698 1983 ob
1726 1940 1924 1984 metum

347 2021 660 2081 Pharaonis.
691 2021 778 2075 Sic
803 2021 961 2074 etiam
1006 2036 1204 2090 pauper
1228 2062 1243 2085 ,
1274 2023 1394 2090 quia
1443 2038 1500 2076 re
1541 2023 1704 2092 gratis
1747 2024 1924 2078 oblata

346 2113 566 2180 dignum
612 2111 758 2165 illum
823 2126 928 2164 non
985 2126 1214 2175 censes,
1264 2112 1332 2166 de
1378 2114 1691 2168 crudelitate
1729 2115 1925 2183 gratias

343 2220 503 2274 agere
550 2204 776 2274 cogitur.
822 2202 901 2257 Tu
933 2213 1110 2257 autem
1140 2203 1271 2257 mihi
1315 2204 1532 2269 videris,
1563 2207 1657 2258 sia
1685 2206 1924 2275 periculo

343 2296 648 2364 quempiam
677 2295 998 2358 vindicares,
1029 2296 1331 2350 mercedem
1365 2306 1415 2350 te
1446 2297 1543 2350 hac
1569 2297 1635 2351 de
1665 2312 1824 2351 causa
1856 2299 1926 2354 ab

345 2385 439 2439 illo
479 2385 837 2454 flagitatorum
885 2399 1027 2439 esse.
1074 2384 1258 2450 Absit,
1290 2385 1515 2455 inquies.
1561 2387 1698 2454 Quid
1747 2387 1924 2443 dicis?

343 2475 474 2529 Cum
496 2491 524 2528 a
548 2475 734 2543 majori
754 2475 892 2528 malo
919 2475 1134 2539 liberas,
1154 2492 1258 2529 non
1282 2477 1362 2530 vis
1383 2479 1636 2546 pecunias
1659 2480 1872 2549 exigere
1901 2497 1916 2534 :

340 2572 469 2626 dum
499 2586 598 2640 pro
641 2586 699 2624 re
724 2571 933 2625 minore
964 2579 1164 2624 tantam
1195 2570 1414 2626 exhibes
1440 2571 1922 2628 inhumanitalcm?

341 2662 457 2717 Non
503 2661 650 2714 vides
696 2669 951 2729 quantum
996 2659 1121 2714 huic
1163 2661 1240 2714 rei
1287 2661 1530 2714 imminet
1553 2662 1919 2731 supplicium?

340 2768 447 2805 non
495 2749 652 2804 audis
695 2749 818 2802 illud
869 2751 919 2802 in
951 2749 1130 2803 Veteri
1171 2751 1330 2804 ctiam
1359 2750 1703 2806 Testamento
1735 2753 1918 2822 probi.

338 2843 454 2898 beri
484 2841 661 2911 (Deut.
686 2840 818 2912 l5)?
848 2840 952 2894 Sed
976 2841 1102 2909 quid
1135 2841 1287 2895 mulli
1333 2843 1750 2898 causificantur?
1783 2845 1917 2900 Dum

336 2935 514 2992 {tenus
547 2931 775 2998 accipio,
823 2929 893 2983 do
937 2931 1176 2999 pauperi.
1227 2931 1372 2988 Bona
1401 2932 1583 2998 verba,
1614 2934 1684 2988 mi
1717 2934 1914 3000 homo;

338 3021 646 3092 bujusmodi
697 3020 956 3075 sacrificia
1003 3037 1108 3075 non
1155 3021 1270 3076 vult
1317 3023 1475 3078 Deus.
1525 3024 1603 3079 Ne
1647 3025 1814 3094 legem
1848 3028 1916 3080 ita

336 3113 532 3168 callide
572 3110 775 3166 eludas.
828 3109 1016 3164 Melius
1061 3118 1144 3165 est
1187 3113 1404 3181 pauperi
1434 3128 1536 3168 non
1563 3113 1692 3170 dare
1715 3156 1728 3178 ,
1757 3132 1914 3186 quam

335 3204 460 3259 inde
507 3211 775 3273 sumptum
803 3201 929 3256 dare
972 3219 985 3254 :
1027 3203 1147 3272 quia
1186 3205 1468 3272 pecuniam
1508 3205 1669 3272 justis
1711 3217 1912 3275 partam

333 3295 603 3350 laboribus
627 3309 768 3361 saepe
789 3291 970 3347 reddis
997 3292 1228 3361 iniquam
1256 3294 1324 3348 ob
1355 3295 1565 3364 iniquos
1591 3296 1754 3362 fetus,
1783 3313 1843 3352 ac
1865 3300 1910 3353 si

331 3390 450 3458 quis
479 3385 758 3442 fecundum
790 3394 1000 3440 uterum
1035 3395 1190 3455 cogat
1213 3386 1525 3456 scorpiones
1550 3403 1760 3458 parere.
1805 3391 1910 3446 Ec-

329 3479 456 3549 quid
484 3479 657 3548 legem
688 3477 782 3530 Dei
812 3477 1084 3532 memoro?
1111 3479 1299 3531 Annon
1331 3493 1425 3533 vos
1453 3480 1550 3548 ipsi
1573 3481 1760 3536 sordes
1785 3482 1910 3536 illud

329 3586 451 3626 esse
491 3568 707 3624 dicitis?
734 3568 789 3623 Si
817 3577 994 3623 autem
1035 3583 1132 3623 vos
1177 3569 1264 3638 qui
1304 3569 1508 3624 lucrum
1557 3571 1801 3635 refertis,
1841 3575 1911 3628 ita

329 3661 598 3725 statuitis;
639 3660 809 3730 cogita
851 3675 1009 3728 quam
1059 3660 1196 3713 Deus
1235 3660 1301 3714 de
1344 3661 1493 3716 vobis
1521 3662 1654 3716 feret
1695 3673 1910 3719 senten-

330 3754 479 3808 tiam.
509 3751 661 3818 Quod
692 3751 734 3806 si
762 3751 894 3805 velis
917 3759 1168 3805 externos
1196 3751 1524 3821 legislatures
1553 3754 1905 3823 interrogare,

326 3842 510 3897 audies
563 3841 686 3895 illos
740 3840 790 3894 id
846 3849 1102 3895 extrema:
1154 3841 1495 3910 impudentiae
1541 3858 1661 3897 esse
1699 3851 1903 3912 putare.

325 3933 484 3988 Certe
515 3932 582 3986 iis
623 3931 712 4000 qui
760 3931 1046 4000 dignitates
1090 3942 1381 4001 occupant,
1418 3933 1612 4003 quique
1651 3934 1905 3988 Senatum

325 4039 576 4094 magnum
606 4023 956 4084 constituunt,
985 4036 1089 4076 non
1118 4022 1243 4078 licet
1271 4024 1569 4092 hujusmodi
1615 4025 1764 4079 lucro
1810 4024 1904 4080 de-

327 4115 635 4174 honestari;
665 4113 760 4168 sed
792 4114 876 4168 lex
903 4114 1040 4182 apud
1073 4114 1190 4168 illos
1218 4123 1334 4181 est,
1381 4131 1500 4184 qua:
1541 4115 1590 4170 id
1637 4116 1901 4186 prohibet.

325 4204 605 4274 Quomodo
635 4205 795 4273 igitur
814 4219 919 4258 nou
952 4205 1272 4259 horrendum
1302 4206 1492 4272 fuerit,
1515 4207 1560 4262 si
1589 4223 1692 4263 non
1720 4223 1902 4278 parem

1344 349 1410 405 IN
1448 349 1852 406 MATTIIIEUM
1893 346 2122 404 IIOMIL.
2164 349 2318 406 LVII.
2359 353 2429 407 al.
2469 353 2650 414 LVIII.

3513 368 3618 426 558

2037 466 2235 520 ca-lesti
2266 469 2460 524 civitati
2484 471 2742 528 honorem
2771 473 2974 533 tribuas
2997 517 3011 541 ,
3048 479 3258 548 qualem
3287 480 3618 554 Iegislatores

2032 560 2392 617 Romanorum
2431 565 2636 618 senatui
2666 565 2935 633 tribuunt,
2963 569 3056 624 sed
3081 572 3340 627 minorem
3369 576 3501 629 cho
3527 593 3617 631 re-

2034 653 2174 708 feras
2219 671 2375 725 quam
2410 666 2563 710 terra!
2584 698 2599 720 ,
2641 674 2812 729 neque
2839 670 2891 714 te
2921 661 3115 728 pttdcat
3143 672 3302 718 tanta:
3334 669 3616 736 turpitudi-

2034 745 2159 799 nis?
2201 746 2334 816 Quid
2368 747 2509 801 enim
2552 749 2787 806 insanius
2814 750 3006 818 fuerit,
3054 770 3210 821 quam
3251 759 3294 810 si
3338 761 3456 827 quis
3499 763 3616 816 sine

2035 847 2196 900 terra,
2231 837 2344 891 sine
2367 837 2562 906 pluvia,
2588 841 2703 893 sine
2727 852 2906 895 aratro
2925 845 3189 900 seminare
3215 849 3482 904 voluerit?
3504 852 3614 907 Hac

2031 925 2098 980 de
2127 942 2283 980 causa
2316 927 2514 982 zizania
2536 969 2550 993 ,
2583 946 2700 998 qua:
2743 931 2848 1000 igni
2878 934 3132 990 tradenda
3159 947 3282 992 sunt
3311 980 3326 1003 ,
3368 950 3610 1008 metunt,

2031 1017 2120 1087 qui
2149 1017 2342 1071 malam
2375 1017 2672 1087 hujusmodi
2702 1023 3075 1091 agriculturam
3106 1031 3496 1098 excogitarunt.

2108 1107 2383 1162 Faenorum
2412 1111 2618 1164 damna.
2649 1142 2722 1151 โ
2749 1114 2940 1168 Annon
2973 1117 3153 1170 multa:
3181 1131 3304 1174 sunt
3328 1121 3484 1190 justzn
3513 1139 3608 1178 ne-

2028 1199 2391 1266 gotiationes?
2419 1216 2686 1271 agrorum,
2715 1218 2954 1273 gregum,
2977 1216 3361 1271 armentorum,
3393 1227 3612 1267 manua-

2030 1289 2156 1342 lium
2206 1289 2446 1344 laborum
2469 1334 2483 1356 ,
2533 1293 2809 1363 solersque
2855 1297 2930 1349 rei
2963 1298 3240 1354 familiaris
3275 1304 3446 1356 cura?
3469 1304 3608 1371 Quid

2030 1377 2230 1433 insanis
2259 1389 2314 1433 ut
2335 1381 2514 1449 spinas
2554 1384 2746 1436 frustra
2774 1383 3048 1440 demetas?
3086 1389 3151 1442 At
3181 1388 3385 1446 fructus
3413 1403 3570 1448 terra!
3590 1437 3606 1461 ,

2029 1468 2237 1537 inquies
2257 1510 2270 1532 ,
2297 1471 2476 1525 multis
2497 1482 2620 1526 sunt
2637 1476 2847 1529 casibus
2881 1477 3132 1544 obnoxii,
3155 1483 3396 1550 grandini
3417 1526 3430 1546 ,
3458 1488 3608 1540 rubi-

2027 1559 2166 1628 gini,
2195 1561 2450 1615 imbribus
2480 1563 2693 1617 nimiis?
2717 1564 2818 1619 Sed
2850 1581 2954 1622 non
2988 1578 3064 1622 tot
3091 1571 3330 1637 casibus,
3357 1586 3487 1642 quot
3511 1579 3609 1631 fua-

2029 1666 2148 1705 nus.
2177 1651 2306 1706 Nam
2337 1654 2590 1724 quidquid
2620 1655 2687 1709 ibi
2716 1657 2986 1724 acciderit,
3016 1661 3241 1716 reditum
3274 1665 3609 1722 solummodo

2028 1740 2203 1806 lzedit,
2231 1752 2373 1798 sorte
2400 1745 2642 1810 interim,
2675 1747 2794 1802 sive
2832 1763 2960 1817 agro
3006 1763 3252 1808 manente
3294 1754 3479 1810 illzeso.
3512 1757 3608 1812 Hic

2027 1848 2156 1888 vero
2186 1835 2337 1889 multi
2364 1851 2507 1905 saepe
2536 1839 2588 1891 in
2619 1838 2728 1907 ipsa
2750 1849 2894 1894 sorte
2916 1843 3242 1912 naufragium
3275 1849 3415 1914 passi
3446 1861 3604 1904 sunt:

2027 1931 2082 1978 et
2105 1933 2389 1993 antequam
2421 1925 2673 1981 damnum
2717 1929 2956 1993 accidat,
2987 1932 3040 1986 in
3069 1945 3320 2002 perpetua
3349 1938 3606 1993 sollicitu-

2026 2011 2151 2066 dine
2203 2026 2498 2069 versantur.
2539 2015 2671 2070 Nam
2717 2019 3010 2074 fmnerator
3060 2037 3347 2093 numquam
3400 2042 3460 2081 re
3509 2043 3604 2084 sua

2027 2105 2234 2170 fruitur,
2264 2107 2356 2162 sed
2384 2109 2541 2162 etiam
2571 2111 2782 2179 quando
2811 2110 2983 2165 fmnus
3004 2113 3242 2182 affertur,
3261 2132 3365 2171 non
3387 2121 3602 2190 gaudet,

2025 2199 2166 2266 quod
2206 2211 2490 2267 proventus
2527 2201 2776 2268 accedat,
2817 2205 2910 2258 sed
2952 2205 3138 2270 dolet,
3183 2210 3325 2278 quod
3369 2216 3602 2269 nondum

2026 2299 2222 2344 sortem
2253 2300 2502 2362 exzequet
2528 2307 2682 2347 usura
2703 2334 2720 2360 ,
2747 2308 2808 2348 ac
2846 2295 3152 2366 priusquam
3174 2297 3274 2374 _hic
3303 2299 3440 2356 fetus
3464 2314 3604 2361 totus

2027 2380 2282 2449 prodeat,
2311 2381 2458 2435 illum
2484 2391 2650 2437 totum
2689 2398 2882 2453 parere
2919 2385 3135 2450 nititur,
3168 2387 3366 2444 fcenora
3399 2391 3451 2446 in
3482 2409 3600 2448 sor-

2025 2480 2132 2526 tem
2156 2484 2476 2530 convertens
2499 2516 2514 2540 ,
2543 2486 2597 2530 et
2625 2477 2730 2530 vim
2761 2475 2997 2531 inferens
3026 2486 3083 2532 ut
3112 2479 3380 2536 abortivos
3405 2484 3602 2554 viperae

2022 2574 2206 2633 partus
2230 2565 2372 2619 edat.
2403 2565 2552 2620 Talia
2594 2574 2739 2620 certe
2783 2575 2906 2621 sunt
2950 2567 3189 2636 fmnora,
3233 2587 3350 2640 qua:
3395 2578 3599 2629 animas

2022 2655 2267 2709 miserius
2291 2655 2484 2712 rodunt
2511 2664 2564 2710 et
2595 2655 2827 2710 lacerant
2850 2695 2863 2719 ,
2891 2671 3051 2726 quam
3078 2658 3294 2728 viperae.
3319 2659 3431 2716 Hoc
3460 2663 3599 2732 inju-

2021 2746 2178 2800 stitite
2207 2747 2474 2801 vinculum
2505 2755 2589 2800 est
2619 2762 2632 2799 :
2664 2746 2778 2801 haec
2815 2747 3065 2817 obligatio
3109 2751 3460 2807 violentarum
3506 2772 3598 2824 pa-

2032 2830 2297 2885 ctionum.
2318 2831 2418 2895 Do,
2437 2832 2634 2901 inquit,
2659 2849 2764 2886 non
2785 2844 2844 2888 ut
2861 2837 3115 2905 accipias,
3137 2837 3230 2891 sed
3248 2843 3471 2908 utplura
3489 2841 3604 2895 red-

2030 2923 2148 2978 das.
2168 2923 2234 2977 At
2252 2922 2394 2978 Deus
2413 2935 2556 2978 vetat
2582 2926 2634 2979 id
2657 2929 2904 2996 accipere
2931 2931 3074 2998 quod
3107 2931 3301 2986 datur:
3324 2932 3478 3000 Date,
3513 2935 3598 2988 in-

2029 3017 2166 3086 quit,
2187 3015 2316 3079 illis,
2333 3033 2364 3068 a
2381 3016 2566 3086 quibus
2583 3018 2718 3071 nihil
2741 3020 2974 3088 accipere
2996 3023 3218 3089 speratis
3236 3022 3384 3090 (Luc.
3411 3022 3463 3078 6.
3479 3023 3595 3091 55);

2029 3115 2084 3158 tu
2104 3120 2233 3159 vero
2253 3107 2374 3175 plus
2393 3123 2556 3176 quam
2575 3108 2793 3164 dederis
2810 3110 2981 3179 exigis
3005 3129 3018 3164 :
3047 3122 3102 3164 et
3130 3113 3274 3181 quod
3308 3128 3414 3166 non
3445 3114 3596 3168 dedi-

2027 3195 2122 3260 sti,
2151 3204 2208 3250 ut
2226 3196 2468 3250 debitum
2491 3198 2587 3251 tibi
2610 3199 2758 3268 cogis
2783 3215 3068 3254 numerare
3087 3217 3209 3255 eum
3229 3205 3321 3272 qui
3344 3215 3594 3261 mutuum

2015 3292 2239 3359 accepit.
2275 3291 2335 3344 Et
2367 3299 2520 3360 putas
2550 3289 2674 3344 hinc
2699 3288 2792 3344 tibi
2814 3302 2944 3359 opes
2967 3289 3170 3358 augeri,
3198 3304 3263 3345 ac
3291 3305 3387 3359 pro
3407 3293 3598 3361 opibus

2017 3387 2192 3454 ignem
2239 3383 2329 3436 tibi
2373 3381 2621 3436 accendis
2665 3380 3170 3449 inexstinguibilem.
3201 3381 3353 3447 Quod
3385 3399 3452 3438 ne
3482 3383 3594 3450 ๏ฌat,

2014 3476 2113 3531 hos
2139 3476 2400 3531 femorum
2422 3483 2602 3545 partus
2625 3475 2792 3528 malos
2808 3481 2862 3528 et
2880 3474 3086 3544 iniquos
3108 3475 3500 3542 exscindamus,
3516 3492 3600 3532 ex-

2013 3568 2275 3621 siccemus
2306 3565 2446 3619 hunc
2485 3565 2839 3634 perniciosum
2864 3573 3074 3619 uterum
3095 3605 3110 3631 ,
3134 3579 3197 3620 ac
3222 3580 3346 3620 vera
3373 3582 3598 3638 magna-

2012 3675 2114 3729 que
2154 3662 2297 3713 lucra
2339 3667 2540 3712 tantum
2574 3671 2974 3726 persequamur.
2994 3655 3248 3724 Quaenam
3287 3659 3402 3718 haec
3431 3662 3600 3715 sunt?

2012 3750 2304 3805 Audiamus
2328 3748 2548 3805 Paulam
2568 3749 2851 3810 dicentem,
2876 3747 3092 3815 Magnus
3113 3757 3185 3802 est
3204 3761 3422 3818 guaโstus
3442 3752 3600 3818 pietas

2010 3857 2122 3896 cum
2148 3840 2438 3910 su๏ฌicientia
2455 3840 2473 3909 (
2485 3841 2501 3892 l
2519 3839 2670 3893 .Tint.
2687 3840 2738 3894 6.
2756 3840 2831 3906 6).
2852 3839 2942 3893 His
2962 3840 3120 3908 igitur
3145 3849 3349 3893 tantum
3365 3841 3598 3897 ditemur

2009 3932 2229 3996 divitiis,
2254 3939 2310 3983 ut
2337 3939 2390 3983 et
2418 3929 2503 3982 hic
2532 3928 2914 3997 tranquillitate
2935 3927 3191 3992 fruamur,
3211 3937 3266 3982 et
3283 3928 3452 3983 futura
3467 3945 3596 3985 con-

2009 4037 2295 4092 sequamur
2309 4021 2465 4082 bona,
2484 4019 2649 4088 gratia
2662 4019 3047 4088 etbenignitate
3064 4019 3269 4073 Domini
3286 4021 3450 4074 nostri
3469 4020 3595 4076 Jesu

2010 4115 2228 4180 Christi,
2251 4113 2333 4167 cui
2364 4112 2527 4182 gloria
2551 4121 2604 4165 et
2631 4109 2910 4180 imperium
2951 4124 3071 4163 cum
3108 4109 3268 4165 Patre
3309 4121 3362 4164 et
3395 4109 3594 4181 Spiritu

2008 4213 2214 4270 sancto,
2233 4219 2370 4258 nunc
2382 4213 2677 4272 etsemper,
2698 4209 2752 4254 et
2772 4200 2822 4254 in
2841 4199 3032 4253 smcula
3049 4199 3386 4255 saeculorum.
3403 4202 3592 4258 Amen.

2465 4336 2637 4344 โ.โโ_

2643 4336 2731 4343 __

1461 4413 1805 4476 HOMILIA
1858 4415 2045 4476 LVII.
2090 4414 2176 4476 al.
2224 4412 2442 4474 LVIII.

322 4553 450 4607 Car.
481 4553 569 4608 l7.
596 4551 760 4606 v.10.
797 4550 864 4604 Et
905 4552 1332 4623 interrogaverunt
1382 4570 1495 4608 eum
1538 4556 1773 4624 discipuli
1798 4558 1906 4626 ejus

393 4642 610 4694 dicentes
651 4656 671 4693 :
720 4639 856 4705 Quid
897 4641 1049 4711 igitur
1088 4643 1258 4696 dicunt
1295 4643 1507 4709 scribae,
1555 4646 1688 4711 quod
1733 4646 1902 4700 Etiam

395 4742 620 4799 oporteat
649 4733 866 4799 primum
891 4735 1058 4786 venire
1075 4735 1100 4786 ?

397 4823 445 4875 l.
474 4821 590 4876 Non
635 4837 764 4890 ergo
797 4838 826 4876 a
849 4821 1135 4892 Scripturis
1161 4822 1210 4876 id
1231 4823 1487 4888 sciebant,
1517 4827 1608 4882 scd
1635 4828 1822 4883 scriba:
1851 4827 1900 4881 id

324 4911 428 4966 illis
467 4911 774 4973 narrabant,
802 4919 853 4965 et
889 4911 1001 4964 hmc
1039 4911 1218 4980 opinio
1257 4913 1308 4966 in
1354 4914 1538 4982 vulgus
1564 4914 1904 4970 circumfere-

322 5002 475 5055 batur
493 5042 508 5066 ,
546 5001 684 5054 sicut
709 5012 763 5055 et
792 5001 861 5056 de
887 5001 1118 5056 Christo.
1152 5003 1272 5057 Ideo
1300 5003 1630 5060 Samaritana
1653 5005 1898 5060 dicebat:

321 5089 533 5144 Messias
573 5090 724 5153 venit,
762 5099 808 5143 et
845 5107 958 5143 eum
1008 5094 1228 5158 venerit,
1273 5093 1358 5147 ille
1403 5095 1719 5149 annuntiabit
1763 5096 1902 5150 nobis

320 5180 486 5232 omnia
508 5179 526 5246 (
550 5178 707 5232 Joan.
733 5179 787 5233 4.
810 5179 883 5249 5)
913 5197 925 5231 :
971 5193 1024 5234 ct
1054 5182 1125 5234 illi
1158 5183 1553 5252 interrogabant
1599 5185 1856 5240 Joannem
1884 5225 1898 5250 ,

319 5267 458 5321 ๏ฌlias
488 5284 541 5322 es
582 5277 656 5331 tu,
679 5276 766 5320 aut
801 5269 1044 5338 propheta
1069 5270 1245 5340 (Joan.
1271 5272 1322 5325 I.
1347 5273 1478 5338 21)?
1505 5274 1655 5336 Nam,
1685 5285 1741 5328 ut
1769 5275 1898 5339 dixi,

320 5359 428 5414 haec
454 5359 640 5427 opinio
667 5359 960 5413 invaluerat
986 5361 1124 5415 etde
1146 5362 1358 5416 Christo
1384 5373 1431 5418 et
1461 5363 1527 5418 de
1551 5364 1699 5430 Elia;
1729 5382 1901 5435 neque

318 5448 387 5504 illi
441 5459 594 5506 recte
643 5449 761 5504 haec
812 5451 1310 5520 interpretabantur.
1368 5453 1655 5524 Scriptum
1702 5456 1898 5525 quippe

316 5538 445 5596 duos
471 5549 692 5597 narrant
715 5539 912 5595 Christi
950 5543 1244 5607 adventus;
1275 5543 1415 5598 hunc
1442 5545 1530 5612 qui
1557 5545 1664 5613 jam
1703 5546 1816 5606 fuit,
1847 5555 1901 5599 et

317 5629 584 5686 futurum:
622 5643 758 5699 quos
799 5632 1102 5701 significans
1144 5633 1338 5687 Paulus
1373 5633 1618 5688 dicebat:
1651 5635 1899 5706 Apparuit

318 5722 474 5794 gratia
504 5719 603 5774 Dei
644 5722 884 5777 salutaris
927 5721 1152 5778 omnibus
1191 5722 1493 5794 hominibus,
1525 5727 1754 5780 erudiens
1785 5743 1892 5791 nos,

2015 4569 2072 4612 ut
2099 4559 2398 4628 abnegantes
2424 4557 2726 4624 impietatem
2755 4566 2801 4608 et
2824 4557 3088 4609 sa'cularia
3121 4556 3368 4609 desideria
3392 4596 3404 4618 ,
3433 4556 3596 4609 sobrie

2010 4659 2056 4701 et
2085 4655 2222 4716 juste
2260 4657 2306 4700 et
2346 4648 2426 4714 pie
2454 4647 2673 4699 vivamus
2717 4644 2853 4712 (Tit.
2889 4645 2942 4697 2.
2978 4646 3062 4698 II.
3095 4644 3214 4712 12).
3245 4643 3383 4698 Ecce
3430 4659 3591 4697 unum

2011 4738 2316 4792 adventum.
2342 4736 2477 4789 Audi
2499 4735 2765 4804 quomodo
2789 4743 2842 4786 et
2862 4734 3084 4787 alterum
3109 4742 3289 4802 postea
3317 4733 3552 4788 declaret
3576 4749 3589 4786 :

2013 4829 2374 4898 Exspectantes
2399 4827 2592 4880 beatam
2619 4841 2792 4894 spent,
2818 4833 2862 4876 et
2894 4825 3161 4877 adventum
3183 4827 3352 4894 magni
3384 4825 3473 4878 Dei
3503 4825 3519 4856 โธ
3547 4835 3594 4879 et

2013 4919 2298 4974 Salvatoris
2326 4919 2488 4971 nostri
2518 4915 2642 4969 Jesu
2669 4914 2855 4968 Christi
2885 4912 3055 4980 (Ibid.
3087 4929 3134 4966 v.
3165 4914 3278 4985 l5).
3314 4915 3592 4984 Propheta:

2011 5026 2219 5081 quoque
2255 5019 2536 5076 utrumque
2561 5005 2842 5059 adventum
2867 5012 3195 5058 memorant:
3228 5014 3386 5075 atque
3413 5006 3590 5072 unius,

2009 5101 2099 5169 qui
2129 5100 2394 5154 secundus
2436 5107 2538 5163 est,
2573 5110 2956 5166 praecursorem
2985 5095 3165 5150 dicunt
3212 5095 3442 5150 futurum
3472 5109 3591 5149 esse

2010 5190 2198 5244 Eliam.
2222 5187 2421 5242 Prioris
2445 5201 2574 5241 vero
2597 5185 2957 5251 fuitJoannes,
2979 5201 3136 5256 quem
3149 5184 3392 5240 Christus
3420 5185 3589 5239 Eliam

2009 5282 2229 5336 vocabat
2261 5297 2273 5332 :
2317 5295 2421 5332 non
2465 5277 2602 5348 quod
2636 5277 2782 5332 Elias
2813 5287 2976 5339 esset,
3006 5277 3094 5332 sed
3124 5277 3264 5346 quod
3293 5277 3410 5344 ejus
3436 5275 3592 5327 mini-

2007 5374 2226 5427 sterium
2275 5371 2538 5440 impleret.
2566 5369 2712 5425 Sicut
2742 5371 2882 5425 enim
2916 5370 3003 5422 ille
3044 5381 3340 5436 prmcursor
3376 5366 3478 5420 erit
3506 5380 3592 5420 se-

2007 5463 2163 5519 cundi
2192 5462 2468 5520 adventus,
2494 5461 2561 5514 ita
2589 5471 2642 5514 et
2669 5461 2753 5514 hic
2780 5459 2970 5528 prioris
2999 5457 3114 5510 fuit.
3138 5457 3242 5511 Sed
3273 5456 3461 5511 scriba:
3491 5455 3590 5510 ista

2005 5553 2406 5614 confundentes,
2429 5552 2782 5622 pepulumque
2809 5558 3189 5619 pervertentcs,
3211 5548 3349 5603 illius
3366 5556 3588 5616 tantum,

2071 5734 2086 5766 ยน
2124 5731 2233 5781 Duo
2257 5737 2384 5786 ฮดฮนฮตฯ..
2409 5734 2454 5780 et
2477 5727 2735 5778 adventum
2756 5728 2923 5794 gloria!
2940 5724 3102 5790 magni
3130 5725 3230 5776 Dei.
