4074 6144
499 280 569 336 59
1136 273 1195 330 s.
1235 271 1511 330 JOANNIS
1537 272 2004 330 cunrsosrom
2044 274 2360 332 ARCHIEP.
2398 278 2929 338 CONSTANTINOP.

464 411 578 465 sive
624 407 846 464 secundi
884 405 1270 468 meminerunt,
1296 419 1360 458 ac
1384 404 1632 460 dicebant
1659 403 1800 475 plebi
1827 423 1841 460 :
1874 404 1930 461 Si
1961 406 2048 462 hic

463 510 605 556 esset
628 497 892 563 Christus,
924 494 1158 565 oportuit
1180 494 1349 548 Elism
1395 493 1714 563 pra'cedere.
1741 494 1863 551 Ideo
1883 496 2042 550 disci-

466 589 573 656 puli
598 589 675 643 sic
699 587 983 656 loquuntur
1012 605 1025 637 :
1059 584 1193 649 Quid
1219 594 1292 638 est
1319 584 1456 654 quod
1496 585 1671 639 scribae
1697 587 1889 648 dicunt,
1913 589 2047 654 quod

469 680 632 735 Etiam
672 687 897 744 oporteat
928 677 1146 746 primum
1184 677 1389 729 venire?
1417 676 1525 738 liae
1554 677 1621 731 de
1657 692 1815 730 causa
1861 678 2043 732 l‘bari-

463 769 556 822 smi
586 768 651 821 ad
674 766 930 821 Joannem
954 767 1248 829 miserunt,
1280 775 1333 819 et
1361 765 1755 834 interrogabant
1779 784 1791 819 :
1825 764 1971 820 Elias
1993 784 2045 822 es

463 868 516 909 tu
552 855 747 926 (Joan.
782 857 835 910 1.
863 856 923 909 21
959 855 1014 923 )?
1041 855 1235 909 nullam
1272 855 1466 922 prioris
1508 855 1767 911 adventus
1813 858 2040 913 mentio-

462 962 581 1002 nem
625 947 899 1001 facientes.
942 946 1109 1012 Quam
1145 961 1273 1014 ergo
1311 947 1632 1001 solutionem
1673 947 1848 1002 attulit
1889 947 2043 1002 Chri-

456 1036 608 1090 stus?
633 1036 784 1103 Quod
806 1036 1007 1091 scilicet
1037 1035 1180 1090 Elias
1206 1044 1462 1090 Venturos
1499 1037 1568 1090 sit
1603 1047 1727 1092 ante
1750 1038 2037 1092 secundum

454 1141 610 1179 suum
650 1125 955 1188 adventum,
982 1135 1036 1179 et
1079 1140 1216 1178 nunc
1242 1126 1350 1193 jam
1379 1125 1524 1179 Elias
1566 1126 1738 1191 venit;
1766 1126 1845 1181 sic
1880 1126 2039 1180 Joan-

456 1231 578 1269 nem
609 1230 804 1270 vocans
828 1212 957 1270 .llic
984 1218 1129 1272 venit
1150 1214 1403 1278 Elias..Si
1429 1229 1552 1269 vero
1573 1214 1857 1269 Thesbiten
1889 1232 2037 1284 qua:-

455 1320 565 1370 ras,
614 1306 811 1359 veniet.
869 1305 990 1359 Ideo
1035 1304 1245 1359 dicebat
1281 1321 1294 1357 :
1326 1303 1471 1359 Elius
1516 1306 1693 1370 veniet,
1722 1317 1768 1359 et
1815 1306 2037 1359 restituet

457 1395 643 1447 omnia.
678 1395 929 1461 Quantam
958 1393 1177 1447 omnia?
1203 1393 1330 1458 Quzc
1353 1392 1639 1447 Malachias
1669 1393 1926 1462 prapheta
1956 1396 2037 1450 di-

451 1483 605 1536 eebat
630 1501 642 1535 :
678 1482 880 1537 Mittam
900 1484 1029 1535 enim
1051 1482 1184 1536 vobis
1201 1480 1373 1535 Etiam
1398 1478 1681 1549 Thesbiten,
1708 1484 1794 1553 qui
1812 1484 2035 1537 restituet

451 1589 539 1625 cor
567 1574 727 1643 patris
752 1576 821 1627 ad
846 1574 1034 1642 ﬁlium,
1066 1590 1128 1626 ne
1166 1574 1364 1626 veniens
1384 1573 1659 1642 percutiam
1684 1582 1870 1627 terram
1895 1574 2035 1626 radi-

453 1662 578 1713 citus
625 1660 796 1731 (Mal.
843 1662 895 1716 4.
924 1661 1019 1732 5).
1057 1661 1237 1716 Viden‘
1273 1662 1663 1715 accurationem
1712 1664 2033 1731 pr0pheticm

453 1748 846 1816 prtedictionis?
877 1751 1008 1814 Quia
1052 1750 1192 1803 enim
1231 1749 1487 1804 Joannem
1537 1751 1708 1804 Eliam
1756 1761 2033 1806 vocaverat

448 1842 688 1895 Christus
716 1842 785 1897 ob
813 1841 1088 1894 ministerii
1117 1842 1517 1896 similitudinem
1542 1883 1558 1906 ,
1593 1858 1659 1896 ne
1688 1852 1900 1911 putares
1931 1842 2032 1898 hoc

446 1930 617 1999 ipsum
643 1946 785 1985 nunc
811 1946 839 1983 a
872 1934 1125 2000 propheta
1150 1931 1251 1986 dici
1273 1971 1288 1996 ,
1317 1931 1432 1999 ejus
1464 1932 1685 1997 patriam
1715 1931 1916 1987 addidit
1944 1931 2029 1985 di-

447 2035 570 2075 cens
596 2062 612 2087 ,
656 2019 941 2074 Thesbiten.
994 2020 1228 2076 Joannes
1271 2037 1400 2076 vero
1447 2021 1693 2076 Thesbita
1746 2037 1850 2075 nou
1892 2030 2027 2076 erat.

450 2111 602 2165 Aliud
626 2111 784 2165 etiam
812 2111 1016 2180 insigne
1044 2112 1209 2176 addit,
1241 2127 1362 2166 cum
1392 2112 1539 2177 dicit,
1569 2111 1652 2165 Ne
1673 2114 1869 2168 veniens
1908 2129 2027 2183 per-

444 2202 626 2253 cutiant
664 2211 847 2254 terram
876 2203 1136 2266 radicitus,
1171 2202 1460 2257 secundum
1500 2203 1614 2271 ejus
1640 2203 1924 2258 adventum
1966 2205 2028 2258 il-

448 2299 551 2345 tum
593 2292 881 2347 terribilem
913 2293 1207 2349 declarans.
1243 2292 1301 2347 In
1350 2293 1519 2361 primo
1563 2295 1704 2349 enim
1746 2309 1853 2349 non
1884 2295 2027 2350 venit

446 2391 721 2452 percutere
774 2395 990 2438 terram.
1024 2383 1144 2437 Non
1170 2384 1300 2437 enim
1330 2384 1440 2437 veni
1464 2425 1478 2446 ,
1509 2385 1697 2454 inquit,
1727 2394 1779 2437 ut
1799 2386 2026 2456 judicent

443 2473 717 2536 mundum,
747 2474 834 2526 sed
860 2483 911 2525 ut
947 2475 1140 2527 salvum
1168 2476 1351 2544 faciam
1383 2473 1575 2543 (Joan.
1618 2473 1704 2528 12.
1746 2476 1812 2529 47
1839 2475 1877 2546 ).
1916 2475 2027 2531 Hoc
2055 2500 2064 2509 ε

440 2579 568 2633 ergo
597 2565 724 2619 dicit
752 2565 1086 2634 signiﬁcans,
1109 2565 1397 2620 Thesbiten
1429 2575 1706 2620 venturum
1738 2581 1859 2622 esse
1901 2580 2025 2624 ante

439 2656 723 2709 adventum
754 2657 901 2710 illum
934 2657 983 2709 in
1012 2672 1116 2725 quo
1146 2656 1401 2726 judicium
1431 2658 1538 2712 lict.
1563 2657 1786 2712 Causam
1814 2674 2025 2728 quoque

436 2762 532 2802 cor
558 2760 807 2802 venturus
836 2749 906 2803 sit
943 2750 1116 2803 docet.
1150 2750 1402 2815 Qua'nam
1430 2751 1516 2804 illa
1544 2750 1668 2806 est?
1702 2750 1771 2806 Ut
1809 2751 2024 2807 Judzcos

437 2839 649 2895 inducat
674 2841 739 2894 ad
765 2840 1086 2896 credendum
1117 2842 1168 2894 in
1192 2840 1483 2905 Christum,
1504 2858 1569 2897 ne
1597 2842 1686 2895 illo
1710 2843 2023 2899 adveniente

433 2945 624 2984 omnes
652 2930 887 3003 funditus
910 2942 1144 3000 pereant.
1170 2932 1502 3000 QuaprOptcr
1532 2932 1584 2986 id
1615 2932 1717 2986 illis
1738 2933 1789 2985 in
1822 2949 2024 2987 memo-

435 3023 566 3078 riam
598 3039 855 3079 revocans
880 3024 1008 3078 dicit
1039 3042 1051 3076 :
1087 3024 1151 3078 Et
1199 3025 1422 3078 restituet
1463 3025 1656 3089 omnia;
1690 3023 1738 3078 id
1781 3035 1882 3088 est,
1924 3025 2020 3079 Ju-

432 3115 670 3170 dacorum
693 3117 781 3185 qui
814 3126 937 3171 tunc
966 3125 1308 3184 supererunt,
1325 3116 1746 3171 incredulitatem
1767 3118 2015 3186 corriget:

435 3207 659 3276 ideoque
706 3207 1106 3260 accuratissime
1137 3206 1383 3276 loquutus
1424 3217 1524 3261 est.
1556 3206 1671 3260 Non
1698 3207 1836 3261 enim
1863 3207 2016 3272 dixit,

432 3295 701 3349 Rcstituet
742 3310 834 3349 cor
874 3296 965 3350 lilii
1012 3311 1135 3366 erga
1168 3305 1371 3365 patrem
1397 3337 1412 3362 ,
1442 3297 1535 3352 sed
1561 3338 1576 3364 ,
1612 3296 1783 3350 Patris
1811 3314 1931 3369 erga
1954 3299 2020 3368 [i-

431 3385 574 3438 lium.
597 3385 730 3452 Quia
753 3386 893 3439 enim
919 3385 1087 3440 Jndmi
1125 3396 1302 3456 patres
1326 3396 1478 3441 erant
1506 3389 1888 3455 apostolorum,
1918 3389 2021 3443 hoc

433 3475 534 3529 sibi
566 3475 695 3539 vult,
721 3474 982 3530 Restituet
1008 3476 1074 3530 ad
1110 3476 1356 3544 dogmata
1388 3477 1615 3531 liliorutn
1645 3493 1885 3544 suorum,
1917 3478 2019 3534 hoc

431 3575 534 3630 est,
563 3566 947 3632 apostolorum,
975 3582 1069 3620 cor
1109 3576 1313 3636 patrum
1352 3569 1608 3636 ipsorum,
1637 3567 1739 3623 hoc
1779 3578 1863 3626 est
1900 3569 2018 3624 aui-

430 3672 574 3713 mum
597 3657 797 3713 Judaici
823 3660 1055 3728 generis.

498 3746 724 3804 Joannes
741 3747 972 3819 Baptista
988 3748 1131 3803 Elius
1154 3749 1499 3805 dictum—l2.
1523 3749 1649 3804 Dico
1669 3759 1836 3804 autem
1856 3752 2012 3818 vobis,

432 3838 576 3893 Elias
593 3842 708 3909 jam
748 3840 895 3903 venit,
928 3850 974 3892 et
1002 3856 1101 3894 non
1143 3850 1481 3910 cognoverunt
1510 3857 1643 3906 eam,
1675 3843 1764 3895 sed
1791 3846 2016 3912 fecerunt

426 3933 478 3985 in
499 3948 556 3986 eo
580 3948 900 4001 qmecumque
929 3933 1207 3987 voluerunt.
1231 3934 1319 3987 Sic
1344 3943 1391 3988 et
1417 3933 1583 3990 Filius
1609 3935 1824 3990 hominis
1845 3953 2016 4006 passu-

428 4038 516 4074 rus
543 4033 613 4074 est
630 4022 690 4074 ab
714 4023 858 4088 ipsis.
892 4023 978 4076 15.
1005 4022 1144 4076 Tunc
1173 4023 1546 4090 intellexerunt,
1570 4027 1705 4087 quod
1725 4028 1787 4080 de
1815 4026 2016 4083 Joanne

427 4109 522 4161 Itoc
537 4109 741 4163 dixisset
763 4110 849 4163 eis.
875 4111 1090 4165 Etiamsi
1112 4128 1209 4166 nec
1229 4114 1439 4178 scribas,
1457 4128 1555 4167 nec
1573 4114 1859 4184 Scriptura:
1901 4116 2016 4171 lucc

427 4198 667 4253 dicerent
698 4216 710 4251 :
745 4200 840 4253 sed
887 4201 1008 4269 quia
1039 4209 1093 4254 ct
1129 4202 1413 4266 acutiores,
1439 4211 1491 4255 et
1518 4202 1583 4256 ad
1628 4219 1689 4257 ea
1718 4221 1836 4274 qua:
1865 4205 2014 4261 dice-

427 4289 620 4345 bantur
648 4290 961 4344 attentiores
986 4301 1157 4354 erant,
1185 4293 1293 4345 cito
1320 4292 1712 4347 intellexerunt.
1734 4294 2011 4352 Undenam

344 4418 350 4426 .
430 4377 480 4433 id
523 4378 898 4433 intellexerunt
927 4379 1211 4451 discipuli?
1240 4380 1354 4435 Jam
1385 4379 1592 4435 dixerat
1618 4384 1695 4437 eis
1720 4426 1734 4448 ,
1783 4383 1903 4455 Ipse
1941 4395 2013 4441 est

428 4466 573 4524 Elius
610 4468 696 4535 qui
724 4479 960 4522 uenturus
1004 4479 1076 4525 est
1094 4484 1115 4534 ;
1160 4469 1246 4524 hic
1273 4485 1399 4524 vero
1427 4469 1574 4537 dicit,
1600 4470 1719 4526 Jam
1745 4477 1877 4528 venit
1903 4492 1922 4541 ;
1959 4487 2012 4532 et

425 4573 667 4624 rursum,
693 4557 834 4612 Elius
853 4560 1011 4614 ueniet
1040 4569 1085 4614 et
1113 4561 1335 4613 restituet
1360 4562 1529 4614 omnia
1555 4562 1769 4631 (Matth.
1790 4565 1873 4620 11.
1899 4565 2008 4637 14).

424 4651 530 4709 Sed
558 4667 626 4708 ne
667 4652 912 4720 turberis,
954 4667 1127 4723 neque
1167 4667 1404 4708 errorem
1435 4654 1487 4707 in
1519 4653 1677 4711 dictis
1701 4658 2008 4726 suspiceris,

424 4747 470 4800 si
516 4745 675 4800 modo
700 4757 981 4801 venturum
1027 4760 1184 4812 esse,
1227 4745 1387 4801 modo
1427 4748 1637 4803 venisse
1678 4748 1838 4805 dicat.
1886 4748 2010 4806 llaec

423 4840 602 4895 omnia
641 4854 765 4895 vera
796 4849 955 4904 sunt;
982 4853 1105 4893 nam
1133 4853 1253 4893 cum
1280 4839 1407 4894 dicit
1437 4838 1606 4893 Eliam
1637 4852 1916 4896 venturum
1954 4851 2011 4897 et

426 4930 795 4983 restituturum
826 4942 948 4983 esse
978 4927 1156 4983 omnia
1180 4969 1196 4993 ,
1224 4926 1292 4983 de
1322 4929 1437 4997 ipso
1475 4928 1591 4984 Elia
1620 4929 1872 5001 loquitur,
1915 4932 2009 4988 de-

424 5032 530 5086 que
557 5015 730 5070 futura
757 5016 1060 5071 Judmorum
1089 5018 1439 5073 conversione
1463 5034 1477 5082 ;
1506 5034 1627 5074 cum
1654 5032 1829 5076 autem
1857 5022 2007 5089 dicit,

424 5104 548 5176 Ipse
566 5116 638 5162 est
661 5108 746 5176 qui
783 5117 1017 5161 venturus
1046 5118 1186 5176 erat,
1214 5121 1431 5178 propter
1459 5110 1737 5166 ministerii
1764 5113 2011 5169 similitu-

424 5198 605 5255 dinem
650 5198 910 5254 Joannem
941 5199 1109 5253 Eliam
1141 5210 1315 5256 vocat.
1349 5201 1477 5255 Nam
1505 5203 1775 5272 prophetae
1824 5222 2011 5274 quem-

424 5308 527 5362 que
556 5309 734 5365 regem
769 5295 961 5350 virtute
988 5295 1187 5350 clarum
1223 5295 1476 5352 Davidem
1508 5300 1783 5365 vocabant,
1817 5309 1872 5357 et
1911 5301 2006 5358 Ju-

428 5381 577 5437 drcos
608 5383 870 5453 principes
895 5384 1274 5451 Sodomorum,
1301 5401 1364 5440 ac
1394 5388 1527 5441 lilios
1548 5387 1877 5459 (EthiOpum,
1921 5393 2005 5447 id-

426 5487 530 5540 que
568 5489 632 5527 ex
675 5490 884 5531 morum
912 5476 1282 5532 similitudine.
1313 5476 1463 5532 Sicut
1483 5478 1626 5532 enim
1670 5480 1757 5535 ille
1785 5481 2003 5537 secundi

427 5563 686 5619 adventus
717 5581 1013 5631 praecursor
1056 5565 1263 5621 futurus
1283 5578 1383 5632 est,
1411 5567 1477 5622 ita
1501 5567 1586 5623 hic
1613 5569 1768 5638 primi
1798 5569 1915 5626 fuit.

498 5654 549 5710 2.
576 5656 754 5729 Neque
782 5658 899 5715 ideo
921 5666 1121 5713 tantum
1151 5658 1320 5715 Etiam
1358 5676 1498 5732 sirpe
1530 5672 1682 5719 vocat
1706 5664 1875 5730 illum,
1907 5663 2000 5721 sed

3629 294 3740 353 560

2153 398 2209 441 ut
2228 388 2475 444 ostendat
2496 405 2555 445 se
2582 405 2703 446 cum
2728 394 2893 446 veteri
2931 393 3045 459 lege
3070 393 3354 450 admodum
3383 401 3735 471 concordare,

2150 490 2198 533 et
2233 480 2371 535 hunc
2412 480 2700 537 adventum
2730 485 3021 539 secundum
3062 486 3390 556 prophetiam
3428 505 3567 547 esse.
3610 493 3736 550 ldeo

2148 570 2418 641 subjungit
2442 589 2456 625 :
2497 570 2681 641 Venit,
2707 587 2755 628 et
2779 593 2878 629 non
2906 587 3239 645 cognoverunt
3265 595 3377 633 eum
3396 622 3411 646 ,
3442 591 3488 634 et
3512 586 3736 655 fecerunt

2147 662 2192 714 ei
2215 678 2537 732 quaecumque
2559 663 2841 720 voluerunt.
2873 665 3010 734 Quid
3038 666 3140 721 sibi
3167 668 3278 722 vult
3297 669 3448 738 illud,
3469 671 3737 736 Qua-cum-

2144 766 2239 807 que
2278 753 2609 831 voluerunt'?
2636 755 2689 808 ln
2724 771 2993 811 carcerem
3040 766 3355 824 truserunt,
3395 748 3735 819 contumeliis

2150 841 2454 905 alTeceruut,
2483 842 2813 909 occiderunt,
2840 853 2999 913 Caput
3028 845 3078 899 in
3110 845 3259 899 disco
3285 848 3541 903 tulerunt.
3571 850 3662 906 Sic
3684 860 3736 906 et

2144 930 2194 984 F
2195 932 2311 985 ilius
2349 932 2565 987 hominis
2594 952 2837 1005 passurus
2870 946 2941 989 est
2969 935 3031 989 ab
3074 937 3217 1007 ipsis.
3254 937 3437 992 Viden’
3460 942 3732 1008 quomodo

2143 1037 2327 1077 rursus
2352 1034 2652 1093 opportune
2680 1025 2784 1078 illis
2816 1026 3114 1094 passionem
3137 1042 3286 1081 suam
3314 1042 3728 1102 commemorat,

2141 1127 2205 1165 ex
2231 1112 2451 1167 Joannis
2475 1114 2718 1184 passione
2746 1131 2987 1186 magnam
3024 1117 3127 1172 illis
3153 1117 3382 1173 aﬂ'crens
3399 1122 3727 1177 consolatio-

2140 1201 2296 1256 nem?
2319 1202 2500 1270 Neque
2525 1205 2647 1259 hinc
2674 1215 2894 1269 tantum,
2920 1206 3012 1262 sed
3043 1207 3184 1276 quod
3208 1208 3367 1262 etiam
3401 1226 3591 1280 magna
3618 1223 3729 1266 sta-

2141 1293 2231 1345 tim
2280 1294 2533 1348 miraeula
2572 1293 2716 1350 edat.
2747 1294 2878 1349 Nam
2923 1311 3044 1350 cum
3076 1296 3144 1351 de
3172 1299 3417 1367 passione
3454 1301 3723 1370 loquitur,

2136 1381 2416 1436 confestim
2459 1384 2722 1439 mirabilia
2752 1395 2944 1455 patrat,
2974 1397 3029 1441 et
3053 1397 3333 1458 antequam
3362 1388 3414 1444 id
3451 1389 3720 1459 loquatur,

2138 1482 2192 1525 et
2221 1481 2497 1542 postquam
2529 1474 2783 1543 loquutus
2831 1485 2912 1530 est
2930 1516 2947 1543 ,
2976 1476 3028 1531 id
3053 1476 3193 1544 quod
3222 1492 3365 1548 s:rpe
3385 1479 3722 1536 observatur.

2139 1560 2279 1614 Tunc
2319 1563 2490 1632 igitur,
2521 1564 2709 1633 inquit,
2738 1567 2887 1634 carpit
2923 1567 3199 1633 ostendere,
3226 1569 3360 1638 quod
3383 1579 3633 1636 oporteret
3675 1583 3724 1625 et

2136 1668 2246 1705 eum
2275 1655 2411 1706 abire
2436 1653 2826 1726 Jerosolymam,
2848 1665 2892 1708 et
2918 1657 3099 1720 occidi,
3120 1666 3166 1711 et
3185 1658 3344 1711 multa
3373 1661 3479 1729 pati
3502 1659 3717 1727 (Matth.

2136 1743 2220 1797 16.
2250 1743 2364 1812 21).
2394 1744 2534 1798 Tunc
2558 1788 2572 1809 ,
2604 1747 2982 1816 quandonam?
3010 1749 3232 1815 Quando
3262 1750 3314 1805 in
3352 1752 3599 1808 confesso
3624 1754 3723 1809 fuit

2119 1823 2302 1902 ipsum
2330 1850 2450 1890 csse
2477 1834 2744 1890 Christum
2777 1848 2829 1892 et
2857 1838 3050 1892 Filium
3070 1839 3179 1894 Dei.
3202 1840 3405 1895 Rursus
3430 1842 3481 1896 in
3511 1855 3715 1908 monte,

2131 1925 2344 1992 quando
2376 1926 2564 1980 miram
2594 1927 2698 1981 illis
2727 1929 2982 1984 visionem
3014 1931 3274 1994 exhibuit,
3306 1946 3427 1987 cum
3454 1932 3520 1987 de
3547 1934 3717 2004 gloria

2132 2013 2295 2083 ipsius
2322 2015 2669 2086 loquerentur
2702 2020 2993 2087 propheuc,
3023 2022 3324 2091 passionem
3353 2022 3482 2092 ipsis
3508 2038 3716 2079 memo-

2130 2105 2284 2157 ravit.
2319 2104 2603 2176 Postquam
2630 2108 2770 2162 enim
2801 2109 3020 2163 Joannis
3063 2109 3338 2165 historiam
3369 2122 3712 2180 narraverat,

2128 2196 2398 2265 subjuoxit
2426 2215 2442 2252 :
2476 2198 2566 2253 Sic
2603 2209 2650 2253 et
2677 2198 2842 2254 Filius
2872 2201 3086 2256 hominis
3119 2218 3362 2271 passurus
3389 2213 3463 2257 est
3486 2205 3548 2257 ab
3566 2205 3712 2274 ipsis.

2126 2285 2233 2341 Nec
2261 2288 2483 2343 multum
2514 2298 2694 2358 postea
2712 2331 2725 2353 ,
2754 2305 2875 2344 cum
2913 2290 3208 2346 daemonem
3229 2292 3413 2363 (ejeeit,
3442 2310 3599 2364 quem
3627 2294 3713 2349 di-

2126 2377 2317 2444 scipuli
2347 2380 2615 2445 expellere
2641 2396 2745 2433 non
2777 2390 3095 2448 potuerant:
3126 2392 3251 2436 tunc
3287 2384 3450 2449 enim,
3493 2383 3619 2438 Cum
3657 2387 3713 2440 in

2127 2465 2394 2521 Galilaeam
2435 2478 2810 2535 reverterentur,
2857 2471 3047 2540 inquit,
3075 2471 3204 2526 dixit
3242 2474 3312 2527 eis
3352 2472 3504 2527 Iesus
3529 2488 3547 2527 :
3573 2472 3713 2527 Tra-

2125 2559 2319 2612 dendus
2358 2568 2430 2613 est
2455 2557 2623 2614 Filius
2652 2561 2867 2615 hominis
2894 2562 2949 2615 in
2976 2579 3155 2617 manus
3191 2564 3447 2618 hominum
3476 2576 3711 2632 peccato—

2122 2663 2255 2708 rum,
2269 2658 2317 2700 et
2331 2648 2555 2702 occident
2571 2665 2703 2713 eum,
2727 2659 2771 2702 et
2789 2652 2932 2703 tertia
2950 2651 3033 2706 die
3049 2663 3269 2723 resurget
3292 2652 3531 2725 (MatthJ
3545 2654 3596 2709 7.
3614 2654 3708 2710 21.

2122 2736 2252 2806 22).
2283 2737 2395 2793 Hoc
2423 2747 2600 2793 autem
2642 2738 2890 2807 faciebat,
2929 2749 2987 2795 ut
3019 2743 3383 2812 magnitudine
3419 2746 3709 2799 miraculo-

2124 2844 2240 2883 rum
2283 2830 2483 2886 doloris
2511 2847 2789 2886 excessum
2832 2834 3125 2899 minueret,
3155 2845 3210 2889 et
3240 2836 3549 2891 omnimodo
3587 2837 3710 2893 illos

2123 2920 2428 2989 Solarctur,
2473 2922 2919 2993 quemadmodum
2977 2924 3077 2980 hoc
3107 2925 3224 2979 loco
3269 2936 3440 2982 morte
3485 2927 3710 2984 Joannis

2121 3023 2536 3067 commemorata
2580 3028 2825 3083 magnam
2870 3014 2998 3083 ipsis
3038 3015 3456 3072 consolationem
3506 3019 3702 3073 attulit.

2120 3099 2173 3154 Si
2201 3102 2318 3170 quis
2347 3118 2472 3157 vero
2506 3102 2699 3157 dixerit
2730 3121 2743 3156 :
2772 3102 2880 3159 Cur
2906 3121 3010 3159 non
3033 3105 3193 3160 etiam
3224 3122 3365 3160 nunc
3392 3108 3560 3162 Eliam
3587 3124 3710 3164 sus-

2119 3192 2300 3245 citavit
2335 3201 2389 3246 et
2430 3193 2593 3259 misit,
2623 3209 2742 3248 cum
2788 3202 2864 3248 tot
2895 3204 3141 3265 tantaque
3172 3196 3308 3250 bona
3349 3198 3466 3266 ejus
3502 3198 3705 3254 adven-

2121 3292 2229 3337 tum
2277 3284 2660 3339 testilicentur?
2688 3285 3128 3355 respondebimus
3147 3328 3162 3353 ,
3194 3287 3316 3356 quia
3345 3303 3487 3342 nunc
3514 3287 3700 3353 etiam,

2119 3390 2239 3429 cum
2292 3375 2573 3430 crederent
2614 3376 2784 3446 ipsum
2826 3375 3097 3431 Christum
3157 3391 3280 3432 esse
3325 3377 3536 3443 Eliam,
3590 3393 3701 3433 non

2121 3473 2295 3521 tamen
2321 3465 2664 3529 crediderunt
2706 3468 2776 3522 ei.
2807 3466 2940 3521 Nam
2970 3467 3074 3520 Alii
3101 3507 3116 3532 ,
3170 3468 3375 3537 inquit,
3433 3467 3606 3523 Etiam
3654 3481 3705 3524 te

2117 3555 2289 3608 dicunt
2315 3597 2330 3619 ,
2383 3555 2473 3609 alii
2513 3555 2789 3610 Jeremiam
2837 3554 3050 3628 (Matth.
3096 3556 3182 3611 16.
3214 3558 3327 3627 14).
3372 3558 3531 3627 Atqui
3560 3559 3703 3613 inter

2115 3647 2373 3703 Joannem
2404 3657 2458 3703 et
2486 3649 2653 3703 Eliam
2676 3649 2878 3703 nullum
2909 3658 3024 3703 erat
3065 3649 3352 3706 discrimen
3377 3691 3391 3716 ,
3428 3651 3529 3705 nisi
3559 3660 3700 3706 tem—

2119 3743 2263 3812 poris
2301 3752 2526 3796 tantum.
2555 3742 2833 3811 Quomodo
2860 3757 3009 3813 ergo,
3034 3743 3262 3812 inquies,
3295 3752 3423 3798 tunc
3442 3743 3700 3799 credituri

2116 3834 2266 3888 sunt?
2293 3834 2448 3889 Certe
2476 3834 2567 3889 ille
2594 3844 2717 3889 tunc
2738 3834 2982 3889 restituet
3008 3835 3207 3902 omnia,
3240 3850 3348 3890 non
3370 3835 3530 3890 modo
3554 3834 3699 3906 quod

2116 3936 2274 3982 notus
2306 3927 2413 3993 sit,
2446 3927 2540 3983 sed
2571 3927 2713 3998 quod
2761 3928 2931 3996 gloria
2973 3926 3169 3983 Christi
3221 3927 3289 3982 ad
3329 3928 3476 3983 illum
3528 3944 3698 3999 usque

2114 4021 2254 4077 diem
2284 4021 2571 4077 admodum
2603 4020 2936 4076 extendendo
2967 4029 3020 4075 et
3045 4020 3285 4089 augenda
3317 4020 3426 4085 sit,
3474 4028 3529 4076 et
3555 4022 3696 4090 apud

2114 4128 2301 4168 omnes
2335 4114 2448 4168 sole
2490 4112 2816 4181 splendidior
2846 4111 2914 4165 sit
2939 4109 3132 4165 futura.
3160 4109 3290 4164 Cum
3318 4111 3493 4179 itaque
3519 4112 3697 4165 veniet

2115 4202 2223 4268 ille,
2251 4213 2524 4272 postquam
2568 4211 2709 4256 tanta
2759 4201 3091 4271 prmcesserit
3143 4200 3503 4265 existimatio,
3543 4209 3689 4255 tanta

2113 4292 2438 4360 exspectatio
2464 4333 2478 4357 ,
2506 4293 2689 4346 eadem
2719 4292 2831 4362 ipsa
2856 4290 3152 4361 praedicans
3182 4331 3197 4354 ,
3233 4299 3289 4344 et
3317 4288 3500 4344 Jesum
3544 4292 3565 4322 ⁸
3594 4306 3694 4344 an-

2114 4381 2398 4448 nuntians,
2429 4380 2635 4436 facilius
2673 4380 2813 4436 dicta
2838 4381 2983 4435 illius
3009 4380 3322 4449 suscipient.
3354 4381 3487 4436 Cum
3512 4393 3691 4437 autem

2112 4471 2260 4537 dicit,
2286 4469 2409 4525 Non
2427 4481 2760 4542 cognoverunt
2787 4488 2919 4537 eum,
2948 4480 3002 4526 et
3032 4471 3149 4525 illos
3165 4484 3424 4527 excusare
3452 4471 3687 4539 videtur,

2112 4572 2165 4618 et
2194 4577 2298 4617 non
2327 4563 2404 4618 sic
2432 4562 2594 4617 modo
2619 4578 2711 4618 eos
2761 4562 3092 4628 consolatur,
3133 4561 3229 4616 sed
3251 4562 3395 4632 quod
3440 4564 3683 4619 ostendat
3723 4623 3736 4636 ,

2109 4669 2170 4710 se
2197 4656 2394 4724 injuste
2421 4670 2700 4726 passurum
2728 4669 2848 4710 esse
2875 4696 2888 4719 ,
2919 4664 2973 4710 et
2997 4653 3139 4725 quod
3173 4655 3340 4709 tristia
3370 4655 3456 4709 illa
3481 4653 3692 4712 duobus

2108 4744 2378 4801 miraculis
2405 4745 2738 4816 obtegantur,
2789 4745 2884 4799 illo
2930 4745 2982 4799 in
3010 4753 3190 4801 monte
3230 4746 3376 4800 edito
3421 4787 3436 4812 ,
3482 4756 3538 4801 et
3585 4748 3692 4803 alio

2111 4843 2237 4890 tunc
2250 4834 2475 4890 edendo.
2500 4835 2592 4889 His
2607 4850 2768 4906 porro
2785 4833 3002 4902 auditis,
3033 4851 3138 4890 non
3167 4836 3498 4906 interrogant
3517 4835 3689 4903 illum,

2108 4925 2442 4996 quandonam
2477 4925 2621 4981 Elias
2652 4937 2906 4982 venturus
2933 4928 3022 4990 sit.
3055 4928 3169 4983 sive
3204 4927 3276 4984 ob
3300 4944 3585 4986 mererem
3610 4928 3698 4987 fu-

2108 5027 2241 5072 turae
2268 5017 2549 5087 passionis,
2589 5018 2703 5074 sive
2731 5019 2872 5087 quod
2907 5018 3005 5088 ipsi
3029 5019 3296 5075 timerent.
3340 5018 3495 5090 Smpe
3532 5037 3685 5076 nan.-

2107 5122 2211 5176 que
2226 5122 2346 5162 cum
2370 5107 2548 5161 vident
2572 5107 2715 5161 illum
2734 5108 2877 5162 clare
2904 5107 3045 5178 loqui
3069 5114 3229 5173 nolle,
3254 5109 3690 5166 tacentdemum.

2107 5197 2238 5253 Cum
2269 5199 2428 5268 igitur
2466 5200 2517 5253 in
2545 5184 2757 5255 Galilma
2792 5200 3125 5254 versantibus
3165 5200 3369 5256 diceret
3395 5241 3411 5268 ,
3436 5200 3689 5258 Futurum

2108 5295 2179 5340 est
2205 5295 2258 5340 ut
2288 5286 2454 5342 Filius
2480 5289 2697 5343 hominis
2722 5289 2971 5355 tradatur,
3007 5298 3055 5343 et
3096 5290 3322 5344 occident
3365 5307 3481 5346 eum
3505 5332 3522 5358 ,
3563 5293 3689 5346 sub-

2102 5375 2310 5446 junxit,
2342 5376 2411 5431 Et
2452 5380 2734 5435 contristati
2760 5389 2875 5434 sunt
2922 5380 3070 5434 valde
3109 5396 3128 5435 :
3166 5381 3309 5452 quod
3350 5381 3691 5439 subindicant

2169 5555 2186 5583 ³
2221 5558 2345 5620 Haec,
2372 5548 2490 5620 quid
2506 5549 2604 5620 sibi
2634 5549 2732 5601 vult
2769 5550 2912 5614 illud,
2957 5570 2979 5601 ι
3006 5567 3319 5620 quacumque
3363 5556 3638 5619 conterunt,
3660 5570 3687 5602 π

2103 5611 2282 5663 desunt
2305 5612 2353 5660 in
2379 5611 2540 5661 Morel.

2169 5674 2190 5705 ²
2225 5680 2365 5732 Unus,
2389 5670 2563 5737 ﬁlium,
2582 5686 2686 5736 pro,
2713 5682 2896 5726 Jestuts.
