4074 6144
399 324 489 380 5M

396 435 500 488 duo
537 435 905 504 evangelista};
955 433 1163 490 Marcus
1201 433 1416 505 quidem
1443 435 1613 490 dicit:
1650 433 1965 506 Ignorabant

394 525 612 590 uerbum,
644 541 733 579 nec
761 526 872 579 ausi
896 534 1010 579 sunt
1034 524 1182 579 illum
1203 525 1512 594 interrogare
1541 524 1735 595 (Marc.
1762 524 1815 580 9.
1848 523 1963 588 32):

396 617 562 672 Lucas
601 633 731 672 vero
775 636 788 670 :
820 616 948 671 Erat
984 617 1330 672 absconditum
1370 619 1434 671 ab
1461 618 1533 672 eis
1559 657 1575 680 ,
1625 633 1688 670 ne
1730 617 1966 670 sentirent

394 709 538 763 illud.
568 725 656 762 nec
682 709 796 762 ausi
815 719 931 762 sunt
951 725 1064 762 eum
1090 709 1402 779 interrogare
1427 711 1560 762 circa
1587 709 1786 762 verbum
1813 707 1961 772 (Luc.

395 797 443 853 9.
469 797 590 866 45).
633 798 720 852 14.
768 798 892 852 Cum
920 800 1165 852 venissent
1201 809 1366 852 autem
1395 799 1464 852 ad
1502 799 1731 865 turbant,
1761 799 1966 853 accessit

394 886 458 939 ad
493 904 606 940 eum
632 887 779 941 homo
804 905 934 958 genu
963 890 1166 955 ﬂectens
1211 899 1326 942 ante
1351 905 1462 942 eum
1484 930 1500 955 ,
1540 898 1584 942 et
1606 889 1774 942 dicens
1807 903 1826 941 :
1862 887 1965 941 Do-

386 980 541 1043 mine,
564 977 794 1030 miserere
815 978 922 1046 ﬁlio
945 995 1075 1044 meo,
1107 981 1344 1046 quoniam
1379 980 1627 1033 lunaticus
1646 988 1737 1045 est,
1763 987 1811 1031 et
1835 979 1966 1033 male

391 1077 600 1135 patitur.
631 1067 782 1137 Step3
807 1071 938 1120 enim
964 1070 1101 1122 cadit
1132 1070 1184 1123 in
1212 1070 1400 1141 ignem,
1432 1079 1479 1124 et
1503 1086 1636 1138 sirpe
1660 1071 1713 1123 in
1739 1087 1920 1139 aquam
1945 1087 1964 1123 :

398 1159 487 1211 15.
520 1167 567 1210 et
593 1157 750 1211 obtuli
777 1176 888 1212 eum
916 1159 1177 1231 discipulis
1201 1163 1332 1228 tuis,
1362 1171 1407 1215 et
1440 1178 1539 1216 non
1562 1171 1829 1232 potuerunt
1849 1178 1962 1215 eum

391 1265 584 1302 curare.
608 1249 760 1304 Hunc
788 1251 1058 1306 hominem
1087 1252 1241 1306 valde
1272 1254 1323 1306 in
1351 1252 1455 1308 ﬁde
1482 1253 1750 1308 inﬁrmum
1777 1263 1960 1308 osten-

388 1341 464 1394 dit
492 1341 761 1412 Scriptura
797 1360 810 1396 :
854 1341 904 1396 id
944 1344 1083 1413 quod
1125 1359 1188 1398 ex
1232 1345 1413 1399 multis
1441 1345 1612 1414 palam
1657 1354 1739 1399 est
1786 1367 1799 1400 :
1850 1354 1958 1399 tum

389 1430 527 1498 quod
565 1430 810 1485 Christus
848 1432 1028 1498 dicat,
1075 1430 1260 1487 Omnia
1303 1436 1561 1502 possibilia
1588 1445 1702 1488 sunt
1742 1436 1961 1489 credenti

390 1519 581 1588 (Marc.
611 1520 664 1576 9.
696 1520 786 1573 22.
807 1522 900 1591 ΞΖ»)
933 1532 1081 1586 ;tum
1108 1523 1250 1592 quod
1282 1525 1326 1579 is
1355 1527 1442 1594 qui
1469 1527 1726 1590 accessit,
1778 1527 1958 1588 dicat,

392 1611 595 1680 Adjuaa
623 1613 1020 1668 incredulitatem
1052 1631 1211 1668 meam
1236 1631 1256 1678 ;
1299 1616 1405 1670 imo
1433 1617 1590 1671 etiam
1619 1632 1682 1671 ex
1725 1632 1790 1671 eo
1818 1617 1959 1686 quod

388 1703 630 1760 Christus
655 1706 882 1760 daemoni
927 1707 1239 1776 praecipiat,
1281 1723 1348 1762 ne
1378 1709 1512 1762 ultra
1536 1710 1698 1764 intret
1726 1711 1776 1764 in
1800 1726 1956 1773 eum;

388 1811 449 1849 ac
478 1813 688 1851 rursum
716 1839 731 1862 ,
778 1798 918 1868 quod
947 1801 1107 1852 homo
1136 1799 1224 1854 ille
1247 1798 1459 1854 Christo
1489 1801 1628 1855 dicat
1652 1843 1666 1865 ,
1709 1802 1770 1856 Si
1799 1813 1954 1872 potes.

389 1890 465 1940 Ac
491 1888 695 1954 inquies
721 1928 733 1950 ,
760 1888 804 1942 si
834 1889 977 1942 illius
1007 1889 1348 1944 incredulitas
1375 1892 1424 1944 in
1452 1907 1609 1946 causa
1648 1893 1771 1957 fuit,
1818 1893 1958 1962 quod

387 1976 596 2030 daemon
621 1991 727 2031 non
751 1977 964 2045 exierit,
987 1993 1082 2032 cur
1101 1990 1316 2034 accusat
1341 1981 1627 2051 discipulos
1647 1983 1671 2036 ‘!
1693 1982 1757 2037 Ut
1783 1992 1960 2037 osten-

388 2065 474 2119 dat
503 2081 595 2120 eos
620 2081 776 2136 posse
807 2108 822 2134 ,
874 2068 1082 2124 etiamsi
1128 2085 1286 2125 nemo
1371 2087 1497 2128 cum
1539 2073 1643 2128 ﬁde
1681 2075 1946 2144 adducat,

390 2171 559 2223 :rgros
584 2170 791 2211 curare.
827 2155 894 2212 Ut
938 2157 1079 2211 enim
1122 2173 1265 2227 saepe
1305 2159 1608 2214 accedentis
1651 2161 1783 2216 ﬁdes
1829 2162 1958 2217 satis

400 2247 492 2300 fuit
524 2249 590 2301 ad
636 2249 896 2317 postulata
920 2250 1005 2304 vel
1034 2266 1064 2303 a
1091 2251 1384 2304 minoribus
1414 2252 1739 2321 impetranda
1764 2294 1778 2319 ,
1810 2255 1886 2308 sic
1909 2263 1961 2307 ct

389 2339 659 2405 operantis
681 2353 823 2406 szepe
845 2341 1013 2394 virtus
1039 2340 1135 2393 fuit
1155 2341 1304 2404 satis,
1327 2343 1441 2395 sine
1453 2343 1816 2396 accedentium
1835 2343 1956 2408 fide,

388 2430 453 2480 ad
482 2430 732 2484 miracula
778 2431 1053 2500 patranda.
1088 2431 1210 2485 Haec
1236 2433 1392 2488 ambo
1445 2432 1494 2485 in
1538 2432 1825 2502 Scripturis
1867 2438 1960 2488 dc-

391 2529 754 2574 nionstrantur
781 2539 794 2576 :
822 2522 1100 2576 Cornelius
1129 2523 1268 2576 enim
1308 2523 1421 2576 sola
1453 2523 1555 2578 ﬁde
1585 2526 1806 2593 gratiam
1837 2525 1959 2594 Spi-

390 2609 526 2663 ritus
543 2611 765 2664 attraxit
785 2610 922 2677 (Act.
946 2613 1036 2680 10)
1071 2631 1083 2667 :
1116 2612 1419 2690 abEIisaeo,
1445 2615 1660 2668 nemine
1689 2616 1958 2675 credente,

391 2709 644 2753 mortuus
678 2704 973 2758 suscitatus
995 2705 1546 2775 est(_4.Reg.15.91).
1567 2703 1698 2760 Nam
1722 2708 1811 2774 qui
1836 2723 1960 2774 pro-

383 2787 658 2856 iecerant,
711 2805 813 2844 non
841 2807 902 2844 ex
935 2791 1065 2856 ﬁde,
1093 2793 1185 2847 sed
1217 2794 1286 2846 oh
1312 2805 1510 2850 metum
1542 2806 1741 2852 temere
1783 2799 1959 2867 proje-

393 2888 582 2933 cerunt
604 2923 618 2945 ,
646 2890 700 2935 et
727 2881 1015 2950 periculum
1062 2893 1359 2939 metuentes
1403 2886 1646 2956 fugerunt
1679 2907 1692 2941 :
1734 2890 1778 2943 is
1808 2892 1918 2959 ipse
1942 2932 1956 2956 ,

386 2971 473 3039 qui
508 2972 773 3040 projectus
799 2973 897 3028 fuit
923 3016 937 3039 ,
968 2984 1207 3030 mortuus
1230 2987 1383 3044 erat,
1421 2995 1592 3050 exque
1621 2984 1732 3035 sola
1766 2985 1958 3040 virtute

389 3063 524 3116 sacri
553 3064 815 3132 corporis,
847 3076 1084 3120 mortuus
1115 3070 1426 3122 resurrexit.
1457 3070 1607 3126 Unde
1633 3074 1805 3140 palam
1836 3085 1955 3142 est,

384 3150 672 3221 discipulos
700 3155 989 3208 imbecillos
1011 3155 1213 3222 fuisse;
1245 3167 1296 3213 at
1333 3174 1438 3215 non
1464 3176 1684 3216 omnes:
1717 3178 1836 3218 nam
1867 3181 1952 3220 co-

386 3242 580 3298 lumna:
608 3244 712 3298 illa:
739 3261 845 3298 non
874 3245 1111 3300 aderant.

463 3414 520 3467 5.
559 3415 662 3468 Sed
698 3416 908 3472 aliunde
939 3419 1057 3474 vide
1095 3420 1324 3477 hominis
1380 3425 1758 3499 impudentiam
1785 3471 1800 3496 ,
1829 3446 1963 3499 quo-

392 3505 558 3560 modo
603 3507 652 3561 in
693 3521 980 3578 conspectu
1023 3513 1188 3567 turba:
1234 3513 1412 3569 Jesum
1467 3528 1734 3586 precetur,
1782 3532 1963 3575 contra

391 3599 686 3668 discipulos
723 3602 943 3670 loquens
974 3622 988 3658 :
1025 3619 1146 3658 nam
1193 3607 1309 3660 ait:
1352 3608 1511 3663 Attuli
1551 3628 1663 3663 eum
1706 3614 1967 3681 discipulis

389 3692 512 3749 tuis,
545 3701 590 3743 et
620 3708 717 3745 non
749 3703 1013 3760 potuerunt
1037 3711 1150 3748 eum
1176 3713 1371 3750 curare.
1404 3698 1508 3753 Sed
1532 3699 1774 3756 Christus
1802 3703 1964 3757 disci-

390 3781 549 3847 pulos
575 3797 699 3836 suos
730 3783 901 3851 palam
930 3798 1188 3840 excuSans
1210 3828 1223 3850 ,
1251 3789 1505 3855 majorem
1533 3791 1606 3844 illi
1631 3793 1838 3862 culpam
1870 3797 1961 3848 tri-

388 3870 539 3935 liuit,
569 3871 751 3926 dicens
778 3890 791 3925 :
822 3873 910 3928 l6.
944 3872 988 3927 Ο
1029 3878 1281 3944 generatio
1319 3879 1580 3933 incredula
1617 3893 1662 3936 et
1693 3899 1919 3951 peruersa
1945 3928 1959 3952 ,

386 3977 644 4030 usquequo
672 3961 922 4016 vobiscum
941 3981 1025 4018 ero
1042 3966 1066 4017 .9
1080 3983 1182 4020 non
1213 3966 1354 4022 hunc
1379 3970 1549 4023 solum
1571 3971 1868 4041 alloquitur,
1898 3990 1963 4028 ne

388 4051 629 4104 turbaret
653 4067 795 4116 eum,
819 4053 910 4107 sed
941 4064 994 4108 et
1022 4069 1207 4110 omnes
1234 4057 1466 4114 Judaeos.
1495 4059 1683 4113 Multos
1713 4061 1854 4115 enim
1885 4064 1960 4116 of.

385 4140 567 4194 fensos
593 4141 752 4196 fuisse
774 4143 1058 4199 verisimile
1080 4156 1160 4200 est
1179 4185 1193 4210 ,
1225 4148 1464 4216 maleque
1486 4148 1553 4203 de
1573 4149 1844 4216 discipulis
1873 4169 1962 4205 sn-

383 4231 620 4298 spicatos
658 4245 796 4287 esse.
837 4233 970 4287 Cum
999 4244 1175 4289 autem
1205 4236 1368 4302 dicit,
1404 4238 1670 4308 Usquequo
1711 4242 1960 4295 vobiscum

382 4337 467 4375 ero
492 4323 520 4375 .’
548 4323 782 4376 ostendit
806 4333 1059 4390 quantum
1092 4338 1316 4381 mortem
1352 4339 1580 4398 optaret,
1609 4339 1662 4385 et
1688 4331 1958 4387 desidera—

380 4421 463 4465 ret
490 4413 614 4466 hinc
635 4414 859 4483 migrare
883 4433 897 4480 ;
921 4417 1124 4486 sibique
1154 4435 1257 4472 non
1285 4421 1534 4490 cruciﬁgi,
1563 4423 1656 4477 sed
1679 4440 1798 4478 cum
1832 4426 1956 4493 ipsis

378 4504 581 4557 versari
615 4505 892 4559 molestum
923 4523 1062 4562 esse.
1094 4509 1201 4564 Nec
1223 4520 1501 4566 contentus
1532 4515 1820 4579 incusasse,
1844 4518 1915 4570 ait
1940 4535 1951 4568 :

381 4592 572 4658 Afferte
597 4595 698 4648 huc
721 4597 884 4662 ipsum
905 4600 970 4650 ad
997 4615 1073 4652 me
1091 4617 1108 4662 ;
1139 4600 1528 4670 interrogatque
1559 4603 1726 4666 illum,
1757 4617 1954 4674 quanto

379 4691 623 4752 tempore
652 4684 897 4740 detentus
925 4701 1089 4754 esset,
1117 4697 1166 4742 et
1194 4688 1480 4758 discipulos
1503 4708 1779 4759 excusans,
1811 4707 1862 4749 et
1894 4697 1956 4749 il-

376 4773 485 4827 lum
517 4775 571 4828 in
597 4789 744 4843 spem
773 4777 964 4830 bonam
994 4793 1175 4846 agens,
1210 4787 1267 4832 ut
1291 4780 1550 4843 crederet,
1580 4798 1638 4835 se
1665 4799 1694 4836 a
1723 4786 1860 4837 man
1888 4786 1952 4838 li-

373 4861 696 4918 berandum.
723 4867 896 4934 Ipsum
927 4883 1053 4922 vero
1082 4868 1307 4937 discerpi
1340 4871 1503 4935 sinit,
1536 4888 1644 4926 non
1673 4875 1736 4928 ad
1769 4887 1948 4931 osten-

372 4954 627 5008 tationem
650 4954 792 5024 (quia
810 4957 947 5010 enim
967 4959 1115 5013 turba
1135 4959 1450 5027 conﬂuebat,
1469 4961 1762 5031 increpavit
1781 4967 1948 5037 eum),

366 5040 464 5096 scd
496 5055 714 5112 propter
743 5045 912 5115 ipsum
941 5057 1141 5116 patrem
1161 5090 1176 5113 ,
1205 5060 1257 5103 ut
1287 5065 1405 5104 cum
1435 5051 1636 5107 videret
1658 5054 1948 5111 dtenmncm

369 5133 573 5188 turbari
601 5149 666 5187 eo
686 5137 826 5204 quod
856 5137 1000 5190 illum
1031 5150 1271 5194 vocasset
1297 5183 1310 5203 ,
1339 5143 1414 5194 sic
1439 5143 1624 5197 saltem
1657 5144 1813 5199 futuri
1847 5148 1946 5199 nii-

367 5225 534 5277 raculi
578 5223 734 5278 ﬁdem
771 5228 1089 5296 susciperet.
1126 5229 1387 5296 Quoniam
1429 5247 1552 5286 vero
1587 5234 1718 5286 dixit
1757 5235 1843 5288 illc
1869 5275 1882 5299 ,
1917 5250 1945 5288 a

363 5328 536 5380 puero
559 5326 802 5368 vexatum
825 5331 963 5382 esse,
994 5329 1066 5379 ct,
1091 5319 1151 5372 Si
1175 5330 1333 5389 potes,
1357 5322 1540 5390 adjuva
1560 5340 1654 5382 me,
1677 5324 1808 5377 dixit
1834 5326 1942 5392 ille,

364 5401 558 5455 Omnia
582 5405 843 5472 possibilia
869 5415 983 5459 sunt
1009 5409 1228 5461 credenti
1256 5409 1444 5476 (Marc.
1475 5410 1526 5465 9.
1553 5411 1724 5465 20-22
1744 5416 1761 5482 )
1782 5455 1795 5476 ,
1825 5431 1947 5467 rur-

359 5507 479 5544 sum
527 5493 673 5546 illum
717 5495 1022 5565 obiurgans.
1069 5499 1131 5551 Et
1165 5499 1374 5567 quando
1418 5500 1656 5567 leprosus
1685 5502 1848 5568 dixit,
1883 5503 1944 5558 Si

358 5583 450 5648 vis,
485 5593 628 5651 potes
657 5600 736 5636 me
765 5586 1011 5638 mundare
1040 5585 1186 5656 (Luc.
1218 5587 1271 5643 5.
1306 5587 1388 5641 12.
1422 5588 1540 5660 15),
1568 5591 1680 5658 ejus
1713 5599 1941 5659 potesta-

356 5687 464 5731 tem
503 5679 818 5733 testiﬁcatus
840 5720 855 5744 ,
890 5679 1034 5733 illum
1076 5681 1294 5734 laudans
1330 5690 1384 5736 et
1411 5683 1605 5735 dictum
1653 5684 1776 5736 illud
1807 5699 1938 5738 con-

355 5764 584 5822 firmans
608 5767 761 5838 dixit,
792 5767 938 5835 i'oto,
963 5771 1226 5829 mundare.
1250 5772 1468 5838 Quando
1495 5782 1667 5828 autem
1699 5776 1779 5829 hic
1809 5775 1936 5828 nihil

1383 317 1446 377 IN
1485 312 1892 375 MATTHA'IUM
1930 317 2158 372 llOMlL.
2199 318 2354 373 LVII.
2393 320 2464 374 al.
2509 316 2683 374 LVIII.

3542 326 3649 384 562

2073 432 2236 500 ipsius
2267 440 2523 502 potestate
2541 433 2758 504 dignum
2783 431 3008 504 loquens
3029 431 3178 503 dixit,
3195 435 3256 491 Si
3281 446 3440 507 potes,
3463 441 3650 509 adjuva

2071 539 2168 589 me,
2193 524 2311 578 vide
2339 524 2602 592 quomodo
2631 524 2776 579 illum
2805 526 3053 596 corrigat,
3087 529 3253 600 utqui
3282 541 3465 584 contra
3491 548 3648 602 quam

2074 628 2168 682 par
2196 621 2310 667 erat
2337 613 2658 682 loqueretur.
2692 616 2829 682 Quid
2859 618 2997 671 enim
3025 619 3140 672 ait?
3171 618 3232 674 Si
3261 631 3400 690 potes
3424 623 3645 692 credere,

2071 707 2240 760 omnia
2266 707 2522 776 possibilia
2551 717 2667 762 sunt
2693 709 2912 764 credenti
2933 725 2953 774 ;
2983 710 3032 764 id
3063 720 3176 773 est,
3200 711 3364 767 Tanta
3398 730 3514 768 mea
3543 721 3648 770 vir-

2073 807 2154 850 tus
2185 807 2265 851 est
2289 839 2302 860 ,
2333 809 2387 850 ut
2415 807 2467 852 et
2496 797 2585 852 alii
2615 813 2735 854 meo
2774 800 2987 855 nomine
3013 802 3218 871 possint
3263 805 3516 858 miracula
3550 821 3646 874 pa-

2071 897 2232 942 trare.
2280 888 2458 957 Itaque
2505 889 2548 942 si
2595 897 2650 942 tu
2691 889 2878 945 credas
2907 900 2964 945 ut
3006 903 3216 960 oportet
3244 895 3461 949 credere
3488 938 3502 959 ,
3533 899 3646 966 ipse

2069 995 2280 1050 quoque
2308 995 2494 1035 curare
2522 990 2674 1049 potes
2701 992 2753 1035 et
2781 980 2920 1036 hunc
2943 993 2997 1037 et
3020 983 3152 1038 alios
3183 986 3395 1042 multos.
3430 987 3494 1041 Et
3526 1001 3644 1042 eum

2070 1070 2181 1124 haec
2207 1071 2444 1136 dixisset,
2475 1071 2858 1125 daemoniacum
2883 1072 3144 1126 liberavit.
3162 1074 3240 1128 Tu
3270 1091 3395 1130 vero
3429 1093 3494 1132 ne
3522 1077 3644 1133 inde

2069 1167 2268 1213 tantum
2286 1160 2402 1228 ejus
2421 1160 2807 1230 providentiam
2823 1171 2876 1215 et
2895 1161 3294 1216 beneficentiam
3313 1164 3640 1233 consideres,

2065 1248 2157 1302 sed
2187 1250 2345 1302 etiam
2374 1265 2437 1304 ex
2460 1250 2552 1304 illo
2583 1259 2822 1321 tempore
2847 1266 2953 1322 quo
2976 1253 3240 1306 concessit
3263 1254 3402 1308 intus
3426 1272 3643 1312 manere

2065 1337 2382 1394 daamonem.
2413 1339 2521 1394 Nisi
2543 1339 2682 1394 enim
2713 1355 2898 1410 magna
2919 1350 3047 1395 tunc
3069 1342 3396 1410 providentia
3420 1344 3509 1399 ille
3530 1359 3644 1399 ser-

2066 1439 2217 1484 vatus
2239 1429 2442 1496 fuisset,
2470 1429 2673 1498 jamdiu
2696 1431 2959 1499 periisset.
2990 1431 3122 1486 Nam
3147 1443 3200 1486 et
3223 1433 3274 1486 in
3301 1434 3472 1502 ignem
3495 1435 3641 1490 illum

2064 1521 2398 1589 conjiciebat,
2429 1522 2619 1592 inquit,
2649 1533 2702 1576 et
2728 1523 2778 1576 in
2807 1537 3016 1592 aquam.
3043 1523 3142 1591 Qui
3165 1539 3289 1579 vero
3317 1525 3365 1580 id
3393 1526 3645 1595 audebat,

2063 1612 2344 1667 occidisset
2371 1612 2552 1682 utique
2584 1613 2683 1667 nisi
2713 1614 2766 1666 in
2794 1622 2938 1668 tanto
2967 1616 3142 1668 furore
3170 1614 3376 1670 frenum
3405 1617 3479 1670 illi
3501 1617 3640 1672 Deus

2065 1703 2357 1771 iniecisset:
2381 1703 2520 1773 quod
2547 1713 2601 1758 et
2625 1704 2699 1758 illi
2729 1704 2869 1774 passi
2897 1705 3136 1769 fuissent,
3167 1705 3254 1775 qni
3283 1706 3406 1760 nudi
3440 1722 3530 1774 per
3549 1707 3643 1762 de-

2063 1803 2202 1845 serta
2226 1791 2531 1858 currebant,
2557 1802 2610 1848 et
2635 1793 2895 1862 lapidibus
2915 1809 3033 1848 sese
3055 1795 3398 1864 impetebant.
3425 1797 3575 1861 Quod
3595 1799 3638 1853 si

2063 1883 2346 1937 lunati‘cum
2369 1893 2540 1949 vocet,
2563 1900 2631 1938 ne
2658 1884 2885 1940 turberis
2903 1903 2915 1938 :
2935 1900 3054 1939 nam
3081 1887 3158 1939 sic
3181 1896 3331 1940 vocat
3352 1887 3516 1942 lilium
3535 1889 3646 1942 da:-

2062 1975 2290 2029 moniaci
2319 1983 2486 2045 pater.

2133 2063 2368 2117 Lunatici
2392 2082 2482 2118 cur
2506 2065 2576 2118 sic
2605 2065 2745 2121 dicti.
2781 2065 2996 2130 Quidam
3019 2066 3179 2118 sancti
3208 2076 3398 2119 montes
3417 2076 3640 2120 transtu-

2063 2154 2247 2211 lerunt.
2270 2185 2341 2194 —
2364 2154 2469 2209 Cur
2497 2169 2624 2223 ergo
2650 2155 2778 2207 dicit
2798 2155 3142 2223 evangelista,
3173 2155 3347 2223 ipsum
3378 2156 3635 2211 lunaticos

2063 2245 2258 2299 multos
2301 2245 2617 2299 curaviSSc?
2663 2245 2738 2297 Ex
2785 2245 2924 2313 vulgi
2970 2245 3220 2313 opinione
3257 2245 3335 2299 sic
3381 2245 3632 2315 loquitur.

2064 2337 2280 2390 Dtcmon
2307 2337 2498 2405 quippe
2521 2345 2576 2389 ιιι
2599 2336 2696 2389 hoc
2721 2337 3038 2389 elementum
3057 2337 3427 2404 calumnietur,
3450 2354 3636 2393 secun-

2062 2426 2186 2480 dum
2221 2426 2358 2479 hunc
2384 2441 2596 2478 cursum
2630 2425 2826 2477 invadit
2858 2424 3119 2488 homines,
3151 2434 3206 2479 et
3232 2425 3450 2480 dimittit
3480 2443 3494 2480 :
3527 2445 3632 2482 non

2063 2515 2200 2583 quod
2232 2515 2314 2569 illa
2356 2515 2406 2568 id
2442 2525 2709 2583 operetur,
2738 2513 2873 2567 absit
2902 2531 2914 2574 ;
2949 2514 3040 2568 sed
3074 2515 3122 2568 id
3155 2515 3318 2569 eflicit
3349 2532 3441 2584 per
3467 2517 3631 2571 vafri-

2065 2606 2188 2659 tiem
2224 2605 2431 2659 daemon
2457 2647 2470 2668 ,
2499 2614 2556 2658 ut
2594 2605 2644 2658 id
2681 2606 2946 2659 elemento
2991 2607 3228 2674 imputet.
3264 2607 3491 2676 Ideoque
3523 2609 3636 2664 haec

2063 2697 2189 2750 falsa
2219 2697 2398 2766 opinio
2428 2696 2564 2764 apud
2610 2697 2919 2766 insipientes
2950 2697 3201 2761 invaluit,
3235 2702 3415 2766 sicque
3441 2699 3631 2763 delusi,

2065 2786 2163 2838 hoc
2192 2788 2404 2840 nomine
2431 2785 2701 2839 daemonas
2745 2786 3041 2853 hnjusmodi
3073 2787 3341 2856 appellant
3371 2807 3383 2842 :
3413 2789 3462 2843 id
3494 2790 3633 2859 quod

2063 2875 2278 2928 minime
2318 2891 2499 2928 \ernm
2539 2884 2640 2928 est.
2679 2875 2763 2929 18.
2805 2873 2946 2927 Tunc
2973 2885 3281 2930 accesserunt
3306 2879 3538 2949 discipuli
3567 2883 3634 2935 ad

2060 2981 2169 3016 eum
2195 2975 2400 3030 secreto,
2425 2975 2469 3018 et
2489 2966 2917 3035 interrogaverunt
2945 2982 3077 3030 eum,
3109 2983 3198 3019 cur
3225 2983 3325 3020 non
3357 2971 3633 3038 potuissent

2060 3055 2158 3123 ipsi
2181 3055 2455 3108 dtemonem
2477 3055 2672 3118 ejicere.
2699 3054 2961 3109 Timuisse
2986 3055 3112 3108 mihi
3135 3057 3398 3123 videntur,
3421 3075 3488 3113 ne
3507 3075 3634 3114 con-

2059 3161 2263 3201 cessam
2289 3147 2385 3201 sibi
2408 3147 2628 3216 gratiam
2652 3147 2943 3201 amiserint.
2974 3147 3291 3202 Potestatem
3314 3149 3453 3203 enim
3477 3165 3630 3205 acce-

2061 3248 2246 3307 perant
2284 3249 2467 3293 contra
2509 3239 2744 3308 impuros
2770 3238 3063 3295 daemonas.
3114 3239 3236 3295 ldeo
3264 3241 3629 3311 interrogant,

2069 3345 2313 3383 seorsum
2349 3331 2666 3384 accedentes
2689 3372 2703 3396 ,
2737 3346 2842 3382 non
2885 3331 3028 3398 quod
3059 3331 3444 3384 erubescerent
3474 3331 3636 3399 (cum

2066 3421 2231 3486 enim,
2262 3421 2378 3490 ipso
2408 3432 2552 3486 actu,
2578 3420 2957 3492 [impotentiae]
2981 3422 3209 3475 convicti
3242 3421 3492 3486 fuissent,
3526 3438 3635 3501 non

2065 3523 2182 3565 erat
2204 3513 2315 3581 jam
2341 3529 2438 3567 cur
2468 3514 2518 3566 id
2546 3511 2856 3567 conﬁtendo
2887 3513 3316 3581 erubescerent),
3365 3514 3459 3567 sed
3489 3514 3636 3582 quod

2065 3601 2130 3655 de
2163 3617 2361 3656 arcana
2394 3611 2448 3656 et
2478 3618 2670 3671 magna
2707 3618 2764 3655 re
2798 3603 2948 3654 illum
2995 3611 3178 3656 essent
3225 3602 3629 3670 inter-rogaturi.

2064 3691 2204 3757 Quid
2248 3693 2412 3762 igitur
2457 3694 2754 3748 Christus?
2805 3692 2896 3747 20.
2949 3692 3176 3762 Propter
3210 3693 3634 3746 incredulitatem

2064 3795 2325 3849 uestram,
2377 3787 2474 3838 ait.
2532 3786 2594 3840 Si
2639 3787 2777 3838 enim
2820 3784 3111 3838 habueritis
3149 3785 3306 3853 fidem
3339 3785 3474 3835 sicut
3511 3800 3635 3853 gra—

2064 3889 2187 3924 nmn
2240 3875 2438 3942 sinapis
2464 3915 2478 3937 ,
2522 3875 2711 3927 dicetis
2763 3875 2931 3927 monti
2968 3876 3118 3936 huic,
3161 3873 3350 3926 Transi
3380 3874 3532 3937 hinc,
3580 3881 3632 3925 et

2065 3964 2328 4026 transibit,
2362 3975 2410 4017 et
2443 3965 2574 4017 nihil
2607 3964 2931 4032 impossibile
2967 3965 3108 4017 vobis
3133 3965 3252 4017 erit.
3287 3963 3440 4029 Quod
3476 3965 3521 4018 si
3547 3963 3631 4016 di-

2064 4054 2240 4117 xeris,
2283 4052 2510 4108 Ubinam
2554 4061 2787 4108 montem
2832 4053 3264 4114 transtulcrunt?
3301 4055 3473 4109 dicam
3517 4057 3633 4111 illus

2064 4144 2230 4197 multo
2258 4144 2452 4213 majora
2484 4143 2692 4205 fecisse,
2721 4157 2841 4197 cum
2869 4143 3016 4198 mille
3046 4153 3284 4198 mortuos
3304 4145 3630 4200 suscitarint.

2060 4234 2241 4304 Neque
2279 4235 2417 4303 paris
2461 4234 2734 4303 potestatis
2775 4242 2856 4288 est
2880 4275 2893 4295 .
2928 4244 3161 4289 montem
3203 4235 3486 4290 transferre
3510 4278 3524 4300 ,
3571 4253 3633 4289 ac

2061 4335 2285 4379 mortem
2316 4341 2344 4378 a
2376 4340 2598 4394 corpore
2624 4324 2841 4393 pellere.
2872 4324 3099 4380 Narrant
3127 4334 3245 4394 post
3273 4327 3392 4380 illos
3419 4339 3631 4380 sanctos

2059 4415 2312 4484 quosdam
2345 4414 2446 4468 illis
2473 4415 2725 4478 minores,
2759 4423 2965 4467 montes
2995 4417 3308 4469 necessitate
3330 4416 3630 4484 postulante

2063 4506 2411 4561 transtulisse.
2455 4505 2606 4560 Unde
2647 4505 2842 4574 liqueat
2875 4505 2992 4558 illos
3029 4521 3237 4574 quoque
3283 4507 3630 4559 translaturos

2057 4592 2238 4654 fuisse,
2257 4595 2298 4646 si
2324 4593 2370 4645 id
2395 4594 2679 4647 necessitas
2701 4593 3034 4659 postulasset.
3059 4593 3112 4646 Si
3140 4604 3313 4645 autem
3343 4610 3627 4661 numquam

2059 4698 2277 4737 necesse
2318 4683 2493 4748 fuerit,
2534 4698 2600 4736 ne
2641 4697 2832 4751 arguas
2863 4683 3001 4736 illos.
3043 4682 3289 4751 Alioquin
3316 4691 3624 4737 autemnon

2056 4774 2189 4827 dixit
2218 4773 2350 4841 ipse,
2380 4772 2606 4825 Omnino
2633 4772 2992 4835 transferetis,
3027 4771 3118 4825 sed
3149 4814 3159 4830 .
3193 4771 3244 4824 ld
3280 4773 3538 4840 poteritis.
3571 4773 3624 4827 Si

2057 4880 2214 4933 porro
2258 4878 2362 4917 non
2401 4863 2822 4924 transtulerunt,
2867 4878 2974 4916 non
3017 4862 3156 4931 quod
3206 4879 3311 4916 non
3359 4873 3622 4930 possent,

2055 4953 2362 5025 (quomodo
2390 4953 2528 5006 enim
2559 4953 2646 5021 qni
2677 4952 2873 5020 majora
2902 4953 3203 5021 possent?)
3234 4952 3327 5006 sed
3353 4953 3493 5022 quod
3526 4969 3625 5006 no-

2053 5047 2246 5101 luerint
2273 5047 2469 5115 absque
2499 5047 2829 5100 necessitate.
2866 5045 3040 5100 Potuit
3064 5047 3222 5101 etiam
3250 5047 3300 5101 id
3325 5047 3579 5102 accidisse
3610 5090 3622 5111 ,

2052 5139 2150 5191 ctsi
2191 5138 2443 5206 scriptum
2483 5153 2586 5191 non
2614 5137 2807 5202 fuerit;
2841 5154 3010 5206 neque
3033 5139 3175 5193 enim
3200 5142 3375 5194 omnia
3401 5157 3518 5210 qua:
3547 5143 3622 5196 illi

2051 5230 2268 5284 edidere
2294 5231 2541 5282 miracula
2572 5231 2763 5297 scripta
2791 5240 2932 5283 sunt.
2963 5231 3110 5286 Tunc
3141 5248 3297 5300 porro
3325 5233 3487 5285 multo
3526 5233 3620 5286 im-

2050 5319 2394 5388 perfectiores
2426 5329 2597 5373 erant.
2640 5320 2772 5386 Quid
2822 5320 3018 5389 igitur?
3047 5336 3113 5373 an
3155 5322 3385 5374 nondum
3420 5330 3617 5374 tantam

2051 5412 2206 5466 ﬁdem
2247 5410 2544 5464 habebant?
2579 5410 2690 5464 Non
2721 5411 2900 5478 utique
2929 5410 3228 5472 habebant,
3259 5426 3429 5478 neque
3459 5409 3616 5464 iidem

2050 5503 2147 5572 ipsi
2191 5518 2399 5569 semper
2437 5504 2582 5556 fuere
2611 5521 2621 5554 :
2657 5500 3076 5568 quandoquidem
3111 5501 3296 5554 Petrus
3326 5516 3465 5554 nunc
3496 5502 3617 5556 hea-

2048 5602 2132 5648 tus
2161 5594 2492 5663 praedicatur,
2535 5608 2672 5646 nunc
2711 5593 3046 5661 increpatnr;
3079 5592 3269 5661 reliqui
3311 5608 3437 5645 vero
3467 5594 3615 5660 quasi

2045 5685 2354 5752 insipientes
2389 5693 2681 5748 arguuntur
2724 5684 2792 5738 ab
2837 5684 2988 5752 ipso,
3034 5683 3172 5751 quod
3217 5683 3520 5751 parabolam
3549 5683 3617 5736 de

2047 5775 2308 5832 fermento
2335 5791 2440 5832 non
2474 5775 2876 5832 intellexissent.
2923 5774 3154 5846 Contigit
3191 5785 3367 5830 autem
3405 5783 3462 5830 ut
3490 5784 3615 5830 tunc
