4074 6144
389 284 492 338 565

389 395 634 466 discipuli
663 392 1025 448 imbecillitate
1051 388 1353 443 laborarent
1385 403 1398 439 :
1427 385 1504 438 sic
1528 383 1668 438 enim
1699 391 1822 436 ante
1849 396 1969 436 cru-

389 505 506 545 cem
528 496 582 542 et
605 487 904 556 passionem
931 482 1155 536 fuerant.
1187 478 1282 533 Hic
1307 492 1465 547 porro
1485 477 1551 531 de
1573 476 1843 545 signorum
1866 473 1974 528 ﬁde

393 581 642 651 loquitur,
674 587 729 632 et
757 576 964 645 sinapin
997 571 1248 636 adhibet,
1280 581 1340 624 ut
1366 569 1480 638 ejus
1506 567 1822 623 ineffabilem
1855 565 1967 620 vir-

391 680 557 726 tutem
607 667 887 738 signiﬁcet.
933 665 1080 719 Licet
1119 663 1260 740 enim
1315 661 1456 715 mole
1509 659 1726 712 minima
1775 656 1974 726 sinapis

392 764 635 818 videatur
655 775 772 814 esse
801 801 814 822 ,
852 759 956 811 vim
984 765 1160 810 tamen
1205 754 1364 808 habet
1401 765 1634 806 omnium
1668 750 1970 804 maximam.

395 855 604 908 Docens
647 852 823 920 igitur,
868 850 1128 902 sinceram
1172 846 1329 899 ﬁdem
1365 844 1446 898 vel
1479 843 1752 895 minimam
1781 855 1972 908 magna

393 958 550 1014 posse
570 985 584 1007 ,
617 941 824 1011 sinapin
861 943 1248 1002 commemorat
1277 953 1290 986 ε
1326 949 1498 1004 neque
1525 932 1611 986 hic
1636 930 1855 1001 gradum
1899 930 1972 981 si-

393 1047 562 1102 stens,
587 1045 795 1096 montes
821 1032 1042 1098 addidit,
1062 1038 1116 1084 et
1143 1030 1276 1083 ultra
1303 1040 1614 1097 progressus
1640 1023 1804 1077 dixit:
1828 1019 1976 1074 Nihil

392 1128 529 1181 vobis
556 1123 864 1193 impossibile
890 1123 1000 1175 erit.

464 1219 520 1272 4.
550 1216 773 1286 Spiritus
793 1215 965 1267 virtus.
993 1209 1201 1280 Jejunio
1222 1218 1265 1262 et
1291 1210 1514 1262 oratione
1533 1221 1658 1274 apus
1683 1213 1754 1256 est
1775 1205 1842 1254 ad
1867 1202 1974 1254 da:-

392 1325 572 1362 monas
593 1307 869 1377 pellendos.
892 1333 958 1342 —
979 1303 1059 1357 Tu
1081 1317 1207 1356 vero
1235 1300 1320 1354 hic
1345 1299 1557 1353 illorum
1587 1292 1973 1364 philosophiam

396 1397 592 1454 mirare
617 1440 631 1463 ,
659 1407 712 1452 et
752 1396 978 1467 Spiritus
1020 1394 1266 1447 virtutem
1306 1409 1320 1443 :
1359 1389 1747 1460 philosophiam
1775 1428 1790 1452 ,
1834 1385 1976 1454 quod

395 1506 551 1546 suam
575 1490 936 1558 impotentiam
968 1501 1071 1539 non
1095 1483 1479 1539 occultaveriut
1505 1496 1519 1543 ;
1549 1479 1776 1548 Spiritus
1804 1477 1975 1529 virtu-

397 1591 544 1644 tem,
577 1578 717 1649 quod
757 1591 850 1631 eos
872 1617 886 1640 ,
917 1576 1003 1644 qui
1037 1590 1132 1628 nec
1171 1573 1327 1626 ﬁdem
1365 1572 1498 1624 sicut
1527 1584 1748 1638 granum
1781 1565 1978 1635 sinapis

399 1673 704 1738 habebant,
741 1671 818 1724 sic
854 1668 1100 1738 paulatim
1131 1664 1415 1728 extulerit,
1448 1671 1504 1714 ut
1556 1659 1678 1714 ﬁdci
1719 1659 1888 1712 fontes
1926 1666 1980 1710 et

398 1763 611 1817 ﬁumina
628 1762 676 1814 in
693 1759 794 1814 illis
809 1757 1147 1813 scaturirent.
1167 1756 1256 1810 2-1.
1277 1753 1444 1808 Gentis
1465 1763 1630 1804 autem
1653 1751 1745 1803 hoc
1763 1766 1861 1802 non
1881 1749 1975 1814 eji-

397 1858 546 1918 ritur,
577 1853 673 1906 nisi
710 1853 762 1904 in
803 1850 1031 1904 oratione
1066 1857 1113 1900 et
1155 1846 1358 1915 jejunio
1383 1885 1398 1906 ,
1431 1842 1626 1912 adjecit
1655 1842 1743 1894 ille
1769 1858 1782 1892 :
1810 1851 1978 1907 genus

397 1945 697 1998 dmmonum
720 1955 878 1996 omne
893 1940 1040 2002 dicit,
1065 1953 1170 1992 non
1194 1944 1394 1989 tantum
1411 1949 1578 2004 genus
1600 1932 1975 1986 lunaticorum.

397 2033 584 2088 Viden’
617 2029 888 2102 quomodo
914 2029 1102 2099 jejunii
1131 2027 1330 2082 semina
1360 2025 1532 2093 jacit?
1560 2024 1668 2078 Nec
1699 2023 1826 2076 mihi
1859 2037 1978 2076 raro

399 2124 644 2192 exemplo
677 2122 822 2177 dicas
844 2161 857 2184 ,
887 2119 1143 2189 quosdam
1182 2119 1298 2171 sine
1331 2115 1534 2185 jejunio
1565 2115 1837 2168 dmmonas
1866 2113 1978 2182 eje-

399 2217 556 2270 cisse.
585 2213 714 2268 Nam
743 2213 788 2266 si
820 2225 952 2264 unus
979 2218 1070 2263 aut
1099 2209 1232 2262 alter
1262 2204 1587 2274 increpando
1611 2204 1688 2256 sic
1711 2203 1978 2271 expulisse

402 2314 667 2368 narretur,
702 2302 812 2356 fieri
846 2300 1029 2368 nequit
1056 2306 1112 2351 ut
1141 2297 1186 2352 si
1217 2297 1262 2350 is
1288 2297 1375 2366 qui
1403 2295 1454 2348 id
1479 2295 1675 2362 patitur
1698 2294 1749 2346 in
1777 2292 1981 2346 deliciis

401 2399 564 2460 vivat,
592 2397 659 2450 ab
685 2394 786 2448 hoc
817 2407 1065 2461 umquam
1097 2388 1276 2443 furore
1306 2388 1577 2442 liberetur.
1605 2384 1814 2451 Jejunio
1840 2383 1980 2436 enim

400 2500 458 2546 et
484 2490 724 2543 oratione
755 2485 987 2539 maxime
1013 2497 1144 2551 opus
1168 2488 1249 2535 est
1276 2479 1346 2542 ei,
1371 2477 1460 2547 qui
1489 2477 1590 2531 hoc
1613 2475 1801 2528 morbo
1829 2473 1979 2527 labo-

401 2591 503 2635 rat.
535 2579 638 2634 Sed
665 2578 707 2633 si
739 2577 842 2631 ﬁde
867 2589 998 2643 opus
1030 2582 1142 2636 est,
1178 2571 1406 2640 inquies,
1438 2583 1532 2621 cur
1559 2582 1691 2635 opus
1717 2575 1798 2619 est
1821 2563 1980 2632 etje—

399 2670 587 2742 junio?
613 2668 742 2735 Quia
767 2680 885 2720 cum
919 2663 1020 2717 fide
1043 2661 1302 2731 jejunium
1331 2673 1433 2713 non
1457 2671 1670 2727 parvam
1702 2655 1848 2708 addit
1879 2653 1980 2706 foro

405 2765 683 2819 titudincm
718 2778 731 2813 :
771 2757 1160 2828 phiIOSOphiam
1199 2753 1394 2822 quippe
1437 2765 1681 2818 magnam
1730 2747 1898 2808 indit,
1929 2753 1983 2798 et

408 2855 656 2926 angelum
687 2867 752 2907 ex
784 2850 998 2904 homine
1027 2845 1210 2910 efficit,
1240 2853 1292 2898 et
1313 2858 1432 2897 cum
1464 2841 1791 2907 incurporeis
1814 2837 1981 2889 virtu-

406 2950 544 3003 tibus
571 2952 803 3016 pugnat;
832 2954 1016 2995 verum
1038 2953 1143 2991 non
1173 2936 1367 2989 sufficit
1389 2932 1537 2995 illud,
1567 2931 1658 2984 sed
1686 2929 1806 2983 addi
1829 2927 1986 2980 debet

409 3039 578 3094 oratio
597 3078 612 3102 ,
640 3051 757 3106 qua:
789 3034 952 3090 etiam
981 3038 1182 3100 przceat
1210 3034 1439 3095 eportct.
1474 3023 1600 3076 Vide
1629 3037 1756 3090 ergo
1787 3027 1983 3088 quanta

408 3133 544 3187 bona
586 3145 652 3184 ex
687 3137 911 3194 utroque
949 3123 1250 3191 gignantur.
1282 3116 1414 3184 Quia
1446 3114 1588 3167 enim
1619 3113 1708 3182 qui
1741 3119 1986 3180 precatur

410 3231 469 3275 ut
495 3222 670 3284 decet,
698 3226 752 3271 et
788 3215 992 3283 jejunat
1013 3252 1027 3274 ,
1060 3224 1165 3262 non
1202 3207 1384 3262 multis
1426 3203 1659 3272 indiget;
1691 3201 1779 3270 qui
1808 3209 1982 3252 autem

407 3327 514 3366 non
551 3309 728 3364 multis
764 3306 998 3374 indiget,
1042 3317 1147 3355 non
1191 3298 1426 3369 pecunia:
1455 3308 1639 3348 amans
1674 3293 1867 3356 fuerit;
1897 3293 1987 3360 qui

411 3403 651 3473 pecuniae
673 3414 858 3454 amans
880 3413 983 3450 non
1006 3403 1106 3456 est,
1136 3392 1200 3446 ad
1226 3391 1616 3457 elccmosynam
1647 3401 1844 3455 pronus
1865 3385 1984 3439 erit.

411 3495 512 3559 Qui
548 3492 752 3562 jejunat
776 3530 792 3554 ,
819 3488 984 3546 levior
1013 3495 1096 3539 est
1120 3493 1170 3536 et
1197 3482 1345 3549 quasi
1373 3479 1575 3540 alatus,
1604 3477 1990 3546 vigilanterque

415 3593 554 3647 orat,
574 3581 741 3636 malas
760 3576 1234 3646 concupiscientias
1253 3571 1559 3639 exstinguit.
1586 3570 1860 3636 Deumque
1878 3565 1989 3634 pla-

412 3686 520 3739 cat,
544 3675 735 3729 elatam
763 3670 990 3724 animam
1019 3667 1282 3720 humiliat.
1317 3663 1441 3718 Ideo
1459 3660 1681 3730 apostoli
1712 3659 1822 3712 fere
1845 3671 1989 3712 sem-

415 3782 513 3836 per
531 3762 865 3836 jejuuabant.
891 3761 990 3826 Qui
1015 3772 1177 3813 orans
1201 3756 1410 3826 jejuuat
1427 3796 1441 3816 ,
1474 3753 1624 3806 binas
1651 3750 1810 3804 habet
1838 3748 1949 3802 alas
1971 3789 1987 3814 ,

415 3865 550 3932 ipsis
564 3862 736 3916 ventis
757 3861 1005 3912 leviores.
1023 3856 1139 3910 Non
1160 3856 1301 3909 enim
1317 3853 1532 3916 oscitat,
1548 3865 1655 3904 non
1673 3844 1984 3918 pandiculao

417 3960 504 4003 tur
524 3965 622 4002 nec
646 3955 824 4014 torpet
845 3944 1074 4005 orando,
1104 3953 1162 3995 ut
1189 3941 1344 3994 multi
1377 3940 1597 3994 solent:
1624 3936 1719 3991 sed
1750 3942 1834 3990 est
1859 3935 1985 4004 igne

416 4037 710 4100 ardentior,
734 4044 788 4088 et
819 4043 957 4087 terra
983 4032 1258 4101 superior:
1284 4030 1509 4098 ideoque
1537 4027 1768 4082 maxime
1792 4026 1993 4079 dmum-

416 4141 542 4180 num
570 4124 740 4178 hostis
767 4133 821 4177 et
847 4124 1108 4175 inimicus.
1137 4120 1277 4173 Nihil
1309 4120 1448 4173 enim
1483 4119 1748 4186 potentius
1780 4117 1993 4169 homine

418 4215 583 4284 probe
623 4222 828 4266 orante.
871 4212 1002 4265 Nam
1042 4211 1086 4264 si
1126 4211 1316 4263 mulier
1356 4209 1439 4260 illa
1462 4207 1613 4274 (Luc.
1644 4207 1727 4260 l8.
1757 4206 1847 4275 5),
1875 4221 1996 4259 cru-

419 4307 591 4361 delem
621 4305 911 4375 principem
933 4344 948 4367 ,
977 4304 1064 4371 qui
1093 4316 1190 4354 nec
1214 4300 1378 4353 Deum
1407 4298 1642 4360 timebat,
1673 4311 1772 4350 nec
1824 4296 1995 4349 homi-

421 4414 542 4452 nem
573 4395 938 4459 reverebatur,
969 4393 1183 4450 ﬂectere
1211 4390 1378 4460 potuit
1403 4407 1414 4442 :
1437 4389 1604 4442 multo
1633 4388 1800 4456 magis
1831 4387 1994 4441 Deum

421 4492 620 4553 flectet,
649 4489 737 4559 qui
763 4486 1067 4558 frequenter
1095 4486 1258 4542 instat
1279 4524 1293 4549 ,
1322 4481 1412 4551 qui
1442 4480 1615 4535 ventri
1641 4480 1906 4548 imperat,
1932 4495 1995 4534 ac

418 4579 635 4636 delicias
664 4579 830 4649 ejicit.

490 4669 611 4726 Non
653 4668 1016 4740 indulgendum
1061 4668 1272 4722 deliciis.
1314 4666 1460 4721 Gula:
1479 4675 1525 4720 et
1549 4666 1805 4720 edacitatis
1834 4665 1993 4720 mata.

415 4793 487 4804 —-
515 4763 663 4829 Quod
690 4763 734 4817 si
753 4762 1018 4816 inﬁrmum
1041 4763 1132 4817 tibi
1156 4770 1462 4831 corpusest,
1497 4769 1555 4812 ut
1587 4773 1692 4813 non
1715 4757 1885 4826 possis
1909 4771 1995 4810 as-

416 4856 572 4911 sidue
616 4855 860 4924 jejunare
878 4895 893 4918 ,
921 4863 976 4908 at
999 4855 1262 4908 inﬁrmum
1296 4867 1399 4906 non
1427 4859 1510 4905 est
1536 4849 1602 4903 ad
1627 4848 1908 4906 orandum,
1934 4855 1989 4901 et

417 4948 484 5001 ad
511 4948 708 5002 ventris
732 4946 948 5000 delicias
974 4945 1322 5014 spernendas.
1371 4941 1502 4995 Nam
1547 4941 1592 4995 si
1618 4939 1862 5010 jejunare
1888 4951 1992 4990 non

421 5045 592 5104 potes,
621 5043 676 5089 at
715 5045 862 5103 potes
894 5049 997 5088 non
1047 5033 1248 5087 deliciis
1295 5031 1640 5086 incumbere:
1671 5029 1795 5083 illud
1821 5037 1996 5082 autem

421 5140 527 5180 non
561 5140 777 5194 parvum
799 5133 900 5186 est,
929 5139 1070 5177 neca
1088 5123 1288 5191 jejunio
1310 5123 1529 5175 multum
1556 5121 1714 5174 distat
1739 5137 1753 5184 ;
1782 5119 1872 5174 sed
1891 5118 2000 5172 suf-

423 5217 528 5270 ficit
571 5214 637 5268 ad
667 5214 862 5269 diaboli
893 5214 1120 5266 furorem
1147 5212 1519 5281 dejicientltun.
1556 5210 1695 5265 Nihil
1745 5211 1885 5264 enim
1929 5209 1996 5261 ita

424 5319 566 5362 amat
615 5308 703 5361 ille
727 5349 742 5372 ,
768 5316 826 5360 ut
862 5305 998 5374 gula.-
1029 5303 1244 5358 delicias
1273 5313 1327 5356 et
1380 5303 1712 5366 ebrietatem,
1755 5315 1873 5368 quas
1919 5308 2002 5352 est

421 5401 658 5454 omnium
691 5409 861 5453 mater
898 5397 1176 5451 malorum.
1223 5395 1324 5450 Per
1345 5397 1482 5448 hanc
1507 5394 1629 5446 olim
1657 5391 1920 5446 lsraelilas
1948 5390 2000 5442 in

424 5487 773 5544 idololatriam
804 5488 1022 5556 dejerit,
1043 5505 1132 5554 per
1169 5487 1305 5540 hanc
1329 5485 1630 5541 Sodomitas
1681 5483 1734 5536 in
1787 5494 2000 5534 amores

425 5580 632 5647 iniquos
663 5579 1029 5634 inﬂammavit.
1087 5577 1209 5632 "(PC
1253 5579 1412 5641 enim,
1445 5578 1537 5640 ait,
1563 5575 1803 5642 iniquitas
1833 5572 2002 5627 Sodo-

425 5685 651 5733 morum;
684 5672 734 5725 in
764 5672 1017 5741 superbia.
1046 5670 1097 5722 in
1127 5671 1383 5722 saturitate
1414 5668 1579 5738 panis,
1607 5677 1652 5720 et
1673 5668 1724 5720 in
1747 5664 2000 5734 prosperi-

1093 278 1147 332 S.
1189 272 1462 331 JOANNIS
1498 265 1969 326 CHRYSOS'I‘OMI
2009 267 2326 323 ARCHIEP.
2367 267 2899 324 CONSTANl'lNOP.

3552 273 3654 332 565

2079 389 2181 435 tate
2218 381 2834 450 luxuriabanturthech.
2874 381 2957 436 16.
2991 379 3080 449 49)
3116 398 3129 432 :
3162 379 3261 434 hac
3285 379 3480 435 multos
3531 386 3674 449 item

2078 472 2211 528 alios
2259 473 2489 542 perdidit
2530 475 2892 544 gehennalque
2924 472 3157 527 tradidit.
3193 471 3330 539 Quid
3359 473 3500 525 enim
3533 475 3660 530 mali

2077 581 2182 620 non
2233 575 2518 635 onerantur
2568 567 2772 620 delicia:
2824 566 3053 620 mensze?
3102 565 3354 619 Homines
3383 564 3432 616 in
3466 578 3627 632 porco

2077 666 2424 721 commutant,
2457 668 2509 711 et
2535 659 2710 726 porcis
2740 656 3036 712 deteriores
3057 655 3313 710 efﬁciunt.
3368 654 3499 708 Nam
3531 670 3654 722 por-
3699 691 3704 726 τ

2077 764 2171 803 cus
2203 750 2252 802 in
2280 764 2434 802 coeno
2461 748 2748 813 volutatur,
2785 757 2838 802 ct
2863 757 3098 802 stercore
3126 747 3262 800 nutri
3275 754 3388 808 tur;
3415 745 3502 799 hic
3531 759 3658 798 vero
3702 719 3709 730 ’

2078 843 2246 911 magis
2269 842 2676 896 abominandam
2705 842 2804 895 sibi
2833 851 2982 910 parat
3013 854 3273 902 mensam,
3304 840 3477 892 coitus
3503 838 3661 892 illici-

2079 942 2160 988 tos
2187 934 2512 1002 excogitans,
2536 941 2589 988 et
2619 933 2828 1003 iniquos
2854 945 3083 986 amores.
3123 930 3220 984 llic
3247 929 3374 984 nihil
3403 944 3433 982 a
3458 929 3663 983 dzemo-

2080 1027 2230 1080 niaco
2280 1025 2454 1080 diﬁ‘crt
2485 1045 2496 1076 :
2529 1041 2647 1078 nam
2699 1023 2980 1093 impudens
3009 1022 3169 1076 simul
3203 1031 3257 1076 et
3287 1020 3520 1074 furiosus
3548 1028 3654 1074 est.

2083 1120 2468 1172 Da‘moniacum
2519 1127 2664 1172 certe
2691 1116 2876 1170 saltem
2919 1115 3236 1168 miserantur
3269 1132 3281 1166 :
3315 1112 3455 1166 hunc
3484 1123 3660 1166 autem

2079 1226 2388 1265 aversantur
2415 1219 2464 1264 et
2506 1209 2628 1262 odio
2668 1208 2945 1262 habemus.
3005 1206 3218 1273 Quare?
3271 1204 3403 1269 Quia
3446 1213 3663 1272 Sponta-

2081 1318 2240 1358 neum
2279 1303 2380 1356 sibi
2427 1302 2658 1357 furorem
2708 1299 2946 1364 attrahit,
2983 1308 3038 1353 et
3093 1313 3172 1363 os,
3225 1299 3430 1358 oculos,
3479 1312 3658 1359 nares,

2091 1401 2273 1454 Omnia
2316 1397 2551 1463 denique
2581 1395 2796 1446 cloacas
2837 1388 3020 1442 efﬁcit.
3059 1385 3116 1439 Si
3149 1397 3277 1437 vero
3314 1382 3367 1434 in
3399 1380 3658 1434 interiora

2092 1488 2388 1557 respicias,
2428 1485 2637 1538 videbis
2682 1481 2922 1535 animam
2977 1492 3075 1531 ceu
3127 1475 3305 1529 hieme
3355 1481 3408 1525 et
3457 1470 3660 1538 frigore

2093 1580 2431 1650 eongelatam
2473 1585 2527 1629 et
2567 1581 2868 1642 torpentem
2895 1609 2910 1633 ,
2956 1585 3078 1638 qua:
3113 1567 3182 1620 ob
3217 1565 3482 1618 furentem
3517 1571 3658 1615 tem-

2081 1683 2366 1743 pestatem,
2402 1670 2600 1724 nullam
2647 1668 2763 1720 navi
2817 1665 2986 1735 poSsit
3024 1678 3180 1730 opem
3239 1659 3448 1739 afferre.
3495 1657 3665 1711 Pudet

2083 1771 2226 1818 certe
2247 1777 2334 1818 me
2350 1761 2526 1816 dicere
2557 1773 2674 1826 qua:
2699 1757 2834 1811 mala
2867 1764 2974 1812 tum
3001 1753 3128 1806 viris
3157 1761 3264 1805 tum
3296 1737 3604 1804 mulieribus
3633 1763 3662 1801 a

2083 1853 2298 1924 crapula
2327 1852 2598 1922 pariantur
2625 1865 2637 1900 :
2671 1846 2798 1901 illttd
2821 1860 3002 1900 eorum
3043 1842 3382 1896 conscientia:
3400 1841 3664 1907 relinquo.

2083 1963 2202 2017 qua:
2248 1946 2426 2000 omnia
2471 1941 2867 1998 accuratissime
2907 1923 3073 1992 novit.
3107 1934 3244 2000 Quid
3291 1948 3417 1987 vero
3456 1931 3667 2000 turpius

2085 2037 2228 2091 ebria
2253 2035 2497 2096 muliere,
2525 2032 2606 2086 vel
2643 2046 2761 2099 qua:
2787 2030 3196 2095 circumquaque
3221 2023 3429 2078 fertur?
3457 2021 3667 2086 Quanto

2085 2129 2226 2182 enim
2251 2125 2507 2180 inﬁrmius
2536 2137 2628 2176 vas
2654 2130 2755 2185 est,
2786 2128 2930 2172 tanto
2955 2115 3124 2184 inajus
3154 2112 3518 2180 naufragium;
3546 2111 3663 2165 sive

2087 2219 2254 2274 libera
2277 2219 2386 2280 illa,
2411 2216 2522 2269 sive
2545 2212 2735 2267 ancilla
2762 2211 2850 2265 sit.
2893 2208 3024 2262 Nam
3058 2207 3220 2261 libera
3253 2205 3304 2258 in
3336 2202 3510 2258 medio
3553 2216 3670 2255 ser-

2084 2326 2271 2364 vorum
2300 2308 2507 2362 theatro
2539 2304 2762 2372 turpiter
2789 2316 2848 2354 se
2873 2299 3048 2368 gerit:
3082 2295 3380 2364 ancillaqtte
3423 2293 3669 2346 similiter

2087 2405 2225 2458 inter
2275 2415 2458 2456 servos
2480 2417 2492 2450 :
2517 2410 2674 2466 atque
2706 2394 2779 2447 ita
2803 2392 3018 2449 faciunt.
3051 2399 3108 2443 ut
3135 2388 3272 2443 dona
3304 2387 3396 2441 Dei
3422 2386 3673 2454 blasphe—

2086 2505 2299 2550 mentur
2326 2493 2393 2548 ab
2414 2487 2804 2560 insipientibus.
2825 2485 3017 2540 Multos
3044 2483 3184 2537 enim
3202 2479 3379 2544 audio,
3400 2493 3519 2532 eum
3547 2477 3664 2530 hzec

2088 2587 2222 2640 mala
2247 2581 2601 2651 conspiciunt,
2632 2580 2889 2639 dicentes,
2919 2575 3130 2631 Utinam
3159 2586 3266 2625 non
3291 2581 3434 2625 esset
3459 2570 3661 2622 vinum.

2087 2675 2130 2730 Ο
2159 2675 2444 2728 amentiam
2469 2671 2483 2724 ι
2514 2689 2546 2724 o
2574 2668 2918 2724 stoliditatem
2953 2665 2966 2718 !
2994 2664 3126 2718 Aliis
3159 2661 3503 2732 peccantibus
3525 2699 3540 2723 ,
3576 2658 3667 2712 Dei

2088 2767 2224 2822 dona
2255 2763 2589 2820 criminaris?
2615 2773 2668 2815 et
2692 2769 2887 2830 quanta
2917 2758 3031 2811 haec
3060 2756 3262 2810 insania
3289 2755 3302 2806 ι
3337 2756 3415 2807 An
3459 2753 3664 2813 vinum,

2089 2860 2160 2913 mi
2182 2858 2366 2922 homo,
2397 2856 2499 2910 hoc
2520 2854 2713 2908 malum
2738 2850 2937 2906 efficit?
2965 2849 3080 2903 Non
3107 2847 3288 2900 vinum
3307 2887 3322 2909 ,
3347 2845 3440 2899 sed
3471 2845 3670 2898 intem-

2090 2948 2329 3019 perantia
2351 2960 2536 3002 eorum
2559 2945 2648 3014 qui
2675 2943 2802 2998 vino
2830 2943 3138 2997 abutuntur.
3166 2939 3259 2992 Dic
3281 2952 3427 3006 ergo.
3455 2936 3670 2992 Utinam

2091 3057 2196 3096 non
2241 3047 2383 3095 esset
2411 3039 2643 3094 ebrietas
2663 3079 2679 3104 ,
2705 3051 2804 3091 nec
2832 3043 3012 3090 essent
3041 3032 3146 3086 illm
3171 3032 3411 3085 ciborum
3441 3029 3664 3083 delicize.

2091 3134 2145 3189 Si
2189 3149 2317 3189 vero
2339 3133 2486 3189 dicas
2505 3173 2521 3197 ,
2552 3129 2762 3186 Utinam
2795 3143 2898 3182 non
2923 3133 3069 3182 esset
3106 3123 3286 3177 vinum
3309 3163 3323 3184 ,
3370 3121 3507 3174 uhra
3536 3135 3662 3188 pro-

2090 3243 2304 3298 gressus
2328 3227 2495 3289 dices,
2526 3224 2738 3280 Utinam
2768 3236 2873 3274 non
2904 3226 3047 3274 esset
3075 3217 3267 3272 ferrum
3289 3256 3304 3276 .
3336 3222 3552 3283 prepter
3574 3213 3672 3266 ho-

2092 3321 2345 3381 micidas;
2375 3333 2469 3372 nec
2496 3324 2636 3371 esset
2662 3330 2788 3379 nox,
2811 3313 2880 3368 ob
2900 3311 3042 3366 fures
3067 3327 3082 3372 ;
3107 3324 3280 3377 neque
3300 3309 3388 3362 lux
3406 3314 3568 3371 esset,
3600 3305 3672 3359 ob

2094 3411 2483 3483 sycophantas;
2516 3420 2688 3474 neque
2717 3402 2926 3468 mulier,
2951 3401 3019 3456 ob
3051 3398 3452 3454 fornicationes.
3480 3395 3670 3450 Omnia

2095 3505 2307 3559 demum
2338 3500 2632 3556 sustuleris.

2164 3597 2216 3649 5.
2262 3594 2384 3646 Non
2424 3593 2593 3645 vinum
2622 3584 2994 3641 criminandum
3013 3593 3106 3648 est,
3136 3581 3224 3637 sed
3265 3579 3496 3633 ebrietas.
3519 3606 3592 3618 —
3617 3575 3675 3631 Id

2096 3706 2163 3743 ne
2187 3687 2351 3742 facias
2392 3703 2404 3737 :
2438 3683 2564 3737 illud
2589 3681 2730 3736 enim
2755 3678 2976 3731 satanici
3009 3685 3087 3729 est
3120 3673 3280 3727 animi
3317 3690 3332 3726 :
3364 3685 3461 3725 nec
3485 3670 3670 3723 vinum

2097 3777 2429 3836 crimineris,
2461 3772 2552 3826 sed
2583 3772 2891 3826 ebrietatem
2929 3787 2941 3822 :
2990 3767 3130 3821 hunc
3173 3765 3442 3818 ebriosum
3480 3760 3544 3814 ad
3588 3774 3677 3814 sa-

2096 3883 2217 3923 nam
2239 3875 2469 3920 mentem
2497 3876 2765 3916 reversum
2795 3858 2899 3920 adi,
2934 3857 3174 3911 describe
3201 3854 3274 3908 illi
3303 3862 3465 3906 totam
3507 3849 3676 3918 turpi-

2097 3958 2334 4013 tudinem
2369 3955 2490 4010 :dic
2518 3953 2610 4017 illi,
2638 3952 2827 4005 Vinum
2855 3949 3034 4004 datum
3065 3956 3145 4000 est
3175 3945 3239 3998 ad
3265 3943 3500 3998 laetitiam
3525 3981 3536 4004 ,
3563 3954 3671 3994 non

2097 4052 2162 4106 ad
2196 4048 2571 4119 turpitudinem
2598 4064 2609 4100 :
2639 4044 2819 4098 datum
2847 4053 2929 4096 est
2957 4049 3013 4092 ut
3040 4039 3328 4099 rideztmtts,
3361 4050 3464 4088 non
3493 4042 3550 4087 ut
3579 4033 3676 4086 de-

2099 4145 2366 4198 rideamur
2391 4159 2405 4202 ;
2448 4151 2505 4195 ut
2533 4147 2678 4195 recte
2707 4137 2999 4197 valeamus,
3035 4146 3136 4184 non
3167 4141 3217 4183 ut
3238 4138 3590 4198 a‘gtotemus;
3620 4134 3680 4178 ιιι

2101 4237 2519 4291 imbecillitatem
2560 4229 2798 4299 corporis
2845 4229 3217 4286 instauremus,
3259 4237 3362 4274 non
3409 4227 3465 4272 ut
3515 4217 3682 4271 robur

2099 4331 2259 4384 animi
2287 4325 2613 4396 dejiciamus.
2653 4324 2788 4374 heus
2808 4327 2859 4373 te
2885 4317 2987 4372 hoc
3013 4327 3232 4368 munere
3263 4309 3562 4372 honoravit,
3585 4322 3682 4361 cur

2101 4438 2163 4476 ex
2213 4417 2562 4474 immoderato
2593 4429 2690 4469 usu
2731 4412 2954 4480 teipsum
2985 4404 3348 4462 debonestas?
3387 4400 3522 4456 Audi
3554 4399 3679 4469 quid

2102 4513 2293 4567 Paulus
2337 4509 2512 4564 dicat:
2552 4506 2679 4560 Vino
2727 4504 2921 4556 modico
2959 4509 3094 4554 utere
3132 4505 3335 4567 propter
3369 4491 3684 4546 stomachum

2102 4618 2243 4658 tuum
2269 4647 2281 4666 ,
2313 4611 2359 4657 et
2391 4609 2595 4671 propter
2621 4598 2902 4666 frequentes
2932 4603 3043 4646 tuas
3085 4590 3404 4656 inﬁrmitates
3437 4584 3513 4652 (Ι.
3545 4583 3680 4636 Tim.

2104 4699 2155 4754 5.
2183 4697 2302 4766 ‘25).
2350 4693 2501 4762 Quod
2532 4692 2573 4744 si
2601 4697 2814 4744 sanctus
2841 4687 2948 4748 ille,
2979 4685 3167 4739 morbo
3187 4681 3453 4743 detentus,
3486 4686 3539 4731 et
3565 4675 3670 4730 fre-

2102 4787 2386 4859 quentibus
2413 4783 2661 4837 laborans
2683 4775 3097 4835 inﬁrmitatibus,
3129 4772 3255 4826 vino
3273 4785 3378 4824 non
3414 4768 3694 4830 utebatur,

2104 4880 2273 4934 donec
2296 4877 2345 4930 id
2370 4865 2638 4943 magister
2649 4871 2826 4940 jussit,
2848 4882 2949 4936 qua
2972 4866 3125 4919 venia
3156 4863 3304 4931 digni
3337 4874 3436 4914 nos
3458 4859 3687 4918 erimus,

2103 4972 2191 5041 qui
2215 4985 2347 5024 sano
2373 4981 2599 5036 corpore
2617 4963 2749 5017 ebrii
2772 4959 2994 5014 sumus?
3018 4956 3094 5011 llli
3125 4954 3356 5015 dicebat,
3387 4949 3594 5005 Modico
3616 4951 3687 5001 ri-

2106 5081 2169 5117 no
2195 5073 2333 5116 utere
2361 5067 2561 5129 propter
2586 5053 2898 5109 stomachum
2942 5059 3080 5101 tuum
3110 5054 3156 5098 et
3188 5043 3508 5112 inﬁrmitates
3541 5049 3681 5100 tuas:

2107 5167 2344 5211 nostrum
2374 5168 2503 5207 vero
2528 5148 2745 5218 singulis
2772 5146 2948 5199 dicet:
2980 5141 3114 5194 Vino
3145 5138 3355 5191 modico
3384 5143 3535 5188 utere
3562 5146 3687 5199 pro-

2109 5261 2223 5320 pter
2247 5249 2637 5306 fornicationes,
2661 5240 2731 5310 (a)
2759 5239 2996 5311 [propter
3025 5233 3314 5300 frequentia
3343 5223 3689 5295 turpiloquia,

2109 5351 2325 5412 propter
2345 5349 2566 5391 etc-teras
2591 5334 2905 5404 cupiditates
2933 5323 3144 5396 tualas,]
3174 5337 3307 5393 quas
3331 5334 3520 5389 parere
3552 5315 3692 5370 solet

2109 5434 2356 5488 ebrietas.
2386 5429 2440 5484 Si
2471 5443 2574 5482 non
2599 5427 2718 5479 ideo
2750 5422 3017 5477 abstinere
3045 5416 3220 5479 vultis,
3245 5415 3431 5467 saltem
3461 5409 3530 5463 ob
3558 5423 3690 5462 con-

2173 5545 2244 5604 (a)
2274 5546 2388 5601 Quae
2413 5542 2601 5590 uncinis
2617 5537 2920 5604 clauduntur,
2946 5533 3134 5604 adjecta
3158 5535 3268 5604 sum
3288 5540 3316 5575 e
3343 5521 3630 5604 (ἷοιξὶαςῖϐρξ
3643 5521 3701 5604 Et

2110 5586 2251 5655 Savili.
2275 5586 2644 5654 vin
2686 5586 2968 5648 Commelin.
3002 5586 3063 5644 ct
3095 5589 3273 5648 Menti,
3311 5600 3399 5650 per
3425 5586 3700 5633 homwote-

2115 5677 2296 5718 ιουωιι.
