4074 6144
336 336 434 395 565

331 451 686 524 eupisrentias
711 459 768 507 et
810 463 1035 506 nauseas
1073 447 1357 503 abstinete.
1417 447 1605 500 Vinum
1649 445 1793 499 enim
1841 443 1908 498 al

334 545 567 600 laetitiam
597 542 780 596 datum
809 551 924 606 est;
963 539 1144 593 Vinum
1165 538 1306 593 cnim
1336 537 1559 606 (ceti/ient
1581 552 1668 589 cor
1694 534 1912 588 hominis

329 637 499 705 (Psat.
527 635 651 690 I03.
684 633 799 703 15),
827 647 989 702 quam
1009 631 1127 703 ‘rjus
1165 631 1413 685 virtutem
1440 642 1536 682 vos
1560 624 1909 682 labe-Iactatis.

329 732 453 793 Quae
482 724 625 780 enim
668 724 850 778 latitia
875 723 1009 792 ejus,
1036 721 1125 791 qui
1160 737 1265 775 non
1291 729 1375 775 est
1399 718 1451 773 iu
1486 721 1683 787 scipso,
1713 727 1764 771 et
1785 730 1910 770 εθι-

327 817 497 871 centis
534 815 802 870 cruciatur
818 813 1124 878 doloribus,
1148 812 1329 867 omnia
1354 808 1553 865 circum
1583 807 1711 862 ferri
1738 806 1907 871 videt,

326 906 659 975 caliginem»
697 911 1010 972 occupatur,
1041 902 1130 972 qui
1160 910 1332 971 egeat,
1364 897 1587 969 perinde
1625 905 1785 968 atque
1826 894 1909 951 fe-

327 998 655 1062 bricitantes,
696 1003 755 1051 ut
798 1003 959 1065 caput
985 993 1154 1062 ipsius
1195 992 1319 1047 oleo
1355 987 1736 1059 perfundatur?
1783 985 1912 1041 Haec

326 1105 432 1142 non
473 1087 727 1142 omnibus
767 1086 1088 1141 dicta-esse.
1114 1082 1307 1147 velim,
1330 1082 1439 1136 imo
1480 1079 1728 1134 omnibus
1758 1094 1773 1131 :
1803 1091 1909 1131 non

324 1178 466 1248 quod
511 1191 700 1233 omnes
750 1177 1084 1232 incbrientur
1110 1192 1124 1229 :
1153 1174 1328 1239 absit;
1359 1173 1452 1228 sed
1486 1172 1606 1242 quia
1636 1170 1908 1225 ebriorum

327 1269 381 1333 ii,
407 1270 497 1338 qui
526 1268 661 1323 ebrii
689 1282 795 1322 non
817 1275 964 1330 sunt,
985 1280 1168 1320 curam
1199 1280 1304 1319 non
1330 1263 1550 1317 habent.
1580 1260 1784 1315 Idcirco
1807 1273 1906 1313 vos

327 1360 503 1429 potius
546 1359 809 1429 alloquor,
857 1358 948 1428 qui
977 1357 1141 1412 sobrii
1169 1356 1341 1411 estis:
1376 1368 1496 1407 nam
1540 1361 1595 1407 et
1639 1351 1904 1415 medicus,

326 1452 541 1523 ngratis
565 1451 802 1515 omissis,
832 1451 951 1506 illos
977 1449 1068 1520 qui
1094 1448 1310 1517 azgrotis
1332 1445 1569 1502 assident
1597 1443 1905 1513 alloquitur.

330 1544 434 1599 Vos
476 1543 655 1614 itaque
674 1557 866 1612 precor
887 1551 943 1598 et
966 1555 1084 1604 oro,
1110 1556 1177 1595 ne
1198 1553 1447 1609 umquam
1477 1536 1580 1591 hoc
1602 1535 1789 1589 morbo
1813 1548 1905 1587 ca-

326 1637 568 1706 piamini,
593 1650 795 1704 eosque
813 1637 907 1705 qui
936 1633 1027 1687 illo
1042 1630 1273 1702 correpti
1298 1637 1443 1693 sunt,
1470 1626 1697 1681 sollicite
1716 1639 1908 1679 eruere

322 1729 543 1793 curetis,
558 1724 1028 1796 nebrutispejores
1042 1722 1341 1777 videantur.
1366 1719 1453 1773 Illa
1471 1717 1612 1771 enim
1637 1714 1764 1768 nihil
1790 1714 1907 1784 plus

322 1833 481 1888 quam
509 1831 648 1889 opus
672 1826 756 1873 est
772 1823 1054 1887 quzerunt;
1082 1814 1136 1868 bl
1161 1826 1291 1867 vero
1308 1811 1410 1865 illis
1432 1806 1907 1864 irrationabiliores

321 1918 467 1976 sunt,
497 1910 589 1979 qui
629 1908 1009 1965 moderationis
1058 1905 1315 1961 terminos
1367 1901 1651 1957 excedunt.
1695 1899 1906 1967 Quanto

321 2001 464 2055 enim
490 2001 680 2055 melior
703 2001 886 2055 asinus
912 1998 1124 2053 ebrioso
1171 1995 1294 2051 est?
1337 2002 1534 2066 quanto
1580 1992 1769 2045 melior
1807 2004 1902 2043 ca-

321 2092 436 2146 nis?
464 2090 596 2146 Nam
624 2091 738 2145 Iure
759 2089 1028 2153 animalia,
1054 2097 1353 2156 cteteraque
1377 2084 1555 2139 omnia
1575 2123 1590 2148 ,
1616 2097 1712 2137 seu
1755 2095 1905 2135 cum-

318 2184 502 2245 edant.
527 2197 622 2237 seu
646 2181 848 2247 bibant,
871 2180 1154 2235 terminum
1173 2185 1388 2242 norunt,
1405 2188 1577 2244 neque
1593 2173 1730 2227 ultra
1745 2187 1905 2241 quam

318 2274 448 2326 satis
475 2282 560 2327 est
602 2271 896 2342 procedunt
927 2288 943 2324 :
969 2269 1175 2324 etiamsi
1204 2269 1348 2321 enim
1394 2263 1631 2319 sexcenti
1664 2262 1906 2317 homines

316 2372 595 2433 cogerent.
637 2377 742 2416 non
772 2360 1040 2416 excedent
1084 2373 1356 2428 umquam.
1410 2356 1521 2410 Ilac
1564 2369 1692 2423 ergo
1745 2353 1798 2407 in
1844 2366 1906 2407 re

321 2455 493 2510 brutis
546 2454 843 2510 deteriores
895 2452 1061 2517 estis;
1087 2468 1193 2506 non
1241 2450 1379 2519 apud
1407 2448 1602 2503 mentis
1628 2455 1906 2515 compotes

316 2546 524 2610 solum;
555 2543 651 2601 sed
702 2544 861 2599 etiam
907 2541 1049 2613 apud
1103 2555 1200 2595 vos
1248 2541 1412 2610 ipsos.
1459 2535 1609 2605 Quod
1641 2535 1783 2589 enim
1812 2548 1907 2588 vos

315 2635 540 2690 canibus
564 2643 619 2690 et
643 2634 810 2691 asinis
834 2633 1133 2689 deteriores
1157 2631 1411 2701 iudicetis
1435 2630 1560 2683 hinc
1590 2626 1763 2698 palam
1796 2636 1900 2692 est,

313 2726 459 2796 quod
505 2725 756 2781 animalia
793 2725 941 2781 istaec
984 2737 1270 2792 numquam
1312 2734 1471 2790 cogas
1507 2719 1639 2773 ultra
1689 2715 1903 2771 modum

314 2819 494 2871 cibum
524 2829 739 2872 sumere
762 2831 779 2881 ;
801 2824 856 2871 et
884 2813 930 2869 si
952 2813 1072 2886 quis
1108 2812 1200 2866 tibi
1240 2810 1457 2878 dixerit,
1483 2808 1594 2865 Cur
1633 2807 1781 2863 hoc?
1827 2805 1907 2861 Nc

315 2904 505 2961 laedam
536 2906 625 2961 illa
652 2946 668 2968 ,
698 2904 906 2975 inquies
939 2921 953 2959 :
982 2904 1077 2958 tibi
1103 2915 1231 2957 vero
1259 2914 1367 2954 non
1396 2897 1511 2969 pari
1541 2895 1748 2953 ratione
1782 2909 1907 2966 pro-

316 2996 491 3054 vides.
536 2995 632 3053 Sic
680 3003 735 3050 te
779 2994 887 3050 illis
930 2994 1171 3049 viliorem
1197 3004 1321 3047 esse
1363 2998 1538 3060 putas,
1571 2996 1727 3057 teque
1754 2985 1905 3041 hisce

313 3087 569 3143 ﬂuctibus
594 3086 847 3158 agitatum
877 3085 1117 3157 negligis.
1169 3082 1304 3138 Nam
1348 3095 1454 3136 non
1496 3078 1656 3133 modo
1684 3092 1785 3148 qua
1817 3075 1904 3131 die

312 3179 497 3233 ebrius
522 3193 604 3243 es,
634 3177 832 3233 damno
880 3176 1129 3240 afliceris,
1158 3173 1254 3229 sed
1304 3170 1605 3241 insequenti
1653 3183 1901 3240 quoque;

312 3282 372 3322 ac
389 3268 531 3321 sicut
552 3275 795 3322 cessante
820 3265 987 3330 febre,
1014 3274 1195 3319 manet
1218 3272 1395 3319 tamen
1423 3260 1667 3331 quaedam
1685 3275 1749 3314 ex
1769 3257 1902 3313 febri

310 3357 579 3428 a‘gritudo
620 3375 635 3411 :
682 3358 763 3412 sic
799 3371 1023 3414 excussa
1068 3354 1347 3418 ebrietate,
1394 3349 1666 3407 fluctuatio
1724 3358 1901 3403 tamen

312 3448 563 3516 quaedam
603 3455 770 3503 restat
797 3456 852 3504 et
878 3449 931 3502 in
961 3446 1141 3501 animo
1180 3453 1235 3501 et
1263 3444 1315 3499 in
1365 3440 1901 3513 corpore;miserum

1287 333 1352 390 IN
1390 329 1789 390 MATTIIzElI-M
1832 330 2059 388 IIOMIL.
2101 330 2279 389 LVNI.
2319 335 2390 393 al.
2432 336 2564 395 LIX.

3498 337 3598 393 5w

2017 460 2210 514 corpus
2235 444 2376 516 jacet
2412 447 2732 515 resolutum,
2765 456 2822 504 ut
2865 457 2983 519 post
3036 446 3367 517 naufragium
3397 462 3545 502 navus
3580 467 3595 502 :

2016 549 2244 599 corpore
2271 537 2516 592 miserior
2534 539 2730 601 anima,
2756 540 2938 603 etiam,
2967 538 3202 593 rtsolntu
3244 539 3356 604 illo,
3388 547 3594 609 temp’c—

2017 637 2210 684 statem
2239 629 2455 696 excitat,
2486 637 2543 685 et
2565 630 2907 700 cupiditatem
2930 630 3193 696 incendit;
3220 646 3283 686 ac
3302 645 3425 686 cum
3447 631 3594 686 vitle-

2019 729 2105 773 tur
2132 732 2342 787 sapere,
2368 728 2494 774 tunc
2520 720 2748 774 maxime
2769 721 2984 786 insanit,
3017 722 3221 788 vinum,
3250 721 3414 788 dolia,
3446 722 3599 792 pltia-

2013 807 2112 873 las,
2139 817 2377 863 crateras
2402 809 2455 864 in
2481 809 2854 879 imaginatione
2899 827 3116 865 versans
3161 830 3174 867 :
3205 820 3259 867 et
3291 813 3430 868 sicut
3483 824 3598 882 pus!

2013 907 2382 968 tempestatem
2426 910 2605 954 manet
2634 900 2804 970 ipsum
2839 902 3171 969 tempestatis
3194 902 3447 957 damnum
3481 920 3493 957 :
3527 906 3597 958 ita

2012 999 2067 1045 ct
2110 1000 2232 1060 post
2280 990 2594 1046 ebrietatem
2626 1007 2640 1045 :
2669 1005 2734 1046 ac
2771 991 3221 1061 quemadmodum
3255 994 3362 1049 illic
3391 1010 3599 1049 merces

2005 1081 2395 1150 jactantur,sic
2445 1082 2496 1137 in
2554 1082 2814 1138 ebrietate
2843 1082 3053 1152 jactura
3096 1084 3156 1139 tit
3178 1086 3414 1141 omnium
3463 1102 3599 1156 pene

2011 1172 2291 1227 bonorum.
2322 1171 2378 1228 Si
2400 1173 2777 1229 continentiam
2804 1175 3084 1240 invenerit,
3102 1175 3146 1229 si
3168 1175 3447 1246 pudorem,
3468 1193 3597 1246 pru-

2009 1262 2266 1329 dentiam,
2297 1265 2623 1334 tequitatem,
2650 1263 2997 1319 Iunnilitatem
3021 1304 3037 1331 ,
3062 1263 3240 1320 omnia
3273 1266 3326 1322 in
3379 1266 3598 1338 pelagus

2010 1359 2303 1429 iniquitatis
2321 1361 2526 1431 projicit
2544 1362 2794 1417 ebrietas.
2821 1362 3017 1418 Verum
3040 1379 3125 1428 ea,
3145 1381 3264 1433 qua:
3280 1376 3597 1436 sequuntur,

2008 1464 2114 1503 non
2143 1458 2267 1505 sunt
2296 1451 2510 1505 similia.
2544 1449 2617 1505 lbi
2645 1452 2789 1506 enim
2818 1461 2939 1520 post
2952 1453 3124 1521 ejecta
3144 1469 3308 1509 onera
3337 1455 3487 1511 navis
3519 1458 3587 1510 1ο-

2008 1542 2123 1593 vior
2145 1549 2199 1595 et
2223 1541 2466 1609 expedita
2489 1539 2759 1606 redditur;
2795 1542 2882 1598 hic
2904 1557 3033 1597 vero
3067 1544 3234 1615 magis
3258 1555 3594 1616 aggravatur.

2008 1630 2139 1686 Nam
2168 1632 2288 1687 loco
2315 1632 2618 1687 divitiarum
2646 1648 2861 1687 arenam
2879 1634 3137 1705 recipitet
3162 1650 3356 1706 aquam
3376 1635 3595 1699 salsam,

2008 1731 2280 1793 totamque
2300 1723 2577 1779 ebrietatis
2598 1724 2906 1791 eolluviem,
2936 1740 3054 1795 qua:
3074 1726 3251 1780 navim
3273 1741 3395 1781 eum
3412 1738 3596 1783 vecto—

2007 1816 2157 1872 ribus
2185 1824 2239 1870 et
2261 1817 2621 1887 gubernatore
2646 1818 2757 1873 cito
2784 1816 3119 1888 demergunt.
3177 1818 3254 1874 Ne
3303 1820 3463 1891 igitur
3515 1820 3596 1875 his

2008 1908 2160 1962 malis
2204 1907 2557 1973 involvantur,
2607 1907 2706 1963 bac
2756 1923 2856 1964 nos
2909 1917 3223 1980 tempestate
3271 1910 3582 1966 liberemur.

2008 1997 2266 2053 Ebriosus
2300 2014 2586 2071 numquam
2620 2010 2796 2069 potest
2829 2014 3051 2072 regnum
3096 2002 3352 2056 caelorum
3383 2002 3588 2057 videre.

2010 2088 2185 2144 Nolite
2213 2106 2401 2155 errare,
2425 2089 2595 2160 inquit
2610 2088 2893 2160 Apostolus
2917 2107 2933 2155 ;
2962 2107 3052 2145 nec
3079 2091 3280 2156 ebriosi,
3300 2107 3389 2145 nec
3417 2092 3587 2146 convi-

2005 2183 2219 2236 ciatores
2257 2198 2466 2253 regnum
2510 2181 2749 2235 oculorum
2797 2182 3170 2236 Iuereditabunt
3195 2185 3274 2254 (I.
3305 2182 3422 2240 Cor.
3455 2183 3508 2238 6.
3537 2185 3592 2239 9.

2011 2271 2121 2343 10).
2147 2270 2217 2326 Ει
2240 2271 2366 2340 quid
2392 2271 2533 2337 dico,
2573 2285 2794 2341 regnum
2813 2272 3067 2327 emlorum
3083 2273 3108 2326 ἲ
3127 2274 3252 2328 Post
3276 2274 3591 2329 ebrietatem

2008 2365 2151 2418 enim
2184 2378 2250 2417 ne
2272 2364 2555 2432 praesentia
2578 2361 2791 2433 quidem
2817 2363 3000 2419 videre
3032 2379 3344 2433 possumus:
3363 2364 3598 2421 ebrietas

2007 2455 2203 2524 quippe
2232 2454 2385 2507 nobis
2410 2452 2528 2508 dies
2572 2454 2625 2509 in
2673 2464 2857 2509 noctes
2881 2456 3062 2517 vertit.
3084 2465 3140 2510 et
3166 2456 3339 2512 lucem
3370 2456 3422 2511 in
3442 2466 3565 2511 tene

2009 2545 2173 2611 bras;
2200 2544 2399 2614 apertis
2444 2544 2615 2599 oculis
2644 2544 2779 2599 ebrii
2828 2559 2895 2600 ne
2921 2545 3006 2600 illa
3029 2562 3147 2616 quae
3182 2546 3249 2600 ad
3280 2545 3444 2616 pedes
3472 2558 3598 2602 sunt

2008 2651 2229 2691 eernere
2254 2645 2498 2705 possunt.
2529 2635 2713 2706 Neque
2735 2636 2787 2691 id
2815 2637 2985 2691 soluat
3014 2638 3137 2691 mali
3158 2640 3298 2709 parit
3322 2638 3589 2703 ebrietas;

2009 2727 2105 2782 sed
2136 2736 2317 2798 postea
2366 2726 2441 2780 illi
2483 2726 2754 2796 graviores
2783 2725 2935 2781 luunt
2962 2740 3170 2795 poenas,
3200 2743 3462 2784 maerores
3506 2745 3596 2783 ra-

2009 2819 2155 2874 tione
2174 2831 2391 2880 vacuos,
2424 2816 2683 2883 furorem,
2711 2817 3101 2889 :rgritudinem,
3132 2817 3448 2891 ridiculique
3473 2835 3597 2875 eva-

2009 2908 2144 2966 dunt
2169 2908 2472 2980 opprobriis
2509 2923 2726 2980 semper
2775 2910 3026 2979 expositi.
3083 2909 3213 2977 Quae
3256 2911 3410 2966 venia
3437 2911 3597 2981 igitur

2011 3001 2099 3068 iis,
2128 2999 2222 3072 qui
2247 3000 2406 3055 tantis
2422 3014 2545 3056 sese
2569 3001 2721 3055 malis
2743 3000 3019 3056 obruunt?
3049 2999 3201 3056 Nulla
3231 3001 3410 3071 plane.
3439 3002 3593 3057 Hunc

2009 3108 2136 3165 ergo
2162 3091 2406 3148 morbum
2430 3091 2711 3162 fugiamus,
2732 3101 2790 3147 ut
2807 3101 2861 3147 et
2882 3093 3162 3163 praesentia
3185 3100 3240 3148 et
3254 3092 3427 3147 futura
3455 3095 3594 3150 bona

2008 3200 2426 3256 consequamur,
2471 3184 2641 3255 gratia
2681 3193 2736 3240 et
2786 3185 3110 3255 benignitate
3166 3184 3374 3239 Domini
3424 3187 3595 3241 nostri

2007 3278 2134 3334 Jesu
2179 3276 2399 3338 Christi.
2424 3276 2511 3331 cui
2548 3276 2717 3347 gloria
2745 3285 2801 3332 et
2844 3276 3123 3347 imperium
3179 3292 3302 3333 cum
3347 3277 3504 3335 Patre
3543 3290 3599 3335 ct

2007 3369 2209 3440 Spiritu
2234 3376 2420 3423 sancto
2448 3366 2501 3422 in
2527 3366 2724 3423 saecula
2749 3369 3087 3424 szeeulurum.
3118 3367 3310 3423 Amen.

1469 3646 1817 3712 HOMILIA
1858 3644 2068 3706 LVIII.
2102 3643 2189 3707 al.
2248 3643 2412 3705 LIX.

306 3802 437 3858 Car.
475 3803 563 3857 l7.
596 3816 652 3857 v.
686 3800 776 3855 2|.
818 3796 1140 3854 Versantibus
1171 3796 1275 3851 illis
1300 3794 1354 3848 in
1385 3791 1623 3868 Gglilaea,
1659 3790 1790 3845 dixit
1831 3789 1903 3843 eis

356 3894 536 3948 'Jesus
567 3910 586 3947 :
620 3891 919 3946 Tradendus
959 3898 1032 3944 est
1075 3887 1240 3942 Filius
1269 3885 1486 3939 hominis
1523 3884 1575 3937 in
1603 3897 1785 3935 manus
1810 3881 1903 3935 Ito-

380 3987 607 4050 mimtm,
628 3982 720 4037 22.
747 3993 793 4036 et
831 3980 1059 4036 occident
1095 3995 1232 4047 eum,
1263 3987 1311 4033 et
1342 3977 1488 4032 tertia
1529 3974 1614 4028 die
1655 3979 1898 4041 resurget.

380 4076 451 4131 Et
478 4076 763 4129 contristati
788 4083 907 4128 sunt
932 4071 1101 4126 valde.

381 4171 437 4222 I.
484 4167 561 4221 Ne
584 4166 823 4221 dicerent
848 4207 864 4232 ,
891 4164 999 4218 Cur
1026 4172 1173 4217 tanto
1202 4172 1446 4232 tempore
1475 4161 1562 4216 bic
1589 4157 1902 4215 versamur?

309 4272 505 4314 rursus
544 4258 612 4311 de
637 4257 882 4327 passione
913 4255 1042 4325 ipsis
1088 4253 1320 4323 loquitur
1348 4268 1362 4304 :
1397 4251 1591 4321 quibus
1617 4249 1812 4305 auditis
1837 4263 1906 4303 ne

308 4351 497 4405 videre
521 4348 736 4419 quidem
763 4347 1093 4418 Jerosolyma
1137 4344 1402 4399 volebant.
1438 4343 1569 4399 Vide
1615 4356 1744 4412 ergo
1767 4355 1903 4410 quo-

309 4445 498 4507 modo,
530 4450 811 4512 postquam
840 4441 1029 4494 Petrus
1057 4440 1362 4507 increpatus
1402 4437 1594 4498 fuerat,
1621 4444 1904 4505 postquam

310 4538 523 4609 Moyses
568 4544 624 4589 et
650 4534 825 4599 Elias,
868 4533 937 4588 de
959 4533 1043 4587 illa
1076 4549 1132 4585 re
1159 4531 1468 4600 eolloquuti,
1497 4527 1719 4598 gloriam
1759 4526 1904 4579 illam

309 4628 734 4698 appellaverant,
758 4634 1034 4694 postquam
1067 4623 1220 4677 Pater
1245 4636 1474 4689 superne
1500 4633 1687 4673 vocem
1713 4615 1909 4671 emise-

230 4746 237 4757 -
309 4735 413 4785 rat,
442 4727 637 4787 totque
660 4715 808 4786 signa
839 4714 975 4768 facta
1015 4713 1245 4775 fuerant,
1277 4727 1396 4765 cum
1438 4709 1546 4779 jam
1584 4706 1906 4760 resurrectio

309 4825 340 4866 e
390 4810 578 4865 vicino
624 4814 769 4863 esset
811 4807 941 4876 (non
981 4806 1126 4862 enim
1177 4813 1417 4857 mortuus
1460 4802 1619 4869 longo
1667 4809 1906 4866 tempore

308 4914 627 4966 mansurus,
654 4899 747 4955 sed
779 4907 899 4968 post
925 4896 1158 4951 tridllum
1185 4902 1586 4950 resurrecturus
1607 4889 1743 4957 erat)
1763 4928 1778 4951 ,
1808 4902 1906 4941 ne-

305 5010 411 5065 que
441 4995 525 5049 sic
567 4990 700 5046 illud
738 4990 878 5044 l’erre
923 4996 1242 5059 potuerunt,
1273 4985 1369 5042 sed
1421 4981 1716 5038 Contristati
1754 4988 1907 5043 sunt;

305 5104 416 5144 non
447 5086 672 5158 quidem
711 5084 1076 5146 mediocriter,
1114 5083 1223 5135 imo
1259 5079 1419 5133 Valde
1444 5075 1780 5132 contristati:
1813 5072 1909 5127 id-

306 5195 410 5248 que
433 5181 563 5249 quia
595 5176 861 5231 dietorum
897 5174 1002 5228 vim
1031 5170 1365 5242 ignorabant.
1401 5167 1454 5222 Id
1475 5181 1602 5219 vero
1622 5164 1829 5218 Marcus
1855 5172 1909 5216 et

309 5271 487 5325 Lucas
545 5266 918 5330 subindicant;
961 5264 1051 5318 ille
1101 5277 1220 5317 cum
1262 5260 1356 5323 ait,
1387 5259 1530 5327 ipsos
1562 5256 1662 5310 boc
1689 5253 1906 5307 verbum

309 5360 614 5430 ignorasse,
638 5370 811 5425 neque
831 5366 991 5408 ausos
1009 5352 1172 5407 fuisse
1189 5350 1334 5404 illttnt
1357 5348 1686 5413 interrogare
1717 5342 1906 5413 (Marc.

302 5460 360 5515 '9.
391 5462 533 5529 3|);
562 5458 650 5512 hic
675 5469 805 5510 vero
834 5452 1037 5516 dicens,
1070 5450 1119 5505 id
1146 5446 1515 5503 absconditum
1537 5443 1605 5497 ab
1627 5440 1705 5496 eis
1723 5438 1906 5501 fuisse,

308 5566 374 5608 ne
399 5551 676 5607 sentirent
696 5546 847 5615 (Luc.
871 5543 927 5599 9.
953 5543 1082 5613 4‘3);
1117 5554 1216 5595 nec
1245 5553 1404 5593 ausos
1424 5550 1543 5591 esse
1565 5534 1713 5588 illum
1740 5532 1909 5584 inter-

305 5659 504 5713 rogare
549 5643 696 5697 circa
751 5639 854 5693 hoc
905 5635 1149 5691 verbum.
1198 5631 1355 5701 Atqui
1383 5630 1427 5684 si
1456 5625 1909 5698 ignorabant,cur

308 5729 809 5790 (1)!)[I‘I>l€il)3ﬂllll'?
833 5727 965 5796 Quia
984 5742 1088 5781 non
1106 5724 1283 5780 omnia
1303 5720 1641 5791 ignorabant,
1664 5716 1902 5772 sciebant

648 5842 927 5899 I'ATItOL.
982 5840 1097 5897 GR.
1154 5837 1365 5899 LVIII.

2007 3789 2151 3843 enim
2182 3788 2356 3859 ipsum
2385 3788 2863 3849 moriturum-esse.
2894 3797 2949 3843 ut
2972 3803 3116 3858 smpe
3139 3788 3437 3843 audierant.
3466 3789 3598 3856 Qute

2008 3891 2187 3937 autem
2214 3879 2353 3935 foret
2378 3896 2523 3934 mors
2567 3880 2898 3946 lmjnsmodi;
2929 3879 3068 3949 quod
3097 3881 3204 3933 cito
3230 3880 3483 3934 solvenda
3510 3894 3598 3936 es-

2010 3981 2112 4037 set,
2136 3980 2190 4026 et
2222 3970 2361 4040 quod
2392 3969 2515 4023 hinc
2558 3969 2760 4023 inlinita
2805 3969 2942 4023 bona
2977 3971 3279 4036 orirentur;
3307 3969 3425 4025 hme
3454 3984 3594 4025 non-

2009 4064 2137 4118 dum
2163 4064 2306 4118 clare
2333 4062 2574 4117 sciebant
2609 4079 2625 4116 :
2656 4076 2828 4131 neque
2858 4071 3115 4116 noverant
3155 4077 3276 4130 qua:
3302 4060 3477 4116 futura
3506 4077 3592 4116 es-

2010 4164 2095 4211 set
2122 4154 2210 4209 illa
2240 4153 2583 4208 resurrectio.
2605 4153 2728 4208 Ideo
2752 4151 3042 4209 dolebant:
3064 4154 3264 4209 etenim
3286 4154 3595 4226 magistrum

2012 4245 2299 4302 admodum
2329 4243 2640 4313 diligebant.

2106 4336 2418 4391 Didrachma
2434 4335 2555 4406 quid
2575 4344 2721 4389 esset.
2739 4363 2809 4375 -
2826 4334 2917 4390 25.
2942 4335 3066 4389 Cum
3087 4347 3253 4390 autem
3279 4338 3522 4392 venissent
3547 4336 3600 4390 in

2014 4428 2356 4498 Caprrnamn,
2382 4436 2699 4480 accesserunt
2730 4425 2798 4479 ad
2825 4424 3035 4479 Petrum
3078 4429 3165 4497 qui
3189 4427 3489 4481 didraclnn’a
3513 4443 3600 4480 ac-

2015 4520 2285 4589 cipiebant.
2314 4526 2360 4571 et
2390 4518 2624 4570 dixerunt
2665 4533 2684 4570 :
2742 4516 2988 4586 Magister
3011 4527 3170 4571 vester
3194 4534 3296 4571 non
3335 4517 3482 4570 solvit
3516 4517 3600 4569 die

2015 4611 2255 4664 dmchma
2276 4609 2301 4661 .’
2322 4607 2452 4674 Qure
2487 4615 2611 4661 sunt
2632 4607 2750 4661 lucc
2781 4604 3131 4660 Didraclmta?
3157 4605 3380 4673 Quando
3399 4605 3600 4673 primo-

2013 4701 2188 4772 genita
2216 4698 2584 4769 AEgyptiorum
2616 4695 2883 4750 interfecit
2902 4696 3063 4757 Deus,
3096 4705 3222 4750 tunc
3252 4696 3447 4751 tribum
3473 4695 3606 4750 Levi

2015 4807 2115 4861 pro
2146 4790 2274 4858 ipsis
2302 4786 2549 4857 aet-epit(
2578 4785 2739 4840 Num.
2784 4787 2837 4841 5.
2869 4786 2957 4842 39.
2989 4787 3060 4840 47
3095 4788 3133 4856 ).
3166 4785 3369 4840 Deinde
3398 4788 3520 4855 quia
3557 4788 3608 4841 in

2017 4886 2120 4940 bac
2149 4883 2288 4939 tribu
2314 4881 2490 4936 minor
2517 4879 2747 4946 capitum
2772 4892 3027 4932 numerus
3049 4887 3188 4944 erat,
3216 4891 3374 4947 quam
3402 4877 3539 4947 prim
3555 4896 3599 4930 «ι.

2015 4977 2315 5047 genitorum
2347 4971 2485 5041 apud
2532 4969 2745 5025 Judteos
2790 4978 2934 5025 esset
2960 5011 2976 5035 ,
3001 4982 3099 5039 pro
3125 4966 3498 5024 deficientibus
3546 4972 3611 5023 ad

2020 5067 2372 5138 supplendum
2410 5066 2690 5118 numerum
2737 5061 2925 5116 siclum
2953 5061 3112 5131 jussit
3148 5061 3343 5116 deferri
3377 5077 3392 5115 ε
3421 5075 3488 5117 ex
3522 5062 3614 5117 illo

2018 5170 2195 5215 autem
2222 5168 2460 5226 tempore
2490 5144 2610 5210 mos
2648 5153 2890 5221 invaluit,
2911 5164 2968 5207 ut
2996 5154 3351 5231 primogenita
3383 5154 3486 5209 ltoc
3525 5168 3608 5205 νος

2013 5249 2170 5321 etigal
2190 5249 2479 5302 solverent.
2529 5238 2661 5311 Quia
2713 5243 2873 5314 igitur
2926 5241 3171 5300 Christus
3216 5241 3611 5312 primogenitm

2014 5350 2209 5405 erat,et
2229 5341 2367 5393 inter
2391 5336 2681 5405 discipulos
2697 5336 2901 5405 primus
2924 5334 3202 5388 videbatur
3225 5347 3349 5387 esse
3379 5332 3508 5387 Petr
3520 5345 3606 5393 us.

2014 5434 2078 5485 ad
2120 5433 2292 5500 ipsum
2319 5427 2601 5483 accedunt.
2637 5426 2775 5480 Puto
2799 5434 2977 5478 autem
3006 5464 3021 5485 ,
3063 5422 3115 5475 id
3145 5421 3268 5476 illos
3296 5421 3350 5476 in
3378 5420 3606 5491 singulis

2015 5526 2230 5579 m-bibns
2252 5521 2492 5591 exegisse
2518 5538 2531 5574 :
2561 5525 2885 5588 quapropter
2912 5516 2963 5569 in
2987 5514 3156 5584 patria
3190 5513 3607 5577 adierunteutn,

2015 5633 2133 5687 qua:
2173 5614 2343 5685 patria
2371 5612 2707 5681 Capernaum
2734 5606 3020 5678 putabatur
3046 5619 3186 5660 esse.
3229 5603 3405 5672 Ipsum
3437 5616 3608 5675 porro

2015 5711 2163 5764 :ulirc
2192 5723 2296 5763 non
2325 5705 2439 5760 ausi
2465 5745 2479 5772 ,
2519 5703 2733 5760 Petrum
2762 5702 3085 5758 conveniunt
3108 5741 3123 5761 .
3155 5712 3255 5754 nec
3274 5713 3396 5753 cum
3454 5702 3609 5755 velte-

3242 5803 3278 5859 7
