4074 6144
491 321 589 375 5m

491 437 707 498 utentia,
737 433 828 487 sed
854 431 1172 486 lutulentius
1207 445 1218 479 :
1253 444 1423 497 neque
1447 427 1587 482 enim
1617 435 1672 480 ut
1698 427 2061 488 criminantis,

490 527 581 582 sed
633 536 690 582 iit
740 526 1127 591 interrogantes
1171 519 1418 572 dixerunt
1460 535 1472 570 :
1506 516 1746 588 Magister
1782 526 2064 568 nosternon

493 618 644 673 solvit
671 613 1007 668 didraci'mia?
1033 611 1145 666 Non
1171 612 1313 664 enim
1341 609 1607 662 adliticde
1649 609 1738 661 illo
1766 617 1819 660 ut
1841 624 1935 678 par
1953 617 2066 662 erat

494 708 833 768 sentiebant,
865 703 959 757 sed
992 703 1260 757 hominem
1289 716 1408 754 esse
1435 701 1692 769 putabant
1714 739 1729 763 ,
1760 699 1882 752 licet
1915 699 2063 751 illum

495 803 546 854 in
574 801 776 852 honore
799 796 1059 850 haberent
1087 794 1155 847 ob
1195 802 1398 863 patrata
1425 791 1596 859 signa.
1623 790 1756 855 Quid
1794 790 1948 860 igitur
1971 790 2067 844 Pe-

493 891 644 946 trus?
672 888 760 944 24.
787 886 988 957 Utique,
1020 885 1094 938 ait
1127 902 1139 937 :
1174 885 1276 937 illis
1301 882 1514 954 quidem
1543 882 1694 945 dixit,
1729 882 1896 950 ipsum
1917 882 2064 936 solu-

491 990 666 1034 turum
692 991 831 1042 esse,
854 975 950 1045 ipsi
979 989 1106 1030 vero
1138 989 1240 1050 non
1268 972 1420 1035 dixit,
1443 971 1581 1040 quod
1610 971 1844 1024 fortassis
1872 975 2067 1024 erube-

490 1078 662 1122 sceret
693 1066 761 1121 dc
787 1065 982 1119 talibus
1017 1065 1185 1132 ipsum
1216 1062 1429 1130 alloqui.
1465 1059 1588 1113 Ideo
1619 1069 1924 1122 mansuetus
1955 1059 2064 1124 ille,

490 1161 578 1227 qui
603 1159 779 1213 omnia
806 1158 950 1211 clare
981 1164 1220 1218 noverat,
1247 1154 1577 1223 prarvcnii-ns
1609 1153 1752 1204 illum
1783 1151 1893 1205 ait:
1931 1151 2068 1215 Quid

492 1249 582 1301 tibi
604 1249 805 1303 videtur
829 1289 845 1312 ,
893 1247 1069 1301 Simon
1097 1247 1122 1298 .9
1163 1245 1323 1315 Reges
1366 1255 1511 1298 terra:
1539 1261 1570 1296 a
1613 1243 1789 1312 quibus
1816 1244 2067 1310 accipiunt

496 1339 736 1391 tributum
776 1339 852 1390 vel
881 1353 1078 1390 censum
1102 1336 1128 1388 Ρ
1153 1352 1183 1386 a
1210 1336 1329 1402 ﬁliis
1370 1335 1472 1387 suis
1491 1375 1507 1400 ,
1531 1351 1595 1385 an
1629 1333 1689 1385 ab
1715 1333 1892 1386 alienis
1914 1333 1938 1384 Σ)
1961 1333 2054 1387 25.

495 1429 634 1482 Dixit
664 1429 772 1493 ille,
803 1427 876 1479 Ab
907 1426 1102 1478 alienis.
1127 1424 1261 1476 Dicit
1294 1424 1368 1477 illi
1387 1423 1536 1476 Jesus
1560 1437 1577 1475 :
1604 1421 1744 1492 Ergo
1775 1422 1917 1475 liberi
1945 1432 2060 1476 situt

495 1521 609 1589 ﬁlii.
638 1519 713 1588 Ne
742 1526 949 1588 putaret
974 1517 1113 1570 enim
1144 1516 1352 1579 Petrus,
1379 1513 1643 1568 Christum
1675 1513 1725 1567 id
1749 1513 1816 1571 ab
1842 1514 1942 1566 illis
1971 1528 2068 1566 ati-

499 1612 695 1665 divisse
719 1651 732 1674 ,
765 1609 1016 1679 pI'aBVCIIII.
1043 1622 1162 1662 cum
1188 1647 1202 1670 ,
1236 1616 1291 1659 ut
1320 1607 1420 1659 huc
1461 1606 1630 1673 ipsum
1657 1605 2000 1672 signiﬁcaret,
2018 1611 2072 1658 et

494 1716 594 1754 uua
622 1699 864 1752 ﬁduciam
898 1699 1102 1751 iuderct
1132 1713 1237 1750 non
1269 1694 1482 1749 audenti
1503 1704 1656 1747 antea
1679 1693 1744 1747 de
1776 1694 1877 1747 illis
1906 1693 2068 1762 loqui.

496 1793 606 1846 lloc
633 1800 808 1844 autem
857 1789 967 1843 vult
1015 1788 1316 1858 signiﬁcare
1348 1804 1359 1837 :
1406 1784 1658 1838 Immonis
1683 1799 1709 1836 a
1741 1799 1900 1838 censu
1932 1799 2067 1837 sum.

493 1884 624 1939 Nam
654 1884 698 1937 si
721 1897 872 1950 rcges
901 1891 1054 1935 terrm
1093 1897 1119 1930 a
1152 1879 1272 1931 ﬁliis
1298 1878 1406 1930 suis
1429 1876 1556 1929 nihil
1583 1877 1865 1943 accipiunt,
1886 1874 1977 1928 sed
2005 1875 2072 1926 ab

493 1972 679 2025 alienis
710 1989 722 2026 :
755 1970 922 2024 multo
951 1966 1115 2037 magis
1144 1982 1228 2020 me
1258 1966 1542 2018 immunem
1568 1980 1684 2018 esse
1709 1963 1958 2032 oportuit,
1982 1964 2070 2031 qui

494 2078 600 2117 non
628 2061 822 2117 terreni
849 2101 865 2125 ,
893 2058 986 2114 sed
1016 2059 1245 2112 cwlestis
1279 2056 1442 2125 Rt-gis
1485 2055 1650 2110 Filius
1676 2071 1812 2119 sum,
1853 2063 1906 2108 et
1935 2055 2062 2108 Rex.

500 2155 680 2207 Videii’
707 2151 976 2222 quomodo
995 2151 1129 2204 ﬁlios
1150 2148 1437 2216 distinguat
1461 2161 1490 2199 a
1524 2162 1627 2199 non
1660 2145 1779 2198 ﬁliis
1804 2144 1827 2197 ἲ
1866 2144 1922 2198 Si
1946 2157 2072 2198 vero

501 2244 667 2298 Filius
697 2258 801 2295 non
842 2249 1025 2304 esset,
1052 2236 1250 2292 frustra
1286 2237 1586 2304 exemplum
1615 2251 1796 2303 regum
1835 2234 2068 2288 afferret.

499 2335 695 2400 Etiam,
729 2333 934 2402 inquies
958 2371 972 2395 ,
1013 2331 1149 2382 lilius
1193 2336 1307 2390 est,
1339 2327 1432 2381 sed
1460 2342 1564 2380 non
1606 2325 1886 2394 genuinus.
1931 2323 2071 2392 Ergo

503 2443 606 2480 uoti
633 2425 802 2479 ﬁlius:
823 2425 866 2477 si
889 2431 1062 2476 autem
1083 2435 1180 2474 nec
1202 2419 1339 2472 Illius
1359 2432 1456 2471 nec
1475 2418 1755 2486 genuinus,
1783 2431 1886 2467 non
1910 2414 2074 2484 ipsius

497 2533 624 2587 ergo
664 2525 780 2580 est,
808 2513 901 2568 sed
945 2512 1170 2564 alienus.
1217 2507 1271 2563 Si
1321 2508 1558 2570 alienus,
1591 2505 1895 2574 exemplum
1946 2502 2072 2555 illud

501 2609 606 2662 vim
633 2621 783 2663 suam
815 2620 919 2658 non
951 2603 1139 2655 habet.
1170 2599 1263 2654 Ille
1293 2613 1519 2667 namque
1555 2611 1658 2648 non
1705 2595 1769 2647 de
1804 2593 1925 2646 ﬁliis
1958 2602 2072 2644 tan-

499 2712 632 2769 tum,
652 2701 744 2757 sed
769 2699 834 2755 de
854 2697 1096 2768 genuinis
1113 2694 1366 2764 loquitur,
1389 2689 1455 2746 de
1481 2687 1817 2759 propriis.qui
1835 2702 1953 2739 cum
1979 2702 2073 2754 pa-

501 2794 670 2848 tribus
697 2790 845 2862 regui
868 2798 991 2844 sunt
1017 2795 1312 2841 consortes.
1342 2781 1571 2850 Ideoque
1597 2778 1661 2832 ad
1684 2776 2072 2831 disuuctioiieui

498 2886 704 2939 alienos
727 2881 1008 2952 apposuit,
1049 2878 1129 2934 sic
1151 2891 1347 2930 Vocans
1390 2873 1509 2927 illos
1534 2870 1621 2940 qui
1649 2887 1676 2922 a
1719 2868 1928 2938 regibus
1968 2868 2072 2920 uati

501 2991 606 3029 non
633 2981 774 3036 sunt,
807 2971 942 3025 ﬁlios
970 2982 1097 3024 vero
1122 2966 1249 3020 dicit
1279 2979 1373 3019 eos
1393 3004 1408 3029 ,
1439 2975 1572 3032 quos
1596 2975 1661 3014 ex
1680 2975 1736 3013 se
1761 2966 2071 3028 genuerunt.

495 3066 577 3121 Tu
605 3073 779 3120 autem
809 3061 942 3116 mihi
991 3055 1258 3128 perpende
1286 3051 1553 3123 quomodo
1595 3049 1884 3104 revelatam
1919 3047 2076 3101 Petro

499 3156 856 3226 cognitionem
889 3151 1012 3205 hinc
1040 3148 1336 3204 confirmet.
1371 3143 1548 3213 Neque
1572 3141 1658 3195 hic
1675 3141 1842 3203 stetit,
1862 3139 1955 3194 sed
1983 3154 2078 3208 per

503 3259 796 3301 consensus
827 3241 1040 3296 modum
1072 3239 1172 3292 hoc
1198 3237 1369 3307 ipsum
1400 3231 1680 3303 signiﬁcat,
1709 3229 1760 3284 id
1791 3228 1932 3300 quod
1961 3245 2072 3283 ma.

503 3351 621 3406 grue
653 3332 926 3402 sapientia:
948 3339 1079 3384 erat.
1113 3327 1242 3383 Nam
1270 3341 1391 3381 cum
1417 3325 1530 3378 haec
1559 3322 1810 3388 dixisset,
1837 3321 1912 3374 ait
1943 3340 1955 3374 :
1983 3319 2074 3375 26.

507 3427 575 3481 Ut
601 3436 768 3479 autem
790 3441 888 3478 non
910 3421 1307 3477 scandalizemus
1327 3435 1431 3484 eos,
1458 3415 1582 3469 vade
1608 3414 1676 3467 ad
1701 3429 1856 3478 mare,
1879 3421 1924 3466 et
1942 3412 2078 3466 mitte

503 3521 708 3570 Inuitum
729 3532 748 3570 :
778 3525 824 3569 et
848 3530 957 3566 eum
987 3512 1189 3582 piscem,
1213 3510 1297 3580 qui
1326 3509 1515 3576 primus
1539 3503 1837 3568 ascenderit,
1863 3501 2004 3567 tolle,
2031 3511 2078 3554 et

499 3611 550 3663 in
578 3608 668 3662 illo
688 3605 905 3661 invenies
927 3613 1158 3658 staterem
1176 3601 1215 3654 ’z
1233 3599 1377 3653 illum
1402 3611 1682 3660 assumens,
1700 3592 1766 3647 da
1795 3593 1863 3648 eis
1881 3607 1973 3663 pro
2001 3608 2080 3646 me

501 3713 547 3755 et
578 3713 641 3756 te.
671 3697 860 3753 Videii’
888 3692 1158 3766 quomodo
1187 3703 1358 3760 neque
1391 3695 1634 3753 recuset,
1659 3699 1833 3756 neque
1861 3684 2080 3739 omnino

499 3794 681 3863 jubeat
711 3790 963 3845 tributum
995 3781 1268 3856 pendere?
1291 3778 1396 3836 Sed
1426 3777 1517 3834 ubi
1544 3777 1692 3848 prius
1719 3773 1992 3842 ostendit,
2019 3788 2080 3828 se

501 3902 605 3941 non
635 3896 757 3940 esse
803 3879 929 3936 huic
957 3875 1282 3936 obnoxium,
1332 3881 1457 3924 tunc
1502 3867 1597 3922 dat
1643 3866 1814 3930 illud;
1863 3874 1974 3920 tum
2014 3878 2080 3919 ne

502 3976 576 4030 illi
603 3972 1049 4034 scandalizentur,
1079 3975 1188 4022 tum
1217 3978 1284 4020 ne
1313 3961 1366 4016 hi
1396 3959 1537 4021 idem
1563 3960 1852 4028 patiantur.
1894 3956 2078 4025 Neque

501 4069 645 4122 enim
681 4065 752 4120 ita
771 4063 861 4118 dat
903 4061 1053 4131 quasi
1077 4057 1289 4120 debeat,
1323 4053 1418 4108 sed
1445 4063 1502 4106 ut
1544 4051 1756 4111 illorum
1783 4045 2079 4103 inﬁrmitati

503 4157 767 4212 consulat.

574 4249 628 4300 2.
659 4245 801 4299 Alibi
827 4257 955 4296 vero
984 4238 1288 4294 scandalum
1323 4233 1650 4293 contemnit;
1682 4241 1740 4285 ut
1771 4246 1892 4286 cuni
1919 4229 1987 4286 de
2007 4230 2080 4284 ci-

506 4341 589 4394 bis
609 4338 937 4397 dissereret;
984 4339 1043 4385 ut
1086 4343 1183 4383 nos
1221 4327 1414 4382 doceat
1443 4322 1697 4390 temporis
1722 4321 2087 4389 opportunita-

512 4439 619 4484 tem
647 4425 933 4493 explorare
961 4429 1211 4489 oportere
1234 4459 1249 4478 ,
1280 4415 1473 4484 quibus
1503 4428 1595 4480 par
1615 4419 1699 4466 est
1720 4409 1964 4462 scandala
1987 4408 2084 4462 de-

508 4523 740 4592 spicere,
762 4515 844 4572 vel
874 4528 980 4568 non
1002 4511 1298 4579 despicere.
1330 4509 1402 4562 Ex
1435 4504 1596 4560 modo
1623 4503 1747 4557 item
1779 4501 1972 4566 dandi,
2003 4516 2087 4554 se-

508 4620 700 4685 ipsum,
720 4607 808 4678 qui
832 4618 1022 4670 nempe
1039 4601 1125 4658 sit.
1145 4597 1395 4654 ostendit.
1417 4597 1525 4650 Cur
1549 4595 1688 4647 enim
1712 4607 1815 4646 non
1840 4607 1900 4644 es
1929 4604 2087 4658 repo-

503 4681 624 4764 sitis
651 4702 803 4772 jubet
827 4693 984 4752 dari?
1013 4691 1122 4760 Ut,
1152 4688 1293 4761 quod
1315 4688 1425 4758 jam
1451 4685 1595 4750 dixi,
1622 4682 1673 4736 iu
1703 4683 1802 4735 hoc
1838 4695 1895 4734 se
1927 4681 2088 4734 Deum

509 4770 882 4852 universorum
910 4800 1033 4842 esse
1064 4793 1121 4839 et
1166 4783 1297 4836 mari
1339 4781 1608 4849 imperare
1655 4773 1981 4830 ostenderet.
2033 4770 2088 4824 Id

503 4895 615 4960 jam
647 4886 1103 4943 demonstraverat
1127 4873 1340 4945 quando
1369 4885 1517 4926 mare
1546 4865 1858 4935 increpavit,
1885 4873 1941 4918 et
1968 4878 2088 4917 cum

511 4955 727 5036 I’etruin
763 4974 923 5043 jussit
950 4983 1108 5038 supra
1137 4965 1331 5025 ﬂuctus
1371 4959 1667 5015 ambulare.
1705 4955 1758 5009 Id
1788 4969 1926 5009 nunc
1952 4967 2090 5022 quo-

512 5083 620 5140 que
643 5042 899 5122 ostendit,
933 5059 1032 5112 etsi
1059 5056 1166 5110 alio
1207 5051 1369 5108 modo
1388 5092 1406 5115 ,
1433 5049 1525 5106 sed
1553 5047 1641 5116 qui
1672 5046 1894 5098 multum
1925 5042 2093 5110 pariat

512 5132 810 5227 stuporem.
846 5151 1028 5218 Neque
1069 5145 1209 5201 enim
1239 5156 1422 5212 parum
1457 5137 1582 5192 illud
1613 5145 1728 5191 erat
1761 5132 2091 5227 prardixisse,

513 5215 718 5318 piscem
760 5239 908 5293 illum
931 5215 955 5298 ξ
998 5232 1088 5303 qui
1117 5229 1317 5299 primth
1357 5223 1645 5294 capiendus
1674 5229 1840 5286 esset,
1868 5215 2095 5317 vectigal

514 5306 810 5392 soluturum
841 5340 982 5387 esse.
1005 5331 1059 5378 et
1089 5327 1206 5375 rete
1237 5317 1288 5370 iii
1320 5315 1570 5385 abyssum
1615 5310 1866 5379 injectum
1893 5306 2092 5375 piscem

517 5427 692 5486 illum;
723 5421 814 5492 qui
845 5426 1094 5472 statereiu
1121 5406 1382 5480 gestabat,
1406 5418 1469 5457 ex
1499 5401 1614 5470 ejus
1641 5393 2094 5492 pra-ceptoaddu-

520 5485 899 5571 cturiiiu'essc,
934 5503 1028 5559 sed
1062 5515 1181 5556 esse
1223 5494 1351 5555 illud
1393 5493 1582 5546 divina-
1611 5498 1664 5543 et
1691 5485 1971 5542 inelihbilis
1999 5497 2096 5552 po-

523 5607 731 5658 testatis
754 5639 770 5655 .
811 5594 954 5655 quod
987 5605 1131 5646 mare
1156 5586 1296 5640 dona
1325 5584 1400 5637 sic
1429 5581 1678 5642 afferret;
1706 5587 1760 5632 et
1785 5577 2090 5643 obsequen-

584 5712 602 5740 ⁸
637 5718 779 5758 unus.
805 5705 936 5762 tolle,
956 5707 998 5750 vt
1021 5695 1242 5762 aperiens
1265 5706 1314 5742 os
1336 5691 1459 5752 ejus,
1485 5688 1692 5741 invenies
1714 5694 1952 5738 stateram.

1170 316 1222 368 S.
1265 311 1540 369 JOANNIS
1576 311 2042 366 CIIRYSUSTOMI
2083 311 2392 368 AllCIIIEI'.
2436 316 2969 373 CONSTANTINOP.

3636 322 3739 374 563

2179 435 2304 480 tlaiii
2350 442 2498 482 suam
2545 432 2874 497 ostenderet,
2903 442 3013 485 tuin
3042 434 3255 502 quando
3284 431 3466 486 furens
3495 436 3740 488 sedatum

2170 525 2272 580 est,
2303 526 2412 571 ttiiii
2450 521 2663 588 quando
2693 531 2925 576 aestuans
2969 538 3282 578 conservum
3331 527 3596 594 suscepit;
3630 535 3742 578 tum

2172 607 2330 661 etiam
2372 626 2544 676 nunc,
2574 628 2694 666 cum
2723 629 2819 682 pro
2850 615 2964 681 ipso
2999 613 3339 667 exactoribus
3359 614 3542 667 solvit.
3581 613 3644 665 Et
3673 615 3744 666 du

2172 699 2274 752 illis
2296 718 2386 770 pro
2410 719 2488 755 nte
2511 713 2558 756 et
2587 720 2680 772 pro
2706 715 2772 768 te,
2801 704 2988 774 inquit.
3013 705 3199 758 Vidisti
3230 705 3447 759 hoooris
3470 706 3742 758 excellen-

2173 790 2338 843 tiam?
2379 791 2510 846 V'ide
2535 803 2591 846 et
2623 794 2764 848 Petri
2795 794 3201 863 philosophiam.
3229 794 3362 848 Nam
3393 795 3620 860 Marcus,
3652 797 3744 864 qui

2175 879 2332 948 hujus
2358 882 2652 952 discipulus
2681 894 2816 950 erat,
2849 885 2952 939 hoc
2979 896 3186 955 gestuin
3219 902 3324 938 uou
3355 887 3586 956 scripsit,
3618 887 3744 956 quia

2175 973 2298 1027 hinc
2341 974 2416 1027 illi
2463 974 2632 1028 honor
2669 976 2857 1044 ingens
2897 975 3226 1030 accedebat:
3269 975 3363 1030 sed
3406 977 3744 1044 negationem

2174 1065 2293 1134 ejus
2318 1065 2552 1134 scripsit,
2583 1081 2702 1134 qua:
2737 1081 2866 1120 vero
2891 1066 3238 1134 conSpicuum
3265 1065 3414 1119 illum
3450 1065 3747 1120 reddebant

2178 1160 2358 1221 tacuit,
2390 1168 2443 1212 et
2472 1159 2700 1212 fortasse
2720 1168 2932 1213 vetante
2961 1160 3214 1228 magistro
3239 1175 3305 1215 ne
3340 1172 3530 1228 magna
3555 1156 3624 1212 de
3654 1157 3746 1210 illo

2173 1248 2391 1302 diceret.
2426 1247 2532 1300 Pro
2557 1265 2634 1302 me
2657 1258 2704 1302 et
2729 1257 2795 1314 te,
2822 1248 2985 1317 inquit
3019 1265 3032 1301 :
3061 1249 3181 1318 quia
3209 1259 3263 1304 et
3289 1251 3400 1318 ipse
3426 1249 3747 1318 primogeni-

2175 1345 2257 1390 tu»-
2283 1348 2416 1390 erat.
2457 1336 2536 1392 "Ut
2573 1348 2753 1392 autem
2797 1339 2995 1394 Christi
3043 1341 3332 1408 potentiam
3361 1355 3481 1395 cum
3527 1352 3749 1410 stupore

2175 1428 2396 1480 miratus
2419 1443 2501 1493 es,
2528 1428 2721 1482 mirare
2746 1438 2801 1484 et
2840 1429 3086 1498 discipuli
3120 1430 3281 1484 ﬁdem
3301 1469 3317 1494 ,
3342 1430 3434 1499 qui
3463 1431 3514 1485 iu
3542 1446 3600 1484 re
3639 1441 3746 1484 tam

2177 1519 2533 1589 inexspectata
2554 1521 2743 1588 paruit.
2780 1521 2886 1576 Res
2906 1523 3048 1575 enim
3066 1529 3182 1575 erat
3208 1532 3390 1574 natura
3424 1522 3632 1577 insolita
3659 1531 3746 1574 at-

2175 1627 2276 1679 que
2315 1613 2595 1680 stupentia.
2644 1612 2766 1666 Ideo
2797 1613 2848 1668 in
2879 1613 3177 1668 mercedem
3221 1612 3364 1678 ﬁdei,
3396 1613 3447 1666 iii
3492 1613 3748 1668 solvendo

2177 1701 2370 1755 tributo
2389 1703 2530 1755 illum
2546 1703 2644 1757 sibi
2662 1703 2900 1757 Christus
2917 1703 3209 1772 conjunxit.
3235 1703 3383 1775 (Cap.
3405 1703 3590 1774 XVIII)
3612 1705 3662 1758 1.
3682 1705 3748 1758 In

2175 1793 2265 1844 illa
2315 1794 2440 1845 liora
2492 1804 2804 1846 accesserunt
2854 1794 2922 1846 ad
2963 1793 3141 1847 Iesum
3193 1794 3426 1865 discipuli
3479 1796 3697 1849 dicentes
3726 1811 3748 1847 .°

2181 1882 2304 1947 Quis
2325 1883 2488 1950 major
2512 1893 2585 1936 est
2613 1885 2662 1936 in
2684 1901 2836 1953 regno
2850 1885 3130 1938 caelorum?
3159 1885 3452 1939 IIunianttin
3479 1886 3748 1956 quidpiam

2179 1971 2317 2039 passi
2342 1972 2584 2040 discipuli
2611 1984 2733 2026 sunt
2757 1990 2768 2024 :
2798 1973 2938 2042 quod
2959 1983 3015 2027 ct
3033 1976 3357 2044 evangelista
3388 1977 3650 2045 signiﬁcat
3667 1977 3750 2031 di-

2175 2077 2322 2123 cens,
2351 2062 2416 2116 1η
2446 2063 2535 2116 illa
2559 2065 2682 2118 liora
2705 2081 2724 2118 :
2752 2065 2962 2134 quando
2988 2067 3105 2136 plus
3131 2081 3288 2136 quam
3309 2078 3533 2122 caeteros
3562 2084 3750 2124 omnes

2177 2153 2323 2208 illum
2353 2154 2648 2208 hoauravit.
2691 2155 2822 2208 Nam
2845 2171 2964 2210 cum
2992 2172 3055 2211 ex
3086 2157 3285 2211 Jacobo
3304 2166 3358 2212 et
3383 2158 3588 2212 Joanne
3613 2160 3753 2214 alter

2178 2245 2560 2314 priinogenitus
2590 2247 2788 2310 esset',
2824 2246 2957 2300 nihil
2989 2248 3160 2301 simile
3191 2263 3286 2317 pro
3317 2249 3420 2302 illis
3446 2247 3585 2302 fecit.
3617 2248 3753 2303 Hinc

2179 2336 2381 2402 pudore
2401 2335 2574 2388 allecti
2605 2336 2766 2389 animi
2789 2337 2869 2390 sui
2898 2337 3311 2391 commotionem
3340 2337 3568 2392 confessi
3590 2347 3749 2402 sunt,

2179 2440 2353 2494 neque
2382 2434 2564 2495 aperte
2590 2425 2812 2490 dicunt,
2839 2424 2947 2481 Cur
2986 2426 3201 2482 Petrum
3247 2427 3399 2483 nobis
3441 2427 3754 2496 prtetulisti?

2180 2530 2303 2567 num
2337 2515 2424 2569 ille
2462 2515 2632 2585 major
2676 2516 2830 2570 nobis
2868 2516 2991 2572 est?
3020 2532 3123 2570 non
3157 2515 3424 2571 audebant
3446 2517 3627 2583 enim;
3657 2516 3752 2571 sed

2181 2607 2451 2661 indeﬁnite
2477 2608 2806 2677 interrogant
2830 2627 2842 2661 :
2880 2609 3005 2676 Quis
3035 2610 3200 2679 major
3217 2618 3288 2662 est
3308 2610 3333 2662 .9
3349 2608 3482 2664 Nam
3506 2623 3626 2663 cum
3645 2617 3754 2663 tres

2179 2697 2417 2751 viderunt
2443 2697 2680 2766 przeferri
2699 2699 2926 2758 caeteris.
2949 2699 3083 2755 nihil
3103 2699 3274 2754 simile
3289 2699 3428 2768 passi
3455 2708 3608 2763 sunt;
3629 2713 3751 2752 cuin

2179 2801 2353 2841 autem
2385 2803 2518 2842 unus
2549 2798 2749 2843 tantum
2784 2789 3040 2845 honorem
3074 2790 3225 2854 tulit,
3267 2799 3393 2844 tunc
3415 2789 3603 2843 dolore
3631 2798 3756 2844 sunt

2178 2878 2371 2932 allecti.
2395 2878 2576 2947 Neque
2607 2878 2706 2933 hoc
2733 2879 2926 2946 solum,
2951 2879 3045 2934 sed
3073 2888 3128 2934 et
3145 2880 3249 2934 alia
3277 2879 3434 2934 multa
3462 2893 3755 2947 congeren-

2181 2976 2278 3032 tes,
2306 2969 2512 3022 accensi
2538 2978 2681 3022 sunt.
2704 2968 2834 3023 Nam
2855 2969 2988 3024 dixit
3014 2969 3088 3024 illi
3117 2986 3132 3023 :
3157 2969 3268 3022 Tibi
3292 2968 3422 3021 dabo
3446 2971 3646 3031 claves;
3674 2977 3752 3029 et,

2182 3060 2366 3114 Beatus
2393 3078 2446 3115 es
2470 3101 2485 3126 ,
2510 3061 2688 3116 Simon
2721 3059 2989 3114 Bar-Jona
3032 3059 3258 3131 (Matth.
3292 3061 3377 3115 I6.
3408 3059 3492 3114 19.
3521 3059 3625 3128 17)
3655 3073 3670 3122 ;
3702 3067 3756 3112 et

2181 3151 2288 3217 hic,
2315 3151 2394 3204 Da
2423 3153 2546 3221 ipsis
2586 3169 2677 3222 pro
2703 3169 2781 3206 me
2803 3162 2850 3206 et
2881 3163 2962 3216 te;
2999 3153 3228 3222 itemque
3277 3151 3520 3205 ﬁduciam
3548 3150 3668 3219 ejus
3698 3158 3752 3204 et

2181 3240 2427 3308 loquendi
2475 3241 2776 3295 libertatem
2820 3241 3064 3296 videntes
3111 3241 3502 3311 pungebaiitur.
3531 3239 3682 3306 Quod
3709 3239 3756 3292 si

2181 3330 2387 3385 Marcus
2413 3346 2520 3385 non
2542 3331 2830 3398 dicat,illos
2859 3333 3236 3402 interrogasse,
3259 3330 3352 3384 sed
3381 3344 3562 3384 secum
3585 3328 3638 3382 id
3658 3343 3756 3382 co-

2179 3421 2420 3492 gitasse(
2457 3420 2621 3474 Marc.
2654 3421 2708 3476 9.
2737 3421 2806 3476 54
2830 3418 2888 3492 ),
2921 3419 2973 3474 id
3011 3435 3117 3475 non
3153 3433 3271 3476 esse
3306 3417 3605 3488 oppositum
3634 3417 3759 3470 huic

2131 3576 2134 3578 γ
2182 3512 2472 3566 narrationi
2503 3528 2516 3564 :
2548 3526 2669 3565 nam
2713 3511 3001 3565 verisimile
3028 3519 3110 3565 est
3137 3510 3255 3564 illos
3287 3517 3568 3576 utrumque
3595 3507 3758 3560 fecis-

2181 3618 2241 3659 se
2271 3620 2285 3657 :
2313 3611 2367 3658 et
2395 3602 2623 3672 primum
2649 3601 2866 3672 quidem
2899 3602 3003 3654 alio
3027 3612 3266 3670 tempore
3290 3599 3461 3653 semel
3494 3608 3542 3652 et
3575 3597 3657 3650 bis
3681 3598 3762 3650 sic

2182 3693 2464 3763 cogitasse,
2500 3701 2625 3746 tunc
2643 3707 2772 3746 vero
2798 3702 2852 3746 et
2875 3691 3073 3745 dixisse
3097 3731 3113 3754 ,
3136 3700 3191 3744 et
3212 3703 3394 3744 secum
3419 3687 3758 3756 cogitavisse.

2183 3784 2260 3839 Tu
2291 3798 2420 3839 vero
2447 3799 2552 3839 non
2581 3783 2631 3837 id
2661 3782 2770 3836 vitii
2803 3781 2974 3836 solum
2997 3779 3253 3849 respicias
3274 3819 3290 3844 ,
3319 3779 3488 3831 sedet
3514 3775 3640 3832 illud
3671 3791 3763 3830 ee-

2182 3877 2290 3946 gita
2323 3894 2336 3931 :
2366 3875 2558 3946 primo,
2587 3857 2708 3929 illos
2755 3873 2882 3928 nihil
2919 3872 3006 3928 hic
3053 3871 3210 3941 hujus
3248 3870 3431 3924 επιξυιί
3474 3883 3760 3938 quaerere;

2183 3969 2412 4034 deinde,
2444 3969 2563 4024 illos
2609 3966 2753 4022 hunc
2798 3975 2979 4036 postea
3027 3963 3274 4018 morbum
3322 3961 3676 4031 deposuisse,
3707 3968 3760 4013 et

2187 4063 2384 4132 primas
2412 4061 2513 4115 sibi
2543 4071 2727 4114 mutuo
2747 4058 3021 4112 detulisse.
3045 4055 3153 4110 Nos
3189 4062 3366 4108 autem
3387 4066 3561 4121 neque
3585 4049 3651 4103 ad
3667 4049 3759 4102 de-

2187 4155 2356 4208 fectus
2397 4166 2582 4207 eorum
2633 4162 2914 4219 possumus
2944 4147 3283 4214 pertingere,
3328 4156 3428 4196 nec
3473 4139 3760 4208 quaerimus

2187 4248 2306 4317 quis
2335 4245 2502 4314 major
2527 4243 2598 4296 sit
2641 4241 2692 4294 in
2723 4254 2888 4308 regno
2913 4238 3165 4292 caelorum
3186 4276 3199 4296 ,
3233 4233 3330 4288 sed
3368 4233 3486 4302 quis
3513 4231 3684 4298 major
3711 4230 3764 4283 in

2189 4353 2353 4408 regno
2381 4347 2537 4390 terra:
2562 4376 2575 4395 ,
2607 4335 2726 4403 quis
2777 4329 3080 4401 Optilentior
3104 4369 3121 4393 ,
3151 4327 3273 4396 quis
3303 4324 3591 4394 potentior.
3625 4321 3764 4388 Quid

2187 4444 2320 4495 ergo
2342 4426 2620 4480 Christus?
2663 4423 2875 4477 Illorum
2907 4419 3288 4474 conscientiam
3319 4415 3536 4483 detegit,
3559 4423 3612 4465 ct
3631 4412 3766 4466 alle-

2188 4517 2294 4571 ctiii
2317 4531 2524 4580 eorum,
2555 4530 2660 4568 nou
2694 4514 2867 4566 verbis
2900 4519 3126 4574 tantum,
3155 4506 3464 4575 respondet.
3498 4505 3547 4557 2.
3585 4503 3646 4557 Et
3683 4505 3769 4554 ml-

2190 4625 2373 4664 nocans
2393 4605 2544 4661 Iesus
2570 4605 2857 4674 parvulum,
2887 4603 2940 4657 5.
2968 4600 3136 4662 dixit,
3164 4597 3278 4650 Nisi
3301 4595 3524 4649 conversi
3545 4593 3763 4664 fueritis,

2191 4711 2238 4756 et
2280 4697 2562 4770 e/ﬁciamini
2603 4696 2733 4749 sicut
2775 4693 3011 4763 parvulus
3037 4692 3128 4744 iste
3147 4730 3162 4755 ,
3193 4704 3292 4741 non
3321 4683 3572 4738 intrabitis
3606 4685 3658 4736 in
3689 4700 3771 4737 re—
3855 4739 3862 4750 ,

2193 4811 2346 4867 gnum
2368 4793 2625 4847 caelorum.
2660 4789 2782 4841 Vos'
2797 4784 3108 4856 perquiritis
3137 4782 3258 4850 quis
3294 4779 3362 4834 sit
3391 4791 3583 4846 major,
3615 4789 3668 4829 et
3701 4775 3773 4828 de

2196 4864 2424 4953 primatu
2453 4877 2774 4934 contenditis
2807 4893 2820 4929 :
2855 4891 2954 4942 ego
2985 4888 3115 4927 vero
3141 4887 3288 4934 eum,
3314 4870 3399 4937 qui
3445 4883 3548 4920 non
3580 4864 3774 4919 humil-

2197 4975 2354 5030 limus
2383 4974 2552 5028 factus
2589 4971 2774 5035 fuerit,
2805 4984 2911 5021 non
2941 4982 3060 5020 esse
3085 4965 3302 5035 dignum
3331 4961 3451 5014 dico
3480 4959 3570 5028 qui
3613 4958 3776 5011 intret

2197 5070 2248 5124 iu
2279 5081 2496 5137 regnum
2518 5064 2792 5118 caelorum.
2824 5059 2988 5113 [tecte
3011 5055 3314 5124 exemplum
3342 5053 3529 5113 alii-rt;
3569 5065 3667 5104 nec
3693 5050 3776 5101 af.

2199 5161 2302 5216 fert
2328 5159 2506 5221 modo,
2545 5154 2639 5212 sed
2673 5163 2728 5208 et
2756 5154 2927 5220 ipsum
2955 5148 3229 5219 parvulum
3263 5147 3315 5200 iii
3346 5144 3523 5199 medio
3545 5143 3731 5196 statuit
3759 5181 3776 5202 ,

2201 5253 2318 5321 ipso
2344 5256 2563 5318 aspectu
2608 5245 2829 5299 hortans
2875 5253 2930 5294 ct
2969 5238 3201 5294 suadens
3231 5244 3290 5290 ut
3328 5236 3436 5290 siut
3466 5233 3696 5287 humiles
3717 5245 3781 5286 ac

2199 5341 2484 5410 simplices.
2508 5337 2638 5393 Nam
2668 5334 2922 5406 puerulus
2948 5331 3082 5392 liber
3107 5338 3190 5385 est
3216 5328 3282 5381 ab
3337 5325 3554 5387 invidia,
3592 5337 3621 5376 a
3644 5337 3780 5374 vana

2199 5433 2368 5502 gloria
2401 5469 2417 5493 ,
2447 5429 2515 5483 ab
2543 5443 2727 5482 amore
2756 5424 3034 5495 primatus,
3064 5421 3457 5486 maximumque
3501 5415 3641 5467 hanc
3670 5413 3782 5465 vir-

2203 5531 2366 5577 tutem
2393 5518 2649 5591 possidet,
2681 5529 2873 5584 nempe
2888 5511 3280 5582 simplicitatem
3319 5519 3369 5561 et
3401 5503 3779 5559 humilitatem.

2267 5683 2285 5711 ι
2323 5686 2466 5735 tinus,
2483 5688 2590 5725 cum
2613 5671 2774 5724 Jacobi
2795 5675 2841 5720 et
2863 5675 3062 5717 Joannis
3090 5671 3254 5716 Petrus
3279 5665 3619 5725 piiiiiogeiiittts
3641 5659 3768 5704 esset
