4074 6144
401 283 496 340 569

398 400 505 454 Non
533 411 662 468 ergo
688 412 823 468 opus
851 406 1053 452 tantum
1083 406 1167 452 est
1207 396 1514 456 fortitudine
1537 409 1697 471 atque
1729 402 1960 470 pruden-

396 491 462 544 tia
491 506 506 554 ;
538 489 633 545 sed
661 490 821 545 etiam
850 491 1148 546 humilitate
1173 502 1226 547 et
1251 493 1609 561 simplicitate.
1642 494 1849 549 Etenim
1881 495 1962 549 vel

395 582 442 634 in
472 580 750 652 prascipuis
775 585 933 638 rebus
957 624 971 649 ,
1003 584 1046 638 si
1084 583 1165 637 lue
1191 584 1414 639 virtutes
1440 600 1545 638 non
1576 584 1755 639 adsint
1780 627 1794 651 ,
1821 585 1966 640 clau-

392 673 567 729 dicant
593 689 656 730 ea
683 690 802 744 qua:
823 675 889 729 ad
918 677 1141 731 salutem
1169 687 1404 730 uestram
1437 678 1723 746 pertinent.
1759 679 1960 732 Pueru-

391 768 467 821 lus
488 767 603 822 sive
626 767 949 821 contumelia
975 767 1254 830 afficiatur,
1272 768 1384 822 sive
1416 768 1681 829 laudetur,
1714 768 1827 822 sive
1852 784 1963 823 vor-

388 867 621 920 oeretur,
650 858 763 912 sive
790 858 1103 923 honoretur,
1136 873 1236 915 nec
1261 858 1476 929 indigne
1502 860 1604 914 fert
1630 860 1710 915 vel
1737 853 1959 925 invidet,

387 963 562 1017 neque
588 948 754 1003 altum
776 949 936 1020 sapit.

460 1043 513 1095 3.
543 1041 731 1097 Viden‘
751 1042 1020 1112 quomodo
1049 1057 1145 1098 nos
1183 1059 1394 1099 rursum
1428 1042 1495 1097 ad
1521 1044 1777 1098 naturalia
1798 1058 1958 1112 opera

381 1142 586 1197 evocet,
607 1132 893 1188 ostendens
922 1132 1036 1188 haec
1069 1149 1133 1188 ex
1176 1135 1446 1204 proposito
1470 1135 1756 1195 voluntatis
1778 1135 1957 1204 perfici

381 1236 555 1290 posse,
570 1223 1028 1294 perniciosamque
1040 1223 1447 1279 Manichaeorum
1461 1225 1661 1280 rabiem
1674 1226 1958 1294 deprimit?

381 1312 510 1369 Nam
530 1315 574 1368 si
593 1313 727 1369 mala
743 1325 929 1370 natura
947 1323 1027 1370 est
1039 1315 1138 1386 (α),
1157 1330 1253 1370 cur
1269 1315 1391 1371 inde
1412 1316 1757 1387 philos0phia:
1777 1332 1959 1372 exem-

381 1410 460 1478 pla
493 1408 687 1465 trahit?
731 1410 1011 1465 Parvulum
1041 1421 1218 1467 autem
1259 1423 1382 1482 puto
1417 1414 1669 1469 infantem
1699 1413 1751 1468 in
1779 1414 1957 1469 medio

378 1502 654 1566 statuisse,
692 1502 939 1558 omnibus
962 1502 1109 1559 hisce
1134 1505 1292 1559 :mimi
1321 1506 1519 1561 morbis
1538 1520 1782 1562 vacuum.
1822 1505 1954 1561 Nam

377 1591 430 1645 in
459 1592 759 1662 huiusmodi
785 1594 1092 1661 infantibus,
1112 1611 1208 1650 nec
1228 1598 1548 1667 arrogantia,
1570 1613 1668 1653 nec
1683 1614 1814 1652 vana
1841 1598 1955 1665 glo-

377 1681 475 1748 n’a,
507 1697 604 1738 nec
630 1683 847 1751 invidia,
878 1700 978 1741 nec
1003 1688 1299 1752 contentio,
1331 1703 1430 1742 nec
1451 1688 1552 1741 alia
1582 1687 1953 1756 hujuscemodi

370 1773 547 1826 locum
576 1773 800 1842 habent;
850 1764 1031 1832 insunt
1053 1786 1232 1833 autem
1270 1776 1491 1833 virtutes
1516 1779 1716 1843 multze,
1744 1778 1950 1847 simpli-

372 1866 523 1930 citas,
565 1866 861 1935 lmmilitas;
890 1860 1043 1925 abiast
1082 1870 1151 1925 ab
1186 1885 1252 1926 eo
1279 1871 1609 1941 negotiorum
1637 1870 1788 1925 turba
1808 1911 1825 1936 ,
1851 1871 1949 1927 de-

371 1972 474 2023 que
505 1956 644 2011 nulla
676 1974 734 2012 re
757 1960 1026 2029 superbit;
1056 1961 1143 2015 ubi
1174 1960 1369 2031 duplex
1397 1971 1478 2017 est
1508 1961 1865 2032 philosophia,
1894 1970 1950 2017 et

369 2049 510 2116 quod
538 2048 652 2104 haec
693 2051 995 2120 possideat,
1023 2053 1242 2124 etquod
1269 2070 1375 2108 non
1410 2054 1529 2109 ideo
1560 2055 1790 2110 infletur.
1826 2055 1949 2110 Ideo

370 2139 621 2195 infantem
658 2143 926 2212 produxit,
952 2153 1007 2198 et
1035 2146 1087 2199 in
1120 2146 1299 2202 medio
1334 2147 1550 2211 statuit;
1576 2165 1749 2218 neque
1775 2148 1845 2204 ibi
1879 2150 1944 2203 fl-

367 2245 489 2284 nem
524 2230 732 2288 dicendi
762 2234 903 2298 fecit,
929 2235 1022 2291 sed
1050 2237 1274 2292 ulterius
1308 2239 1726 2295 admonitionem
1753 2242 1946 2311 produ-

361 2322 453 2386 cit,
483 2320 670 2378 dicens
700 2345 713 2380 :
747 2325 800 2380 5.
831 2324 898 2380 Et
944 2328 1244 2399 quicumque
1269 2332 1547 2401 susceperit
1568 2348 1726 2386 unum
1754 2348 1942 2402 parvu-

365 2413 468 2466 lum
519 2414 673 2468 talem
714 2414 768 2471 in
810 2418 1012 2472 nomine
1064 2436 1195 2486 meo,
1224 2437 1302 2475 me
1328 2422 1554 2490 suscipit.
1605 2422 1719 2477 Non
1767 2424 1939 2479 solum

360 2506 529 2570 cnim,
567 2506 759 2577 inquit,
801 2509 845 2563 si
903 2510 1035 2565 tales
1081 2510 1311 2577 fueritis,
1341 2517 1643 2571 mercedem
1694 2533 1939 2587 magnam

360 2595 664 2663 recipietis,
690 2597 785 2654 sed
821 2600 983 2656 etiam
1009 2601 1052 2655 si
1093 2602 1231 2656 alios
1260 2605 1463 2658 similes
1493 2618 1711 2675 propter
1733 2625 1819 2663 me
1845 2609 1939 2663 ho-

360 2686 702 2751 nor-avernis,
731 2703 952 2758 regnum
986 2692 1133 2747 vobis
1156 2691 1206 2746 in
1230 2695 1530 2750 mercedem
1551 2697 1742 2751 tribuo.
1761 2698 1940 2766 Quod-

356 2791 460 2842 que
493 2775 649 2847 longe
675 2778 847 2848 majus
890 2789 973 2834 est
998 2781 1213 2850 adjicit,
1244 2797 1365 2838 cum
1407 2785 1553 2854 dicit,
1587 2786 1671 2841 Me
1706 2790 1935 2857 suscipit.

358 2865 426 2919 Ita
449 2865 796 2923 vehementer
822 2869 1027 2925 afficior
1054 2888 1120 2926 ex
1163 2872 1456 2931 humilitate
1485 2885 1539 2931 et
1575 2877 1932 2947 simplicitate.

357 2955 615 3011 Parvulos
645 2959 731 3013 hic
755 2971 906 3015 vocat
933 2961 1176 3017 homines
1195 3005 1209 3030 ,
1245 2965 1313 3019 ita
1345 2965 1644 3036 simplices,
1675 2969 1932 3042 humiles,

353 3046 438 3109 qui
489 3048 631 3116 apud
692 3050 888 3107 multos
935 3051 1129 3122 abjecti
1184 3064 1239 3110 et
1279 3056 1606 3126 despiciendi
1650 3060 1926 3121 habentur.

355 3137 556 3195 Deinde
592 3140 948 3210 probatiorem
975 3144 1204 3200 reddens
1232 3161 1534 3206 sermonem
1553 3193 1566 3217 ,
1594 3168 1697 3207 non
1727 3170 1756 3208 a
1791 3171 1930 3226 pra:-

352 3229 473 3283 miis
516 3237 741 3294 lautum,
764 3232 859 3287 sed
900 3234 1060 3289 etiam
1089 3251 1118 3289 a
1147 3239 1321 3307 pcenis
1351 3240 1496 3295 illum
1527 3245 1830 3310 confirmat,
1853 3248 1933 3303 sic

350 3319 615 3387 loquens:
648 3321 682 3376 6
734 3323 834 3389 Qui
880 3335 1048 3379 autem
1094 3330 1509 3384 scandaliznverit
1560 3349 1717 3387 unum
1760 3352 1823 3389 ea:
1850 3338 1930 3392 Itis

348 3409 551 3471 pusillis
578 3412 667 3480 qui
703 3413 755 3466 in
780 3430 857 3466 me
893 3416 1105 3469 credunt
1131 3418 1174 3481 ¹,
1195 3420 1398 3489 expedit
1422 3423 1487 3487 ei,
1519 3430 1573 3475 ut
1594 3425 1931 3494 suspendetur

345 3502 481 3552 mola
500 3501 726 3554 asinaria
748 3505 798 3557 in
821 3504 953 3559 collo
981 3507 1111 3575 ejus,
1139 3519 1186 3562 et
1202 3509 1520 3581 demergatur
1544 3514 1596 3568 in
1619 3517 1930 3587 profundum

343 3593 519 3646 muris.
567 3593 700 3649 Nam
729 3596 866 3651 sicut
902 3599 990 3668 qui
1017 3598 1114 3654 hos
1140 3604 1390 3670 parvulos
1418 3616 1634 3674 propter
1655 3626 1740 3663 tne
1757 3608 1926 3665 hono-

342 3693 483 3751 rant,
500 3686 690 3741 (zelum
708 3689 1073 3758 possidebunt,
1096 3692 1201 3748 imo
1219 3696 1391 3763 majus
1417 3713 1580 3767 regno
1608 3701 1881 3768 praemium
1907 3719 1921 3757 :

341 3773 408 3827 ita
439 3774 533 3844 qui
564 3776 889 3834 inbouorant
915 3780 990 3853 (id
1015 3784 1155 3838 enim
1197 3794 1279 3840 est
1305 3788 1710 3862 scandalizarc),
1741 3803 1920 3853 extre-

338 3878 455 3918 mas
476 3864 682 3922 dabunt
705 3883 911 3937 poenas.
945 3872 999 3927 Si
1051 3889 1178 3929 vero
1201 3878 1508 3934 semidalum
1549 3885 1922 3941 contumeliam

338 3964 514 4022 vocet,
543 3972 611 4012 ne
636 3959 874 4029 mireris;
902 3977 1021 4017 cum
1044 3966 1193 4019 multi
1211 3969 1279 4021 oh
1297 3971 1784 4037 pusillmiimitatem
1815 3993 1922 4034 non

338 4060 526 4115 parum
554 4050 896 4107 seandalizati
919 4053 1117 4111 fuerint
1159 4074 1225 4113 eo
1255 4062 1394 4129 quod
1422 4063 1844 4133 despicerentur,
1867 4078 1924 4125 et

336 4139 657 4194 contumelia
676 4141 1035 4200 afficerentur.
1065 4147 1276 4203 Crimen
1304 4167 1431 4222 ergo
1454 4168 1799 4225 exaggerans,
1822 4158 1919 4215 de-

337 4229 645 4285 trimentum
677 4233 798 4288 inde
838 4244 1012 4290 ortum
1062 4242 1299 4309 exponit.
1359 4243 1542 4314 Neque
1572 4248 1708 4302 ultra
1735 4266 1797 4303 ex
1820 4251 1917 4306 iis-

336 4317 456 4373 dem
504 4322 827 4391 supplicium
855 4329 1109 4394 ostendit,
1141 4331 1234 4385 sed
1263 4349 1420 4402 quam
1472 4336 1806 4396 intolerabile
1849 4343 1918 4398 sit

331 4425 394 4462 ex
419 4413 584 4467 rebus
599 4414 753 4469 nobis
775 4418 1061 4473 notissimis
1085 4421 1337 4478 declarat.
1368 4426 1497 4482 Nam
1525 4444 1644 4485 cum
1674 4432 1916 4490 rudiores

333 4500 443 4555 vult
475 4504 856 4574 perstringere,
879 4508 979 4562 sub
990 4525 1203 4564 sensum
1223 4514 1408 4570 cadent
1419 4518 1463 4571 ia
1477 4522 1724 4589 exempla
1737 4523 1909 4579 affert.

329 4592 667 4662 (‘lnaproptcr
707 4609 829 4651 cum
879 4598 965 4652 hic
1014 4604 1299 4660 ostendere
1351 4608 1511 4674 velit,
1542 4610 1685 4679 ipsos
1715 4614 1911 4684 ingenti

328 4682 592 4751 supplicio
617 4684 864 4741 affectum
908 4689 991 4756 iri,
1029 4701 1083 4747 et
1111 4710 1296 4750 eorum
1326 4700 1415 4768 qui
1441 4700 1584 4769 ipsos
1611 4682 1911 4775 despiciunt

328 4774 685 4844 arrogantiam
702 4780 1251 4848 exagitare,sensibilc
1272 4791 1586 4858 supplicium
1604 4795 1653 4848 in
1675 4774 1907 4854 medium

326 4862 501 4928 affert,
534 4867 690 4920 mola:
715 4883 779 4922 ac
807 4870 1189 4942 demersionis;
1222 4881 1460 4947 quamvis
1486 4885 1778 4942 secundum
1818 4903 1906 4944 se-

328 4953 459 5008 riem
483 4954 685 5012 dixisse
716 4973 809 5028 par
835 4959 993 5018 fuerit
1021 4979 1034 5017 :
1068 4965 1166 5034 Qui
1190 4985 1294 5024 non
1315 4974 1537 5042 suscipit
1557 4991 1716 5031 unum
1733 4994 1795 5034 ex
1825 4981 1908 5036 his

324 5044 579 5108 parvulis,
611 5061 700 5101 me
728 5064 831 5102 non
861 5054 1270 5126 suscipit;qnod
1302 5062 1444 5116 omni
1474 5065 1734 5133 supplicio
1753 5084 1907 5125 acer--

323 5132 441 5186 hius
466 5144 584 5190 erat
611 5138 742 5192 :sed
763 5141 884 5210 quia
913 5144 1152 5200 rudiores
1177 5158 1231 5201 et
1259 5153 1547 5208 crassiores
1570 5132 1668 5211 hac
1685 5160 1903 5216 terrihiii

320 5235 478 5286 [uena
498 5238 606 5280 non
628 5226 1015 5295 adiciebantur,
1040 5236 1233 5291 molam
1262 5242 1406 5308 ponit
1425 5243 1902 5306 etdemersiouem.

320 5310 504 5382 Neque
551 5318 709 5386 dixit,
742 5320 879 5377 Mula
923 5329 1279 5394 suspendetur
1320 5348 1349 5386 a
1401 5336 1540 5391 collo
1584 5341 1736 5419 ejus;
1784 5345 1900 5415 sed,

321 5528 362 5552 ε..
384 5471 569 5552 ζτίξῖίδῗῗῖ
590 5474 748 5552 φάθ’
771 5479 1090 5552 ἠθένέίίηητν
1114 5483 1305 5552 “"5"”?
1327 5489 1372 5537 ίιι
1397 5493 1681 5552 qnibusdam
1708 5504 1812 5547 Mss.
1852 5514 1904 5550 et

319 5530 363 5617 εει
388 5530 570 5617 Editus";
599 5530 689 5585 Sed
715 5539 763 5586 in
788 5530 1089 5617 quibusdam,
1117 5530 1478 5609 exenqiiaribii-s
1514 5530 1902 5617 litib‘ctlittttfctba

319 5595 525 5653 Georgio
541 5595 863 5658 'frapvzuntio
889 5601 1013 5651 lecta
1039 5604 1250 5656 fuerunt.

375 5675 456 5736 ((ι)
491 5682 735 5752 καιιὶᾱιῳί
759 5683 993 5735 dicebant
1018 5690 1186 5738 malam
1215 5706 1324 5741 esse
1350 5706 1581 5751 naturam.

1313 285 1375 342 IN
1417 285 1814 347 ΜΛΤἹΙΙιΕυΜ
1858 284 2066 343 ηυλιιι.
2130 288 2302 345 LVIII.
2345 293 2395 348 al
2461 294 2593 352 LIX.

3558 314 3667 371 570

2077 403 2299 466 Expedit
2323 409 2390 475 ei,
2422 419 2479 465 ut
2531 411 2629 469 hac
2660 428 2811 484 [uena
2836 418 3139 488 ntnlctetur,
3170 425 3462 483 ostendens
3488 430 3658 498 ipsum

2072 498 2273 563 majore
2291 501 2449 555 etiam
2476 505 2739 573 supplicio
2763 507 3102 565 afﬁciendum
3149 529 3162 565 :
3192 516 3335 585 quod
3372 519 3417 572 si
3448 518 3550 573 hoc
3580 537 3659 575 m-

2075 590 2407 647 tolerandum
2458 595 2685 662 videtur,
2728 600 2897 654 multo
2927 603 3095 672 magis
3124 604 3278 661 Illud.
3308 608 3494 664 Viden’
3517 628 3656 679 quo~

2070 680 2229 736 modo
2254 683 2719 742 comminationem
2753 692 3001 762 utrinque
3026 697 3354 753 tremendam
3381 701 3655 769 exhibeat,

2069 775 2179 824 tum
2209 773 2418 830 notiore
2462 779 2708 847 exemplo
2749 780 3031 839 clariorem
3070 787 3323 856 reddens,
3356 799 3470 847 tum
3496 794 3654 865 longe

2067 863 2239 932 majus
2263 864 2357 919 illo
2379 868 2695 936 supplicium
2721 873 2955 941 cogitare
2994 877 3265 935 suadens?
3303 881 3488 938 Viden’
3513 863 3653 956 quo.

2067 952 2225 1007 modo
2250 957 2565 1025 arrogantia:
2590 967 2852 1017 tumorem
2877 964 3126 1023 radicitus
3141 972 3365 1028 evulsit?
3383 952 3655 1045 quomodo

2065 1056 2215 1096 vana:
2243 1044 2425 1115 gloriae
2452 1048 2604 1105 ulcus
2630 1052 2872 1107 curavit?
2898 1058 3168 1124 quomodo
3194 1061 3376 1119 docuit
3400 1044 3645 1138 nuspiam

2063 1135 2262 1202 primas
2302 1141 2593 1209 expetere?
2617 1144 2886 1211 quomodo
2909 1146 3150 1204 docuerit
3186 1167 3281 1208 eos
3331 1157 3420 1225 qui
3452 1135 3651 1225 primas

2060 1236 2394 1296 expeterent,
2426 1239 2481 1285 ut
2498 1242 2827 1301 postremum
2850 1236 3045 1308 ubique
3059 1242 3301 1299 ordinem
3320 1262 3647 1318 persequan-

2062 1318 2181 1373 tur?
2218 1318 2355 1374 Nihil
2385 1323 2528 1378 enim
2571 1329 2871 1396 arrogantia
2901 1329 3071 1398 pejus.
3120 1332 3248 1388 llaec
3300 1336 3368 1390 ab
3417 1337 3647 1396 humana

2061 1419 2238 1465 mente
2263 1412 2443 1482 dejieit
2466 1456 2481 1481 ,
2511 1424 2566 1470 et
2592 1416 2952 1487 insipientium
2983 1420 3172 1477 famam
3202 1426 3447 1481 conciliat
3473 1444 3489 1494 ;
3541 1429 3650 1485 imo

2058 1501 2340 1557 admodum
2383 1506 2694 1575 insipientes
2717 1509 2912 1565 reddit.
2957 1511 3090 1567 Nam
3122 1517 3575 1585 quemadmodum
3603 1523 3648 1576 si

2059 1592 2216 1661 quis,
2262 1596 2621 1653 tricubitalem
2674 1608 2933 1657 staturam
2986 1604 3188 1662 habens
3240 1610 3340 1681 (α),
3387 1616 3650 1670 montium

2055 1685 2386 1742 altitudinem
2416 1705 2673 1759 superare
2698 1693 2959 1762 studeret,
2988 1696 3147 1767 idque
3177 1701 3246 1755 ita
3273 1716 3394 1758 esse
3415 1715 3642 1773 putaret,

2054 1790 2278 1848 ecseque
2322 1781 2552 1850 erigeret
2576 1786 2728 1854 quasi
2772 1800 2959 1842 eorum
3005 1794 3285 1848 cacumina
3329 1798 3641 1865 excederet,

2053 1883 2160 1923 non
2206 1870 2350 1927 aliud
2396 1887 2759 1943 quaereremus
2786 1879 3026 1935 stultitiae
3051 1882 3169 1953 ejus
3213 1900 3587 1957 argumentum
3618 1909 3632 1945 :

2052 1959 2132 2014 sic
2156 1975 2275 2014 cum
2302 1974 2643 2032 arrogantem
2671 1967 2943 2024 hominem
2963 1971 3181 2039 videris,
3208 1976 3297 2045 qui
3321 1981 3638 2035 seonmium

2052 2052 2547 2118 prmstautissimum
2591 2065 2762 2125 putet,
2804 2069 2857 2114 et
2895 2063 3233 2119 contumelia:
3270 2067 3388 2122 loco
3425 2068 3638 2138 habeat,

2050 2139 2191 2208 quod
2216 2155 2335 2195 eum
2356 2144 2566 2199 cmteris
2587 2146 2747 2214 vivat,
2781 2163 2848 2203 ne
2874 2165 3083 2218 quaeras
3103 2153 3249 2208 aliud
3272 2155 3388 2225 ejus
3417 2158 3639 2217 insania:

2050 2240 2446 2298 argumentum.
2493 2232 2624 2289 Nam
2655 2249 2721 2290 eo
2745 2242 2913 2307 magis
2942 2239 3202 2297 ridiculus
3220 2257 3301 2298 est
3328 2246 3391 2301 iis
3419 2250 3508 2318 qui
3538 2267 3638 2306 ua:

2050 2330 2164 2375 tum
2191 2336 2288 2378 sua
2315 2324 2464 2379 stulti
2485 2336 2633 2393 sunt,
2662 2342 2769 2397 quo
2797 2328 2937 2386 hunc
2966 2330 3083 2402 ipse
3109 2333 3211 2389 sibi
3238 2348 3427 2405 sponte
3454 2343 3640 2396 ουΜί-

2048 2411 2197 2466 liavit
2247 2414 2512 2471 morbum.
2544 2417 2728 2487 Neque
2780 2420 2903 2477 ideo
2952 2430 3159 2479 tantum
3208 2426 3374 2483 miser
3410 2440 3512 2497 est,
3542 2435 3661 2488 sede

2045 2505 2210 2559 etiam
2250 2507 2391 2576 quod
2431 2507 2547 2564 sine
2587 2510 2698 2565 ullo
2724 2525 2884 2566 sensu
2921 2513 2973 2568 in
3020 2517 3268 2584 nequitire
3317 2521 3634 2589 prehmdlm

2043 2594 2274 2651 decidat.
2307 2599 2652 2666 Quandonam
2681 2602 2772 2658 ille
2810 2614 3023 2673 peccata
3076 2622 3169 2662 sua
3203 2619 3261 2663 ut
3298 2624 3512 2680 oportet
3538 2630 3633 2670 eo.

2040 2687 2302 2754 gnoscet?
2325 2689 2539 2758 quando
2565 2692 2761 2748 sentiet
2786 2709 2846 2748 se
2866 2694 3189 2765 deliquisse?
3217 2700 3426 2754 Etenim
3445 2703 3632 2759 diabo-

2040 2776 2125 2830 lus
2154 2778 2300 2832 illum
2345 2795 2445 2834 ceu
2476 2795 2689 2838 servum
2719 2792 2771 2838 et
2792 2785 3058 2855 captivum
3088 2789 3360 2846 abducens
3402 2793 3532 2859 abit,
3566 2797 3629 2851 il~

2040 2867 2257 2940 Iumque
2302 2871 2651 2940 circumfert,
2678 2877 2962 2947 verberat,
2991 2889 3045 2934 et
3089 2882 3236 2937 mille
3290 2890 3645 2946 contumeliis—

2038 2961 2220 3015 afficit.
2264 2962 2320 3016 In
2352 2972 2551 3019 tantam
2573 2968 2771 3037 quippe
2799 2969 2919 3024 illos
2938 2971 3043 3040 agit
3076 2973 3385 3043 stultitiam,
3418 2989 3475 3032 ut
3497 2995 3625 3034 sua-

2037 3050 2160 3106 deat
2185 3054 2313 3122 ipsis
2339 3056 2419 3110 vel
2441 3056 2698 3114 adversus
2726 3059 2922 3117 liberos
2947 3071 3001 3117 et
3034 3080 3279 3132 uxorem,
3301 3069 3409 3124 into
3435 3082 3625 3128 contra

2037 3143 2271 3211 majores
2300 3161 2427 3200 suos
2454 3161 2576 3202 sese
2604 3149 2814 3204 efferre.
2845 3150 3045 3208 Contra
3075 3171 3202 3210 vero
3230 3158 3364 3212 alios
3388 3175 3417 3210 a
3459 3163 3627 3230 uiajo-

2036 3248 2153 3287 rum
2205 3234 2493 3303 splendore
2541 3238 2773 3294 tumidos
2816 3242 3032 3297 reddit:
3083 3261 3190 3313 quo
3241 3247 3368 3317 quid
3411 3251 3639 3307 stultius.

2038 3336 2290 3391 umquam
2324 3323 2502 3392 fuerit,
2525 3342 2643 3382 cum
2676 3343 2708 3383 e
2748 3329 2912 3386 rebus
2954 3335 3237 3390 contrariis
3264 3336 3512 3394 similiter
3539 3341 3622 3395 in-

2035 3418 2331 3467 tinnescant
2348 3453 2364 3477 ,
2389 3415 2514 3480 alii,
2542 3416 2683 3486 quod
2706 3418 2842 3473 viles
2869 3430 3066 3490 patres,
3093 3437 3242 3489 avos,
3275 3439 3500 3494 proavos
3531 3430 3623 3484 ha-

2033 3499 2209 3567 beant,
2238 3503 2510 3574 alii,quod
2551 3509 2868 3578 conspicuos
2910 3519 2965 3567 et
3008 3513 3287 3571 illustres?
3341 3518 3622 3584 Quomodo

2032 3594 2154 3661 quis
2182 3596 2351 3661 possit
2391 3598 2670 3654 amborum
2700 3609 2963 3658 tumorem
3002 3604 3344 3674 deprimere?
3370 3610 3477 3665 Illis
3502 3613 3618 3681 qui-

2031 3684 2153 3739 dem
2179 3685 2327 3740 dicas
2355 3702 2371 3741 :
2402 3689 2645 3744 Ascende
2666 3691 2803 3745 ultra
2833 3708 2962 3747 avos
2974 3704 3290 3764 etproavos,
3313 3708 3368 3753 et
3389 3700 3615 3759 fortasse

2031 3779 2237 3855 multos
2257 3778 2491 3835 invenies
2517 3797 2737 3854 coquos,
2761 3786 3020 3841 asinarios
3049 3790 3064 3820 ³
3092 3830 3105 3852 ,
3132 3798 3186 3844 et
3209 3806 3477 3861 caupones
3502 3812 3516 3861 ;
3546 3796 3631 3850 ad?

2029 3885 2123 3925 eos
2146 3880 2353 3938 contra,
2384 3877 2474 3944 qui
2501 3875 2570 3931 de
2614 3878 2876 3948 majorum
2903 3895 3122 3937 suorum
3156 3884 3354 3941 vilitate
3382 3887 3614 3945 intume'

2028 3971 2204 4028 scunt,
2225 3962 2280 4017 Si
2311 3979 2468 4033 supra
2510 3981 2638 4020 avos
2668 3977 2785 4024 tuos
2835 3971 3214 4042 progrediaris,
3238 3976 3436 4033 multos
3459 3977 3613 4036 inve-

2030 4052 2144 4106 nies
2168 4062 2218 4106 te
2244 4052 2401 4123 longe
2421 4055 2701 4113 clariores.

2097 4144 2150 4197 4.
2175 4142 2297 4198 Non
2331 4147 2653 4217 gloriandum
2680 4166 2743 4205 ea:
2781 4153 2977 4222 generis
3009 4156 3286 4213 nobilitate.
3317 4157 3519 4216 Diuitiw
3547 4164 3611 4217 li-

2024 4234 2263 4288 bertatem
2304 4236 2510 4292 tollunt.
2534 4269 2603 4279 —
2625 4241 2775 4308 Quod
2806 4244 2949 4299 enim
2976 4246 3097 4302 talis
3132 4249 3203 4303 sit
3231 4248 3477 4307 humanm
3515 4269 3608 4307 na.-

2024 4334 2157 4381 tura:
2182 4343 2393 4395 cursus,
2425 4346 2491 4384 ex
2518 4331 2811 4401 Scripturis
2842 4337 2991 4392 vobis
3021 4340 3322 4396 ostendam.
3355 4344 3606 4401 Salomon

2024 4416 2162 4471 filius
2190 4419 2328 4488 regis
2354 4431 2492 4487 erat,
2523 4424 2768 4493 regisque
2805 4426 3118 4497 clarissimi,
3151 4432 3243 4486 sed
3273 4433 3429 4502 hujus
3460 4446 3608 4503 pater

2023 4507 2159 4562 inter
2198 4510 2334 4579 vulgi
2378 4509 2624 4567 homines
2653 4523 2707 4568 et
2735 4515 2994 4585 ignobiles
3038 4522 3421 4577 numerabatur
3443 4566 3457 4588 ,
3489 4542 3599 4579 Ina-

2021 4606 2202 4653 tcrnus
2225 4616 2436 4668 quoque
2468 4616 2598 4655 avus
2622 4604 2900 4671 similiter;
2933 4608 3165 4678 alioquin
3185 4612 3328 4665 enim
3353 4628 3458 4666 non
3480 4630 3603 4669 cum

2018 4691 2260 4759 gregario
2310 4692 2479 4747 milite
2524 4693 2685 4746 ﬁliam
2716 4694 2964 4750 locasset.
3008 4699 3063 4751 Si
3098 4700 3256 4756 altius
3294 4712 3472 4758 autem
3513 4721 3597 4759 re-

2019 4792 2189 4851 petas,
2223 4782 2399 4837 abhis
2438 4784 2712 4839 vilioribus
2740 4786 2805 4840 ad
2852 4788 3165 4845 illustriores
3208 4793 3605 4865 nobilioresque

2016 4888 2045 4926 a
2079 4874 2293 4927 condes.
2324 4873 2556 4945 Idipsum
2587 4877 2636 4929 in
2666 4876 2830 4932 Saﬁle
2851 4889 2904 4932 ct
2934 4878 2984 4932 in
3014 4880 3255 4949 plurimis
3278 4884 3397 4939 aliis
3416 4885 3601 4941 obsero

2015 4980 2143 5020 vare
2166 4966 2305 5021 licet.
2333 4966 2409 5021 Ne
2435 4967 2597 5038 igitur
2629 4968 2751 5022 hinc
2777 4971 2941 5024 altum
2968 4973 3259 5040 sapiamus.
3291 4976 3426 5042 Quid
3456 4981 3615 5035 enim-

2014 5072 2218 5124 quarso,
2245 5072 2411 5127 genus
2438 5061 2561 5114 est?
2592 5061 2732 5116 Nihil
2770 5063 2869 5118 nisi
2917 5081 3132 5128 nornen.
3165 5084 3222 5123 re
3249 5084 3515 5127 vacuum:
3548 5086 3603 5129 et

2016 5149 2117 5202 hoc
2148 5150 2197 5204 in
2221 5161 2463 5208 extremo
2486 5153 2579 5208 illo
2607 5154 2693 5208 die
2715 5155 2913 5211 scietis.
2942 5158 3202 5225 Qumtiam
3227 5178 3354 5216 vero
3373 5165 3491 5220 dies
3513 5166 3602 5219 ille

2015 5242 2252 5295 nomlttm
2279 5242 2463 5310 adest,
2490 5261 2587 5314 age
2618 5261 2684 5300 ex
2714 5250 3067 5316 praesentibus
3099 5252 3247 5306 vobis
3282 5255 3600 5311 suadeamus

2014 5335 2215 5387 nullam
2246 5335 2367 5389 inde
2390 5338 2794 5406 prterogativam
2823 5340 3020 5393 assumi
3053 5355 3227 5408 posse.
3255 5342 3387 5398 Nam
3414 5347 3457 5398 si
3481 5347 3595 5401 bel-

2010 5425 2120 5481 lum
2153 5426 2382 5496 ingruat,
2416 5429 2458 5481 si
2483 5428 2648 5482 fames
2668 5469 2683 5495 ,
2717 5429 2759 5482 si
2789 5430 2998 5498 quidvis
3021 5431 3162 5485 aliud
3185 5477 3199 5498 ,
3231 5434 3281 5488 hi
3311 5435 3601 5495 nobilitatis

2130 5590 2273 5636 titius.
2299 5600 2510 5646 errones,
2540 5602 2644 5648 pro,
2669 5589 2921 5640 (ιδὶηανὶοδ.

2071 5646 2145 5702 (u)
2181 5656 2444 5696 “emerant
2483 5646 2809 5700 It‘lultitllllitttll
2852 5652 2969 5702 solet
3009 5652 3375 5716 Cbrysostomus
3419 5660 3596 5712 homini

2012 5721 2276 5770 assignare.
