  <div class='ocr_page' id='page_1' title='image "/cluster/home/n/w/nwhite01/storage/ocr_20150623/58/mdp.39015008622634/113.png"; bbox 0 0 4074 6144; ppageno 0'>
   <div class='ocr_carea' id='block_1_1' title="bbox 453 244 470 273">
    <p class='ocr_par' dir='ltr' id='par_1_1' title="bbox 453 244 470 273">
     <span class='ocr_line' id='line_1_1' title="bbox 453 244 470 273; baseline 0 0"><span class='ocrx_word' id='word_1_1' title='bbox 453 244 470 273; x_wconf 74' lang='grc' dir='ltr'><em>Ι</em></span> 
     </span>
    </p>
   </div>
   <div class='ocr_carea' id='block_1_2' title="bbox 411 295 508 350">
    <p class='ocr_par' dir='ltr' id='par_1_2' title="bbox 411 295 508 350">
     <span class='ocr_line' id='line_1_2' title="bbox 411 295 508 350; baseline 0 0"><span class='ocrx_word' id='word_1_2' title='bbox 411 295 508 350; x_wconf 73' lang='grc' dir='ltr'><strong>ὖῗΙ</strong></span> 
     </span>
    </p>
   </div>
   <div class='ocr_carea' id='block_1_3' title="bbox 409 404 1978 473">
    <p class='ocr_par' dir='ltr' id='par_1_3' title="bbox 409 404 1978 473">
     <span class='ocr_line' id='line_1_3' title="bbox 409 404 1978 473; baseline -0.002 -12"><span class='ocrx_word' id='word_1_3' title='bbox 409 420 645 463; x_wconf 63' lang='lat' dir='ltr'><strong>iuniores</strong></span> <span class='ocrx_word' id='word_1_4' title='bbox 689 416 1010 462; x_wconf 84' lang='lat' dir='ltr'><strong>evanescunt</strong></span> <span class='ocrx_word' id='word_1_5' title='bbox 1042 424 1055 465; x_wconf 89' lang='lat'><strong>:_</strong></span> <span class='ocrx_word' id='word_1_6' title='bbox 1087 407 1129 459; x_wconf 88' lang='lat' dir='ltr'><strong>si</strong></span> <span class='ocrx_word' id='word_1_7' title='bbox 1163 408 1378 458; x_wconf 74' lang='lat' dir='ltr'><strong>inorbns</strong></span> <span class='ocrx_word' id='word_1_8' title='bbox 1412 405 1625 459; x_wconf 82' lang='lat' dir='ltr'><strong>invadat</strong></span> <span class='ocrx_word' id='word_1_9' title='bbox 1648 448 1662 469; x_wconf 92' lang='lat'><strong>,</strong></span> <span class='ocrx_word' id='word_1_10' title='bbox 1690 405 1732 459; x_wconf 92' lang='lat' dir='ltr'><strong>si</strong></span> <span class='ocrx_word' id='word_1_11' title='bbox 1780 404 1942 473; x_wconf 86' lang='lat' dir='ltr'><strong>pestis</strong></span> <span class='ocrx_word' id='word_1_12' title='bbox 1964 445 1978 467; x_wconf 89' lang='lat'><strong>,</strong></span> 
     </span>
    </p>
   </div>
   <div class='ocr_carea' id='block_1_4' title="bbox 410 496 1987 566">
    <p class='ocr_par' dir='ltr' id='par_1_4' title="bbox 410 496 1987 566">
     <span class='ocr_line' id='line_1_4' title="bbox 410 496 1987 566; baseline -0.003 -12"><span class='ocrx_word' id='word_1_13' title='bbox 410 516 515 554; x_wconf 90' lang='lat' dir='ltr'><strong>non</strong></span> <span class='ocrx_word' id='word_1_14' title='bbox 542 497 815 566; x_wconf 89' lang='lat' dir='ltr'><strong>distinguit</strong></span> <span class='ocrx_word' id='word_1_15' title='bbox 842 497 1059 550; x_wconf 91' lang='lat' dir='ltr'><strong>divitem</strong></span> <span class='ocrx_word' id='word_1_16' title='bbox 1089 511 1119 548; x_wconf 86' lang='lat' dir='ltr'><strong>a</strong></span> <span class='ocrx_word' id='word_1_17' title='bbox 1149 512 1407 563; x_wconf 75' lang='lat' dir='ltr'><strong>patuere,</strong></span> <span class='ocrx_word' id='word_1_18' title='bbox 1439 512 1543 549; x_wconf 90' lang='lat' dir='ltr'><strong>non</strong></span> <span class='ocrx_word' id='word_1_19' title='bbox 1588 496 1875 565; x_wconf 85' lang='lat' dir='ltr'><strong>gloriosum</strong></span> <span class='ocrx_word' id='word_1_20' title='bbox 1921 496 1987 549; x_wconf 87' lang='lat' dir='ltr'><strong>ab</strong></span> 
     </span>
    </p>
   </div>
   <div class='ocr_carea' id='block_1_5' title="bbox 414 590 1987 662">
    <p class='ocr_par' dir='ltr' id='par_1_5' title="bbox 414 590 1987 662">
     <span class='ocr_line' id='line_1_5' title="bbox 414 590 1987 662; baseline -0.004 -15"><span class='ocrx_word' id='word_1_21' title='bbox 414 592 653 662; x_wconf 80' lang='lat' dir='ltr'><strong>inglorio,</strong></span> <span class='ocrx_word' id='word_1_22' title='bbox 684 608 788 645; x_wconf 88' lang='lat' dir='ltr'><strong>non</strong></span> <span class='ocrx_word' id='word_1_23' title='bbox 819 591 1051 645; x_wconf 89' lang='lat' dir='ltr'><strong>nobilem</strong></span> <span class='ocrx_word' id='word_1_24' title='bbox 1083 590 1151 642; x_wconf 91' lang='lat' dir='ltr'><strong>ah</strong></span> <span class='ocrx_word' id='word_1_25' title='bbox 1178 590 1391 653; x_wconf 84' lang='lat' dir='ltr'><strong>ignobili</strong></span> <span class='ocrx_word' id='word_1_26' title='bbox 1421 608 1431 643; x_wconf 90' lang='lat'><strong>:</strong></span> <span class='ocrx_word' id='word_1_27' title='bbox 1465 591 1541 644; x_wconf 91' lang='lat' dir='ltr'><strong>sic</strong></span> <span class='ocrx_word' id='word_1_28' title='bbox 1570 600 1621 644; x_wconf 90' lang='lat' dir='ltr'><strong>et</strong></span> <span class='ocrx_word' id='word_1_29' title='bbox 1654 590 1703 642; x_wconf 92' lang='lat' dir='ltr'><strong>in</strong></span> <span class='ocrx_word' id='word_1_30' title='bbox 1739 601 1909 643; x_wconf 90' lang='lat' dir='ltr'><strong>morte</strong></span> <span class='ocrx_word' id='word_1_31' title='bbox 1935 599 1987 641; x_wconf 91' lang='lat' dir='ltr'><strong>et</strong></span> 
     </span>
    </p>
   </div>
   <div class='ocr_carea' id='block_1_6' title="bbox 412 678 1986 741">
    <p class='ocr_par' dir='ltr' id='par_1_6' title="bbox 412 678 1986 741">
     <span class='ocr_line' id='line_1_6' title="bbox 412 678 1986 741; baseline -0.003 -7"><span class='ocrx_word' id='word_1_32' title='bbox 412 683 461 736; x_wconf 86' lang='lat' dir='ltr'><strong>in</strong></span> <span class='ocrx_word' id='word_1_33' title='bbox 489 682 609 736; x_wconf 87' lang='lat' dir='ltr'><strong>aliis</strong></span> <span class='ocrx_word' id='word_1_34' title='bbox 635 697 812 737; x_wconf 87' lang='lat' dir='ltr'><strong>rerum</strong></span> <span class='ocrx_word' id='word_1_35' title='bbox 845 679 1222 734; x_wconf 88' lang='lat' dir='ltr'><strong>mutationibus</strong></span> <span class='ocrx_word' id='word_1_36' title='bbox 1242 720 1255 741; x_wconf 92' lang='lat'><strong>,</strong></span> <span class='ocrx_word' id='word_1_37' title='bbox 1286 678 1380 733; x_wconf 85' lang='lat' dir='ltr'><strong>sed</strong></span> <span class='ocrx_word' id='word_1_38' title='bbox 1415 680 1571 733; x_wconf 85' lang='lat' dir='ltr'><strong>simul</strong></span> <span class='ocrx_word' id='word_1_39' title='bbox 1597 679 1774 733; x_wconf 83' lang='lat' dir='ltr'><strong>omnia</strong></span> <span class='ocrx_word' id='word_1_40' title='bbox 1800 693 1986 733; x_wconf 78' lang='lat' dir='ltr'><strong>omnes</strong></span> 
     </span>
    </p>
   </div>
   <div class='ocr_carea' id='block_1_7' title="bbox 408 770 1954 840">
    <p class='ocr_par' dir='ltr' id='par_1_7' title="bbox 408 770 1954 840">
     <span class='ocr_line' id='line_1_7' title="bbox 408 770 1954 840; baseline 0 -15"><span class='ocrx_word' id='word_1_41' title='bbox 408 772 703 825; x_wconf 88' lang='lat' dir='ltr'><strong>invadunt:</strong></span> <span class='ocrx_word' id='word_1_42' title='bbox 735 782 787 825; x_wconf 94' lang='lat' dir='ltr'><strong>et</strong></span> <span class='ocrx_word' id='word_1_43' title='bbox 813 773 856 825; x_wconf 92' lang='lat' dir='ltr'><strong>si</strong></span> <span class='ocrx_word' id='word_1_44' title='bbox 883 771 1011 840; x_wconf 91' lang='lat' dir='ltr'><strong>quid</strong></span> <span class='ocrx_word' id='word_1_45' title='bbox 1044 772 1235 824; x_wconf 90' lang='lat' dir='ltr'><strong>mirum</strong></span> <span class='ocrx_word' id='word_1_46' title='bbox 1268 771 1447 825; x_wconf 89' lang='lat' dir='ltr'><strong>dicere</strong></span> <span class='ocrx_word' id='word_1_47' title='bbox 1487 773 1672 836; x_wconf 79' lang='lat' dir='ltr'><strong>liceat,</strong></span> <span class='ocrx_word' id='word_1_48' title='bbox 1703 770 1817 825; x_wconf 64' lang='lat' dir='ltr'><strong>haec</strong></span> <span class='ocrx_word' id='word_1_49' title='bbox 1846 771 1954 825; x_wconf 84' lang='lat' dir='ltr'><strong>divt</strong></span> 
     </span>
    </p>
   </div>
   <div class='ocr_carea' id='block_1_8' title="bbox 407 860 1957 929">
    <p class='ocr_par' dir='ltr' id='par_1_8' title="bbox 407 860 1957 929">
     <span class='ocr_line' id='line_1_8' title="bbox 407 860 1957 929; baseline -0.002 -15"><span class='ocrx_word' id='word_1_50' title='bbox 407 861 546 916; x_wconf 89' lang='lat' dir='ltr'><strong>tibus</strong></span> <span class='ocrx_word' id='word_1_51' title='bbox 575 863 740 928; x_wconf 83' lang='lat' dir='ltr'><strong>magis</strong></span> <span class='ocrx_word' id='word_1_52' title='bbox 779 860 1024 915; x_wconf 90' lang='lat' dir='ltr'><strong>accidunt</strong></span> <span class='ocrx_word' id='word_1_53' title='bbox 1056 878 1069 914; x_wconf 94' lang='lat'><strong>:</strong></span> <span class='ocrx_word' id='word_1_54' title='bbox 1096 871 1297 929; x_wconf 90' lang='lat' dir='ltr'><strong>quanto</strong></span> <span class='ocrx_word' id='word_1_55' title='bbox 1336 862 1479 915; x_wconf 91' lang='lat' dir='ltr'><strong>enim</strong></span> <span class='ocrx_word' id='word_1_56' title='bbox 1526 870 1640 915; x_wconf 82' lang='lat' dir='ltr'><strong>ba:e</strong></span> <span class='ocrx_word' id='word_1_57' title='bbox 1681 862 1856 916; x_wconf 90' lang='lat' dir='ltr'><strong>minus</strong></span> <span class='ocrx_word' id='word_1_58' title='bbox 1895 875 1957 914; x_wconf 91' lang='lat' dir='ltr'><strong>cu</strong></span> 
     </span>
    </p>
   </div>
   <div class='ocr_carea' id='block_1_9' title="bbox 409 937 1981 1023">
    <p class='ocr_par' dir='ltr' id='par_1_9' title="bbox 409 937 1981 1023">
     <span class='ocr_line' id='line_1_9' title="bbox 409 937 1981 1023; baseline -0.001 -17"><span class='ocrx_word' id='word_1_59' title='bbox 409 964 545 1014; x_wconf 90' lang='lat' dir='ltr'><strong>rant,</strong></span> <span class='ocrx_word' id='word_1_60' title='bbox 578 963 723 1008; x_wconf 86' lang='lat' dir='ltr'><strong>tanto</strong></span> <span class='ocrx_word' id='word_1_61' title='bbox 748 954 955 1007; x_wconf 78' lang='lat' dir='ltr'><strong>facilius</strong></span> <span class='ocrx_word' id='word_1_62' title='bbox 976 937 1217 1023; x_wconf 79' lang='lat' dir='ltr'><strong>pereunt.</strong></span> <span class='ocrx_word' id='word_1_63' title='bbox 1243 954 1412 1008; x_wconf 77' lang='lat' dir='ltr'><strong>Melus</strong></span> <span class='ocrx_word' id='word_1_64' title='bbox 1433 964 1609 1007; x_wconf 89' lang='lat' dir='ltr'><strong>autem</strong></span> <span class='ocrx_word' id='word_1_65' title='bbox 1631 954 1767 1022; x_wconf 89' lang='lat' dir='ltr'><strong>apud</strong></span> <span class='ocrx_word' id='word_1_66' title='bbox 1791 954 1981 1008; x_wconf 71' lang='lat' dir='ltr'><strong>divites</strong></span> 
     </span>
    </p>
   </div>
   <div class='ocr_carea' id='block_1_10' title="bbox 406 1043 1984 1114">
    <p class='ocr_par' dir='ltr' id='par_1_10' title="bbox 406 1043 1984 1114">
     <span class='ocr_line' id='line_1_10' title="bbox 406 1043 1984 1114; baseline 0.004 -19"><span class='ocrx_word' id='word_1_67' title='bbox 406 1043 576 1111; x_wconf 85' lang='lat' dir='ltr'><strong>major</strong></span> <span class='ocrx_word' id='word_1_68' title='bbox 597 1054 695 1098; x_wconf 82' lang='lat' dir='ltr'><strong>est.</strong></span> <span class='ocrx_word' id='word_1_69' title='bbox 731 1045 861 1098; x_wconf 76' lang='lat' dir='ltr'><strong>Nam</strong></span> <span class='ocrx_word' id='word_1_70' title='bbox 900 1044 953 1098; x_wconf 94' lang='lat' dir='ltr'><strong>hi</strong></span> <span class='ocrx_word' id='word_1_71' title='bbox 997 1046 1227 1098; x_wconf 79' lang='lat' dir='ltr'><strong>maxime</strong></span> <span class='ocrx_word' id='word_1_72' title='bbox 1259 1046 1524 1114; x_wconf 76' lang='lat' dir='ltr'><strong>principes</strong></span> <span class='ocrx_word' id='word_1_73' title='bbox 1553 1046 1854 1109; x_wconf 78' lang='lat' dir='ltr'><strong>formidant,</strong></span> <span class='ocrx_word' id='word_1_74' title='bbox 1885 1060 1984 1101; x_wconf 80' lang='lat' dir='ltr'><strong>nec</strong></span> 
     </span>
    </p>
   </div>
   <div class='ocr_carea' id='block_1_11' title="bbox 404 1134 1980 1207">
    <p class='ocr_par' dir='ltr' id='par_1_11' title="bbox 404 1134 1980 1207">
     <span class='ocr_line' id='line_1_11' title="bbox 404 1134 1980 1207; baseline 0.003 -20"><span class='ocrx_word' id='word_1_75' title='bbox 404 1136 584 1188; x_wconf 84' lang='lat' dir='ltr'><strong>minus</strong></span> <span class='ocrx_word' id='word_1_76' title='bbox 618 1134 699 1189; x_wconf 85' lang='lat' dir='ltr'><strong>his</strong></span> <span class='ocrx_word' id='word_1_77' title='bbox 726 1136 1057 1204; x_wconf 82' lang='lat' dir='ltr'><strong>principibus</strong></span> <span class='ocrx_word' id='word_1_78' title='bbox 1102 1136 1380 1204; x_wconf 85' lang='lat' dir='ltr'><strong>subditos,</strong></span> <span class='ocrx_word' id='word_1_79' title='bbox 1414 1138 1521 1191; x_wconf 90' lang='lat' dir='ltr'><strong>imo</strong></span> <span class='ocrx_word' id='word_1_80' title='bbox 1569 1140 1736 1194; x_wconf 89' lang='lat' dir='ltr'><strong>multo</strong></span> <span class='ocrx_word' id='word_1_81' title='bbox 1785 1139 1980 1207; x_wconf 87' lang='lat' dir='ltr'><strong>magis;</strong></span> 
     </span>
    </p>
   </div>
   <div class='ocr_carea' id='block_1_12' title="bbox 404 1227 1983 1301">
    <p class='ocr_par' dir='ltr' id='par_1_12' title="bbox 404 1227 1983 1301">
     <span class='ocr_line' id='line_1_12' title="bbox 404 1227 1983 1301; baseline 0.003 -22"><span class='ocrx_word' id='word_1_82' title='bbox 404 1227 661 1296; x_wconf 83' lang='lat' dir='ltr'><strong>plurimas</strong></span> <span class='ocrx_word' id='word_1_83' title='bbox 697 1229 838 1282; x_wconf 89' lang='lat' dir='ltr'><strong>enim</strong></span> <span class='ocrx_word' id='word_1_84' title='bbox 885 1228 1185 1297; x_wconf 88' lang='lat' dir='ltr'><strong>hujusmodi</strong></span> <span class='ocrx_word' id='word_1_85' title='bbox 1229 1229 1417 1283; x_wconf 90' lang='lat' dir='ltr'><strong>domos</strong></span> <span class='ocrx_word' id='word_1_86' title='bbox 1443 1240 1494 1284; x_wconf 89' lang='lat' dir='ltr'><strong>et</strong></span> <span class='ocrx_word' id='word_1_87' title='bbox 1535 1230 1714 1301; x_wconf 82' lang='lat' dir='ltr'><strong>populi</strong></span> <span class='ocrx_word' id='word_1_88' title='bbox 1759 1232 1905 1285; x_wconf 81' lang='lat' dir='ltr'><strong>furor</strong></span> <span class='ocrx_word' id='word_1_89' title='bbox 1929 1240 1983 1284; x_wconf 91' lang='lat' dir='ltr'><strong>et</strong></span> 
     </span>
    </p>
   </div>
   <div class='ocr_carea' id='block_1_13' title="bbox 406 1318 1983 1388">
    <p class='ocr_par' dir='ltr' id='par_1_13' title="bbox 406 1318 1983 1388">
     <span class='ocr_line' id='line_1_13' title="bbox 406 1318 1983 1388; baseline 0.002 -17"><span class='ocrx_word' id='word_1_90' title='bbox 406 1318 701 1387; x_wconf 71' lang='lat' dir='ltr'><strong>principum</strong></span> <span class='ocrx_word' id='word_1_91' title='bbox 750 1319 909 1373; x_wconf 68' lang='lat' dir='ltr'><strong>mina:</strong></span> <span class='ocrx_word' id='word_1_92' title='bbox 962 1320 1355 1374; x_wconf 85' lang='lat' dir='ltr'><strong>snbverterunt.</strong></span> <span class='ocrx_word' id='word_1_93' title='bbox 1404 1320 1611 1388; x_wconf 79' lang='lat' dir='ltr'><strong>Pauper</strong></span> <span class='ocrx_word' id='word_1_94' title='bbox 1667 1335 1795 1375; x_wconf 89' lang='lat' dir='ltr'><strong>vero</strong></span> <span class='ocrx_word' id='word_1_95' title='bbox 1845 1321 1983 1374; x_wconf 86' lang='lat' dir='ltr'><strong>inter</strong></span> 
     </span>
    </p>
   </div>
   <div class='ocr_carea' id='block_1_14' title="bbox 404 1408 1980 1481">
    <p class='ocr_par' dir='ltr' id='par_1_14' title="bbox 404 1408 1980 1481">
     <span class='ocr_line' id='line_1_14' title="bbox 404 1408 1980 1481; baseline 0.003 -22"><span class='ocrx_word' id='word_1_96' title='bbox 404 1419 661 1477; x_wconf 81' lang='lat' dir='ltr'><strong>utrosque</strong></span> <span class='ocrx_word' id='word_1_97' title='bbox 686 1408 877 1464; x_wconf 81' lang='lat' dir='ltr'><strong>ﬂuctus</strong></span> <span class='ocrx_word' id='word_1_98' title='bbox 925 1418 1069 1464; x_wconf 89' lang='lat' dir='ltr'><strong>tutus</strong></span> <span class='ocrx_word' id='word_1_99' title='bbox 1112 1413 1237 1481; x_wconf 86' lang='lat' dir='ltr'><strong>agit.</strong></span> <span class='ocrx_word' id='word_1_100' title='bbox 1265 1411 1620 1478; x_wconf 74' lang='lat' dir='ltr'><strong>Quamobrem</strong></span> <span class='ocrx_word' id='word_1_101' title='bbox 1672 1411 1773 1466; x_wconf 88' lang='lat' dir='ltr'><strong>hoc</strong></span> <span class='ocrx_word' id='word_1_102' title='bbox 1817 1411 1980 1465; x_wconf 85' lang='lat' dir='ltr'><strong>misso</strong></span> 
     </span>
    </p>
   </div>
   <div class='ocr_carea' id='block_1_15' title="bbox 404 1499 1977 1571">
    <p class='ocr_par' dir='ltr' id='par_1_15' title="bbox 404 1499 1977 1571">
     <span class='ocr_line' id='line_1_15' title="bbox 404 1499 1977 1571; baseline 0.003 -20"><span class='ocrx_word' id='word_1_103' title='bbox 404 1499 695 1555; x_wconf 72' lang='lat' dir='ltr'><strong>nobilitatis</strong></span> <span class='ocrx_word' id='word_1_104' title='bbox 738 1516 963 1571; x_wconf 88' lang='lat' dir='ltr'><strong>genere,</strong></span> <span class='ocrx_word' id='word_1_105' title='bbox 997 1503 1039 1556; x_wconf 90' lang='lat' dir='ltr'><strong>si</strong></span> <span class='ocrx_word' id='word_1_106' title='bbox 1086 1504 1165 1557; x_wconf 93' lang='lat' dir='ltr'><strong>vis</strong></span> <span class='ocrx_word' id='word_1_107' title='bbox 1210 1501 1337 1556; x_wconf 89' lang='lat' dir='ltr'><strong>mihi</strong></span> <span class='ocrx_word' id='word_1_108' title='bbox 1371 1502 1617 1571; x_wconf 91' lang='lat' dir='ltr'><strong>probare,</strong></span> <span class='ocrx_word' id='word_1_109' title='bbox 1662 1512 1712 1556; x_wconf 88' lang='lat' dir='ltr'><strong>te</strong></span> <span class='ocrx_word' id='word_1_110' title='bbox 1753 1501 1977 1558; x_wconf 85' lang='lat' dir='ltr'><strong>liberum</strong></span> 
     </span>
    </p>
   </div>
   <div class='ocr_carea' id='block_1_16' title="bbox 404 1594 1977 1663">
    <p class='ocr_par' dir='ltr' id='par_1_16' title="bbox 404 1594 1977 1663">
     <span class='ocr_line' id='line_1_16' title="bbox 404 1594 1977 1663; baseline -0.003 -14"><span class='ocrx_word' id='word_1_111' title='bbox 404 1608 542 1657; x_wconf 78' lang='lat' dir='ltr'><strong>esse,</strong></span> <span class='ocrx_word' id='word_1_112' title='bbox 573 1594 796 1649; x_wconf 82' lang='lat' dir='ltr'><strong>ostende</strong></span> <span class='ocrx_word' id='word_1_113' title='bbox 821 1595 1014 1649; x_wconf 70' lang='lat' dir='ltr'><strong>animae</strong></span> <span class='ocrx_word' id='word_1_114' title='bbox 1044 1595 1363 1660; x_wconf 87' lang='lat' dir='ltr'><strong>libertatem,</strong></span> <span class='ocrx_word' id='word_1_115' title='bbox 1391 1595 1605 1663; x_wconf 90' lang='lat' dir='ltr'><strong>qualem</strong></span> <span class='ocrx_word' id='word_1_116' title='bbox 1637 1594 1817 1651; x_wconf 87' lang='lat' dir='ltr'><strong>habuit</strong></span> <span class='ocrx_word' id='word_1_117' title='bbox 1848 1594 1977 1646; x_wconf 87' lang='lat' dir='ltr'><strong>hea-</strong></span> 
     </span>
    </p>
   </div>
   <div class='ocr_carea' id='block_1_17' title="bbox 410 1683 1978 1755">
    <p class='ocr_par' dir='ltr' id='par_1_17' title="bbox 410 1683 1978 1755">
     <span class='ocr_line' id='line_1_17' title="bbox 410 1683 1978 1755; baseline -0.001 -17"><span class='ocrx_word' id='word_1_118' title='bbox 410 1694 492 1738; x_wconf 87' lang='lat' dir='ltr'><strong>tns</strong></span> <span class='ocrx_word' id='word_1_119' title='bbox 522 1685 629 1744; x_wconf 90' lang='lat' dir='ltr'><strong>ille.</strong></span> <span class='ocrx_word' id='word_1_120' title='bbox 662 1701 861 1754; x_wconf 81' lang='lat' dir='ltr'><strong>panper</strong></span> <span class='ocrx_word' id='word_1_121' title='bbox 884 1700 1002 1739; x_wconf 89' lang='lat' dir='ltr'><strong>cum</strong></span> <span class='ocrx_word' id='word_1_122' title='bbox 1032 1696 1197 1751; x_wconf 85' lang='lat' dir='ltr'><strong>esset,</strong></span> <span class='ocrx_word' id='word_1_123' title='bbox 1227 1686 1316 1755; x_wconf 86' lang='lat' dir='ltr'><strong>qui</strong></span> <span class='ocrx_word' id='word_1_124' title='bbox 1346 1685 1556 1740; x_wconf 87' lang='lat' dir='ltr'><strong>dicebat</strong></span> <span class='ocrx_word' id='word_1_125' title='bbox 1588 1684 1782 1739; x_wconf 88' lang='lat' dir='ltr'><strong>llerodi</strong></span> <span class='ocrx_word' id='word_1_126' title='bbox 1810 1702 1821 1737; x_wconf 74' lang='grc' dir='ltr'><strong>ε</strong></span> <span class='ocrx_word' id='word_1_127' title='bbox 1859 1683 1978 1737; x_wconf 63' lang='lat' dir='ltr'><strong>Non</strong></span> 
     </span>
    </p>
   </div>
   <div class='ocr_carea' id='block_1_18' title="bbox 401 1776 1973 1846">
    <p class='ocr_par' dir='ltr' id='par_1_18' title="bbox 401 1776 1973 1846">
     <span class='ocr_line' id='line_1_18' title="bbox 401 1776 1973 1846; baseline 0 -15"><span class='ocrx_word' id='word_1_128' title='bbox 401 1776 511 1831; x_wconf 75' lang='lat' dir='ltr'><strong>licet</strong></span> <span class='ocrx_word' id='word_1_129' title='bbox 530 1777 617 1830; x_wconf 80' lang='lat' dir='ltr'><strong>tibi</strong></span> <span class='ocrx_word' id='word_1_130' title='bbox 632 1778 811 1830; x_wconf 83' lang='lat' dir='ltr'><strong>habere</strong></span> <span class='ocrx_word' id='word_1_131' title='bbox 827 1794 1031 1831; x_wconf 73' lang='lat' dir='ltr'><strong>tta-orem</strong></span> <span class='ocrx_word' id='word_1_132' title='bbox 1048 1776 1277 1846; x_wconf 76' lang='lat' dir='ltr'><strong>Philippi</strong></span> <span class='ocrx_word' id='word_1_133' title='bbox 1295 1778 1469 1845; x_wconf 77' lang='lat' dir='ltr'><strong>fratris</strong></span> <span class='ocrx_word' id='word_1_134' title='bbox 1480 1778 1552 1829; x_wconf 87' lang='lat' dir='ltr'><strong>tui</strong></span> <span class='ocrx_word' id='word_1_135' title='bbox 1573 1778 1591 1845; x_wconf 91' lang='lat'>(</span> <span class='ocrx_word' id='word_1_136' title='bbox 1600 1777 1761 1831; x_wconf 82' lang='lat' dir='ltr'><strong>Marc.</strong></span> <span class='ocrx_word' id='word_1_137' title='bbox 1779 1777 1832 1832; x_wconf 84' lang='lat'><strong>6.</strong></span> <span class='ocrx_word' id='word_1_138' title='bbox 1856 1779 1941 1845; x_wconf 88' lang='lat' dir='ltr'><strong>l8)</strong></span> <span class='ocrx_word' id='word_1_139' title='bbox 1958 1793 1973 1842; x_wconf 90' lang='lat'><strong>;</strong></span> 
     </span>
    </p>
   </div>
   <div class='ocr_carea' id='block_1_19' title="bbox 398 1867 1974 1938">
    <p class='ocr_par' dir='ltr' id='par_1_19' title="bbox 398 1867 1974 1938">
     <span class='ocr_line' id='line_1_19' title="bbox 398 1867 1974 1938; baseline 0.001 -19"><span class='ocrx_word' id='word_1_140' title='bbox 398 1867 606 1933; x_wconf 85' lang='lat' dir='ltr'><strong>qualem</strong></span> <span class='ocrx_word' id='word_1_141' title='bbox 638 1867 820 1921; x_wconf 85' lang='lat' dir='ltr'><strong>habuit</strong></span> <span class='ocrx_word' id='word_1_142' title='bbox 847 1869 933 1938; x_wconf 85' lang='lat' dir='ltr'><strong>qui</strong></span> <span class='ocrx_word' id='word_1_143' title='bbox 959 1877 1084 1923; x_wconf 89' lang='lat' dir='ltr'><strong>ante</strong></span> <span class='ocrx_word' id='word_1_144' title='bbox 1115 1869 1262 1922; x_wconf 88' lang='lat' dir='ltr'><strong>illum</strong></span> <span class='ocrx_word' id='word_1_145' title='bbox 1293 1869 1409 1922; x_wconf 88' lang='lat' dir='ltr'><strong>talis</strong></span> <span class='ocrx_word' id='word_1_146' title='bbox 1436 1878 1572 1929; x_wconf 74' lang='lat' dir='ltr'><strong>erat,</strong></span> <span class='ocrx_word' id='word_1_147' title='bbox 1600 1878 1655 1921; x_wconf 91' lang='lat' dir='ltr'><strong>et</strong></span> <span class='ocrx_word' id='word_1_148' title='bbox 1686 1876 1803 1936; x_wconf 86' lang='lat' dir='ltr'><strong>post</strong></span> <span class='ocrx_word' id='word_1_149' title='bbox 1828 1869 1974 1922; x_wconf 89' lang='lat' dir='ltr'><strong>illum</strong></span> 
     </span>
    </p>
   </div>
   <div class='ocr_carea' id='block_1_20' title="bbox 399 1957 1976 2028">
    <p class='ocr_par' dir='ltr' id='par_1_20' title="bbox 399 1957 1976 2028">
     <span class='ocr_line' id='line_1_20' title="bbox 399 1957 1976 2028; baseline 0.002 -20"><span class='ocrx_word' id='word_1_150' title='bbox 399 1958 517 2012; x_wconf 74' lang='lat' dir='ltr'><strong>talis</strong></span> <span class='ocrx_word' id='word_1_151' title='bbox 547 1957 754 2012; x_wconf 76' lang='lat' dir='ltr'><strong>futurus</strong></span> <span class='ocrx_word' id='word_1_152' title='bbox 790 1967 892 2022; x_wconf 88' lang='lat' dir='ltr'><strong>est,</strong></span> <span class='ocrx_word' id='word_1_153' title='bbox 925 1960 1013 2028; x_wconf 88' lang='lat' dir='ltr'><strong>qui</strong></span> <span class='ocrx_word' id='word_1_154' title='bbox 1049 1958 1261 2015; x_wconf 87' lang='lat' dir='ltr'><strong>dicebat</strong></span> <span class='ocrx_word' id='word_1_155' title='bbox 1298 1960 1551 2015; x_wconf 82' lang='lat' dir='ltr'><strong>Achabo:</strong></span> <span class='ocrx_word' id='word_1_156' title='bbox 1586 1960 1705 2012; x_wconf 84' lang='lat' dir='ltr'><strong>Non</strong></span> <span class='ocrx_word' id='word_1_157' title='bbox 1744 1976 1834 2027; x_wconf 82' lang='lat' dir='ltr'><strong>ego</strong></span> <span class='ocrx_word' id='word_1_158' title='bbox 1862 1976 1976 2025; x_wconf 82' lang='lat' dir='ltr'><strong>per-</strong></span> 
     </span>
    </p>
   </div>
   <div class='ocr_carea' id='block_1_21' title="bbox 396 2046 1972 2119">
    <p class='ocr_par' dir='ltr' id='par_1_21' title="bbox 396 2046 1972 2119">
     <span class='ocr_line' id='line_1_21' title="bbox 396 2046 1972 2119; baseline -0.001 -19"><span class='ocrx_word' id='word_1_159' title='bbox 396 2058 530 2101; x_wconf 78' lang='lat' dir='ltr'><strong>vrrto</strong></span> <span class='ocrx_word' id='word_1_160' title='bbox 557 2046 818 2111; x_wconf 80' lang='lat' dir='ltr'><strong>lsraelem,</strong></span> <span class='ocrx_word' id='word_1_161' title='bbox 846 2048 935 2101; x_wconf 83' lang='lat' dir='ltr'><strong>sed</strong></span> <span class='ocrx_word' id='word_1_162' title='bbox 963 2058 1017 2103; x_wconf 88' lang='lat' dir='ltr'><strong>tu</strong></span> <span class='ocrx_word' id='word_1_163' title='bbox 1053 2058 1098 2101; x_wconf 85' lang='lat' dir='ltr'><strong>et</strong></span> <span class='ocrx_word' id='word_1_164' title='bbox 1124 2049 1303 2102; x_wconf 83' lang='lat' dir='ltr'><strong>domus</strong></span> <span class='ocrx_word' id='word_1_165' title='bbox 1330 2050 1486 2118; x_wconf 78' lang='lat' dir='ltr'><strong>patris</strong></span> <span class='ocrx_word' id='word_1_166' title='bbox 1511 2048 1584 2102; x_wconf 86' lang='lat' dir='ltr'><strong>tui</strong></span> <span class='ocrx_word' id='word_1_167' title='bbox 1616 2049 1691 2119; x_wconf 79' lang='grc'><strong>(5.</strong></span> <span class='ocrx_word' id='word_1_168' title='bbox 1726 2049 1852 2115; x_wconf 79' lang='lat' dir='ltr'><strong>Reg.</strong></span> <span class='ocrx_word' id='word_1_169' title='bbox 1890 2049 1972 2103; x_wconf 86' lang='lat' dir='ltr'><strong>l8.</strong></span> 
     </span>
    </p>
   </div>
   <div class='ocr_carea' id='block_1_22' title="bbox 400 2140 1974 2210">
    <p class='ocr_par' dir='ltr' id='par_1_22' title="bbox 400 2140 1974 2210">
     <span class='ocr_line' id='line_1_22' title="bbox 400 2140 1974 2210; baseline -0.001 -17"><span class='ocrx_word' id='word_1_170' title='bbox 400 2142 483 2203; x_wconf 81' lang='grc'><strong>18)</strong></span> <span class='ocrx_word' id='word_1_171' title='bbox 507 2157 521 2202; x_wconf 89' lang='lat'><strong>;</strong></span> <span class='ocrx_word' id='word_1_172' title='bbox 552 2140 760 2209; x_wconf 85' lang='lat' dir='ltr'><strong>qualem</strong></span> <span class='ocrx_word' id='word_1_173' title='bbox 787 2140 1018 2195; x_wconf 87' lang='lat' dir='ltr'><strong>habuere</strong></span> <span class='ocrx_word' id='word_1_174' title='bbox 1047 2140 1343 2210; x_wconf 72' lang='lat' dir='ltr'><strong>prapheue,</strong></span> <span class='ocrx_word' id='word_1_175' title='bbox 1371 2140 1580 2209; x_wconf 82' lang='lat' dir='ltr'><strong>qualem</strong></span> <span class='ocrx_word' id='word_1_176' title='bbox 1607 2141 1831 2209; x_wconf 91' lang='lat' dir='ltr'><strong>apostoli</strong></span> <span class='ocrx_word' id='word_1_177' title='bbox 1859 2157 1974 2194; x_wconf 83' lang='lat' dir='ltr'><strong>om-</strong></span> 
     </span>
    </p>
   </div>
   <div class='ocr_carea' id='block_1_23' title="bbox 396 2229 1972 2293">
    <p class='ocr_par' dir='ltr' id='par_1_23' title="bbox 396 2229 1972 2293">
     <span class='ocr_line' id='line_1_23' title="bbox 396 2229 1972 2293; baseline 0.002 -13"><span class='ocrx_word' id='word_1_178' title='bbox 396 2246 508 2283; x_wconf 77' lang='lat' dir='ltr'><strong>nes.</strong></span> <span class='ocrx_word' id='word_1_179' title='bbox 541 2229 644 2284; x_wconf 89' lang='lat' dir='ltr'><strong>Sed</strong></span> <span class='ocrx_word' id='word_1_180' title='bbox 677 2246 780 2283; x_wconf 87' lang='lat' dir='ltr'><strong>non</strong></span> <span class='ocrx_word' id='word_1_181' title='bbox 826 2231 957 2283; x_wconf 75' lang='lat' dir='ltr'><strong>tales</strong></span> <span class='ocrx_word' id='word_1_182' title='bbox 984 2239 1107 2284; x_wconf 89' lang='lat' dir='ltr'><strong>sunt</strong></span> <span class='ocrx_word' id='word_1_183' title='bbox 1140 2230 1361 2284; x_wconf 82' lang='lat' dir='ltr'><strong>divitum</strong></span> <span class='ocrx_word' id='word_1_184' title='bbox 1402 2231 1629 2293; x_wconf 72' lang='lat' dir='ltr'><strong>animm;</strong></span> <span class='ocrx_word' id='word_1_185' title='bbox 1674 2231 1779 2285; x_wconf 90' lang='lat' dir='ltr'><strong>imo</strong></span> <span class='ocrx_word' id='word_1_186' title='bbox 1806 2231 1972 2283; x_wconf 86' lang='lat' dir='ltr'><strong>instar</strong></span> 
     </span>
    </p>
   </div>
   <div class='ocr_carea' id='block_1_24' title="bbox 392 2320 1966 2390">
    <p class='ocr_par' dir='ltr' id='par_1_24' title="bbox 392 2320 1966 2390">
     <span class='ocr_line' id='line_1_24' title="bbox 392 2320 1966 2390; baseline 0 -17"><span class='ocrx_word' id='word_1_187' title='bbox 392 2336 575 2373; x_wconf 83' lang='lat' dir='ltr'><strong>eorum</strong></span> <span class='ocrx_word' id='word_1_188' title='bbox 602 2329 726 2374; x_wconf 88' lang='lat' dir='ltr'><strong>sunt</strong></span> <span class='ocrx_word' id='word_1_189' title='bbox 760 2321 848 2389; x_wconf 91' lang='lat' dir='ltr'><strong>qui</strong></span> <span class='ocrx_word' id='word_1_190' title='bbox 882 2320 1113 2374; x_wconf 86' lang='lat' dir='ltr'><strong>millenis</strong></span> <span class='ocrx_word' id='word_1_191' title='bbox 1138 2320 1414 2389; x_wconf 75' lang='lat' dir='ltr'><strong>subiacent</strong></span> <span class='ocrx_word' id='word_1_192' title='bbox 1448 2321 1747 2390; x_wconf 72' lang='lat' dir='ltr'><strong>pmdagogis</strong></span> <span class='ocrx_word' id='word_1_193' title='bbox 1768 2330 1818 2375; x_wconf 90' lang='lat' dir='ltr'><strong>et</strong></span> <span class='ocrx_word' id='word_1_194' title='bbox 1848 2336 1966 2375; x_wconf 92' lang='lat' dir='ltr'><strong>car-</strong></span> 
     </span>
    </p>
   </div>
   <div class='ocr_carea' id='block_1_25' title="bbox 394 2410 1969 2479">
    <p class='ocr_par' dir='ltr' id='par_1_25' title="bbox 394 2410 1969 2479">
     <span class='ocr_line' id='line_1_25' title="bbox 394 2410 1969 2479; baseline -0.002 -16"><span class='ocrx_word' id='word_1_195' title='bbox 394 2410 655 2468; x_wconf 79' lang='lat' dir='ltr'><strong>niﬁcibus.</strong></span> <span class='ocrx_word' id='word_1_196' title='bbox 688 2410 765 2463; x_wconf 84' lang='lat' dir='ltr'><strong>sic</strong></span> <span class='ocrx_word' id='word_1_197' title='bbox 795 2426 965 2479; x_wconf 87' lang='lat' dir='ltr'><strong>neque</strong></span> <span class='ocrx_word' id='word_1_198' title='bbox 994 2411 1177 2466; x_wconf 88' lang='lat' dir='ltr'><strong>oculos</strong></span> <span class='ocrx_word' id='word_1_199' title='bbox 1207 2410 1465 2465; x_wconf 68' lang='lat' dir='ltr'><strong>extollere</strong></span> <span class='ocrx_word' id='word_1_200' title='bbox 1492 2411 1709 2473; x_wconf 88' lang='lat' dir='ltr'><strong>audent,</strong></span> <span class='ocrx_word' id='word_1_201' title='bbox 1744 2428 1842 2465; x_wconf 88' lang='lat' dir='ltr'><strong>nec</strong></span> <span class='ocrx_word' id='word_1_202' title='bbox 1874 2426 1969 2479; x_wconf 90' lang='lat' dir='ltr'><strong>prn</strong></span> 
     </span>
    </p>
   </div>
   <div class='ocr_carea' id='block_1_26' title="bbox 392 2500 1966 2570">
    <p class='ocr_par' dir='ltr' id='par_1_26' title="bbox 392 2500 1966 2570">
     <span class='ocr_line' id='line_1_26' title="bbox 392 2500 1966 2570; baseline 0.004 -21"><span class='ocrx_word' id='word_1_203' title='bbox 392 2502 585 2555; x_wconf 85' lang='lat' dir='ltr'><strong>virtute</strong></span> <span class='ocrx_word' id='word_1_204' title='bbox 608 2500 772 2554; x_wconf 80' lang='lat' dir='ltr'><strong>libere</strong></span> <span class='ocrx_word' id='word_1_205' title='bbox 799 2517 976 2570; x_wconf 83' lang='lat' dir='ltr'><strong>agerc.</strong></span> <span class='ocrx_word' id='word_1_206' title='bbox 1004 2501 1134 2555; x_wconf 84' lang='lat' dir='ltr'><strong>Nam</strong></span> <span class='ocrx_word' id='word_1_207' title='bbox 1163 2502 1502 2569; x_wconf 78' lang='lat' dir='ltr'><strong>pectiniarum</strong></span> <span class='ocrx_word' id='word_1_208' title='bbox 1528 2502 1810 2569; x_wconf 89' lang='lat' dir='ltr'><strong>cupiditas,</strong></span> <span class='ocrx_word' id='word_1_209' title='bbox 1839 2518 1966 2556; x_wconf 89' lang='lat' dir='ltr'><strong>nec-</strong></span> 
     </span>
    </p>
   </div>
   <div class='ocr_carea' id='block_1_27' title="bbox 392 2592 1961 2665">
    <p class='ocr_par' dir='ltr' id='par_1_27' title="bbox 392 2592 1961 2665">
     <span class='ocr_line' id='line_1_27' title="bbox 392 2592 1961 2665; baseline 0.003 -21"><span class='ocrx_word' id='word_1_210' title='bbox 392 2606 496 2645; x_wconf 90' lang='lat' dir='ltr'><strong>non</strong></span> <span class='ocrx_word' id='word_1_211' title='bbox 523 2592 707 2660; x_wconf 85' lang='lat' dir='ltr'><strong>glnri:e</strong></span> <span class='ocrx_word' id='word_1_212' title='bbox 732 2592 1062 2663; x_wconf 88' lang='lat' dir='ltr'><strong>aliarumque</strong></span> <span class='ocrx_word' id='word_1_213' title='bbox 1102 2609 1302 2658; x_wconf 79' lang='lat' dir='ltr'><strong>rerum,</strong></span> <span class='ocrx_word' id='word_1_214' title='bbox 1349 2603 1608 2650; x_wconf 90' lang='lat' dir='ltr'><strong>terrorem</strong></span> <span class='ocrx_word' id='word_1_215' title='bbox 1654 2596 1783 2665; x_wconf 78' lang='lat' dir='ltr'><strong>ipsis</strong></span> <span class='ocrx_word' id='word_1_216' title='bbox 1826 2594 1961 2648; x_wconf 41' lang='lat' dir='ltr'><strong>infe.</strong></span> 
     </span>
    </p>
   </div>
   <div class='ocr_carea' id='block_1_28' title="bbox 389 2682 1979 2753">
    <p class='ocr_par' dir='ltr' id='par_1_28' title="bbox 389 2682 1979 2753">
     <span class='ocr_line' id='line_1_28' title="bbox 389 2682 1979 2753; baseline 0.001 -18"><span class='ocrx_word' id='word_1_217' title='bbox 389 2691 530 2745; x_wconf 87' lang='lat' dir='ltr'><strong>runt,</strong></span> <span class='ocrx_word' id='word_1_218' title='bbox 554 2699 615 2737; x_wconf 87' lang='lat' dir='ltr'><strong>ac</strong></span> <span class='ocrx_word' id='word_1_219' title='bbox 643 2698 826 2737; x_wconf 82' lang='lat' dir='ltr'><strong>servos</strong></span> <span class='ocrx_word' id='word_1_220' title='bbox 851 2682 1263 2753; x_wconf 88' lang='lat' dir='ltr'><strong>adniatoresque</strong></span> <span class='ocrx_word' id='word_1_221' title='bbox 1284 2685 1531 2739; x_wconf 87' lang='lat' dir='ltr'><strong>reddunt.</strong></span> <span class='ocrx_word' id='word_1_222' title='bbox 1564 2685 1704 2741; x_wconf 85' lang='lat' dir='ltr'><strong>Nihil</strong></span> <span class='ocrx_word' id='word_1_223' title='bbox 1726 2686 1867 2740; x_wconf 89' lang='lat' dir='ltr'><strong>enim</strong></span> <span class='ocrx_word' id='word_1_224' title='bbox 1894 2686 1979 2746; x_wconf 87' lang='lat' dir='ltr'><strong>ita.</strong></span> 
     </span>
    </p>
   </div>
   <div class='ocr_carea' id='block_1_29' title="bbox 388 2772 1967 2846">
    <p class='ocr_par' dir='ltr' id='par_1_29' title="bbox 388 2772 1967 2846">
     <span class='ocr_line' id='line_1_29' title="bbox 388 2772 1967 2846; baseline 0.004 -21"><span class='ocrx_word' id='word_1_225' title='bbox 388 2772 686 2827; x_wconf 82' lang='lat' dir='ltr'><strong>libertatem</strong></span> <span class='ocrx_word' id='word_1_226' title='bbox 712 2773 867 2838; x_wconf 87' lang='lat' dir='ltr'><strong>tollit,</strong></span> <span class='ocrx_word' id='word_1_227' title='bbox 897 2783 951 2829; x_wconf 92' lang='lat' dir='ltr'><strong>ut</strong></span> <span class='ocrx_word' id='word_1_228' title='bbox 977 2776 1323 2830; x_wconf 71' lang='lat' dir='ltr'><strong>smctilai-ilius</strong></span> <span class='ocrx_word' id='word_1_229' title='bbox 1352 2776 1612 2845; x_wconf 90' lang='lat' dir='ltr'><strong>implicari</strong></span> <span class='ocrx_word' id='word_1_230' title='bbox 1645 2778 1885 2846; x_wconf 85' lang='lat' dir='ltr'><strong>negotiis.</strong></span> <span class='ocrx_word' id='word_1_231' title='bbox 1910 2786 1967 2832; x_wconf 92' lang='lat' dir='ltr'><strong>et</strong></span> 
     </span>
    </p>
   </div>
   <div class='ocr_carea' id='block_1_30' title="bbox 387 2863 1962 2939">
    <p class='ocr_par' dir='ltr' id='par_1_30' title="bbox 387 2863 1962 2939">
     <span class='ocr_line' id='line_1_30' title="bbox 387 2863 1962 2939; baseline 0.004 -21"><span class='ocrx_word' id='word_1_232' title='bbox 387 2863 451 2918; x_wconf 87' lang='lat' dir='ltr'><strong>lis</strong></span> <span class='ocrx_word' id='word_1_233' title='bbox 490 2880 608 2932; x_wconf 73' lang='lat' dir='ltr'><strong>qua:</strong></span> <span class='ocrx_word' id='word_1_234' title='bbox 656 2864 907 2932; x_wconf 83' lang='lat' dir='ltr'><strong>pra-clara</strong></span> <span class='ocrx_word' id='word_1_235' title='bbox 952 2880 1073 2919; x_wconf 87' lang='lat' dir='ltr'><strong>esse</strong></span> <span class='ocrx_word' id='word_1_236' title='bbox 1101 2866 1348 2922; x_wconf 80' lang='lat' dir='ltr'><strong>videntur</strong></span> <span class='ocrx_word' id='word_1_237' title='bbox 1391 2868 1731 2925; x_wconf 89' lang='lat' dir='ltr'><strong>circumdari.</strong></span> <span class='ocrx_word' id='word_1_238' title='bbox 1780 2869 1962 2939; x_wconf 84' lang='lat' dir='ltr'><strong>Neque</strong></span> 
     </span>
    </p>
   </div>
   <div class='ocr_carea' id='block_1_31' title="bbox 380 2957 1961 3026">
    <p class='ocr_par' dir='ltr' id='par_1_31' title="bbox 380 2957 1961 3026">
     <span class='ocr_line' id='line_1_31' title="bbox 380 2957 1961 3026; baseline 0.003 -15"><span class='ocrx_word' id='word_1_239' title='bbox 380 2957 524 3011; x_wconf 76' lang='lat' dir='ltr'><strong>eiiim</strong></span> <span class='ocrx_word' id='word_1_240' title='bbox 552 2959 639 3010; x_wconf 92' lang='lat' dir='ltr'><strong>uni</strong></span> <span class='ocrx_word' id='word_1_241' title='bbox 670 2957 889 3011; x_wconf 86' lang='lat' dir='ltr'><strong>domino</strong></span> <span class='ocrx_word' id='word_1_242' title='bbox 908 2958 961 3012; x_wconf 88' lang='lat' dir='ltr'><strong>hi</strong></span> <span class='ocrx_word' id='word_1_243' title='bbox 990 2958 1185 3012; x_wconf 85' lang='lat' dir='ltr'><strong>subditi</strong></span> <span class='ocrx_word' id='word_1_244' title='bbox 1212 2968 1356 3025; x_wconf 91' lang='lat' dir='ltr'><strong>sunt,</strong></span> <span class='ocrx_word' id='word_1_245' title='bbox 1385 2961 1464 3013; x_wconf 89' lang='lat' dir='ltr'><strong>vel</strong></span> <span class='ocrx_word' id='word_1_246' title='bbox 1493 2960 1720 3026; x_wconf 86' lang='lat' dir='ltr'><strong>duobus,</strong></span> <span class='ocrx_word' id='word_1_247' title='bbox 1752 2960 1837 3015; x_wconf 84' lang='lat' dir='ltr'><strong>vel</strong></span> <span class='ocrx_word' id='word_1_248' title='bbox 1865 2962 1961 3015; x_wconf 81' lang='lat' dir='ltr'><strong>tri-</strong></span> 
     </span>
    </p>
   </div>
   <div class='ocr_carea' id='block_1_32' title="bbox 381 3049 1928 3119">
    <p class='ocr_par' dir='ltr' id='par_1_32' title="bbox 381 3049 1928 3119">
     <span class='ocr_line' id='line_1_32' title="bbox 381 3049 1928 3119; baseline 0.003 -16"><span class='ocrx_word' id='word_1_249' title='bbox 381 3049 502 3114; x_wconf 87' lang='lat' dir='ltr'><strong>bus,</strong></span> <span class='ocrx_word' id='word_1_250' title='bbox 532 3049 626 3104; x_wconf 89' lang='lat' dir='ltr'><strong>sed</strong></span> <span class='ocrx_word' id='word_1_251' title='bbox 658 3050 910 3105; x_wconf 76' lang='lat' dir='ltr'><strong>millenis.</strong></span> <span class='ocrx_word' id='word_1_252' title='bbox 942 3051 1085 3117; x_wconf 84' lang='lat' dir='ltr'><strong>Quos</strong></span> <span class='ocrx_word' id='word_1_253' title='bbox 1112 3052 1155 3105; x_wconf 88' lang='lat' dir='ltr'><strong>si</strong></span> <span class='ocrx_word' id='word_1_254' title='bbox 1190 3052 1391 3119; x_wconf 90' lang='lat' dir='ltr'><strong>placeat</strong></span> <span class='ocrx_word' id='word_1_255' title='bbox 1419 3069 1756 3118; x_wconf 81' lang='lat' dir='ltr'><strong>enumerare,</strong></span> <span class='ocrx_word' id='word_1_256' title='bbox 1788 3053 1928 3108; x_wconf 86' lang='lat' dir='ltr'><strong>addu</strong></span> 
     </span>
    </p>
   </div>
   <div class='ocr_carea' id='block_1_33' title="bbox 378 3141 1961 3214">
    <p class='ocr_par' dir='ltr' id='par_1_33' title="bbox 378 3141 1961 3214">
     <span class='ocr_line' id='line_1_33' title="bbox 378 3141 1961 3214; baseline 0.005 -24"><span class='ocrx_word' id='word_1_257' title='bbox 378 3154 562 3193; x_wconf 82' lang='lat' dir='ltr'><strong>eamus</strong></span> <span class='ocrx_word' id='word_1_258' title='bbox 588 3142 638 3193; x_wconf 91' lang='lat' dir='ltr'><strong>in</strong></span> <span class='ocrx_word' id='word_1_259' title='bbox 670 3141 901 3195; x_wconf 91' lang='lat' dir='ltr'><strong>medium</strong></span> <span class='ocrx_word' id='word_1_260' title='bbox 923 3143 1223 3212; x_wconf 86' lang='lat' dir='ltr'><strong>quempiam</strong></span> <span class='ocrx_word' id='word_1_261' title='bbox 1252 3158 1436 3197; x_wconf 90' lang='lat' dir='ltr'><strong>eorum</strong></span> <span class='ocrx_word' id='word_1_262' title='bbox 1460 3145 1545 3211; x_wconf 87' lang='lat' dir='ltr'><strong>qui</strong></span> <span class='ocrx_word' id='word_1_263' title='bbox 1578 3144 1627 3197; x_wconf 92' lang='lat' dir='ltr'><strong>in</strong></span> <span class='ocrx_word' id='word_1_264' title='bbox 1661 3145 1801 3214; x_wconf 87' lang='lat' dir='ltr'><strong>regia</strong></span> <span class='ocrx_word' id='word_1_265' title='bbox 1827 3161 1961 3212; x_wconf 69' lang='lat' dir='ltr'><strong>prm-</strong></span> 
     </span>
    </p>
   </div>
   <div class='ocr_carea' id='block_1_34' title="bbox 381 3231 1955 3304">
    <p class='ocr_par' dir='ltr' id='par_1_34' title="bbox 381 3231 1955 3304">
     <span class='ocr_line' id='line_1_34' title="bbox 381 3231 1955 3304; baseline 0.004 -20"><span class='ocrx_word' id='word_1_266' title='bbox 381 3231 510 3285; x_wconf 88' lang='lat' dir='ltr'><strong>elari</strong></span> <span class='ocrx_word' id='word_1_267' title='bbox 561 3232 901 3302; x_wconf 79' lang='lat' dir='ltr'><strong>insignesque</strong></span> <span class='ocrx_word' id='word_1_268' title='bbox 956 3244 1110 3299; x_wconf 91' lang='lat' dir='ltr'><strong>sunt;</strong></span> <span class='ocrx_word' id='word_1_269' title='bbox 1163 3235 1268 3288; x_wconf 88' lang='lat' dir='ltr'><strong>sint</strong></span> <span class='ocrx_word' id='word_1_270' title='bbox 1320 3236 1392 3290; x_wconf 92' lang='lat' dir='ltr'><strong>illi</strong></span> <span class='ocrx_word' id='word_1_271' title='bbox 1449 3237 1686 3304; x_wconf 76' lang='lat' dir='ltr'><strong>pecunia:</strong></span> <span class='ocrx_word' id='word_1_272' title='bbox 1740 3238 1955 3299; x_wconf 53' lang='lat' dir='ltr'><strong>multa».</strong></span> 
     </span>
    </p>
   </div>
   <div class='ocr_carea' id='block_1_35' title="bbox 383 3322 1953 3392">
    <p class='ocr_par' dir='ltr' id='par_1_35' title="bbox 383 3322 1953 3392">
     <span class='ocr_line' id='line_1_35' title="bbox 383 3322 1953 3392; baseline 0.004 -18"><span class='ocrx_word' id='word_1_273' title='bbox 383 3322 617 3389; x_wconf 86' lang='lat' dir='ltr'><strong>potentia</strong></span> <span class='ocrx_word' id='word_1_274' title='bbox 648 3337 859 3391; x_wconf 86' lang='lat' dir='ltr'><strong>magna,</strong></span> <span class='ocrx_word' id='word_1_275' title='bbox 894 3325 1075 3392; x_wconf 73' lang='lat' dir='ltr'><strong>patria:</strong></span> <span class='ocrx_word' id='word_1_276' title='bbox 1102 3325 1383 3392; x_wconf 87' lang='lat' dir='ltr'><strong>splendor,</strong></span> <span class='ocrx_word' id='word_1_277' title='bbox 1412 3327 1493 3381; x_wconf 91' lang='lat' dir='ltr'><strong>avi</strong></span> <span class='ocrx_word' id='word_1_278' title='bbox 1527 3327 1794 3391; x_wconf 85' lang='lat' dir='ltr'><strong>illustres,</strong></span> <span class='ocrx_word' id='word_1_279' title='bbox 1826 3343 1953 3381; x_wconf 91' lang='lat' dir='ltr'><strong>ocu-</strong></span> 
     </span>
    </p>
   </div>
   <div class='ocr_carea' id='block_1_36' title="bbox 379 3413 1954 3485">
    <p class='ocr_par' dir='ltr' id='par_1_36' title="bbox 379 3413 1954 3485">
     <span class='ocr_line' id='line_1_36' title="bbox 379 3413 1954 3485; baseline 0.006 -22"><span class='ocrx_word' id='word_1_280' title='bbox 379 3413 563 3481; x_wconf 90' lang='lat' dir='ltr'><strong>losque</strong></span> <span class='ocrx_word' id='word_1_281' title='bbox 583 3413 818 3467; x_wconf 86' lang='lat' dir='ltr'><strong>onmium</strong></span> <span class='ocrx_word' id='word_1_282' title='bbox 843 3413 912 3466; x_wconf 85' lang='lat' dir='ltr'><strong>ad</strong></span> <span class='ocrx_word' id='word_1_283' title='bbox 939 3429 997 3469; x_wconf 89' lang='lat' dir='ltr'><strong>se</strong></span> <span class='ocrx_word' id='word_1_284' title='bbox 1016 3416 1302 3483; x_wconf 77' lang='lat' dir='ltr'><strong>pet-trahat.</strong></span> <span class='ocrx_word' id='word_1_285' title='bbox 1332 3417 1612 3470; x_wconf 67' lang='lat' dir='ltr'><strong>\‘ideatnus</strong></span> <span class='ocrx_word' id='word_1_286' title='bbox 1634 3434 1759 3485; x_wconf 82' lang='lat' dir='ltr'><strong>ergo</strong></span> <span class='ocrx_word' id='word_1_287' title='bbox 1778 3433 1954 3472; x_wconf 83' lang='lat' dir='ltr'><strong>auuun</strong></span> 
     </span>
    </p>
   </div>
   <div class='ocr_carea' id='block_1_37' title="bbox 346 3484 1955 3578">
    <p class='ocr_par' dir='ltr' id='par_1_37' title="bbox 346 3484 1955 3578">
     <span class='ocr_line' id='line_1_37' title="bbox 346 3484 1955 3578; baseline 0.005 -22"><span class='ocrx_word' id='word_1_288' title='bbox 346 3484 465 3557; x_wconf 41' lang='lat' dir='ltr'><strong>&#39;ille</strong></span> <span class='ocrx_word' id='word_1_289' title='bbox 497 3504 733 3557; x_wconf 88' lang='lat' dir='ltr'><strong>omnium</strong></span> <span class='ocrx_word' id='word_1_290' title='bbox 765 3519 1036 3559; x_wconf 85' lang='lat' dir='ltr'><strong>servorum</strong></span> <span class='ocrx_word' id='word_1_291' title='bbox 1069 3507 1458 3575; x_wconf 69' lang='lat' dir='ltr'><strong>abjeetissinms</strong></span> <span class='ocrx_word' id='word_1_292' title='bbox 1478 3509 1543 3561; x_wconf 78' lang='lat' dir='ltr'><strong>sit</strong></span> <span class='ocrx_word' id='word_1_293' title='bbox 1580 3525 1592 3561; x_wconf 93' lang='lat'><strong>:</strong></span> <span class='ocrx_word' id='word_1_294' title='bbox 1624 3524 1955 3578; x_wconf 81' lang='lat' dir='ltr'><strong>apponamus</strong></span> 
     </span>
    </p>
   </div>
   <div class='ocr_carea' id='block_1_38' title="bbox 374 3595 1954 3663">
    <p class='ocr_par' dir='ltr' id='par_1_38' title="bbox 374 3595 1954 3663">
     <span class='ocr_line' id='line_1_38' title="bbox 374 3595 1954 3663; baseline 0.003 -14"><span class='ocrx_word' id='word_1_295' title='bbox 374 3595 476 3663; x_wconf 85' lang='lat' dir='ltr'><strong>ipsi</strong></span> <span class='ocrx_word' id='word_1_296' title='bbox 506 3609 611 3648; x_wconf 91' lang='lat' dir='ltr'><strong>non</strong></span> <span class='ocrx_word' id='word_1_297' title='bbox 637 3596 797 3649; x_wconf 89' lang='lat' dir='ltr'><strong>modo</strong></span> <span class='ocrx_word' id='word_1_298' title='bbox 816 3612 1050 3659; x_wconf 83' lang='lat' dir='ltr'><strong>servum,</strong></span> <span class='ocrx_word' id='word_1_299' title='bbox 1079 3598 1170 3650; x_wconf 82' lang='lat' dir='ltr'><strong>sed</strong></span> <span class='ocrx_word' id='word_1_300' title='bbox 1196 3599 1334 3653; x_wconf 80' lang='lat' dir='ltr'><strong>servi</strong></span> <span class='ocrx_word' id='word_1_301' title='bbox 1357 3614 1604 3663; x_wconf 84' lang='lat' dir='ltr'><strong>servum;</strong></span> <span class='ocrx_word' id='word_1_302' title='bbox 1635 3601 1782 3654; x_wconf 88' lang='lat' dir='ltr'><strong>multi</strong></span> <span class='ocrx_word' id='word_1_303' title='bbox 1806 3618 1954 3655; x_wconf 87' lang='lat' dir='ltr'><strong>nam-</strong></span> 
     </span>
    </p>
   </div>
   <div class='ocr_carea' id='block_1_39' title="bbox 376 3685 1953 3754">
    <p class='ocr_par' dir='ltr' id='par_1_39' title="bbox 376 3685 1953 3754">
     <span class='ocr_line' id='line_1_39' title="bbox 376 3685 1953 3754; baseline 0.004 -14"><span class='ocrx_word' id='word_1_304' title='bbox 376 3701 481 3754; x_wconf 88' lang='lat' dir='ltr'><strong>que</strong></span> <span class='ocrx_word' id='word_1_305' title='bbox 525 3685 935 3741; x_wconf 86' lang='lat' dir='ltr'><strong>domesticorum</strong></span> <span class='ocrx_word' id='word_1_306' title='bbox 985 3704 1171 3746; x_wconf 84' lang='lat' dir='ltr'><strong>servos</strong></span> <span class='ocrx_word' id='word_1_307' title='bbox 1202 3690 1416 3743; x_wconf 80' lang='lat' dir='ltr'><strong>habent.</strong></span> <span class='ocrx_word' id='word_1_308' title='bbox 1463 3692 1554 3745; x_wconf 88' lang='lat' dir='ltr'><strong>llic</strong></span> <span class='ocrx_word' id='word_1_309' title='bbox 1581 3702 1727 3747; x_wconf 83' lang='lat' dir='ltr'><strong>certe</strong></span> <span class='ocrx_word' id='word_1_310' title='bbox 1768 3708 1953 3747; x_wconf 72' lang='lat' dir='ltr'><strong>servus</strong></span> 
     </span>
    </p>
   </div>
   <div class='ocr_carea' id='block_1_40' title="bbox 376 3777 1951 3846">
    <p class='ocr_par' dir='ltr' id='par_1_40' title="bbox 376 3777 1951 3846">
     <span class='ocr_line' id='line_1_40' title="bbox 376 3777 1951 3846; baseline 0.004 -15"><span class='ocrx_word' id='word_1_311' title='bbox 376 3777 537 3841; x_wconf 86' lang='lat' dir='ltr'><strong>servi,</strong></span> <span class='ocrx_word' id='word_1_312' title='bbox 567 3792 730 3831; x_wconf 87' lang='lat' dir='ltr'><strong>unmn</strong></span> <span class='ocrx_word' id='word_1_313' title='bbox 762 3778 922 3832; x_wconf 87' lang='lat' dir='ltr'><strong>habet</strong></span> <span class='ocrx_word' id='word_1_314' title='bbox 954 3780 1163 3833; x_wconf 89' lang='lat' dir='ltr'><strong>herum.</strong></span> <span class='ocrx_word' id='word_1_315' title='bbox 1190 3782 1324 3846; x_wconf 81' lang='lat' dir='ltr'><strong>Quid</strong></span> <span class='ocrx_word' id='word_1_316' title='bbox 1353 3782 1495 3835; x_wconf 91' lang='lat' dir='ltr'><strong>enim</strong></span> <span class='ocrx_word' id='word_1_317' title='bbox 1536 3783 1727 3846; x_wconf 78' lang='lat' dir='ltr'><strong>refert,</strong></span> <span class='ocrx_word' id='word_1_318' title='bbox 1758 3783 1803 3836; x_wconf 90' lang='lat' dir='ltr'><strong>si</strong></span> <span class='ocrx_word' id='word_1_319' title='bbox 1847 3800 1951 3837; x_wconf 93' lang='lat' dir='ltr'><strong>non</strong></span> 
     </span>
    </p>
   </div>
   <div class='ocr_carea' id='block_1_41' title="bbox 376 3867 1951 3944">
    <p class='ocr_par' dir='ltr' id='par_1_41' title="bbox 376 3867 1951 3944">
     <span class='ocr_line' id='line_1_41' title="bbox 376 3867 1951 3944; baseline 0.004 -22"><span class='ocrx_word' id='word_1_320' title='bbox 376 3867 510 3924; x_wconf 91' lang='lat' dir='ltr'><strong>liber</strong></span> <span class='ocrx_word' id='word_1_321' title='bbox 538 3868 609 3923; x_wconf 88' lang='lat' dir='ltr'><strong>sit</strong></span> <span class='ocrx_word' id='word_1_322' title='bbox 644 3867 838 3924; x_wconf 86' lang='lat' dir='ltr'><strong>herus?</strong></span> <span class='ocrx_word' id='word_1_323' title='bbox 867 3868 1038 3925; x_wconf 88' lang='lat' dir='ltr'><strong>Unum</strong></span> <span class='ocrx_word' id='word_1_324' title='bbox 1068 3878 1241 3925; x_wconf 86' lang='lat' dir='ltr'><strong>tamen</strong></span> <span class='ocrx_word' id='word_1_325' title='bbox 1276 3871 1465 3937; x_wconf 73' lang='lat' dir='ltr'><strong>habet,</strong></span> <span class='ocrx_word' id='word_1_326' title='bbox 1496 3874 1702 3944; x_wconf 90' lang='lat' dir='ltr'><strong>etquid</strong></span> <span class='ocrx_word' id='word_1_327' title='bbox 1738 3873 1812 3928; x_wconf 92' lang='lat' dir='ltr'><strong>illi</strong></span> <span class='ocrx_word' id='word_1_328' title='bbox 1843 3874 1951 3943; x_wconf 82' lang='lat' dir='ltr'><strong>pla-</strong></span> 
     </span>
    </p>
   </div>
   <div class='ocr_carea' id='block_1_42' title="bbox 370 3960 1951 4024">
    <p class='ocr_par' dir='ltr' id='par_1_42' title="bbox 370 3960 1951 4024">
     <span class='ocr_line' id='line_1_42' title="bbox 370 3960 1951 4024; baseline 0.005 -8"><span class='ocrx_word' id='word_1_329' title='bbox 370 3968 489 4016; x_wconf 86' lang='lat' dir='ltr'><strong>ceat</strong></span> <span class='ocrx_word' id='word_1_330' title='bbox 524 3960 773 4014; x_wconf 86' lang='lat' dir='ltr'><strong>observat</strong></span> <span class='ocrx_word' id='word_1_331' title='bbox 804 3970 1025 4016; x_wconf 90' lang='lat' dir='ltr'><strong>tantum.</strong></span> <span class='ocrx_word' id='word_1_332' title='bbox 1059 3963 1207 4019; x_wconf 88' lang='lat' dir='ltr'><strong>Licet</strong></span> <span class='ocrx_word' id='word_1_333' title='bbox 1245 3966 1389 4021; x_wconf 85' lang='lat' dir='ltr'><strong>enim</strong></span> <span class='ocrx_word' id='word_1_334' title='bbox 1424 3965 1673 4021; x_wconf 67' lang='lat' dir='ltr'><strong>demicus</strong></span> <span class='ocrx_word' id='word_1_335' title='bbox 1704 3966 1817 4023; x_wconf 88' lang='lat' dir='ltr'><strong>heri</strong></span> <span class='ocrx_word' id='word_1_336' title='bbox 1868 3968 1951 4024; x_wconf 90' lang='lat' dir='ltr'><strong>sui</strong></span> 
     </span>
    </p>
   </div>
   <div class='ocr_carea' id='block_1_43' title="bbox 378 4049 1950 4120">
    <p class='ocr_par' dir='ltr' id='par_1_43' title="bbox 378 4049 1950 4120">
     <span class='ocr_line' id='line_1_43' title="bbox 378 4049 1950 4120; baseline 0.007 -17"><span class='ocrx_word' id='word_1_337' title='bbox 378 4049 613 4104; x_wconf 85' lang='lat' dir='ltr'><strong>rideatur</strong></span> <span class='ocrx_word' id='word_1_338' title='bbox 636 4050 734 4105; x_wconf 86' lang='lat' dir='ltr'><strong>sibi</strong></span> <span class='ocrx_word' id='word_1_339' title='bbox 777 4052 1061 4120; x_wconf 90' lang='lat' dir='ltr'><strong>imperare,</strong></span> <span class='ocrx_word' id='word_1_340' title='bbox 1095 4054 1181 4109; x_wconf 92' lang='lat' dir='ltr'><strong>ille</strong></span> <span class='ocrx_word' id='word_1_341' title='bbox 1218 4066 1393 4110; x_wconf 90' lang='lat' dir='ltr'><strong>tamen</strong></span> <span class='ocrx_word' id='word_1_342' title='bbox 1424 4057 1512 4110; x_wconf 91' lang='lat' dir='ltr'><strong>uni</strong></span> <span class='ocrx_word' id='word_1_343' title='bbox 1557 4067 1757 4112; x_wconf 84' lang='lat' dir='ltr'><strong>tantum</strong></span> <span class='ocrx_word' id='word_1_344' title='bbox 1790 4059 1950 4114; x_wconf 86' lang='lat' dir='ltr'><strong>obse-</strong></span> 
     </span>
    </p>
   </div>
   <div class='ocr_carea' id='block_1_44' title="bbox 371 4140 1947 4216">
    <p class='ocr_par' dir='ltr' id='par_1_44' title="bbox 371 4140 1947 4216">
     <span class='ocr_line' id='line_1_44' title="bbox 371 4140 1947 4216; baseline 0.006 -24"><span class='ocrx_word' id='word_1_345' title='bbox 371 4140 553 4208; x_wconf 89' lang='lat' dir='ltr'><strong>quitur</strong></span> <span class='ocrx_word' id='word_1_346' title='bbox 582 4148 672 4194; x_wconf 90' lang='lat' dir='ltr'><strong>:et</strong></span> <span class='ocrx_word' id='word_1_347' title='bbox 704 4141 746 4193; x_wconf 91' lang='lat' dir='ltr'><strong>si</strong></span> <span class='ocrx_word' id='word_1_348' title='bbox 782 4157 870 4195; x_wconf 88' lang='lat' dir='ltr'><strong>res</strong></span> <span class='ocrx_word' id='word_1_349' title='bbox 895 4142 1009 4210; x_wconf 88' lang='lat' dir='ltr'><strong>ejus</strong></span> <span class='ocrx_word' id='word_1_350' title='bbox 1037 4142 1171 4197; x_wconf 85' lang='lat' dir='ltr'><strong>bene</strong></span> <span class='ocrx_word' id='word_1_351' title='bbox 1200 4143 1449 4206; x_wconf 75' lang='lat' dir='ltr'><strong>habeant,</strong></span> <span class='ocrx_word' id='word_1_352' title='bbox 1480 4149 1764 4216; x_wconf 89' lang='lat' dir='ltr'><strong>tranquille</strong></span> <span class='ocrx_word' id='word_1_353' title='bbox 1787 4158 1947 4202; x_wconf 91' lang='lat' dir='ltr'><strong>totam</strong></span> 
     </span>
    </p>
   </div>
   <div class='ocr_carea' id='block_1_45' title="bbox 371 4232 1945 4305">
    <p class='ocr_par' dir='ltr' id='par_1_45' title="bbox 371 4232 1945 4305">
     <span class='ocr_line' id='line_1_45' title="bbox 371 4232 1945 4305; baseline 0.006 -21"><span class='ocrx_word' id='word_1_354' title='bbox 371 4242 493 4299; x_wconf 82' lang='lat' dir='ltr'><strong>aget</strong></span> <span class='ocrx_word' id='word_1_355' title='bbox 520 4232 703 4285; x_wconf 88' lang='lat' dir='ltr'><strong>vitam.</strong></span> <span class='ocrx_word' id='word_1_356' title='bbox 734 4232 804 4285; x_wconf 82' lang='lat' dir='ltr'><strong>At</strong></span> <span class='ocrx_word' id='word_1_357' title='bbox 831 4232 980 4286; x_wconf 84' lang='lat' dir='ltr'><strong>dives</strong></span> <span class='ocrx_word' id='word_1_358' title='bbox 1008 4233 1092 4287; x_wconf 91' lang='lat' dir='ltr'><strong>hic</strong></span> <span class='ocrx_word' id='word_1_359' title='bbox 1118 4249 1221 4287; x_wconf 91' lang='lat' dir='ltr'><strong>non</strong></span> <span class='ocrx_word' id='word_1_360' title='bbox 1252 4251 1412 4287; x_wconf 90' lang='lat' dir='ltr'><strong>unum</strong></span> <span class='ocrx_word' id='word_1_361' title='bbox 1443 4245 1645 4291; x_wconf 88' lang='lat' dir='ltr'><strong>tantum</strong></span> <span class='ocrx_word' id='word_1_362' title='bbox 1678 4239 1760 4292; x_wconf 89' lang='lat' dir='ltr'><strong>vel</strong></span> <span class='ocrx_word' id='word_1_363' title='bbox 1790 4238 1945 4305; x_wconf 89' lang='lat' dir='ltr'><strong>duos,</strong></span> 
     </span>
    </p>
   </div>
   <div class='ocr_carea' id='block_1_46' title="bbox 371 4321 1951 4400">
    <p class='ocr_par' dir='ltr' id='par_1_46' title="bbox 371 4321 1951 4400">
     <span class='ocr_line' id='line_1_46' title="bbox 371 4321 1951 4400; baseline 0.007 -24"><span class='ocrx_word' id='word_1_364' title='bbox 371 4321 466 4376; x_wconf 84' lang='lat' dir='ltr'><strong>sed</strong></span> <span class='ocrx_word' id='word_1_365' title='bbox 502 4321 766 4390; x_wconf 88' lang='lat' dir='ltr'><strong>plurimos</strong></span> <span class='ocrx_word' id='word_1_366' title='bbox 804 4333 857 4377; x_wconf 92' lang='lat' dir='ltr'><strong>et</strong></span> <span class='ocrx_word' id='word_1_367' title='bbox 902 4324 1136 4377; x_wconf 88' lang='lat' dir='ltr'><strong>acriores</strong></span> <span class='ocrx_word' id='word_1_368' title='bbox 1166 4324 1327 4380; x_wconf 90' lang='lat' dir='ltr'><strong>habet</strong></span> <span class='ocrx_word' id='word_1_369' title='bbox 1353 4325 1599 4382; x_wconf 88' lang='lat' dir='ltr'><strong>dominos</strong></span> <span class='ocrx_word' id='word_1_370' title='bbox 1639 4348 1651 4383; x_wconf 89' lang='lat'><strong>:</strong></span> <span class='ocrx_word' id='word_1_371' title='bbox 1689 4346 1751 4385; x_wconf 90' lang='lat' dir='ltr'><strong>ac</strong></span> <span class='ocrx_word' id='word_1_372' title='bbox 1781 4333 1951 4400; x_wconf 83' lang='lat' dir='ltr'><strong>primo</strong></span> 
     </span>
    </p>
   </div>
   <div class='ocr_carea' id='block_1_47' title="bbox 372 4411 1949 4487">
    <p class='ocr_par' dir='ltr' id='par_1_47' title="bbox 372 4411 1949 4487">
     <span class='ocr_line' id='line_1_47' title="bbox 372 4411 1949 4487; baseline 0.009 -23"><span class='ocrx_word' id='word_1_373' title='bbox 372 4411 543 4480; x_wconf 86' lang='lat' dir='ltr'><strong>ipsum</strong></span> <span class='ocrx_word' id='word_1_374' title='bbox 574 4426 750 4481; x_wconf 85' lang='lat' dir='ltr'><strong>regem</strong></span> <span class='ocrx_word' id='word_1_375' title='bbox 782 4412 1006 4469; x_wconf 90' lang='lat' dir='ltr'><strong>sollicite</strong></span> <span class='ocrx_word' id='word_1_376' title='bbox 1030 4426 1202 4471; x_wconf 87' lang='lat' dir='ltr'><strong>curat.</strong></span> <span class='ocrx_word' id='word_1_377' title='bbox 1229 4417 1344 4471; x_wconf 88' lang='lat' dir='ltr'><strong>Non</strong></span> <span class='ocrx_word' id='word_1_378' title='bbox 1364 4434 1459 4487; x_wconf 87' lang='lat' dir='ltr'><strong>par</strong></span> <span class='ocrx_word' id='word_1_379' title='bbox 1477 4430 1559 4474; x_wconf 90' lang='lat' dir='ltr'><strong>est</strong></span> <span class='ocrx_word' id='word_1_380' title='bbox 1586 4432 1763 4475; x_wconf 88' lang='lat' dir='ltr'><strong>autem</strong></span> <span class='ocrx_word' id='word_1_381' title='bbox 1792 4423 1949 4478; x_wconf 89' lang='lat' dir='ltr'><strong>vilem</strong></span> 
     </span>
    </p>
   </div>
   <div class='ocr_carea' id='block_1_48' title="bbox 372 4502 1949 4581">
    <p class='ocr_par' dir='ltr' id='par_1_48' title="bbox 372 4502 1949 4581">
     <span class='ocr_line' id='line_1_48' title="bbox 372 4502 1949 4581; baseline 0.009 -25"><span class='ocrx_word' id='word_1_382' title='bbox 372 4502 570 4558; x_wconf 89' lang='lat' dir='ltr'><strong>habere</strong></span> <span class='ocrx_word' id='word_1_383' title='bbox 594 4502 889 4570; x_wconf 91' lang='lat' dir='ltr'><strong>dominum,</strong></span> <span class='ocrx_word' id='word_1_384' title='bbox 916 4516 1004 4560; x_wconf 89' lang='lat' dir='ltr'><strong>aut</strong></span> <span class='ocrx_word' id='word_1_385' title='bbox 1029 4522 1205 4576; x_wconf 85' lang='lat' dir='ltr'><strong>regem</strong></span> <span class='ocrx_word' id='word_1_386' title='bbox 1240 4509 1433 4579; x_wconf 88' lang='lat' dir='ltr'><strong>ipsum,</strong></span> <span class='ocrx_word' id='word_1_387' title='bbox 1461 4513 1551 4581; x_wconf 88' lang='lat' dir='ltr'><strong>qui</strong></span> <span class='ocrx_word' id='word_1_388' title='bbox 1584 4514 1765 4570; x_wconf 86' lang='lat' dir='ltr'><strong>nmltis</strong></span> <span class='ocrx_word' id='word_1_389' title='bbox 1806 4516 1949 4569; x_wconf 87' lang='lat' dir='ltr'><strong>insu-</strong></span> 
     </span>
    </p>
   </div>
   <div class='ocr_carea' id='block_1_49' title="bbox 369 4594 1947 4665">
    <p class='ocr_par' dir='ltr' id='par_1_49' title="bbox 369 4594 1947 4665">
     <span class='ocr_line' id='line_1_49' title="bbox 369 4594 1947 4665; baseline 0.006 -17"><span class='ocrx_word' id='word_1_390' title='bbox 369 4594 705 4649; x_wconf 84' lang='lat' dir='ltr'><strong>surrantibus</strong></span> <span class='ocrx_word' id='word_1_391' title='bbox 729 4610 888 4649; x_wconf 89' lang='lat' dir='ltr'><strong>aures</strong></span> <span class='ocrx_word' id='word_1_392' title='bbox 909 4597 1128 4665; x_wconf 64' lang='lat' dir='ltr'><strong>praebet,</strong></span> <span class='ocrx_word' id='word_1_393' title='bbox 1160 4608 1214 4654; x_wconf 91' lang='lat' dir='ltr'><strong>et</strong></span> <span class='ocrx_word' id='word_1_394' title='bbox 1253 4617 1393 4656; x_wconf 91' lang='lat' dir='ltr'><strong>nunc</strong></span> <span class='ocrx_word' id='word_1_395' title='bbox 1420 4600 1535 4665; x_wconf 87' lang='lat' dir='ltr'><strong>his,</strong></span> <span class='ocrx_word' id='word_1_396' title='bbox 1569 4621 1709 4659; x_wconf 90' lang='lat' dir='ltr'><strong>nunc</strong></span> <span class='ocrx_word' id='word_1_397' title='bbox 1737 4606 1840 4660; x_wconf 92' lang='lat' dir='ltr'><strong>illis</strong></span> <span class='ocrx_word' id='word_1_398' title='bbox 1872 4608 1947 4658; x_wconf 81' lang='lat' dir='ltr'><strong>ta-</strong></span> 
     </span>
    </p>
   </div>
   <div class='ocr_carea' id='block_1_50' title="bbox 370 4684 1950 4763">
    <p class='ocr_par' dir='ltr' id='par_1_50' title="bbox 370 4684 1950 4763">
     <span class='ocr_line' id='line_1_50' title="bbox 370 4684 1950 4763; baseline 0.012 -29"><span class='ocrx_word' id='word_1_399' title='bbox 370 4694 480 4738; x_wconf 89' lang='lat' dir='ltr'><strong>vet.</strong></span> <span class='ocrx_word' id='word_1_400' title='bbox 516 4684 613 4738; x_wconf 88' lang='lat' dir='ltr'><strong>llic</strong></span> <span class='ocrx_word' id='word_1_401' title='bbox 642 4686 849 4740; x_wconf 90' lang='lat' dir='ltr'><strong>etiamsi</strong></span> <span class='ocrx_word' id='word_1_402' title='bbox 880 4689 1074 4745; x_wconf 89' lang='lat' dir='ltr'><strong>nullius</strong></span> <span class='ocrx_word' id='word_1_403' title='bbox 1094 4692 1216 4745; x_wconf 90' lang='lat' dir='ltr'><strong>mali</strong></span> <span class='ocrx_word' id='word_1_404' title='bbox 1244 4692 1343 4747; x_wconf 88' lang='lat' dir='ltr'><strong>sibi</strong></span> <span class='ocrx_word' id='word_1_405' title='bbox 1369 4696 1617 4748; x_wconf 82' lang='lat' dir='ltr'><strong>conscius</strong></span> <span class='ocrx_word' id='word_1_406' title='bbox 1645 4698 1733 4763; x_wconf 90' lang='lat' dir='ltr'><strong>sit,</strong></span> <span class='ocrx_word' id='word_1_407' title='bbox 1762 4713 1950 4753; x_wconf 91' lang='lat' dir='ltr'><strong>omnes</strong></span> 
     </span>
    </p>
   </div>
   <div class='ocr_carea' id='block_1_51' title="bbox 366 4776 1945 4858">
    <p class='ocr_par' dir='ltr' id='par_1_51' title="bbox 366 4776 1945 4858">
     <span class='ocr_line' id='line_1_51' title="bbox 366 4776 1945 4858; baseline 0.01 -31"><span class='ocrx_word' id='word_1_408' title='bbox 366 4785 647 4845; x_wconf 80' lang='lat' dir='ltr'><strong>suspectos</strong></span> <span class='ocrx_word' id='word_1_409' title='bbox 690 4776 870 4841; x_wconf 84' lang='lat' dir='ltr'><strong>habet,</strong></span> <span class='ocrx_word' id='word_1_410' title='bbox 904 4787 1011 4833; x_wconf 87' lang='lat' dir='ltr'><strong>tam</strong></span> <span class='ocrx_word' id='word_1_411' title='bbox 1050 4782 1227 4836; x_wconf 91' lang='lat' dir='ltr'><strong>socios</strong></span> <span class='ocrx_word' id='word_1_412' title='bbox 1272 4782 1325 4837; x_wconf 91' lang='lat' dir='ltr'><strong>in</strong></span> <span class='ocrx_word' id='word_1_413' title='bbox 1372 4786 1557 4839; x_wconf 89' lang='lat' dir='ltr'><strong>militia</strong></span> <span class='ocrx_word' id='word_1_414' title='bbox 1598 4797 1652 4841; x_wconf 88' lang='lat' dir='ltr'><strong>et</strong></span> <span class='ocrx_word' id='word_1_415' title='bbox 1677 4790 1945 4858; x_wconf 70' lang='lat' dir='ltr'><strong>teqnales,</strong></span> 
     </span>
    </p>
   </div>
   <div class='ocr_carea' id='block_1_52' title="bbox 366 4865 1949 4948">
    <p class='ocr_par' dir='ltr' id='par_1_52' title="bbox 366 4865 1949 4948">
     <span class='ocr_line' id='line_1_52' title="bbox 366 4865 1949 4948; baseline 0.013 -32"><span class='ocrx_word' id='word_1_416' title='bbox 366 4880 525 4931; x_wconf 90' lang='lat' dir='ltr'><strong>quam</strong></span> <span class='ocrx_word' id='word_1_417' title='bbox 564 4865 828 4931; x_wconf 86' lang='lat' dir='ltr'><strong>subditos,</strong></span> <span class='ocrx_word' id='word_1_418' title='bbox 860 4871 1059 4925; x_wconf 91' lang='lat' dir='ltr'><strong>amicos</strong></span> <span class='ocrx_word' id='word_1_419' title='bbox 1090 4882 1141 4926; x_wconf 91' lang='lat' dir='ltr'><strong>et</strong></span> <span class='ocrx_word' id='word_1_420' title='bbox 1170 4874 1433 4930; x_wconf 91' lang='lat' dir='ltr'><strong>inimicos.</strong></span> <span class='ocrx_word' id='word_1_421' title='bbox 1464 4878 1566 4943; x_wconf 82' lang='lat' dir='ltr'><strong>At,</strong></span> <span class='ocrx_word' id='word_1_422' title='bbox 1608 4879 1834 4948; x_wconf 87' lang='lat' dir='ltr'><strong>inquies,</strong></span> <span class='ocrx_word' id='word_1_423' title='bbox 1863 4882 1949 4936; x_wconf 91' lang='lat' dir='ltr'><strong>hic</strong></span> 
     </span>
    </p>
   </div>
   <div class='ocr_carea' id='block_1_53' title="bbox 370 4956 1942 5038">
    <p class='ocr_par' dir='ltr' id='par_1_53' title="bbox 370 4956 1942 5038">
     <span class='ocr_line' id='line_1_53' title="bbox 370 4956 1942 5038; baseline 0.012 -31"><span class='ocrx_word' id='word_1_424' title='bbox 370 4970 585 5024; x_wconf 88' lang='lat' dir='ltr'><strong>quoque</strong></span> <span class='ocrx_word' id='word_1_425' title='bbox 632 4956 821 5012; x_wconf 86' lang='lat' dir='ltr'><strong>herum</strong></span> <span class='ocrx_word' id='word_1_426' title='bbox 867 4974 1019 5014; x_wconf 90' lang='lat' dir='ltr'><strong>suum</strong></span> <span class='ocrx_word' id='word_1_427' title='bbox 1051 4964 1217 5016; x_wconf 87' lang='lat' dir='ltr'><strong>timet.</strong></span> <span class='ocrx_word' id='word_1_428' title='bbox 1269 4966 1372 5020; x_wconf 90' lang='lat' dir='ltr'><strong>Sed</strong></span> <span class='ocrx_word' id='word_1_429' title='bbox 1419 4983 1543 5020; x_wconf 90' lang='lat' dir='ltr'><strong>num</strong></span> <span class='ocrx_word' id='word_1_430' title='bbox 1588 4985 1682 5037; x_wconf 91' lang='lat' dir='ltr'><strong>par</strong></span> <span class='ocrx_word' id='word_1_431' title='bbox 1720 4987 1805 5025; x_wconf 90' lang='lat' dir='ltr'><strong>res</strong></span> <span class='ocrx_word' id='word_1_432' title='bbox 1843 4984 1942 5038; x_wconf 86' lang='lat' dir='ltr'><strong>est,</strong></span> 
     </span>
    </p>
   </div>
   <div class='ocr_carea' id='block_1_54' title="bbox 368 5047 1947 5120">
    <p class='ocr_par' dir='ltr' id='par_1_54' title="bbox 368 5047 1947 5120">
     <span class='ocr_line' id='line_1_54' title="bbox 368 5047 1947 5120; baseline 0.014 -24"><span class='ocrx_word' id='word_1_433' title='bbox 368 5057 533 5097; x_wconf 89' lang='lat' dir='ltr'><strong>unum</strong></span> <span class='ocrx_word' id='word_1_434' title='bbox 569 5054 660 5097; x_wconf 88' lang='lat' dir='ltr'><strong>aut</strong></span> <span class='ocrx_word' id='word_1_435' title='bbox 701 5047 895 5100; x_wconf 87' lang='lat' dir='ltr'><strong>multos</strong></span> <span class='ocrx_word' id='word_1_436' title='bbox 925 5049 1123 5104; x_wconf 88' lang='lat' dir='ltr'><strong>habere</strong></span> <span class='ocrx_word' id='word_1_437' title='bbox 1160 5069 1296 5120; x_wconf 86' lang='lat' dir='ltr'><strong>quos</strong></span> <span class='ocrx_word' id='word_1_438' title='bbox 1336 5056 1561 5110; x_wconf 88' lang='lat' dir='ltr'><strong>timeas?</strong></span> <span class='ocrx_word' id='word_1_439' title='bbox 1593 5059 1702 5113; x_wconf 87' lang='lat' dir='ltr'><strong>hno</strong></span> <span class='ocrx_word' id='word_1_440' title='bbox 1741 5078 1865 5116; x_wconf 90' lang='lat' dir='ltr'><strong>vero</strong></span> <span class='ocrx_word' id='word_1_441' title='bbox 1902 5064 1947 5117; x_wconf 75' lang='lat' dir='ltr'><strong>si</strong></span> 
     </span>
    </p>
   </div>
   <div class='ocr_carea' id='block_1_55' title="bbox 367 5134 1949 5221">
    <p class='ocr_par' dir='ltr' id='par_1_55' title="bbox 367 5134 1949 5221">
     <span class='ocr_line' id='line_1_55' title="bbox 367 5134 1949 5221; baseline 0.015 -35"><span class='ocrx_word' id='word_1_442' title='bbox 367 5134 487 5203; x_wconf 89' lang='lat' dir='ltr'><strong>quis</strong></span> <span class='ocrx_word' id='word_1_443' title='bbox 517 5150 630 5189; x_wconf 79' lang='lat' dir='ltr'><strong>rem</strong></span> <span class='ocrx_word' id='word_1_444' title='bbox 656 5147 902 5191; x_wconf 80' lang='lat' dir='ltr'><strong>accurate</strong></span> <span class='ocrx_word' id='word_1_445' title='bbox 932 5142 1220 5207; x_wconf 75' lang='lat' dir='ltr'><strong>examinet,</strong></span> <span class='ocrx_word' id='word_1_446' title='bbox 1256 5145 1359 5208; x_wconf 92' lang='lat' dir='ltr'><strong>hic,</strong></span> <span class='ocrx_word' id='word_1_447' title='bbox 1388 5162 1492 5214; x_wconf 91' lang='lat' dir='ltr'><strong>quo</strong></span> <span class='ocrx_word' id='word_1_448' title='bbox 1518 5148 1585 5202; x_wconf 93' lang='lat' dir='ltr'><strong>de</strong></span> <span class='ocrx_word' id='word_1_449' title='bbox 1610 5152 1847 5221; x_wconf 80' lang='lat' dir='ltr'><strong>agimus,</strong></span> <span class='ocrx_word' id='word_1_450' title='bbox 1880 5172 1949 5209; x_wconf 81' lang='lat' dir='ltr'><strong>ne</strong></span> 
     </span>
    </p>
   </div>
   <div class='ocr_carea' id='block_1_56' title="bbox 368 5225 1919 5314">
    <p class='ocr_par' dir='ltr' id='par_1_56' title="bbox 368 5225 1919 5314">
     <span class='ocr_line' id='line_1_56' title="bbox 368 5225 1919 5314; baseline 0.016 -38"><span class='ocrx_word' id='word_1_451' title='bbox 368 5241 529 5279; x_wconf 87' lang='lat' dir='ltr'><strong>unutn</strong></span> <span class='ocrx_word' id='word_1_452' title='bbox 554 5225 770 5295; x_wconf 88' lang='lat' dir='ltr'><strong>quidem</strong></span> <span class='ocrx_word' id='word_1_453' title='bbox 799 5226 955 5281; x_wconf 86' lang='lat' dir='ltr'><strong>habet</strong></span> <span class='ocrx_word' id='word_1_454' title='bbox 981 5230 1275 5287; x_wconf 89' lang='lat' dir='ltr'><strong>dominum.</strong></span> <span class='ocrx_word' id='word_1_455' title='bbox 1301 5236 1600 5305; x_wconf 80' lang='lat' dir='ltr'><strong>Quomodo,</strong></span> <span class='ocrx_word' id='word_1_456' title='bbox 1624 5244 1705 5297; x_wconf 87' lang='lat' dir='ltr'><strong>vel</strong></span> <span class='ocrx_word' id='word_1_457' title='bbox 1734 5261 1835 5314; x_wconf 92' lang='lat' dir='ltr'><strong>qna</strong></span> <span class='ocrx_word' id='word_1_458' title='bbox 1863 5263 1919 5301; x_wconf 93' lang='lat' dir='ltr'><strong>ra</strong></span> 
     </span>
    </p>
   </div>
   <div class='ocr_carea' id='block_1_57' title="bbox 367 5316 1941 5399">
    <p class='ocr_par' dir='ltr' id='par_1_57' title="bbox 367 5316 1941 5399">
     <span class='ocr_line' id='line_1_57' title="bbox 367 5316 1941 5399; baseline 0.017 -34"><span class='ocrx_word' id='word_1_459' title='bbox 367 5317 551 5371; x_wconf 89' lang='lat' dir='ltr'><strong>tione?</strong></span> <span class='ocrx_word' id='word_1_460' title='bbox 591 5316 741 5371; x_wconf 90' lang='lat' dir='ltr'><strong>llunc</strong></span> <span class='ocrx_word' id='word_1_461' title='bbox 770 5335 927 5373; x_wconf 79' lang='lat' dir='ltr'><strong>uerno</strong></span> <span class='ocrx_word' id='word_1_462' title='bbox 964 5322 1109 5391; x_wconf 87' lang='lat' dir='ltr'><strong>ettpit</strong></span> <span class='ocrx_word' id='word_1_463' title='bbox 1139 5340 1204 5378; x_wconf 80' lang='lat' dir='ltr'><strong>ex</strong></span> <span class='ocrx_word' id='word_1_464' title='bbox 1231 5329 1485 5383; x_wconf 87' lang='lat' dir='ltr'><strong>servitute</strong></span> <span class='ocrx_word' id='word_1_465' title='bbox 1514 5331 1729 5399; x_wconf 85' lang='lat' dir='ltr'><strong>ejicere,</strong></span> <span class='ocrx_word' id='word_1_466' title='bbox 1762 5351 1824 5389; x_wconf 90' lang='lat' dir='ltr'><strong>ac</strong></span> <span class='ocrx_word' id='word_1_467' title='bbox 1861 5354 1941 5391; x_wconf 84' lang='lat' dir='ltr'><strong>se-</strong></span> 
     </span>
    </p>
   </div>
   <div class='ocr_carea' id='block_1_58' title="bbox 369 5407 1947 5487">
    <p class='ocr_par' dir='ltr' id='par_1_58' title="bbox 369 5407 1947 5487">
     <span class='ocr_line' id='line_1_58' title="bbox 369 5407 1947 5487; baseline 0.017 -30"><span class='ocrx_word' id='word_1_468' title='bbox 369 5414 541 5473; x_wconf 83' lang='lat' dir='ltr'><strong>tpsum</strong></span> <span class='ocrx_word' id='word_1_469' title='bbox 577 5408 630 5462; x_wconf 90' lang='lat' dir='ltr'><strong>in</strong></span> <span class='ocrx_word' id='word_1_470' title='bbox 654 5407 770 5477; x_wconf 91' lang='lat' dir='ltr'><strong>ejus</strong></span> <span class='ocrx_word' id='word_1_471' title='bbox 797 5411 969 5466; x_wconf 89' lang='lat' dir='ltr'><strong>locum</strong></span> <span class='ocrx_word' id='word_1_472' title='bbox 993 5414 1455 5487; x_wconf 88' lang='lat' dir='ltr'><strong>intrudere,quare</strong></span> <span class='ocrx_word' id='word_1_473' title='bbox 1486 5425 1751 5480; x_wconf 89' lang='lat' dir='ltr'><strong>neminem</strong></span> <span class='ocrx_word' id='word_1_474' title='bbox 1784 5428 1834 5482; x_wconf 91' lang='lat' dir='ltr'><strong>in</strong></span> <span class='ocrx_word' id='word_1_475' title='bbox 1864 5429 1947 5486; x_wconf 92' lang='lat' dir='ltr'><strong>his</strong></span> 
     </span>
    </p>
   </div>
   <div class='ocr_carea' id='block_1_59' title="bbox 371 5498 1943 5583">
    <p class='ocr_par' dir='ltr' id='par_1_59' title="bbox 371 5498 1943 5583">
     <span class='ocr_line' id='line_1_59' title="bbox 371 5498 1943 5583; baseline 0.017 -35"><span class='ocrx_word' id='word_1_476' title='bbox 371 5498 468 5549; x_wconf 66' lang='lat' dir='ltr'><strong>sibi</strong></span> <span class='ocrx_word' id='word_1_477' title='bbox 497 5498 835 5554; x_wconf 86' lang='lat' dir='ltr'><strong>insidiantem</strong></span> <span class='ocrx_word' id='word_1_478' title='bbox 868 5502 1064 5558; x_wconf 89' lang='lat' dir='ltr'><strong>habet:</strong></span> <span class='ocrx_word' id='word_1_479' title='bbox 1100 5508 1203 5561; x_wconf 91' lang='lat' dir='ltr'><strong>illis</strong></span> <span class='ocrx_word' id='word_1_480' title='bbox 1231 5526 1358 5563; x_wconf 86' lang='lat' dir='ltr'><strong>vero</strong></span> <span class='ocrx_word' id='word_1_481' title='bbox 1379 5512 1521 5566; x_wconf 89' lang='lat' dir='ltr'><strong>nulla</strong></span> <span class='ocrx_word' id='word_1_482' title='bbox 1548 5515 1647 5568; x_wconf 89' lang='lat' dir='ltr'><strong>alia</strong></span> <span class='ocrx_word' id='word_1_483' title='bbox 1676 5534 1802 5571; x_wconf 85' lang='lat' dir='ltr'><strong>cura</strong></span> <span class='ocrx_word' id='word_1_484' title='bbox 1830 5530 1943 5583; x_wconf 91' lang='lat' dir='ltr'><strong>est,</strong></span> 
     </span>
    </p>
   </div>
   <div class='ocr_carea' id='block_1_60' title="bbox 371 5593 1948 5679">
    <p class='ocr_par' dir='ltr' id='par_1_60' title="bbox 371 5593 1948 5679">
     <span class='ocr_line' id='line_1_60' title="bbox 371 5593 1948 5679; baseline 0.018 -42"><span class='ocrx_word' id='word_1_485' title='bbox 371 5602 528 5654; x_wconf 89' lang='lat' dir='ltr'><strong>quam</strong></span> <span class='ocrx_word' id='word_1_486' title='bbox 558 5598 612 5641; x_wconf 90' lang='lat' dir='ltr'><strong>ut</strong></span> <span class='ocrx_word' id='word_1_487' title='bbox 638 5605 758 5643; x_wconf 89' lang='lat' dir='ltr'><strong>cum</strong></span> <span class='ocrx_word' id='word_1_488' title='bbox 784 5593 870 5659; x_wconf 90' lang='lat' dir='ltr'><strong>qui</strong></span> <span class='ocrx_word' id='word_1_489' title='bbox 901 5596 1130 5651; x_wconf 75' lang='lat' dir='ltr'><strong>maxime</strong></span> <span class='ocrx_word' id='word_1_490' title='bbox 1155 5601 1477 5668; x_wconf 87' lang='lat' dir='ltr'><strong>conspicuus</strong></span> <span class='ocrx_word' id='word_1_491' title='bbox 1501 5604 1588 5669; x_wconf 92' lang='lat' dir='ltr'><strong>sit,</strong></span> <span class='ocrx_word' id='word_1_492' title='bbox 1613 5616 1667 5660; x_wconf 91' lang='lat' dir='ltr'><strong>et</strong></span> <span class='ocrx_word' id='word_1_493' title='bbox 1694 5611 1861 5679; x_wconf 85' lang='lat' dir='ltr'><strong>magis</strong></span> <span class='ocrx_word' id='word_1_494' title='bbox 1882 5612 1948 5665; x_wconf 91' lang='lat' dir='ltr'><strong>ab</strong></span> 
     </span>
    </p>
   </div>
   <div class='ocr_carea' id='block_1_61' title="bbox 375 5680 1947 5764">
    <p class='ocr_par' dir='ltr' id='par_1_61' title="bbox 375 5680 1947 5764">
     <span class='ocr_line' id='line_1_61' title="bbox 375 5680 1947 5764; baseline 0.017 -32"><span class='ocrx_word' id='word_1_495' title='bbox 375 5689 669 5747; x_wconf 80' lang='lat' dir='ltr'><strong>tntperante</strong></span> <span class='ocrx_word' id='word_1_496' title='bbox 695 5680 966 5752; x_wconf 79' lang='lat' dir='ltr'><strong>diligatur,</strong></span> <span class='ocrx_word' id='word_1_497' title='bbox 997 5687 1309 5755; x_wconf 83' lang='lat' dir='ltr'><strong>deturbem;</strong></span> <span class='ocrx_word' id='word_1_498' title='bbox 1339 5707 1660 5764; x_wconf 85' lang='lat' dir='ltr'><strong>quapropter</strong></span> <span class='ocrx_word' id='word_1_499' title='bbox 1699 5701 1947 5758; x_wconf 83' lang='lat' dir='ltr'><strong>munibus</strong></span> 
     </span>
    </p>
   </div>
   <div class='ocr_carea' id='block_1_62' title="bbox 1180 288 3001 351">
    <p class='ocr_par' dir='ltr' id='par_1_62' title="bbox 1180 288 3001 351">
     <span class='ocr_line' id='line_1_62' title="bbox 1180 288 3001 351; baseline 0.002 -6"><span class='ocrx_word' id='word_1_500' title='bbox 1180 296 1237 346; x_wconf 73' lang='lat' dir='ltr'><strong>S.</strong></span> <span class='ocrx_word' id='word_1_501' title='bbox 1278 293 1555 349; x_wconf 63' lang='lat' dir='ltr'><strong>J0.\.\&#39;.\&#39;i$</strong></span> <span class='ocrx_word' id='word_1_502' title='bbox 1591 288 2062 347; x_wconf 68' lang='lat' dir='ltr'><strong>CilllYSOSTOMl</strong></span> <span class='ocrx_word' id='word_1_503' title='bbox 2102 289 2422 347; x_wconf 68' lang='lat' dir='ltr'><strong>AllClllEP.</strong></span> <span class='ocrx_word' id='word_1_504' title='bbox 2462 292 3001 351; x_wconf 72' lang='lat' dir='ltr'><strong>CONSTANTINOP.</strong></span> 
     </span>
    </p>
   </div>
   <div class='ocr_carea' id='block_1_63' title="bbox 3574 297 3679 352">
    <p class='ocr_par' dir='ltr' id='par_1_63' title="bbox 3574 297 3679 352">
     <span class='ocr_line' id='line_1_63' title="bbox 3574 297 3679 352; baseline 0.01 -1"><span class='ocrx_word' id='word_1_505' title='bbox 3574 297 3679 352; x_wconf 67' lang='lat'><strong>57‘1</strong></span> 
     </span>
    </p>
   </div>
   <div class='ocr_carea' id='block_1_64' title="bbox 2100 402 3675 477">
    <p class='ocr_par' dir='ltr' id='par_1_64' title="bbox 2100 402 3675 477">
     <span class='ocr_line' id='line_1_64' title="bbox 2100 402 3675 477; baseline 0.004 -22"><span class='ocrx_word' id='word_1_506' title='bbox 2100 402 2304 457; x_wconf 87' lang='lat' dir='ltr'><strong>adulari</strong></span> <span class='ocrx_word' id='word_1_507' title='bbox 2342 419 2563 461; x_wconf 86' lang='lat' dir='ltr'><strong>necesse</strong></span> <span class='ocrx_word' id='word_1_508' title='bbox 2590 414 2691 469; x_wconf 88' lang='lat' dir='ltr'><strong>est,</strong></span> <span class='ocrx_word' id='word_1_509' title='bbox 2724 406 3034 476; x_wconf 77' lang='lat' dir='ltr'><strong>majoribus,</strong></span> <span class='ocrx_word' id='word_1_510' title='bbox 3068 407 3302 477; x_wconf 87' lang='lat' dir='ltr'><strong>paribus,</strong></span> <span class='ocrx_word' id='word_1_511' title='bbox 3341 409 3545 465; x_wconf 86' lang='lat' dir='ltr'><strong>amicis.</strong></span> <span class='ocrx_word' id='word_1_512' title='bbox 3575 409 3675 467; x_wconf 84' lang='lat' dir='ltr'><strong>Ubi</strong></span> 
     </span>
    </p>
   </div>
   <div class='ocr_carea' id='block_1_65' title="bbox 2088 495 3675 570">
    <p class='ocr_par' dir='ltr' id='par_1_65' title="bbox 2088 495 3675 570">
     <span class='ocr_line' id='line_1_65' title="bbox 2088 495 3675 570; baseline 0.006 -24"><span class='ocrx_word' id='word_1_513' title='bbox 2088 495 2229 548; x_wconf 89' lang='lat' dir='ltr'><strong>enim</strong></span> <span class='ocrx_word' id='word_1_514' title='bbox 2250 495 2443 549; x_wconf 88' lang='lat' dir='ltr'><strong>invidia</strong></span> <span class='ocrx_word' id='word_1_515' title='bbox 2465 509 2517 550; x_wconf 88' lang='lat' dir='ltr'><strong>et</strong></span> <span class='ocrx_word' id='word_1_516' title='bbox 2539 497 2721 566; x_wconf 75' lang='lat' dir='ltr'><strong>gloria:</strong></span> <span class='ocrx_word' id='word_1_517' title='bbox 2750 514 2903 552; x_wconf 91' lang='lat' dir='ltr'><strong>amor</strong></span> <span class='ocrx_word' id='word_1_518' title='bbox 2923 509 3024 561; x_wconf 89' lang='lat' dir='ltr'><strong>est,</strong></span> <span class='ocrx_word' id='word_1_519' title='bbox 3050 515 3153 553; x_wconf 91' lang='lat' dir='ltr'><strong>non</strong></span> <span class='ocrx_word' id='word_1_520' title='bbox 3177 500 3386 554; x_wconf 71' lang='lat' dir='ltr'><strong>sincera</strong></span> <span class='ocrx_word' id='word_1_521' title='bbox 3412 503 3675 570; x_wconf 86' lang='lat' dir='ltr'><strong>reperitur</strong></span> 
     </span>
    </p>
   </div>
   <div class='ocr_carea' id='block_1_66' title="bbox 2090 585 3670 660">
    <p class='ocr_par' dir='ltr' id='par_1_66' title="bbox 2090 585 3670 660">
     <span class='ocr_line' id='line_1_66' title="bbox 2090 585 3670 660; baseline 0.004 -21"><span class='ocrx_word' id='word_1_522' title='bbox 2090 585 2345 640; x_wconf 71' lang='lat' dir='ltr'><strong>amicitia.</strong></span> <span class='ocrx_word' id='word_1_523' title='bbox 2372 585 2502 639; x_wconf 85' lang='lat' dir='ltr'><strong>Nam</strong></span> <span class='ocrx_word' id='word_1_524' title='bbox 2534 588 2669 641; x_wconf 86' lang='lat' dir='ltr'><strong>sicut</strong></span> <span class='ocrx_word' id='word_1_525' title='bbox 2696 588 2933 657; x_wconf 89' lang='lat' dir='ltr'><strong>ejusdem</strong></span> <span class='ocrx_word' id='word_1_526' title='bbox 2970 590 3101 643; x_wconf 85' lang='lat' dir='ltr'><strong>artis</strong></span> <span class='ocrx_word' id='word_1_527' title='bbox 3140 590 3358 660; x_wconf 81' lang='lat' dir='ltr'><strong>opiﬁces</strong></span> <span class='ocrx_word' id='word_1_528' title='bbox 3384 608 3670 660; x_wconf 87' lang='lat' dir='ltr'><strong>numquam</strong></span> 
     </span>
    </p>
   </div>
   <div class='ocr_carea' id='block_1_67' title="bbox 2092 679 3673 752">
    <p class='ocr_par' dir='ltr' id='par_1_67' title="bbox 2092 679 3673 752">
     <span class='ocr_line' id='line_1_67' title="bbox 2092 679 3673 752; baseline 0.005 -23"><span class='ocrx_word' id='word_1_529' title='bbox 2092 689 2149 731; x_wconf 89' lang='lat' dir='ltr'><strong>se</strong></span> <span class='ocrx_word' id='word_1_530' title='bbox 2182 686 2364 731; x_wconf 89' lang='lat' dir='ltr'><strong>mutuo</strong></span> <span class='ocrx_word' id='word_1_531' title='bbox 2390 679 2597 733; x_wconf 90' lang='lat' dir='ltr'><strong>sincere</strong></span> <span class='ocrx_word' id='word_1_532' title='bbox 2622 680 2867 749; x_wconf 87' lang='lat' dir='ltr'><strong>diligunt,</strong></span> <span class='ocrx_word' id='word_1_533' title='bbox 2897 682 2974 734; x_wconf 88' lang='lat' dir='ltr'><strong>sic</strong></span> <span class='ocrx_word' id='word_1_534' title='bbox 2998 697 3097 736; x_wconf 81' lang='lat' dir='ltr'><strong>nec</strong></span> <span class='ocrx_word' id='word_1_535' title='bbox 3119 682 3150 734; x_wconf 92' lang='lat' dir='ltr'><strong>ii</strong></span> <span class='ocrx_word' id='word_1_536' title='bbox 3180 684 3267 752; x_wconf 93' lang='lat' dir='ltr'><strong>qui</strong></span> <span class='ocrx_word' id='word_1_537' title='bbox 3296 684 3405 751; x_wconf 89' lang='lat' dir='ltr'><strong>pari</strong></span> <span class='ocrx_word' id='word_1_538' title='bbox 3435 694 3554 737; x_wconf 90' lang='lat' dir='ltr'><strong>sunt</strong></span> <span class='ocrx_word' id='word_1_539' title='bbox 3579 685 3673 737; x_wconf 84' lang='lat' dir='ltr'><strong>ho-</strong></span> 
     </span>
    </p>
   </div>
   <div class='ocr_carea' id='block_1_68' title="bbox 2093 769 3672 837">
    <p class='ocr_par' dir='ltr' id='par_1_68' title="bbox 2093 769 3672 837">
     <span class='ocr_line' id='line_1_68' title="bbox 2093 769 3672 837; baseline 0.009 -19"><span class='ocrx_word' id='word_1_540' title='bbox 2093 781 2247 831; x_wconf 87' lang='lat' dir='ltr'><strong>nore,</strong></span> <span class='ocrx_word' id='word_1_541' title='bbox 2281 783 2378 821; x_wconf 89' lang='lat' dir='ltr'><strong>nec</strong></span> <span class='ocrx_word' id='word_1_542' title='bbox 2409 769 2441 821; x_wconf 92' lang='lat' dir='ltr'><strong>ii</strong></span> <span class='ocrx_word' id='word_1_543' title='bbox 2472 770 2559 837; x_wconf 91' lang='lat' dir='ltr'><strong>qui</strong></span> <span class='ocrx_word' id='word_1_544' title='bbox 2594 769 2645 823; x_wconf 92' lang='lat' dir='ltr'><strong>in</strong></span> <span class='ocrx_word' id='word_1_545' title='bbox 2674 770 3020 824; x_wconf 74' lang='lat' dir='ltr'><strong>smcnlarihus</strong></span> <span class='ocrx_word' id='word_1_546' title='bbox 3060 772 3219 828; x_wconf 87' lang='lat' dir='ltr'><strong>rebus</strong></span> <span class='ocrx_word' id='word_1_547' title='bbox 3248 773 3435 826; x_wconf 87' lang='lat' dir='ltr'><strong>eadem</strong></span> <span class='ocrx_word' id='word_1_548' title='bbox 3468 784 3672 833; x_wconf 89' lang='lat' dir='ltr'><strong>amant.</strong></span> 
     </span>
    </p>
   </div>
   <div class='ocr_carea' id='block_1_69' title="bbox 2088 856 3659 921">
    <p class='ocr_par' dir='ltr' id='par_1_69' title="bbox 2088 856 3659 921">
     <span class='ocr_line' id='line_1_69' title="bbox 2088 856 3659 921; baseline 0.008 -15"><span class='ocrx_word' id='word_1_549' title='bbox 2088 856 2448 921; x_wconf 87' lang='lat' dir='ltr'><strong>Quamobrem</strong></span> <span class='ocrx_word' id='word_1_550' title='bbox 2479 857 2676 913; x_wconf 62' lang='lat' dir='ltr'><strong>bellum</strong></span> <span class='ocrx_word' id='word_1_551' title='bbox 2714 861 2854 914; x_wconf 92' lang='lat' dir='ltr'><strong>intus</strong></span> <span class='ocrx_word' id='word_1_552' title='bbox 2897 862 3119 916; x_wconf 89' lang='lat' dir='ltr'><strong>multum</strong></span> <span class='ocrx_word' id='word_1_553' title='bbox 3152 873 3255 917; x_wconf 80' lang='lat' dir='ltr'><strong>est.</strong></span> <span class='ocrx_word' id='word_1_554' title='bbox 3301 864 3541 919; x_wconf 85' lang='lat' dir='ltr'><strong>Vidistin&#39;</strong></span> <span class='ocrx_word' id='word_1_555' title='bbox 3571 867 3659 919; x_wconf 88' lang='lat' dir='ltr'><strong>do-</strong></span> 
     </span>
    </p>
   </div>
   <div class='ocr_carea' id='block_1_70' title="bbox 2090 948 3672 1025">
    <p class='ocr_par' dir='ltr' id='par_1_70' title="bbox 2090 948 3672 1025">
     <span class='ocr_line' id='line_1_70' title="bbox 2090 948 3672 1025; baseline 0.008 -27"><span class='ocrx_word' id='word_1_556' title='bbox 2090 948 2388 1011; x_wconf 87' lang='lat' dir='ltr'><strong>minorum,</strong></span> <span class='ocrx_word' id='word_1_557' title='bbox 2421 965 2711 1017; x_wconf 81' lang='lat' dir='ltr'><strong>eorumque</strong></span> <span class='ocrx_word' id='word_1_558' title='bbox 2753 953 3186 1021; x_wconf 83' lang='lat' dir='ltr'><strong>gravissimorum</strong></span> <span class='ocrx_word' id='word_1_559' title='bbox 3232 955 3415 1025; x_wconf 82' lang='lat' dir='ltr'><strong>ingens</strong></span> <span class='ocrx_word' id='word_1_560' title='bbox 3442 958 3672 1024; x_wconf 78' lang='lat' dir='ltr'><strong>agmen?</strong></span> 
     </span>
    </p>
   </div>
   <div class='ocr_carea' id='block_1_71' title="bbox 2093 1039 3669 1115">
    <p class='ocr_par' dir='ltr' id='par_1_71' title="bbox 2093 1039 3669 1115">
     <span class='ocr_line' id='line_1_71' title="bbox 2093 1039 3669 1115; baseline 0.006 -23"><span class='ocrx_word' id='word_1_561' title='bbox 2093 1039 2180 1093; x_wconf 78' lang='lat' dir='ltr'><strong>Vis</strong></span> <span class='ocrx_word' id='word_1_562' title='bbox 2200 1040 2341 1094; x_wconf 87' lang='lat' dir='ltr'><strong>aliud</strong></span> <span class='ocrx_word' id='word_1_563' title='bbox 2362 1044 2572 1112; x_wconf 81' lang='lat' dir='ltr'><strong>gravius</strong></span> <span class='ocrx_word' id='word_1_564' title='bbox 2591 1044 2911 1099; x_wconf 56' lang='lat' dir='ltr'><strong>aderamus?</strong></span> <span class='ocrx_word' id='word_1_565' title='bbox 2932 1045 3199 1114; x_wconf 85' lang='lat' dir='ltr'><strong>Quotquot</strong></span> <span class='ocrx_word' id='word_1_566' title='bbox 3219 1057 3336 1115; x_wconf 86' lang='lat' dir='ltr'><strong>post</strong></span> <span class='ocrx_word' id='word_1_567' title='bbox 3359 1049 3502 1101; x_wconf 89' lang='lat' dir='ltr'><strong>illum</strong></span> <span class='ocrx_word' id='word_1_568' title='bbox 3522 1066 3669 1114; x_wconf 87' lang='lat' dir='ltr'><strong>sum,</strong></span> 
     </span>
    </p>
   </div>
   <div class='ocr_carea' id='block_1_72' title="bbox 2086 1134 3671 1205">
    <p class='ocr_par' dir='ltr' id='par_1_72' title="bbox 2086 1134 3671 1205">
     <span class='ocr_line' id='line_1_72' title="bbox 2086 1134 3671 1205; baseline 0.007 -20"><span class='ocrx_word' id='word_1_569' title='bbox 2086 1143 2211 1187; x_wconf 89' lang='lat' dir='ltr'><strong>ante</strong></span> <span class='ocrx_word' id='word_1_570' title='bbox 2240 1134 2389 1187; x_wconf 91' lang='lat' dir='ltr'><strong>illum</strong></span> <span class='ocrx_word' id='word_1_571' title='bbox 2421 1150 2541 1189; x_wconf 87' lang='lat' dir='ltr'><strong>esse</strong></span> <span class='ocrx_word' id='word_1_572' title='bbox 2571 1136 2814 1192; x_wconf 86' lang='lat' dir='ltr'><strong>student:</strong></span> <span class='ocrx_word' id='word_1_573' title='bbox 2843 1137 2880 1190; x_wconf 91' lang='lat' dir='ltr'><strong>ii</strong></span> <span class='ocrx_word' id='word_1_574' title='bbox 2921 1136 3008 1205; x_wconf 90' lang='lat' dir='ltr'><strong>qui</strong></span> <span class='ocrx_word' id='word_1_575' title='bbox 3039 1150 3162 1192; x_wconf 91' lang='lat' dir='ltr'><strong>ante</strong></span> <span class='ocrx_word' id='word_1_576' title='bbox 3198 1140 3375 1202; x_wconf 88' lang='lat' dir='ltr'><strong>illum,</strong></span> <span class='ocrx_word' id='word_1_577' title='bbox 3408 1151 3671 1196; x_wconf 47' lang='lat' dir='ltr'><strong>conantur</strong></span> 
     </span>
    </p>
   </div>
   <div class='ocr_carea' id='block_1_73' title="bbox 2088 1223 3665 1302">
    <p class='ocr_par' dir='ltr' id='par_1_73' title="bbox 2088 1223 3665 1302">
     <span class='ocr_line' id='line_1_73' title="bbox 2088 1223 3665 1302; baseline 0.009 -27"><span class='ocrx_word' id='word_1_578' title='bbox 2088 1223 2343 1293; x_wconf 89' lang='lat' dir='ltr'><strong>impedire</strong></span> <span class='ocrx_word' id='word_1_579' title='bbox 2357 1227 2636 1293; x_wconf 88' lang='lat' dir='ltr'><strong>quominus</strong></span> <span class='ocrx_word' id='word_1_580' title='bbox 2650 1228 2884 1296; x_wconf 69' lang='lat' dir='ltr'><strong>veljuxti</strong></span> <span class='ocrx_word' id='word_1_581' title='bbox 2901 1244 2958 1281; x_wconf 89' lang='lat' dir='ltr'><strong>se</strong></span> <span class='ocrx_word' id='word_1_582' title='bbox 2975 1231 3052 1283; x_wconf 87' lang='lat' dir='ltr'><strong>vel</strong></span> <span class='ocrx_word' id='word_1_583' title='bbox 3068 1230 3202 1284; x_wconf 84' lang='lat' dir='ltr'><strong>ultra</strong></span> <span class='ocrx_word' id='word_1_584' title='bbox 3216 1232 3373 1285; x_wconf 80' lang='lat' dir='ltr'><strong>etiam</strong></span> <span class='ocrx_word' id='word_1_585' title='bbox 3393 1234 3665 1302; x_wconf 89' lang='lat' dir='ltr'><strong>procedat.</strong></span> 
     </span>
    </p>
   </div>
   <div class='ocr_carea' id='block_1_74' title="bbox 2157 1314 3669 1389">
    <p class='ocr_par' dir='ltr' id='par_1_74' title="bbox 2157 1314 3669 1389">
     <span class='ocr_line' id='line_1_74' title="bbox 2157 1314 3669 1389; baseline 0.005 -20"><span class='ocrx_word' id='word_1_586' title='bbox 2157 1316 2210 1370; x_wconf 86' lang='lat'><strong>5.</strong></span> <span class='ocrx_word' id='word_1_587' title='bbox 2256 1314 2383 1379; x_wconf 89' lang='lat' dir='ltr'><strong>Sed,</strong></span> <span class='ocrx_word' id='word_1_588' title='bbox 2411 1332 2445 1370; x_wconf 93' lang='grc' dir='ltr'>ο</span> <span class='ocrx_word' id='word_1_589' title='bbox 2475 1334 2585 1371; x_wconf 90' lang='lat' dir='ltr'><strong>rem</strong></span> <span class='ocrx_word' id='word_1_590' title='bbox 2636 1319 2867 1374; x_wconf 85' lang='lat' dir='ltr'><strong>miram!</strong></span> <span class='ocrx_word' id='word_1_591' title='bbox 2909 1336 3008 1389; x_wconf 83' lang='lat' dir='ltr'><strong>ego</strong></span> <span class='ocrx_word' id='word_1_592' title='bbox 3054 1322 3401 1389; x_wconf 85' lang='lat' dir='ltr'><strong>promiseram</strong></span> <span class='ocrx_word' id='word_1_593' title='bbox 3448 1338 3533 1377; x_wconf 90' lang='lat' dir='ltr'><strong>me</strong></span> <span class='ocrx_word' id='word_1_594' title='bbox 3572 1324 3669 1377; x_wconf 79' lang='lat' dir='ltr'><strong>do—</strong></span> 
     </span>
    </p>
   </div>
   <div class='ocr_carea' id='block_1_75' title="bbox 2087 1406 3664 1479">
    <p class='ocr_par' dir='ltr' id='par_1_75' title="bbox 2087 1406 3664 1479">
     <span class='ocr_line' id='line_1_75' title="bbox 2087 1406 3664 1479; baseline 0.007 -24"><span class='ocrx_word' id='word_1_595' title='bbox 2087 1406 2261 1459; x_wconf 90' lang='lat' dir='ltr'><strong>minos</strong></span> <span class='ocrx_word' id='word_1_596' title='bbox 2289 1416 2626 1462; x_wconf 88' lang='lat' dir='ltr'><strong>ostensurum</strong></span> <span class='ocrx_word' id='word_1_597' title='bbox 2657 1424 2808 1474; x_wconf 80' lang='lat' dir='ltr'><strong>esse,</strong></span> <span class='ocrx_word' id='word_1_598' title='bbox 2834 1409 2927 1463; x_wconf 89' lang='lat' dir='ltr'><strong>sed</strong></span> <span class='ocrx_word' id='word_1_599' title='bbox 2953 1410 3085 1463; x_wconf 89' lang='lat' dir='ltr'><strong>ultra</strong></span> <span class='ocrx_word' id='word_1_600' title='bbox 3116 1410 3411 1479; x_wconf 81' lang='lat' dir='ltr'><strong>procedens</strong></span> <span class='ocrx_word' id='word_1_601' title='bbox 3440 1424 3664 1467; x_wconf 83' lang='lat' dir='ltr'><strong>conten-</strong></span> 
     </span>
    </p>
   </div>
   <div class='ocr_carea' id='block_1_76' title="bbox 2084 1495 3664 1570">
    <p class='ocr_par' dir='ltr' id='par_1_76' title="bbox 2084 1495 3664 1570">
     <span class='ocr_line' id='line_1_76' title="bbox 2084 1495 3664 1570; baseline 0.005 -21"><span class='ocrx_word' id='word_1_602' title='bbox 2084 1495 2325 1567; x_wconf 89' lang='lat' dir='ltr'><strong>densque</strong></span> <span class='ocrx_word' id='word_1_603' title='bbox 2362 1513 2541 1552; x_wconf 89' lang='lat' dir='ltr'><strong>sermo</strong></span> <span class='ocrx_word' id='word_1_604' title='bbox 2586 1500 2704 1570; x_wconf 91' lang='lat' dir='ltr'><strong>plus</strong></span> <span class='ocrx_word' id='word_1_605' title='bbox 2744 1516 2900 1568; x_wconf 89' lang='lat' dir='ltr'><strong>quam</strong></span> <span class='ocrx_word' id='word_1_606' title='bbox 2937 1502 3281 1570; x_wconf 86' lang='lat' dir='ltr'><strong>promiseram</strong></span> <span class='ocrx_word' id='word_1_607' title='bbox 3326 1502 3521 1565; x_wconf 83' lang='lat' dir='ltr'><strong>ell&#39;ecit,</strong></span> <span class='ocrx_word' id='word_1_608' title='bbox 3560 1505 3664 1557; x_wconf 88' lang='lat' dir='ltr'><strong>ini-</strong></span> 
     </span>
    </p>
   </div>
   <div class='ocr_carea' id='block_1_77' title="bbox 2084 1587 3665 1657">
    <p class='ocr_par' dir='ltr' id='par_1_77' title="bbox 2084 1587 3665 1657">
     <span class='ocr_line' id='line_1_77' title="bbox 2084 1587 3665 1657; baseline 0.006 -18"><span class='ocrx_word' id='word_1_609' title='bbox 2084 1587 2251 1641; x_wconf 80' lang='lat' dir='ltr'><strong>micos</strong></span> <span class='ocrx_word' id='word_1_610' title='bbox 2277 1603 2371 1657; x_wconf 91' lang='lat' dir='ltr'><strong>pro</strong></span> <span class='ocrx_word' id='word_1_611' title='bbox 2391 1589 2619 1643; x_wconf 85' lang='lat' dir='ltr'><strong>dominis</strong></span> <span class='ocrx_word' id='word_1_612' title='bbox 2642 1591 2950 1651; x_wconf 74' lang='lat' dir='ltr'><strong>ostendens,</strong></span> <span class='ocrx_word' id='word_1_613' title='bbox 2978 1591 3083 1645; x_wconf 87' lang='lat' dir='ltr'><strong>imo</strong></span> <span class='ocrx_word' id='word_1_614' title='bbox 3102 1592 3319 1646; x_wconf 87' lang='lat' dir='ltr'><strong>eosdem</strong></span> <span class='ocrx_word' id='word_1_615' title='bbox 3339 1603 3391 1647; x_wconf 92' lang='lat' dir='ltr'><strong>et</strong></span> <span class='ocrx_word' id='word_1_616' title='bbox 3420 1594 3665 1649; x_wconf 75' lang='lat' dir='ltr'><strong>inimiros</strong></span> 
     </span>
    </p>
   </div>
   <div class='ocr_carea' id='block_1_78' title="bbox 2081 1677 3663 1747">
    <p class='ocr_par' dir='ltr' id='par_1_78' title="bbox 2081 1677 3663 1747">
     <span class='ocr_line' id='line_1_78' title="bbox 2081 1677 3663 1747; baseline 0.006 -17"><span class='ocrx_word' id='word_1_617' title='bbox 2081 1686 2133 1731; x_wconf 88' lang='lat' dir='ltr'><strong>et</strong></span> <span class='ocrx_word' id='word_1_618' title='bbox 2181 1677 2463 1733; x_wconf 82' lang='lat' dir='ltr'><strong>dominos:</strong></span> <span class='ocrx_word' id='word_1_619' title='bbox 2523 1696 2641 1733; x_wconf 90' lang='lat' dir='ltr'><strong>nam</strong></span> <span class='ocrx_word' id='word_1_620' title='bbox 2690 1691 2748 1733; x_wconf 92' lang='lat' dir='ltr'><strong>ut</strong></span> <span class='ocrx_word' id='word_1_621' title='bbox 2794 1681 2993 1735; x_wconf 91' lang='lat' dir='ltr'><strong>domini</strong></span> <span class='ocrx_word' id='word_1_622' title='bbox 3048 1683 3341 1747; x_wconf 87' lang='lat' dir='ltr'><strong>coluntur;</strong></span> <span class='ocrx_word' id='word_1_623' title='bbox 3398 1684 3663 1740; x_wconf 86' lang='lat' dir='ltr'><strong>terribiles</strong></span> 
     </span>
    </p>
   </div>
   <div class='ocr_carea' id='block_1_79' title="bbox 2082 1770 3664 1839">
    <p class='ocr_par' dir='ltr' id='par_1_79' title="bbox 2082 1770 3664 1839">
     <span class='ocr_line' id='line_1_79' title="bbox 2082 1770 3664 1839; baseline 0.006 -19"><span class='ocrx_word' id='word_1_624' title='bbox 2082 1778 2254 1822; x_wconf 89' lang='lat' dir='ltr'><strong>autem</strong></span> <span class='ocrx_word' id='word_1_625' title='bbox 2300 1779 2471 1835; x_wconf 87' lang='lat' dir='ltr'><strong>sunt,</strong></span> <span class='ocrx_word' id='word_1_626' title='bbox 2521 1778 2581 1823; x_wconf 94' lang='lat' dir='ltr'><strong>ut</strong></span> <span class='ocrx_word' id='word_1_627' title='bbox 2631 1770 2871 1837; x_wconf 87' lang='lat' dir='ltr'><strong>inimici;</strong></span> <span class='ocrx_word' id='word_1_628' title='bbox 2924 1783 2978 1826; x_wconf 90' lang='lat' dir='ltr'><strong>et</strong></span> <span class='ocrx_word' id='word_1_629' title='bbox 3032 1772 3249 1828; x_wconf 85' lang='lat' dir='ltr'><strong>insidias</strong></span> <span class='ocrx_word' id='word_1_630' title='bbox 3302 1785 3553 1839; x_wconf 89' lang='lat' dir='ltr'><strong>struunt,</strong></span> <span class='ocrx_word' id='word_1_631' title='bbox 3608 1786 3664 1829; x_wconf 88' lang='lat' dir='ltr'><strong>ut</strong></span> 
     </span>
    </p>
   </div>
   <div class='ocr_carea' id='block_1_80' title="bbox 2082 1858 3662 1934">
    <p class='ocr_par' dir='ltr' id='par_1_80' title="bbox 2082 1858 3662 1934">
     <span class='ocr_line' id='line_1_80' title="bbox 2082 1858 3662 1934; baseline 0.006 -23"><span class='ocrx_word' id='word_1_632' title='bbox 2082 1858 2280 1915; x_wconf 88' lang='lat' dir='ltr'><strong>hostes.</strong></span> <span class='ocrx_word' id='word_1_633' title='bbox 2339 1863 2470 1916; x_wconf 77' lang='lat' dir='ltr'><strong>Cum</strong></span> <span class='ocrx_word' id='word_1_634' title='bbox 2524 1879 2652 1917; x_wconf 85' lang='lat' dir='ltr'><strong>vero</strong></span> <span class='ocrx_word' id='word_1_635' title='bbox 2688 1866 2807 1934; x_wconf 90' lang='lat' dir='ltr'><strong>quis</strong></span> <span class='ocrx_word' id='word_1_636' title='bbox 2854 1865 2973 1918; x_wconf 90' lang='lat' dir='ltr'><strong>illos</strong></span> <span class='ocrx_word' id='word_1_637' title='bbox 3023 1865 3181 1919; x_wconf 91' lang='lat' dir='ltr'><strong>habet</strong></span> <span class='ocrx_word' id='word_1_638' title='bbox 3218 1876 3271 1920; x_wconf 90' lang='lat' dir='ltr'><strong>et</strong></span> <span class='ocrx_word' id='word_1_639' title='bbox 3310 1868 3556 1921; x_wconf 73' lang='lat' dir='ltr'><strong>tlnllllllns</strong></span> <span class='ocrx_word' id='word_1_640' title='bbox 3607 1881 3662 1921; x_wconf 90' lang='lat' dir='ltr'><strong>et</strong></span> 
     </span>
    </p>
   </div>
   <div class='ocr_carea' id='block_1_81' title="bbox 2081 1952 3663 2026">
    <p class='ocr_par' dir='ltr' id='par_1_81' title="bbox 2081 1952 3663 2026">
     <span class='ocr_line' id='line_1_81' title="bbox 2081 1952 3663 2026; baseline 0.005 -21"><span class='ocrx_word' id='word_1_641' title='bbox 2081 1952 2353 2016; x_wconf 71' lang='lat' dir='ltr'><strong>inimicos,</strong></span> <span class='ocrx_word' id='word_1_642' title='bbox 2385 1953 2509 2025; x_wconf 86' lang='lat' dir='ltr'><strong>quid</strong></span> <span class='ocrx_word' id='word_1_643' title='bbox 2552 1955 2651 2009; x_wconf 92' lang='lat' dir='ltr'><strong>hac</strong></span> <span class='ocrx_word' id='word_1_644' title='bbox 2694 1956 2996 2010; x_wconf 84' lang='lat' dir='ltr'><strong>calamitate</strong></span> <span class='ocrx_word' id='word_1_645' title='bbox 3036 1957 3187 2026; x_wconf 87' lang='lat' dir='ltr'><strong>pejus</strong></span> <span class='ocrx_word' id='word_1_646' title='bbox 3238 1957 3435 2011; x_wconf 82' lang='lat' dir='ltr'><strong>fuerit?</strong></span> <span class='ocrx_word' id='word_1_647' title='bbox 3464 1960 3663 2013; x_wconf 85' lang='lat' dir='ltr'><strong>Servus</strong></span> 
     </span>
    </p>
   </div>
   <div class='ocr_carea' id='block_1_82' title="bbox 2079 2042 3663 2118">
    <p class='ocr_par' dir='ltr' id='par_1_82' title="bbox 2079 2042 3663 2118">
     <span class='ocr_line' id='line_1_82' title="bbox 2079 2042 3663 2118; baseline 0.004 -22"><span class='ocrx_word' id='word_1_648' title='bbox 2079 2042 2176 2096; x_wconf 83' lang='lat' dir='ltr'><strong>etsi</strong></span> <span class='ocrx_word' id='word_1_649' title='bbox 2204 2043 2327 2112; x_wconf 86' lang='lat' dir='ltr'><strong>quid</strong></span> <span class='ocrx_word' id='word_1_650' title='bbox 2355 2045 2401 2098; x_wconf 88' lang='lat' dir='ltr'><strong>ei</strong></span> <span class='ocrx_word' id='word_1_651' title='bbox 2434 2045 2792 2113; x_wconf 75' lang='lat' dir='ltr'><strong>pra-cipiatur,</strong></span> <span class='ocrx_word' id='word_1_652' title='bbox 2820 2056 3052 2100; x_wconf 88' lang='lat' dir='ltr'><strong>attamen</strong></span> <span class='ocrx_word' id='word_1_653' title='bbox 3087 2047 3459 2115; x_wconf 89' lang='lat' dir='ltr'><strong>imperantium</strong></span> <span class='ocrx_word' id='word_1_654' title='bbox 3487 2061 3535 2101; x_wconf 87' lang='lat' dir='ltr'><strong>et</strong></span> <span class='ocrx_word' id='word_1_655' title='bbox 3568 2065 3663 2118; x_wconf 81' lang='lat' dir='ltr'><strong>pa-</strong></span> 
     </span>
    </p>
   </div>
   <div class='ocr_carea' id='block_1_83' title="bbox 2079 2135 3659 2211">
    <p class='ocr_par' dir='ltr' id='par_1_83' title="bbox 2079 2135 3659 2211">
     <span class='ocr_line' id='line_1_83' title="bbox 2079 2135 3659 2211; baseline 0.004 -25"><span class='ocrx_word' id='word_1_656' title='bbox 2079 2135 2303 2189; x_wconf 86' lang='lat' dir='ltr'><strong>trocinio</strong></span> <span class='ocrx_word' id='word_1_657' title='bbox 2346 2146 2401 2190; x_wconf 89' lang='lat' dir='ltr'><strong>et</strong></span> <span class='ocrx_word' id='word_1_658' title='bbox 2450 2137 2818 2192; x_wconf 89' lang='lat' dir='ltr'><strong>benevolentia</strong></span> <span class='ocrx_word' id='word_1_659' title='bbox 2858 2138 3051 2208; x_wconf 88' lang='lat' dir='ltr'><strong>gaudet</strong></span> <span class='ocrx_word' id='word_1_660' title='bbox 3100 2158 3113 2192; x_wconf 89' lang='lat'><strong>:</strong></span> <span class='ocrx_word' id='word_1_661' title='bbox 3167 2137 3216 2192; x_wconf 87' lang='lat' dir='ltr'><strong>hi</strong></span> <span class='ocrx_word' id='word_1_662' title='bbox 3260 2151 3438 2194; x_wconf 72' lang='lat' dir='ltr'><strong>autem</strong></span> <span class='ocrx_word' id='word_1_663' title='bbox 3480 2150 3533 2194; x_wconf 91' lang='lat' dir='ltr'><strong>et</strong></span> <span class='ocrx_word' id='word_1_664' title='bbox 3568 2141 3659 2211; x_wconf 84' lang='lat' dir='ltr'><strong>jn-</strong></span> 
     </span>
    </p>
   </div>
   <div class='ocr_carea' id='block_1_84' title="bbox 2078 2226 3659 2298">
    <p class='ocr_par' dir='ltr' id='par_1_84' title="bbox 2078 2226 3659 2298">
     <span class='ocr_line' id='line_1_84' title="bbox 2078 2226 3659 2298; baseline 0.006 -21"><span class='ocrx_word' id='word_1_665' title='bbox 2078 2226 2265 2279; x_wconf 90' lang='lat' dir='ltr'><strong>bentur</strong></span> <span class='ocrx_word' id='word_1_666' title='bbox 2293 2238 2344 2280; x_wconf 89' lang='lat' dir='ltr'><strong>et</strong></span> <span class='ocrx_word' id='word_1_667' title='bbox 2374 2226 2775 2297; x_wconf 78' lang='lat' dir='ltr'><strong>impugnantur,</strong></span> <span class='ocrx_word' id='word_1_668' title='bbox 2802 2240 3049 2298; x_wconf 88' lang='lat' dir='ltr'><strong>stantque</strong></span> <span class='ocrx_word' id='word_1_669' title='bbox 3078 2230 3166 2284; x_wconf 90' lang='lat' dir='ltr'><strong>alii</strong></span> <span class='ocrx_word' id='word_1_670' title='bbox 3197 2240 3382 2283; x_wconf 89' lang='lat' dir='ltr'><strong>contra</strong></span> <span class='ocrx_word' id='word_1_671' title='bbox 3410 2230 3577 2295; x_wconf 78' lang='lat' dir='ltr'><strong>alios;</strong></span> <span class='ocrx_word' id='word_1_672' title='bbox 3605 2241 3659 2286; x_wconf 87' lang='lat' dir='ltr'><strong>et</strong></span> 
     </span>
    </p>
   </div>
   <div class='ocr_carea' id='block_1_85' title="bbox 2074 2317 3660 2391">
    <p class='ocr_par' dir='ltr' id='par_1_85' title="bbox 2074 2317 3660 2391">
     <span class='ocr_line' id='line_1_85' title="bbox 2074 2317 3660 2391; baseline 0.003 -21"><span class='ocrx_word' id='word_1_673' title='bbox 2074 2330 2140 2370; x_wconf 77' lang='lat' dir='ltr'><strong>eo</strong></span> <span class='ocrx_word' id='word_1_674' title='bbox 2186 2317 2360 2370; x_wconf 86' lang='lat' dir='ltr'><strong>acrius</strong></span> <span class='ocrx_word' id='word_1_675' title='bbox 2387 2333 2544 2386; x_wconf 79' lang='lat' dir='ltr'><strong>quam</strong></span> <span class='ocrx_word' id='word_1_676' title='bbox 2592 2319 2624 2371; x_wconf 90' lang='lat' dir='ltr'><strong>ii</strong></span> <span class='ocrx_word' id='word_1_677' title='bbox 2657 2319 2744 2389; x_wconf 91' lang='lat' dir='ltr'><strong>qui</strong></span> <span class='ocrx_word' id='word_1_678' title='bbox 2789 2331 2977 2387; x_wconf 86' lang='lat' dir='ltr'><strong>aperto</strong></span> <span class='ocrx_word' id='word_1_679' title='bbox 3023 2330 3192 2375; x_wconf 89' lang='lat' dir='ltr'><strong>marte</strong></span> <span class='ocrx_word' id='word_1_680' title='bbox 3242 2332 3513 2389; x_wconf 85' lang='lat' dir='ltr'><strong>pugnant:</strong></span> <span class='ocrx_word' id='word_1_681' title='bbox 3552 2339 3660 2391; x_wconf 86' lang='lat' dir='ltr'><strong>quo</strong></span> 
     </span>
    </p>
   </div>
   <div class='ocr_carea' id='block_1_86' title="bbox 2074 2405 3655 2479">
    <p class='ocr_par' dir='ltr' id='par_1_86' title="bbox 2074 2405 3655 2479">
     <span class='ocr_line' id='line_1_86' title="bbox 2074 2405 3655 2479; baseline 0.006 -24"><span class='ocrx_word' id='word_1_682' title='bbox 2074 2405 2123 2457; x_wconf 74' lang='lat' dir='ltr'><strong>el</strong></span> <span class='ocrx_word' id='word_1_683' title='bbox 2144 2423 2210 2458; x_wconf 89' lang='lat' dir='ltr'><strong>un</strong></span> <span class='ocrx_word' id='word_1_684' title='bbox 2238 2407 2575 2471; x_wconf 83' lang='lat' dir='ltr'><strong>ennfodiunt,</strong></span> <span class='ocrx_word' id='word_1_685' title='bbox 2607 2418 2661 2463; x_wconf 87' lang='lat' dir='ltr'><strong>et</strong></span> <span class='ocrx_word' id='word_1_686' title='bbox 2689 2408 2789 2462; x_wconf 89' lang='lat' dir='ltr'><strong>sub</strong></span> <span class='ocrx_word' id='word_1_687' title='bbox 2817 2410 3108 2465; x_wconf 87' lang='lat' dir='ltr'><strong>amicorum</strong></span> <span class='ocrx_word' id='word_1_688' title='bbox 3153 2412 3294 2465; x_wconf 89' lang='lat' dir='ltr'><strong>larva</strong></span> <span class='ocrx_word' id='word_1_689' title='bbox 3314 2453 3327 2475; x_wconf 92' lang='lat'><strong>,</strong></span> <span class='ocrx_word' id='word_1_690' title='bbox 3366 2414 3517 2479; x_wconf 83' lang='lat' dir='ltr'><strong>quasi</strong></span> <span class='ocrx_word' id='word_1_691' title='bbox 3557 2414 3655 2466; x_wconf 88' lang='lat' dir='ltr'><strong>ho-</strong></span> 
     </span>
    </p>
   </div>
   <div class='ocr_carea' id='block_1_87' title="bbox 2072 2497 3658 2570">
    <p class='ocr_par' dir='ltr' id='par_1_87' title="bbox 2072 2497 3658 2570">
     <span class='ocr_line' id='line_1_87' title="bbox 2072 2497 3658 2570; baseline 0.008 -25"><span class='ocrx_word' id='word_1_692' title='bbox 2072 2504 2182 2549; x_wconf 79' lang='lat' dir='ltr'><strong>stes</strong></span> <span class='ocrx_word' id='word_1_693' title='bbox 2210 2497 2607 2564; x_wconf 68' lang='lat' dir='ltr'><strong>aggrediuntur,</strong></span> <span class='ocrx_word' id='word_1_694' title='bbox 2643 2513 2705 2553; x_wconf 89' lang='lat' dir='ltr'><strong>ac</strong></span> <span class='ocrx_word' id='word_1_695' title='bbox 2733 2498 2801 2554; x_wconf 88' lang='lat' dir='ltr'><strong>de</strong></span> <span class='ocrx_word' id='word_1_696' title='bbox 2824 2500 3048 2553; x_wconf 87' lang='lat' dir='ltr'><strong>aliorum</strong></span> <span class='ocrx_word' id='word_1_697' title='bbox 3078 2516 3221 2570; x_wconf 76' lang='lat' dir='ltr'><strong>szupe</strong></span> <span class='ocrx_word' id='word_1_698' title='bbox 3260 2503 3658 2557; x_wconf 67' lang='lat' dir='ltr'><strong>ealanntntiints</strong></span> 
     </span>
    </p>
   </div>
   <div class='ocr_carea' id='block_1_88' title="bbox 2071 2586 3651 2657">
    <p class='ocr_par' dir='ltr' id='par_1_88' title="bbox 2071 2586 3651 2657">
     <span class='ocr_line' id='line_1_88' title="bbox 2071 2586 3651 2657; baseline 0.006 -18"><span class='ocrx_word' id='word_1_699' title='bbox 2071 2586 2171 2640; x_wconf 81' lang='lat' dir='ltr'><strong>sibi</strong></span> <span class='ocrx_word' id='word_1_700' title='bbox 2216 2589 2567 2657; x_wconf 84' lang='lat' dir='ltr'><strong>gratulantur.</strong></span> <span class='ocrx_word' id='word_1_701' title='bbox 2614 2589 2809 2645; x_wconf 78' lang='lat' dir='ltr'><strong>Verum</strong></span> <span class='ocrx_word' id='word_1_702' title='bbox 2846 2603 3026 2646; x_wconf 89' lang='lat' dir='ltr'><strong>nostra</strong></span> <span class='ocrx_word' id='word_1_703' title='bbox 3062 2608 3165 2645; x_wconf 89' lang='lat' dir='ltr'><strong>non</strong></span> <span class='ocrx_word' id='word_1_704' title='bbox 3210 2595 3276 2646; x_wconf 91' lang='lat' dir='ltr'><strong>ita</strong></span> <span class='ocrx_word' id='word_1_705' title='bbox 3321 2612 3379 2647; x_wconf 86' lang='lat' dir='ltr'><strong>se</strong></span> <span class='ocrx_word' id='word_1_706' title='bbox 3409 2595 3600 2648; x_wconf 84' lang='lat' dir='ltr'><strong>habent</strong></span> <span class='ocrx_word' id='word_1_707' title='bbox 3639 2614 3651 2648; x_wconf 92' lang='lat'>:</span> 
     </span>
    </p>
   </div>
   <div class='ocr_carea' id='block_1_89' title="bbox 2070 2683 3652 2755">
    <p class='ocr_par' dir='ltr' id='par_1_89' title="bbox 2070 2683 3652 2755">
     <span class='ocr_line' id='line_1_89' title="bbox 2070 2683 3652 2755; baseline 0.004 -21"><span class='ocrx_word' id='word_1_708' title='bbox 2070 2698 2190 2734; x_wconf 86' lang='lat' dir='ltr'><strong>nam</strong></span> <span class='ocrx_word' id='word_1_709' title='bbox 2220 2683 2263 2735; x_wconf 90' lang='lat' dir='ltr'><strong>si</strong></span> <span class='ocrx_word' id='word_1_710' title='bbox 2294 2683 2410 2752; x_wconf 86' lang='lat' dir='ltr'><strong>quis</strong></span> <span class='ocrx_word' id='word_1_711' title='bbox 2445 2684 2581 2737; x_wconf 87' lang='lat' dir='ltr'><strong>male</strong></span> <span class='ocrx_word' id='word_1_712' title='bbox 2609 2695 2765 2754; x_wconf 85' lang='lat' dir='ltr'><strong>agat,</strong></span> <span class='ocrx_word' id='word_1_713' title='bbox 2800 2685 2949 2739; x_wconf 91' lang='lat' dir='ltr'><strong>multi</strong></span> <span class='ocrx_word' id='word_1_714' title='bbox 2977 2698 3094 2739; x_wconf 85' lang='lat' dir='ltr'><strong>sunt</strong></span> <span class='ocrx_word' id='word_1_715' title='bbox 3139 2688 3225 2755; x_wconf 91' lang='lat' dir='ltr'><strong>qui</strong></span> <span class='ocrx_word' id='word_1_716' title='bbox 3256 2688 3535 2741; x_wconf 55' lang='lat' dir='ltr'><strong>enndnlem</strong></span> <span class='ocrx_word' id='word_1_717' title='bbox 3561 2706 3573 2749; x_wconf 83' lang='lat'><strong>;</strong></span> <span class='ocrx_word' id='word_1_718' title='bbox 3608 2695 3652 2742; x_wconf 80' lang='lat' dir='ltr'><strong>si</strong></span> 
     </span>
    </p>
   </div>
   <div class='ocr_carea' id='block_1_90' title="bbox 2069 2774 3652 2844">
    <p class='ocr_par' dir='ltr' id='par_1_90' title="bbox 2069 2774 3652 2844">
     <span class='ocr_line' id='line_1_90' title="bbox 2069 2774 3652 2844; baseline 0.003 -18"><span class='ocrx_word' id='word_1_719' title='bbox 2069 2789 2179 2826; x_wconf 89' lang='lat' dir='ltr'><strong>rem</strong></span> <span class='ocrx_word' id='word_1_720' title='bbox 2208 2774 2342 2828; x_wconf 89' lang='lat' dir='ltr'><strong>bene</strong></span> <span class='ocrx_word' id='word_1_721' title='bbox 2369 2774 2612 2839; x_wconf 79' lang='lat' dir='ltr'><strong>gesserit,</strong></span> <span class='ocrx_word' id='word_1_722' title='bbox 2646 2775 2793 2828; x_wconf 90' lang='lat' dir='ltr'><strong>multi</strong></span> <span class='ocrx_word' id='word_1_723' title='bbox 2821 2776 3180 2844; x_wconf 89' lang='lat' dir='ltr'><strong>congaudent,</strong></span> <span class='ocrx_word' id='word_1_724' title='bbox 3205 2777 3495 2830; x_wconf 85' lang='lat' dir='ltr'><strong>secundum</strong></span> <span class='ocrx_word' id='word_1_725' title='bbox 3518 2781 3652 2844; x_wconf 52' lang='lat' dir='ltr'><strong>lpo-</strong></span> 
     </span>
    </p>
   </div>
   <div class='ocr_carea' id='block_1_91' title="bbox 2066 2864 3653 2938">
    <p class='ocr_par' dir='ltr' id='par_1_91' title="bbox 2066 2864 3653 2938">
     <span class='ocr_line' id='line_1_91' title="bbox 2066 2864 3653 2938; baseline 0.003 -21"><span class='ocrx_word' id='word_1_726' title='bbox 2066 2864 2259 2917; x_wconf 84' lang='lat' dir='ltr'><strong>stnlum</strong></span> <span class='ocrx_word' id='word_1_727' title='bbox 2292 2882 2304 2917; x_wconf 90' lang='lat'>:</span> <span class='ocrx_word' id='word_1_728' title='bbox 2332 2864 2452 2919; x_wconf 82' lang='lat' dir='ltr'><strong>Sive</strong></span> <span class='ocrx_word' id='word_1_729' title='bbox 2488 2881 2641 2917; x_wconf 86' lang='lat' dir='ltr'><strong>unum</strong></span> <span class='ocrx_word' id='word_1_730' title='bbox 2682 2866 2957 2919; x_wconf 84' lang='lat' dir='ltr'><strong>membrum</strong></span> <span class='ocrx_word' id='word_1_731' title='bbox 2994 2869 3246 2936; x_wconf 85' lang='lat' dir='ltr'><strong>patiatur,</strong></span> <span class='ocrx_word' id='word_1_732' title='bbox 3278 2873 3653 2938; x_wconf 76' lang='lat' dir='ltr'><strong>compatiuntur</strong></span> 
     </span>
    </p>
   </div>
   <div class='ocr_carea' id='block_1_92' title="bbox 2064 2954 3650 3030">
    <p class='ocr_par' dir='ltr' id='par_1_92' title="bbox 2064 2954 3650 3030">
     <span class='ocr_line' id='line_1_92' title="bbox 2064 2954 3650 3030; baseline 0.004 -26"><span class='ocrx_word' id='word_1_733' title='bbox 2064 2954 2167 3005; x_wconf 83' lang='lat' dir='ltr'><strong>alia</strong></span> <span class='ocrx_word' id='word_1_734' title='bbox 2193 2954 2412 3006; x_wconf 84' lang='lat' dir='ltr'><strong>membra</strong></span> <span class='ocrx_word' id='word_1_735' title='bbox 2434 2969 2452 3017; x_wconf 89' lang='grc'><strong><em>;</em></strong></span> <span class='ocrx_word' id='word_1_736' title='bbox 2473 2955 2575 3009; x_wconf 84' lang='lat' dir='ltr'><strong>sive</strong></span> <span class='ocrx_word' id='word_1_737' title='bbox 2595 2973 2749 3008; x_wconf 85' lang='lat' dir='ltr'><strong>unum</strong></span> <span class='ocrx_word' id='word_1_738' title='bbox 2774 2956 3043 3010; x_wconf 83' lang='lat' dir='ltr'><strong>membrum</strong></span> <span class='ocrx_word' id='word_1_739' title='bbox 3068 2957 3401 3027; x_wconf 81' lang='lat' dir='ltr'><strong>gloriﬁcatur,</strong></span> <span class='ocrx_word' id='word_1_740' title='bbox 3430 2977 3650 3030; x_wconf 80' lang='lat' dir='ltr'><strong>congau-</strong></span> 
     </span>
    </p>
   </div>
   <div class='ocr_carea' id='block_1_93' title="bbox 2064 3043 3647 3119">
    <p class='ocr_par' dir='ltr' id='par_1_93' title="bbox 2064 3043 3647 3119">
     <span class='ocr_line' id='line_1_93' title="bbox 2064 3043 3647 3119; baseline 0.004 -25"><span class='ocrx_word' id='word_1_741' title='bbox 2064 3044 2180 3095; x_wconf 73' lang='lat' dir='ltr'><strong>dent</strong></span> <span class='ocrx_word' id='word_1_742' title='bbox 2208 3043 2377 3097; x_wconf 84' lang='lat' dir='ltr'><strong>omnia</strong></span> <span class='ocrx_word' id='word_1_743' title='bbox 2401 3046 2623 3100; x_wconf 87' lang='lat' dir='ltr'><strong>membra</strong></span> <span class='ocrx_word' id='word_1_744' title='bbox 2647 3046 2720 3113; x_wconf 86' lang='lat' dir='ltr'><strong>(l.</strong></span> <span class='ocrx_word' id='word_1_745' title='bbox 2754 3046 2871 3100; x_wconf 84' lang='lat' dir='ltr'><strong>Cor.</strong></span> <span class='ocrx_word' id='word_1_746' title='bbox 2908 3047 2990 3101; x_wconf 72' lang='grc'><strong>12.</strong></span> <span class='ocrx_word' id='word_1_747' title='bbox 3023 3047 3138 3117; x_wconf 71' lang='grc'><strong>215).</strong></span> <span class='ocrx_word' id='word_1_748' title='bbox 3171 3048 3237 3102; x_wconf 85' lang='grc' dir='ltr'>Ει</span> <span class='ocrx_word' id='word_1_749' title='bbox 3266 3065 3404 3103; x_wconf 90' lang='lat' dir='ltr'><strong>nunc</strong></span> <span class='ocrx_word' id='word_1_750' title='bbox 3434 3051 3647 3119; x_wconf 83' lang='lat' dir='ltr'><strong>quidem</strong></span> 
     </span>
    </p>
   </div>
   <div class='ocr_carea' id='block_1_94' title="bbox 2064 3134 3649 3209">
    <p class='ocr_par' dir='ltr' id='par_1_94' title="bbox 2064 3134 3649 3209">
     <span class='ocr_line' id='line_1_94' title="bbox 2064 3134 3649 3209; baseline 0.006 -24"><span class='ocrx_word' id='word_1_751' title='bbox 2064 3134 2294 3199; x_wconf 80' lang='lat' dir='ltr'><strong>dicebat,</strong></span> <span class='ocrx_word' id='word_1_752' title='bbox 2328 3137 2415 3204; x_wconf 89' lang='lat' dir='ltr'><strong>qui</strong></span> <span class='ocrx_word' id='word_1_753' title='bbox 2442 3141 2553 3188; x_wconf 66' lang='lat' dir='ltr'><strong>hate</strong></span> <span class='ocrx_word' id='word_1_754' title='bbox 2580 3136 2834 3190; x_wconf 88' lang='lat' dir='ltr'><strong>admouet</strong></span> <span class='ocrx_word' id='word_1_755' title='bbox 2867 3155 2880 3188; x_wconf 87' lang='lat'><strong>:</strong></span> <span class='ocrx_word' id='word_1_756' title='bbox 2912 3138 3039 3201; x_wconf 80' lang='lat' dir='ltr'><strong>Qua:</strong></span> <span class='ocrx_word' id='word_1_757' title='bbox 3065 3139 3189 3191; x_wconf 87' lang='lat' dir='ltr'><strong>mihi</strong></span> <span class='ocrx_word' id='word_1_758' title='bbox 3223 3157 3335 3209; x_wconf 83' lang='lat' dir='ltr'><strong>spes</strong></span> <span class='ocrx_word' id='word_1_759' title='bbox 3362 3142 3436 3193; x_wconf 79' lang='lat' dir='ltr'><strong>vel</strong></span> <span class='ocrx_word' id='word_1_760' title='bbox 3475 3141 3649 3194; x_wconf 77' lang='lat' dir='ltr'><strong>ltetitia</strong></span> 
     </span>
    </p>
   </div>
   <div class='ocr_carea' id='block_1_95' title="bbox 2061 3226 3649 3297">
    <p class='ocr_par' dir='ltr' id='par_1_95' title="bbox 2061 3226 3649 3297">
     <span class='ocr_line' id='line_1_95' title="bbox 2061 3226 3649 3297; baseline 0.004 -21"><span class='ocrx_word' id='word_1_761' title='bbox 2061 3226 2169 3278; x_wconf 85' lang='lat' dir='ltr'><strong>est?</strong></span> <span class='ocrx_word' id='word_1_762' title='bbox 2192 3242 2359 3278; x_wconf 89' lang='lat' dir='ltr'><strong>annon</strong></span> <span class='ocrx_word' id='word_1_763' title='bbox 2382 3243 2465 3279; x_wconf 86' lang='lat' dir='ltr'><strong>vos</strong></span> <span class='ocrx_word' id='word_1_764' title='bbox 2485 3228 2557 3297; x_wconf 87' lang='grc' dir='ltr'><strong>(Ι.</strong></span> <span class='ocrx_word' id='word_1_765' title='bbox 2585 3226 2760 3280; x_wconf 75' lang='lat' dir='ltr'><strong>Thess.</strong></span> <span class='ocrx_word' id='word_1_766' title='bbox 2789 3228 2842 3280; x_wconf 64' lang='grc' dir='ltr'><strong>ἓ.</strong></span> <span class='ocrx_word' id='word_1_767' title='bbox 2874 3228 3001 3292; x_wconf 83' lang='lat' dir='ltr'><strong>l9)?</strong></span> <span class='ocrx_word' id='word_1_768' title='bbox 3028 3246 3166 3281; x_wconf 81' lang='lat' dir='ltr'><strong>nunc</strong></span> <span class='ocrx_word' id='word_1_769' title='bbox 3190 3246 3337 3295; x_wconf 84' lang='lat' dir='ltr'><strong>vero,</strong></span> <span class='ocrx_word' id='word_1_770' title='bbox 3362 3231 3649 3297; x_wconf 79' lang='lat' dir='ltr'><strong>Quianam:</strong></span> 
     </span>
    </p>
   </div>
   <div class='ocr_carea' id='block_1_96' title="bbox 2060 3316 3647 3391">
    <p class='ocr_par' dir='ltr' id='par_1_96' title="bbox 2060 3316 3647 3391">
     <span class='ocr_line' id='line_1_96' title="bbox 2060 3316 3647 3391; baseline 0.006 -24"><span class='ocrx_word' id='word_1_771' title='bbox 2060 3316 2289 3381; x_wconf 75' lang='lat' dir='ltr'><strong>vivimus,</strong></span> <span class='ocrx_word' id='word_1_772' title='bbox 2316 3318 2359 3369; x_wconf 88' lang='lat' dir='ltr'><strong>si</strong></span> <span class='ocrx_word' id='word_1_773' title='bbox 2384 3332 2467 3369; x_wconf 77' lang='lat' dir='ltr'><strong>vos</strong></span> <span class='ocrx_word' id='word_1_774' title='bbox 2490 3322 2633 3371; x_wconf 82' lang='lat' dir='ltr'><strong>statis</strong></span> <span class='ocrx_word' id='word_1_775' title='bbox 2659 3319 2709 3371; x_wconf 89' lang='lat' dir='ltr'><strong>in</strong></span> <span class='ocrx_word' id='word_1_776' title='bbox 2741 3318 2954 3373; x_wconf 87' lang='lat' dir='ltr'><strong>Domino</strong></span> <span class='ocrx_word' id='word_1_777' title='bbox 2978 3320 3051 3389; x_wconf 89' lang='grc'><strong>(1.</strong></span> <span class='ocrx_word' id='word_1_778' title='bbox 3076 3320 3253 3374; x_wconf 81' lang='lat' dir='ltr'><strong>Thess.</strong></span> <span class='ocrx_word' id='word_1_779' title='bbox 3282 3323 3334 3376; x_wconf 79' lang='grc'><strong>5.</strong></span> <span class='ocrx_word' id='word_1_780' title='bbox 3366 3323 3421 3391; x_wconf 89' lang='grc'><strong>8)</strong></span> <span class='ocrx_word' id='word_1_781' title='bbox 3448 3340 3461 3386; x_wconf 87' lang='grc'>;</span> <span class='ocrx_word' id='word_1_782' title='bbox 3488 3322 3647 3376; x_wconf 82' lang='lat' dir='ltr'><strong>modo</strong></span> 
     </span>
    </p>
   </div>
   <div class='ocr_carea' id='block_1_97' title="bbox 2060 3405 3645 3471">
    <p class='ocr_par' dir='ltr' id='par_1_97' title="bbox 2060 3405 3645 3471">
     <span class='ocr_line' id='line_1_97' title="bbox 2060 3405 3645 3471; baseline 0.007 -14"><span class='ocrx_word' id='word_1_783' title='bbox 2060 3417 2257 3471; x_wconf 89' lang='lat' dir='ltr'><strong>autem,</strong></span> <span class='ocrx_word' id='word_1_784' title='bbox 2288 3405 2370 3460; x_wconf 78' lang='lat' dir='ltr'><strong>Ea:</strong></span> <span class='ocrx_word' id='word_1_785' title='bbox 2390 3408 2546 3460; x_wconf 82' lang='lat' dir='ltr'><strong>multa</strong></span> <span class='ocrx_word' id='word_1_786' title='bbox 2571 3410 2889 3464; x_wconf 82' lang='lat' dir='ltr'><strong>tribulatione</strong></span> <span class='ocrx_word' id='word_1_787' title='bbox 2914 3424 2958 3465; x_wconf 87' lang='lat' dir='ltr'><strong>et</strong></span> <span class='ocrx_word' id='word_1_788' title='bbox 2978 3414 3292 3465; x_wconf 81' lang='lat' dir='ltr'><strong>contentione</strong></span> <span class='ocrx_word' id='word_1_789' title='bbox 3317 3415 3482 3466; x_wconf 70' lang='lat' dir='ltr'><strong>cordis</strong></span> <span class='ocrx_word' id='word_1_790' title='bbox 3508 3416 3645 3468; x_wconf 70' lang='lat' dir='ltr'><strong>vobis</strong></span> 
     </span>
    </p>
   </div>
   <div class='ocr_carea' id='block_1_98' title="bbox 2058 3496 3643 3573">
    <p class='ocr_par' dir='ltr' id='par_1_98' title="bbox 2058 3496 3643 3573">
     <span class='ocr_line' id='line_1_98' title="bbox 2058 3496 3643 3573; baseline 0.006 -26"><span class='ocrx_word' id='word_1_791' title='bbox 2058 3496 2235 3564; x_wconf 79' lang='lat' dir='ltr'><strong>scripsi</strong></span> <span class='ocrx_word' id='word_1_792' title='bbox 2262 3496 2339 3567; x_wconf 76' lang='grc'><strong>(2.</strong></span> <span class='ocrx_word' id='word_1_793' title='bbox 2381 3496 2499 3551; x_wconf 86' lang='lat' dir='ltr'><strong>Cor.</strong></span> <span class='ocrx_word' id='word_1_794' title='bbox 2532 3498 2585 3550; x_wconf 71' lang='lat'><strong>2.</strong></span> <span class='ocrx_word' id='word_1_795' title='bbox 2611 3498 2701 3567; x_wconf 72' lang='lat'><strong>4);</strong></span> <span class='ocrx_word' id='word_1_796' title='bbox 2734 3509 2807 3559; x_wconf 88' lang='lat' dir='ltr'><strong>et,</strong></span> <span class='ocrx_word' id='word_1_797' title='bbox 2848 3499 2972 3565; x_wconf 69' lang='lat' dir='ltr'><strong>Qui;</strong></span> <span class='ocrx_word' id='word_1_798' title='bbox 3003 3502 3288 3569; x_wconf 88' lang='lat' dir='ltr'><strong>in/irmatur</strong></span> <span class='ocrx_word' id='word_1_799' title='bbox 3307 3544 3321 3569; x_wconf 90' lang='lat'><strong>,</strong></span> <span class='ocrx_word' id='word_1_800' title='bbox 3351 3514 3395 3556; x_wconf 82' lang='lat' dir='ltr'><strong>et</strong></span> <span class='ocrx_word' id='word_1_801' title='bbox 3424 3520 3515 3573; x_wconf 86' lang='lat' dir='ltr'><strong>ego</strong></span> <span class='ocrx_word' id='word_1_802' title='bbox 3543 3522 3643 3558; x_wconf 86' lang='lat' dir='ltr'><strong>nou</strong></span> 
     </span>
    </p>
   </div>
   <div class='ocr_carea' id='block_1_99' title="bbox 2058 3585 3640 3662">
    <p class='ocr_par' dir='ltr' id='par_1_99' title="bbox 2058 3585 3640 3662">
     <span class='ocr_line' id='line_1_99' title="bbox 2058 3585 3640 3662; baseline 0.007 -25"><span class='ocrx_word' id='word_1_803' title='bbox 2058 3585 2290 3651; x_wconf 81' lang='lat' dir='ltr'><strong>inﬁrmor</strong></span> <span class='ocrx_word' id='word_1_804' title='bbox 2314 3587 2338 3639; x_wconf 87' lang='lat'><strong>?</strong></span> <span class='ocrx_word' id='word_1_805' title='bbox 2363 3588 2474 3651; x_wconf 86' lang='lat' dir='ltr'><strong>quis</strong></span> <span class='ocrx_word' id='word_1_806' title='bbox 2503 3591 2880 3643; x_wconf 77' lang='lat' dir='ltr'><strong>scandalizatur</strong></span> <span class='ocrx_word' id='word_1_807' title='bbox 2901 3634 2914 3657; x_wconf 86' lang='lat'><strong>,</strong></span> <span class='ocrx_word' id='word_1_808' title='bbox 2939 3602 2985 3644; x_wconf 84' lang='lat' dir='ltr'><strong>et</strong></span> <span class='ocrx_word' id='word_1_809' title='bbox 3013 3609 3101 3661; x_wconf 81' lang='lat' dir='ltr'><strong>ego</strong></span> <span class='ocrx_word' id='word_1_810' title='bbox 3131 3610 3230 3645; x_wconf 88' lang='lat' dir='ltr'><strong>non</strong></span> <span class='ocrx_word' id='word_1_811' title='bbox 3263 3610 3384 3646; x_wconf 87' lang='lat' dir='ltr'><strong>uror</strong></span> <span class='ocrx_word' id='word_1_812' title='bbox 3413 3594 3489 3662; x_wconf 71' lang='grc' dir='ltr'><strong>(Ξ.</strong></span> <span class='ocrx_word' id='word_1_813' title='bbox 3520 3594 3640 3649; x_wconf 84' lang='lat' dir='ltr'><strong>Cor.</strong></span> 
     </span>
    </p>
   </div>
   <div class='ocr_carea' id='block_1_100' title="bbox 2060 3676 3644 3751">
    <p class='ocr_par' dir='ltr' id='par_1_100' title="bbox 2060 3676 3644 3751">
     <span class='ocr_line' id='line_1_100' title="bbox 2060 3676 3644 3751; baseline 0.008 -23"><span class='ocrx_word' id='word_1_814' title='bbox 2060 3676 2145 3729; x_wconf 84' lang='lat' dir='ltr'><strong>ll.</strong></span> <span class='ocrx_word' id='word_1_815' title='bbox 2177 3676 2305 3748; x_wconf 72' lang='lat'><strong>18)?</strong></span> <span class='ocrx_word' id='word_1_816' title='bbox 2346 3678 2454 3732; x_wconf 92' lang='lat' dir='ltr'><strong>Cur</strong></span> <span class='ocrx_word' id='word_1_817' title='bbox 2479 3694 2607 3746; x_wconf 82' lang='lat' dir='ltr'><strong>ergo</strong></span> <span class='ocrx_word' id='word_1_818' title='bbox 2632 3680 2806 3735; x_wconf 87' lang='lat' dir='ltr'><strong>adlmc</strong></span> <span class='ocrx_word' id='word_1_819' title='bbox 2840 3692 3205 3751; x_wconf 67' lang='lat' dir='ltr'><strong>temprstatem</strong></span> <span class='ocrx_word' id='word_1_820' title='bbox 3236 3685 3560 3740; x_wconf 84' lang='lat' dir='ltr'><strong>sustinemus</strong></span> <span class='ocrx_word' id='word_1_821' title='bbox 3589 3699 3644 3740; x_wconf 90' lang='lat' dir='ltr'><strong>et</strong></span> 
     </span>
    </p>
   </div>
   <div class='ocr_carea' id='block_1_101' title="bbox 2057 3769 3641 3847">
    <p class='ocr_par' dir='ltr' id='par_1_101' title="bbox 2057 3769 3641 3847">
     <span class='ocr_line' id='line_1_101' title="bbox 2057 3769 3641 3847; baseline 0.007 -27"><span class='ocrx_word' id='word_1_822' title='bbox 2057 3769 2353 3824; x_wconf 76' lang='lat' dir='ltr'><strong>exteriores</strong></span> <span class='ocrx_word' id='word_1_823' title='bbox 2399 3770 2611 3836; x_wconf 84' lang='lat' dir='ltr'><strong>ﬂuctus,</strong></span> <span class='ocrx_word' id='word_1_824' title='bbox 2657 3784 2844 3827; x_wconf 89' lang='lat' dir='ltr'><strong>etnon</strong></span> <span class='ocrx_word' id='word_1_825' title='bbox 2884 3775 3148 3829; x_wconf 87' lang='lat' dir='ltr'><strong>currimus</strong></span> <span class='ocrx_word' id='word_1_826' title='bbox 3187 3774 3253 3829; x_wconf 89' lang='lat' dir='ltr'><strong>ad</strong></span> <span class='ocrx_word' id='word_1_827' title='bbox 3299 3779 3641 3847; x_wconf 90' lang='lat' dir='ltr'><strong>tranquilhnu</strong></span> 
     </span>
    </p>
   </div>
   <div class='ocr_carea' id='block_1_102' title="bbox 2059 3859 3640 3933">
    <p class='ocr_par' dir='ltr' id='par_1_102' title="bbox 2059 3859 3640 3933">
     <span class='ocr_line' id='line_1_102' title="bbox 2059 3859 3640 3933; baseline 0.006 -22"><span class='ocrx_word' id='word_1_828' title='bbox 2059 3859 2198 3914; x_wconf 90' lang='lat' dir='ltr'><strong>hunc</strong></span> <span class='ocrx_word' id='word_1_829' title='bbox 2240 3869 2450 3930; x_wconf 89' lang='lat' dir='ltr'><strong>portum</strong></span> <span class='ocrx_word' id='word_1_830' title='bbox 2473 3903 2486 3927; x_wconf 93' lang='lat'><strong>,</strong></span> <span class='ocrx_word' id='word_1_831' title='bbox 2520 3877 2581 3915; x_wconf 88' lang='lat' dir='ltr'><strong>ac</strong></span> <span class='ocrx_word' id='word_1_832' title='bbox 2613 3862 2873 3917; x_wconf 88' lang='lat' dir='ltr'><strong>bonorum</strong></span> <span class='ocrx_word' id='word_1_833' title='bbox 2916 3865 3221 3919; x_wconf 89' lang='lat' dir='ltr'><strong>nominibus</strong></span> <span class='ocrx_word' id='word_1_834' title='bbox 3265 3867 3501 3933; x_wconf 88' lang='lat' dir='ltr'><strong>omissis,</strong></span> <span class='ocrx_word' id='word_1_835' title='bbox 3534 3884 3640 3921; x_wconf 91' lang='lat' dir='ltr'><strong>non</strong></span> 
     </span>
    </p>
   </div>
   <div class='ocr_carea' id='block_1_103' title="bbox 2056 3952 3639 4027">
    <p class='ocr_par' dir='ltr' id='par_1_103' title="bbox 2056 3952 3639 4027">
     <span class='ocr_line' id='line_1_103' title="bbox 2056 3952 3639 4027; baseline 0.006 -24"><span class='ocrx_word' id='word_1_836' title='bbox 2056 3952 2121 4004; x_wconf 90' lang='lat' dir='ltr'><strong>ad</strong></span> <span class='ocrx_word' id='word_1_837' title='bbox 2163 3969 2248 4007; x_wconf 88' lang='lat' dir='ltr'><strong>res</strong></span> <span class='ocrx_word' id='word_1_838' title='bbox 2286 3952 2448 4007; x_wconf 89' lang='lat' dir='ltr'><strong>hasce</strong></span> <span class='ocrx_word' id='word_1_839' title='bbox 2494 3956 2878 4025; x_wconf 83' lang='lat' dir='ltr'><strong>properamus?</strong></span> <span class='ocrx_word' id='word_1_840' title='bbox 2915 3956 3093 4011; x_wconf 89' lang='lat' dir='ltr'><strong>Gloria</strong></span> <span class='ocrx_word' id='word_1_841' title='bbox 3122 3958 3263 4011; x_wconf 92' lang='lat' dir='ltr'><strong>enim</strong></span> <span class='ocrx_word' id='word_1_842' title='bbox 3300 3968 3348 4012; x_wconf 90' lang='lat' dir='ltr'><strong>et</strong></span> <span class='ocrx_word' id='word_1_843' title='bbox 3383 3959 3639 4027; x_wconf 87' lang='lat' dir='ltr'><strong>potentia,</strong></span> 
     </span>
    </p>
   </div>
   <div class='ocr_carea' id='block_1_104' title="bbox 2055 4044 3640 4120">
    <p class='ocr_par' dir='ltr' id='par_1_104' title="bbox 2055 4044 3640 4120">
     <span class='ocr_line' id='line_1_104' title="bbox 2055 4044 3640 4120; baseline 0.005 -22"><span class='ocrx_word' id='word_1_844' title='bbox 2055 4044 2254 4100; x_wconf 66' lang='lat' dir='ltr'><strong>divitiae</strong></span> <span class='ocrx_word' id='word_1_845' title='bbox 2285 4055 2340 4101; x_wconf 92' lang='lat' dir='ltr'><strong>et</strong></span> <span class='ocrx_word' id='word_1_846' title='bbox 2365 4047 2638 4113; x_wconf 90' lang='lat' dir='ltr'><strong>nobilitas,</strong></span> <span class='ocrx_word' id='word_1_847' title='bbox 2671 4059 2723 4102; x_wconf 92' lang='lat' dir='ltr'><strong>et</strong></span> <span class='ocrx_word' id='word_1_848' title='bbox 2752 4048 2832 4103; x_wconf 91' lang='lat' dir='ltr'><strong>his</strong></span> <span class='ocrx_word' id='word_1_849' title='bbox 2861 4050 3079 4115; x_wconf 89' lang='lat' dir='ltr'><strong>similia,</strong></span> <span class='ocrx_word' id='word_1_850' title='bbox 3111 4052 3322 4104; x_wconf 89' lang='lat' dir='ltr'><strong>nomina</strong></span> <span class='ocrx_word' id='word_1_851' title='bbox 3350 4062 3472 4104; x_wconf 91' lang='lat' dir='ltr'><strong>sunt</strong></span> <span class='ocrx_word' id='word_1_852' title='bbox 3500 4052 3640 4120; x_wconf 88' lang='lat' dir='ltr'><strong>apml</strong></span> 
     </span>
    </p>
   </div>
   <div class='ocr_carea' id='block_1_105' title="bbox 2059 4136 3639 4210">
    <p class='ocr_par' dir='ltr' id='par_1_105' title="bbox 2059 4136 3639 4210">
     <span class='ocr_line' id='line_1_105' title="bbox 2059 4136 3639 4210; baseline 0.006 -23"><span class='ocrx_word' id='word_1_853' title='bbox 2059 4136 2235 4202; x_wconf 85' lang='lat' dir='ltr'><strong>ipsos,</strong></span> <span class='ocrx_word' id='word_1_854' title='bbox 2282 4151 2370 4190; x_wconf 91' lang='lat' dir='ltr'><strong>res</strong></span> <span class='ocrx_word' id='word_1_855' title='bbox 2394 4146 2571 4191; x_wconf 91' lang='lat' dir='ltr'><strong>autem</strong></span> <span class='ocrx_word' id='word_1_856' title='bbox 2612 4138 2751 4208; x_wconf 86' lang='lat' dir='ltr'><strong>apud</strong></span> <span class='ocrx_word' id='word_1_857' title='bbox 2798 4154 2924 4204; x_wconf 86' lang='lat' dir='ltr'><strong>nos;</strong></span> <span class='ocrx_word' id='word_1_858' title='bbox 2953 4141 3403 4210; x_wconf 87' lang='lat' dir='ltr'><strong>quemadmodum</strong></span> <span class='ocrx_word' id='word_1_859' title='bbox 3448 4151 3502 4195; x_wconf 91' lang='lat' dir='ltr'><strong>et</strong></span> <span class='ocrx_word' id='word_1_860' title='bbox 3541 4145 3639 4196; x_wconf 88' lang='lat' dir='ltr'><strong>tri-</strong></span> 
     </span>
    </p>
   </div>
   <div class='ocr_carea' id='block_1_106' title="bbox 2056 4226 3639 4299">
    <p class='ocr_par' dir='ltr' id='par_1_106' title="bbox 2056 4226 3639 4299">
     <span class='ocr_line' id='line_1_106' title="bbox 2056 4226 3639 4299; baseline 0.004 -21"><span class='ocrx_word' id='word_1_861' title='bbox 2056 4226 2198 4279; x_wconf 84' lang='lat' dir='ltr'><strong>stitia</strong></span> <span class='ocrx_word' id='word_1_862' title='bbox 2218 4265 2233 4289; x_wconf 91' lang='lat'><strong>,</strong></span> <span class='ocrx_word' id='word_1_863' title='bbox 2264 4240 2410 4281; x_wconf 89' lang='lat' dir='ltr'><strong>mors</strong></span> <span class='ocrx_word' id='word_1_864' title='bbox 2441 4236 2495 4282; x_wconf 90' lang='lat' dir='ltr'><strong>et</strong></span> <span class='ocrx_word' id='word_1_865' title='bbox 2540 4228 2826 4298; x_wconf 88' lang='lat' dir='ltr'><strong>ignominia</strong></span> <span class='ocrx_word' id='word_1_866' title='bbox 2849 4272 2864 4296; x_wconf 93' lang='lat'><strong>,</strong></span> <span class='ocrx_word' id='word_1_867' title='bbox 2894 4242 2945 4284; x_wconf 91' lang='lat' dir='ltr'><strong>et</strong></span> <span class='ocrx_word' id='word_1_868' title='bbox 2982 4241 3285 4299; x_wconf 85' lang='lat' dir='ltr'><strong>paupertas,</strong></span> <span class='ocrx_word' id='word_1_869' title='bbox 3328 4241 3382 4286; x_wconf 88' lang='lat' dir='ltr'><strong>et</strong></span> <span class='ocrx_word' id='word_1_870' title='bbox 3410 4232 3599 4285; x_wconf 87' lang='lat' dir='ltr'><strong>similia</strong></span> <span class='ocrx_word' id='word_1_871' title='bbox 3621 4273 3639 4297; x_wconf 85' lang='lat'><strong>,</strong></span> 
     </span>
    </p>
   </div>
   <div class='ocr_carea' id='block_1_107' title="bbox 2056 4318 3637 4395">
    <p class='ocr_par' dir='ltr' id='par_1_107' title="bbox 2056 4318 3637 4395">
     <span class='ocr_line' id='line_1_107' title="bbox 2056 4318 3637 4395; baseline 0.007 -26"><span class='ocrx_word' id='word_1_872' title='bbox 2056 4318 2268 4371; x_wconf 90' lang='lat' dir='ltr'><strong>nomina</strong></span> <span class='ocrx_word' id='word_1_873' title='bbox 2299 4329 2422 4373; x_wconf 91' lang='lat' dir='ltr'><strong>sunt</strong></span> <span class='ocrx_word' id='word_1_874' title='bbox 2454 4321 2591 4389; x_wconf 90' lang='lat' dir='ltr'><strong>apud</strong></span> <span class='ocrx_word' id='word_1_875' title='bbox 2620 4338 2747 4385; x_wconf 91' lang='lat' dir='ltr'><strong>nos,</strong></span> <span class='ocrx_word' id='word_1_876' title='bbox 2779 4339 2865 4377; x_wconf 89' lang='lat' dir='ltr'><strong>res</strong></span> <span class='ocrx_word' id='word_1_877' title='bbox 2890 4324 3027 4393; x_wconf 90' lang='lat' dir='ltr'><strong>apud</strong></span> <span class='ocrx_word' id='word_1_878' title='bbox 3068 4325 3204 4379; x_wconf 89' lang='lat' dir='ltr'><strong>illos.</strong></span> <span class='ocrx_word' id='word_1_879' title='bbox 3240 4327 3314 4379; x_wconf 82' lang='lat' dir='ltr'><strong>Ae</strong></span> <span class='ocrx_word' id='word_1_880' title='bbox 3344 4326 3389 4379; x_wconf 87' lang='lat' dir='ltr'><strong>si</strong></span> <span class='ocrx_word' id='word_1_881' title='bbox 3431 4327 3637 4395; x_wconf 85' lang='lat' dir='ltr'><strong>placet,</strong></span> 
     </span>
    </p>
   </div>
   <div class='ocr_carea' id='block_1_108' title="bbox 2054 4408 3639 4489">
    <p class='ocr_par' dir='ltr' id='par_1_108' title="bbox 2054 4408 3639 4489">
     <span class='ocr_line' id='line_1_108' title="bbox 2054 4408 3639 4489; baseline 0.008 -28"><span class='ocrx_word' id='word_1_882' title='bbox 2054 4408 2275 4478; x_wconf 85' lang='lat' dir='ltr'><strong>gloriam</strong></span> <span class='ocrx_word' id='word_1_883' title='bbox 2307 4413 2479 4479; x_wconf 90' lang='lat' dir='ltr'><strong>primo</strong></span> <span class='ocrx_word' id='word_1_884' title='bbox 2507 4414 2557 4466; x_wconf 93' lang='lat' dir='ltr'><strong>in</strong></span> <span class='ocrx_word' id='word_1_885' title='bbox 2587 4415 2817 4469; x_wconf 89' lang='lat' dir='ltr'><strong>medimn</strong></span> <span class='ocrx_word' id='word_1_886' title='bbox 2841 4416 3187 4482; x_wconf 86' lang='lat' dir='ltr'><strong>adducamus,</strong></span> <span class='ocrx_word' id='word_1_887' title='bbox 3211 4435 3330 4487; x_wconf 77' lang='lat' dir='ltr'><strong>qme</strong></span> <span class='ocrx_word' id='word_1_888' title='bbox 3354 4420 3491 4489; x_wconf 91' lang='lat' dir='ltr'><strong>apud</strong></span> <span class='ocrx_word' id='word_1_889' title='bbox 3519 4420 3639 4475; x_wconf 90' lang='lat' dir='ltr'><strong>illos</strong></span> 
     </span>
    </p>
   </div>
   <div class='ocr_carea' id='block_1_109' title="bbox 2054 4500 3635 4577">
    <p class='ocr_par' dir='ltr' id='par_1_109' title="bbox 2054 4500 3635 4577">
     <span class='ocr_line' id='line_1_109' title="bbox 2054 4500 3635 4577; baseline 0.01 -28"><span class='ocrx_word' id='word_1_890' title='bbox 2054 4500 2300 4568; x_wconf 88' lang='lat' dir='ltr'><strong>optabilis</strong></span> <span class='ocrx_word' id='word_1_891' title='bbox 2324 4501 2569 4557; x_wconf 87' lang='lat' dir='ltr'><strong>habetur.</strong></span> <span class='ocrx_word' id='word_1_892' title='bbox 2601 4506 2725 4559; x_wconf 75' lang='lat' dir='ltr'><strong>Eam</strong></span> <span class='ocrx_word' id='word_1_893' title='bbox 2755 4522 2860 4561; x_wconf 91' lang='lat' dir='ltr'><strong>non</strong></span> <span class='ocrx_word' id='word_1_894' title='bbox 2884 4507 3004 4561; x_wconf 90' lang='lat' dir='ltr'><strong>dico</strong></span> <span class='ocrx_word' id='word_1_895' title='bbox 3025 4524 3129 4562; x_wconf 90' lang='lat' dir='ltr'><strong>non</strong></span> <span class='ocrx_word' id='word_1_896' title='bbox 3157 4509 3463 4565; x_wconf 89' lang='lat' dir='ltr'><strong>diuturnam</strong></span> <span class='ocrx_word' id='word_1_897' title='bbox 3490 4526 3635 4577; x_wconf 88' lang='lat' dir='ltr'><strong>esse,</strong></span> 
     </span>
    </p>
   </div>
   <div class='ocr_carea' id='block_1_110' title="bbox 2054 4593 3640 4670">
    <p class='ocr_par' dir='ltr' id='par_1_110' title="bbox 2054 4593 3640 4670">
     <span class='ocr_line' id='line_1_110' title="bbox 2054 4593 3640 4670; baseline 0.011 -26"><span class='ocrx_word' id='word_1_898' title='bbox 2054 4607 2153 4645; x_wconf 91' lang='lat' dir='ltr'><strong>nec</strong></span> <span class='ocrx_word' id='word_1_899' title='bbox 2180 4593 2287 4646; x_wconf 88' lang='lat' dir='ltr'><strong>cito</strong></span> <span class='ocrx_word' id='word_1_900' title='bbox 2328 4596 2590 4665; x_wconf 82' lang='lat' dir='ltr'><strong>exstingui</strong></span> <span class='ocrx_word' id='word_1_901' title='bbox 2614 4612 2628 4660; x_wconf 88' lang='lat'><strong>;</strong></span> <span class='ocrx_word' id='word_1_902' title='bbox 2661 4598 2754 4652; x_wconf 91' lang='lat' dir='ltr'><strong>sed</strong></span> <span class='ocrx_word' id='word_1_903' title='bbox 2796 4615 2916 4653; x_wconf 90' lang='lat' dir='ltr'><strong>eum</strong></span> <span class='ocrx_word' id='word_1_904' title='bbox 2945 4602 3174 4656; x_wconf 79' lang='lat' dir='ltr'><strong>Inaxime</strong></span> <span class='ocrx_word' id='word_1_905' title='bbox 3203 4603 3384 4670; x_wconf 83' lang='lat' dir='ltr'><strong>ﬂoret,</strong></span> <span class='ocrx_word' id='word_1_906' title='bbox 3413 4606 3640 4661; x_wconf 72' lang='lat' dir='ltr'><strong>osrende</strong></span> 
     </span>
    </p>
   </div>
   <div class='ocr_carea' id='block_1_111' title="bbox 2055 4682 3637 4766">
    <p class='ocr_par' dir='ltr' id='par_1_111' title="bbox 2055 4682 3637 4766">
     <span class='ocr_line' id='line_1_111' title="bbox 2055 4682 3637 4766; baseline 0.01 -31"><span class='ocrx_word' id='word_1_907' title='bbox 2055 4682 2183 4737; x_wconf 90' lang='lat' dir='ltr'><strong>mihi</strong></span> <span class='ocrx_word' id='word_1_908' title='bbox 2217 4685 2357 4739; x_wconf 89' lang='lat' dir='ltr'><strong>illam</strong></span> <span class='ocrx_word' id='word_1_909' title='bbox 2388 4704 2401 4738; x_wconf 87' lang='lat'><strong>:</strong></span> <span class='ocrx_word' id='word_1_910' title='bbox 2436 4704 2501 4741; x_wconf 91' lang='lat' dir='ltr'><strong>ne</strong></span> <span class='ocrx_word' id='word_1_911' title='bbox 2522 4688 2733 4744; x_wconf 81' lang='lat' dir='ltr'><strong>auferas</strong></span> <span class='ocrx_word' id='word_1_912' title='bbox 2764 4690 2838 4744; x_wconf 90' lang='lat' dir='ltr'><strong>illi</strong></span> <span class='ocrx_word' id='word_1_913' title='bbox 2870 4692 3048 4747; x_wconf 79' lang='lat' dir='ltr'><strong>fucum</strong></span> <span class='ocrx_word' id='word_1_914' title='bbox 3082 4696 3519 4765; x_wconf 82' lang='lat' dir='ltr'><strong>meretriciasque</strong></span> <span class='ocrx_word' id='word_1_915' title='bbox 3552 4699 3637 4766; x_wconf 89' lang='lat' dir='ltr'><strong>pi-</strong></span> 
     </span>
    </p>
   </div>
   <div class='ocr_carea' id='block_1_112' title="bbox 2052 4778 3637 4851">
    <p class='ocr_par' dir='ltr' id='par_1_112' title="bbox 2052 4778 3637 4851">
     <span class='ocr_line' id='line_1_112' title="bbox 2052 4778 3637 4851; baseline 0.008 -24"><span class='ocrx_word' id='word_1_916' title='bbox 2052 4786 2263 4842; x_wconf 88' lang='lat' dir='ltr'><strong>cturas;</strong></span> <span class='ocrx_word' id='word_1_917' title='bbox 2292 4778 2384 4830; x_wconf 88' lang='lat' dir='ltr'><strong>sed</strong></span> <span class='ocrx_word' id='word_1_918' title='bbox 2413 4790 2652 4834; x_wconf 89' lang='lat' dir='ltr'><strong>ornatam</strong></span> <span class='ocrx_word' id='word_1_919' title='bbox 2684 4796 2782 4851; x_wconf 88' lang='lat' dir='ltr'><strong>age</strong></span> <span class='ocrx_word' id='word_1_920' title='bbox 2826 4783 2877 4836; x_wconf 93' lang='lat' dir='ltr'><strong>in</strong></span> <span class='ocrx_word' id='word_1_921' title='bbox 2907 4785 3138 4838; x_wconf 87' lang='lat' dir='ltr'><strong>medium</strong></span> <span class='ocrx_word' id='word_1_922' title='bbox 3172 4795 3225 4841; x_wconf 88' lang='lat' dir='ltr'><strong>et</strong></span> <span class='ocrx_word' id='word_1_923' title='bbox 3265 4798 3503 4842; x_wconf 88' lang='lat' dir='ltr'><strong>monstra</strong></span> <span class='ocrx_word' id='word_1_924' title='bbox 3534 4806 3637 4842; x_wconf 84' lang='lat' dir='ltr'><strong>no-</strong></span> 
     </span>
    </p>
   </div>
   <div class='ocr_carea' id='block_1_113' title="bbox 2053 4863 3639 4943">
    <p class='ocr_par' dir='ltr' id='par_1_113' title="bbox 2053 4863 3639 4943">
     <span class='ocr_line' id='line_1_113' title="bbox 2053 4863 3639 4943; baseline 0.011 -26"><span class='ocrx_word' id='word_1_925' title='bbox 2053 4863 2133 4917; x_wconf 88' lang='lat' dir='ltr'><strong>bis</strong></span> <span class='ocrx_word' id='word_1_926' title='bbox 2154 4907 2168 4931; x_wconf 89' lang='lat'><strong>,</strong></span> <span class='ocrx_word' id='word_1_927' title='bbox 2196 4876 2252 4921; x_wconf 91' lang='lat' dir='ltr'><strong>ut</strong></span> <span class='ocrx_word' id='word_1_928' title='bbox 2282 4867 2580 4924; x_wconf 81' lang='lat' dir='ltr'><strong>deformem</strong></span> <span class='ocrx_word' id='word_1_929' title='bbox 2614 4872 2755 4925; x_wconf 92' lang='lat' dir='ltr'><strong>illam</strong></span> <span class='ocrx_word' id='word_1_930' title='bbox 2786 4889 2904 4927; x_wconf 87' lang='lat' dir='ltr'><strong>esse</strong></span> <span class='ocrx_word' id='word_1_931' title='bbox 2934 4876 3175 4943; x_wconf 88' lang='lat' dir='ltr'><strong>probem.</strong></span> <span class='ocrx_word' id='word_1_932' title='bbox 3209 4875 3457 4933; x_wconf 89' lang='lat' dir='ltr'><strong>llabitum</strong></span> <span class='ocrx_word' id='word_1_933' title='bbox 3488 4889 3639 4935; x_wconf 79' lang='lat' dir='ltr'><strong>certe</strong></span> 
     </span>
    </p>
   </div>
   <div class='ocr_carea' id='block_1_114' title="bbox 2052 4956 3637 5037">
    <p class='ocr_par' dir='ltr' id='par_1_114' title="bbox 2052 4956 3637 5037">
     <span class='ocr_line' id='line_1_114' title="bbox 2052 4956 3637 5037; baseline 0.009 -28"><span class='ocrx_word' id='word_1_934' title='bbox 2052 4956 2227 5023; x_wconf 81' lang='lat' dir='ltr'><strong>dices,</strong></span> <span class='ocrx_word' id='word_1_935' title='bbox 2268 4968 2320 5012; x_wconf 91' lang='lat' dir='ltr'><strong>et</strong></span> <span class='ocrx_word' id='word_1_936' title='bbox 2349 4959 2591 5014; x_wconf 89' lang='lat' dir='ltr'><strong>lictorum</strong></span> <span class='ocrx_word' id='word_1_937' title='bbox 2629 4964 3022 5019; x_wconf 87' lang='lat' dir='ltr'><strong>nmltitndinem</strong></span> <span class='ocrx_word' id='word_1_938' title='bbox 3046 5007 3060 5026; x_wconf 90' lang='lat'><strong>.</strong></span> <span class='ocrx_word' id='word_1_939' title='bbox 3092 4969 3359 5037; x_wconf 63' lang='lat' dir='ltr'><strong>perennis</strong></span> <span class='ocrx_word' id='word_1_940' title='bbox 3401 4985 3589 5026; x_wconf 90' lang='lat' dir='ltr'><strong>vocem</strong></span> <span class='ocrx_word' id='word_1_941' title='bbox 3619 5011 3637 5035; x_wconf 95' lang='lat'><strong>,</strong></span> 
     </span>
    </p>
   </div>
   <div class='ocr_carea' id='block_1_115' title="bbox 2053 5047 3638 5131">
    <p class='ocr_par' dir='ltr' id='par_1_115' title="bbox 2053 5047 3638 5131">
     <span class='ocr_line' id='line_1_115' title="bbox 2053 5047 3638 5131; baseline 0.012 -34"><span class='ocrx_word' id='word_1_942' title='bbox 2053 5047 2317 5101; x_wconf 89' lang='lat' dir='ltr'><strong>audientis</strong></span> <span class='ocrx_word' id='word_1_943' title='bbox 2338 5050 2515 5118; x_wconf 91' lang='lat' dir='ltr'><strong>populi</strong></span> <span class='ocrx_word' id='word_1_944' title='bbox 2547 5052 2769 5115; x_wconf 91' lang='lat' dir='ltr'><strong>turbam,</strong></span> <span class='ocrx_word' id='word_1_945' title='bbox 2793 5055 3060 5111; x_wconf 87' lang='lat' dir='ltr'><strong>silentium</strong></span> <span class='ocrx_word' id='word_1_946' title='bbox 3085 5058 3224 5127; x_wconf 87' lang='lat' dir='ltr'><strong>apud</strong></span> <span class='ocrx_word' id='word_1_947' title='bbox 3243 5060 3442 5114; x_wconf 78' lang='lat' dir='ltr'><strong>multos</strong></span> <span class='ocrx_word' id='word_1_948' title='bbox 3459 5102 3475 5127; x_wconf 92' lang='lat'><strong>,</strong></span> <span class='ocrx_word' id='word_1_949' title='bbox 3507 5076 3638 5131; x_wconf 80' lang='lat' dir='ltr'><strong>pro-</strong></span> 
     </span>
    </p>
   </div>
   <div class='ocr_carea' id='block_1_116' title="bbox 2054 5137 3635 5216">
    <p class='ocr_par' dir='ltr' id='par_1_116' title="bbox 2054 5137 3635 5216">
     <span class='ocr_line' id='line_1_116' title="bbox 2054 5137 3635 5216; baseline 0.008 -26"><span class='ocrx_word' id='word_1_950' title='bbox 2054 5137 2171 5205; x_wconf 92' lang='lat' dir='ltr'><strong>pius</strong></span> <span class='ocrx_word' id='word_1_951' title='bbox 2218 5139 2585 5195; x_wconf 88' lang='lat' dir='ltr'><strong>accedentium</strong></span> <span class='ocrx_word' id='word_1_952' title='bbox 2646 5145 3053 5211; x_wconf 87' lang='lat' dir='ltr'><strong>percussiones,</strong></span> <span class='ocrx_word' id='word_1_953' title='bbox 3106 5151 3464 5216; x_wconf 79' lang='lat' dir='ltr'><strong>spectaculum</strong></span> <span class='ocrx_word' id='word_1_954' title='bbox 3519 5167 3635 5206; x_wconf 82' lang='lat' dir='ltr'><strong>om-</strong></span> 
     </span>
    </p>
   </div>
   <div class='ocr_carea' id='block_1_117' title="bbox 2053 5231 3635 5315">
    <p class='ocr_par' dir='ltr' id='par_1_117' title="bbox 2053 5231 3635 5315">
     <span class='ocr_line' id='line_1_117' title="bbox 2053 5231 3635 5315; baseline 0.012 -34"><span class='ocrx_word' id='word_1_955' title='bbox 2053 5231 2209 5285; x_wconf 89' lang='lat' dir='ltr'><strong>nibus</strong></span> <span class='ocrx_word' id='word_1_956' title='bbox 2229 5247 2367 5286; x_wconf 90' lang='lat' dir='ltr'><strong>esse.</strong></span> <span class='ocrx_word' id='word_1_957' title='bbox 2394 5235 2586 5288; x_wconf 83' lang='lat' dir='ltr'><strong>Annon</strong></span> <span class='ocrx_word' id='word_1_958' title='bbox 2610 5234 2723 5288; x_wconf 62' lang='lat' dir='ltr'><strong>hinc</strong></span> <span class='ocrx_word' id='word_1_959' title='bbox 2751 5238 3025 5304; x_wconf 78' lang='lat' dir='ltr'><strong>Splendida</strong></span> <span class='ocrx_word' id='word_1_960' title='bbox 3056 5240 3351 5296; x_wconf 87' lang='lat' dir='ltr'><strong>habentur?</strong></span> <span class='ocrx_word' id='word_1_961' title='bbox 3372 5245 3482 5315; x_wconf 81' lang='lat' dir='ltr'><strong>Age</strong></span> <span class='ocrx_word' id='word_1_962' title='bbox 3502 5259 3635 5299; x_wconf 71' lang='lat' dir='ltr'><strong>exa-</strong></span> 
     </span>
    </p>
   </div>
   <div class='ocr_carea' id='block_1_118' title="bbox 2054 5319 3633 5396">
    <p class='ocr_par' dir='ltr' id='par_1_118' title="bbox 2054 5319 3633 5396">
     <span class='ocr_line' id='line_1_118' title="bbox 2054 5319 3633 5396; baseline 0.011 -24"><span class='ocrx_word' id='word_1_963' title='bbox 2054 5319 2319 5374; x_wconf 90' lang='lat' dir='ltr'><strong>minemus</strong></span> <span class='ocrx_word' id='word_1_964' title='bbox 2342 5362 2355 5384; x_wconf 95' lang='lat'><strong>,</strong></span> <span class='ocrx_word' id='word_1_965' title='bbox 2386 5338 2511 5375; x_wconf 90' lang='lat' dir='ltr'><strong>num</strong></span> <span class='ocrx_word' id='word_1_966' title='bbox 2546 5323 2659 5378; x_wconf 73' lang='lat' dir='ltr'><strong>hme</strong></span> <span class='ocrx_word' id='word_1_967' title='bbox 2687 5341 3080 5392; x_wconf 81' lang='lat' dir='ltr'><strong>supervacanea</strong></span> <span class='ocrx_word' id='word_1_968' title='bbox 3109 5332 3238 5396; x_wconf 91' lang='lat' dir='ltr'><strong>sint,</strong></span> <span class='ocrx_word' id='word_1_969' title='bbox 3266 5348 3392 5386; x_wconf 90' lang='lat' dir='ltr'><strong>num</strong></span> <span class='ocrx_word' id='word_1_970' title='bbox 3425 5334 3477 5386; x_wconf 91' lang='lat' dir='ltr'><strong>in</strong></span> <span class='ocrx_word' id='word_1_971' title='bbox 3502 5349 3633 5390; x_wconf 70' lang='lat' dir='ltr'><strong>vana</strong></span> 
     </span>
    </p>
   </div>
   <div class='ocr_carea' id='block_1_119' title="bbox 2051 5409 3633 5494">
    <p class='ocr_par' dir='ltr' id='par_1_119' title="bbox 2051 5409 3633 5494">
     <span class='ocr_line' id='line_1_119' title="bbox 2051 5409 3633 5494; baseline 0.008 -30"><span class='ocrx_word' id='word_1_972' title='bbox 2051 5409 2224 5464; x_wconf 75' lang='lat' dir='ltr'><strong>solum</strong></span> <span class='ocrx_word' id='word_1_973' title='bbox 2247 5411 2498 5479; x_wconf 88' lang='lat' dir='ltr'><strong>opinione</strong></span> <span class='ocrx_word' id='word_1_974' title='bbox 2538 5416 2728 5482; x_wconf 88' lang='lat' dir='ltr'><strong>posita.</strong></span> <span class='ocrx_word' id='word_1_975' title='bbox 2762 5416 2891 5471; x_wconf 85' lang='lat' dir='ltr'><strong>Nam</strong></span> <span class='ocrx_word' id='word_1_976' title='bbox 2922 5421 2972 5472; x_wconf 91' lang='lat' dir='ltr'><strong>in</strong></span> <span class='ocrx_word' id='word_1_977' title='bbox 3013 5436 3119 5489; x_wconf 93' lang='lat' dir='ltr'><strong>quo</strong></span> <span class='ocrx_word' id='word_1_978' title='bbox 3147 5422 3235 5477; x_wconf 92' lang='lat' dir='ltr'><strong>ille</strong></span> <span class='ocrx_word' id='word_1_979' title='bbox 3269 5424 3337 5477; x_wconf 88' lang='lat' dir='ltr'><strong>ab</strong></span> <span class='ocrx_word' id='word_1_980' title='bbox 3380 5424 3461 5478; x_wconf 89' lang='lat' dir='ltr'><strong>his</strong></span> <span class='ocrx_word' id='word_1_981' title='bbox 3501 5442 3633 5494; x_wconf 72' lang='lat' dir='ltr'><strong>prm.</strong></span> 
     </span>
    </p>
   </div>
   <div class='ocr_carea' id='block_1_120' title="bbox 2053 5500 3632 5575">
    <p class='ocr_par' dir='ltr' id='par_1_120' title="bbox 2053 5500 3632 5575">
     <span class='ocr_line' id='line_1_120' title="bbox 2053 5500 3632 5575; baseline 0.011 -23"><span class='ocrx_word' id='word_1_982' title='bbox 2053 5500 2280 5555; x_wconf 82' lang='lat' dir='ltr'><strong>SIantior</strong></span> <span class='ocrx_word' id='word_1_983' title='bbox 2305 5502 2545 5558; x_wconf 89' lang='lat' dir='ltr'><strong>redditur</strong></span> <span class='ocrx_word' id='word_1_984' title='bbox 2565 5518 2655 5559; x_wconf 91' lang='lat' dir='ltr'><strong>aut</strong></span> <span class='ocrx_word' id='word_1_985' title='bbox 2678 5523 2903 5575; x_wconf 85' lang='lat' dir='ltr'><strong>corpore</strong></span> <span class='ocrx_word' id='word_1_986' title='bbox 2923 5520 3014 5565; x_wconf 88' lang='lat' dir='ltr'><strong>aut</strong></span> <span class='ocrx_word' id='word_1_987' title='bbox 3038 5513 3213 5567; x_wconf 91' lang='lat' dir='ltr'><strong>anima</strong></span> <span class='ocrx_word' id='word_1_988' title='bbox 3233 5512 3257 5570; x_wconf 71' lang='grc'><strong>1</strong></span> <span class='ocrx_word' id='word_1_989' title='bbox 3282 5515 3363 5570; x_wconf 73' lang='lat' dir='ltr'><strong>Ex</strong></span> <span class='ocrx_word' id='word_1_990' title='bbox 3389 5516 3470 5569; x_wconf 90' lang='lat' dir='ltr'><strong>his</strong></span> <span class='ocrx_word' id='word_1_991' title='bbox 3494 5518 3632 5571; x_wconf 83' lang='lat' dir='ltr'><strong>enim</strong></span> 
     </span>
    </p>
   </div>
   <div class='ocr_carea' id='block_1_121' title="bbox 2053 5591 3640 5670">
    <p class='ocr_par' dir='ltr' id='par_1_121' title="bbox 2053 5591 3640 5670">
     <span class='ocr_line' id='line_1_121' title="bbox 2053 5591 3640 5670; baseline 0.012 -28"><span class='ocrx_word' id='word_1_992' title='bbox 2053 5591 2213 5645; x_wconf 89' lang='lat' dir='ltr'><strong>homo</strong></span> <span class='ocrx_word' id='word_1_993' title='bbox 2241 5603 2467 5649; x_wconf 84' lang='lat' dir='ltr'><strong>constat.</strong></span> <span class='ocrx_word' id='word_1_994' title='bbox 2502 5596 2637 5651; x_wconf 87' lang='lat' dir='ltr'><strong>Num</strong></span> <span class='ocrx_word' id='word_1_995' title='bbox 2670 5599 2793 5655; x_wconf 91' lang='lat' dir='ltr'><strong>hinc</strong></span> <span class='ocrx_word' id='word_1_996' title='bbox 2817 5602 2991 5670; x_wconf 85' lang='lat' dir='ltr'><strong>major</strong></span> <span class='ocrx_word' id='word_1_997' title='bbox 3019 5614 3220 5661; x_wconf 89' lang='lat' dir='ltr'><strong>statura</strong></span> <span class='ocrx_word' id='word_1_998' title='bbox 3251 5606 3346 5661; x_wconf 76' lang='lat' dir='ltr'><strong>ﬁt?</strong></span> <span class='ocrx_word' id='word_1_999' title='bbox 3373 5623 3500 5662; x_wconf 90' lang='lat' dir='ltr'><strong>num</strong></span> <span class='ocrx_word' id='word_1_1000' title='bbox 3533 5609 3640 5661; x_wconf 79' lang='lat' dir='ltr'><strong>lor-</strong></span> 
     </span>
    </p>
   </div>
   <div class='ocr_carea' id='block_1_122' title="bbox 2052 5683 3637 5757">
    <p class='ocr_par' dir='ltr' id='par_1_122' title="bbox 2052 5683 3637 5757">
     <span class='ocr_line' id='line_1_122' title="bbox 2052 5683 3637 5757; baseline 0.011 -21"><span class='ocrx_word' id='word_1_1001' title='bbox 2052 5683 2195 5737; x_wconf 89' lang='lat' dir='ltr'><strong>tior?</strong></span> <span class='ocrx_word' id='word_1_1002' title='bbox 2218 5702 2341 5739; x_wconf 89' lang='lat' dir='ltr'><strong>num</strong></span> <span class='ocrx_word' id='word_1_1003' title='bbox 2387 5688 2661 5746; x_wconf 87' lang='lat' dir='ltr'><strong>velocior?</strong></span> <span class='ocrx_word' id='word_1_1004' title='bbox 2700 5709 2826 5748; x_wconf 91' lang='lat' dir='ltr'><strong>num</strong></span> <span class='ocrx_word' id='word_1_1005' title='bbox 2859 5694 2978 5751; x_wconf 92' lang='lat' dir='ltr'><strong>ideo</strong></span> <span class='ocrx_word' id='word_1_1006' title='bbox 3006 5711 3195 5755; x_wconf 87' lang='lat' dir='ltr'><strong>sensus</strong></span> <span class='ocrx_word' id='word_1_1007' title='bbox 3240 5699 3399 5757; x_wconf 78' lang='lat' dir='ltr'><strong>habet</strong></span> <span class='ocrx_word' id='word_1_1008' title='bbox 3432 5700 3637 5755; x_wconf 83' lang='lat' dir='ltr'><strong>acutio-</strong></span> 
     </span>
    </p>
   </div>
  </div>
