4074 6144
459 266 527 322 73
1336 262 1399 316 IN
1442 261 1848 317 MAT'I‘IIAZUM
1894 261 2114 319 ll0.\IIL.
2165 255 2302 311 LIX.
2340 257 2411 311 al.
2446 256 2552 312 LX.

430 384 554 432 res?
579 379 681 432 Sed
711 394 873 432 nemo
901 379 1014 430 lucc
1038 377 1251 430 dixerit.
1285 376 1552 428 Adeamus
1577 375 1807 428 animant
1829 418 1842 446 ρ
1877 390 2002 427 num

428 469 650 522 lintassc
676 469 803 537 quid
837 468 905 521 ibi
945 467 1074 522 lucri
1106 466 1592 534 deprehendamus.
1619 466 1753 532 Quid
1798 466 2005 535 igitur?

427 575 493 612 an
535 559 927 621 continentior,
955 574 1020 610 an
1050 557 1362 622 modestior,
1403 573 1468 608 an
1514 556 1828 624 prudentior
1857 572 1884 608 a
1916 557 2003 608 tali

425 649 568 701 cultu
595 647 786 701 evadet
813 648 936 701 ille?
967 647 1329 716 Nequaquam,
1363 647 1470 699 imo
1501 657 1703 699 eontra.
1722 646 1828 698 ium
1856 660 2007 714 pror-

425 756 514 792 sus
544 738 766 793 accidet.
792 737 908 792 Non
939 739 1079 790 enim
1103 738 1240 806 qttod
1276 739 1326 790 in
1349 753 1575 805 corpore
1595 778 1609 801 ,
1634 736 1684 790 id
1718 737 1888 804 ipsum
1921 735 2006 789 hic

424 831 627 883 evenit.
673 828 750 882 Ibi
781 829 921 882 enitn
954 829 1094 882 nulla
1133 831 1344 897 corpori
1392 829 1733 895 perfectionis
1771 828 2006 881 accessio

429 923 516 982 lit;
549 920 637 973 hic
664 933 790 973 vero
820 936 924 972 non
956 919 1008 973 id
1038 920 1210 974 solum
1239 919 1364 973 ntali
1395 920 1728 980 observatur,
1753 918 1894 987 quod
1921 919 2004 970 tti—

430 1010 502 1062 hil
537 1009 659 1062 boni
689 1009 958 1076 lucretur,
1000 1008 1092 1062 sed
1123 1009 1264 1077 quod
1297 1009 1584 1077 nequitiam
1625 1008 1748 1061 inde
1786 1007 2004 1060 ntnltam

424 1099 667 1166 acquirat
694 1100 905 1164 anima;
937 1115 1056 1152 ttam
1089 1099 1140 1152 itt
1169 1099 1553 1167 arrogantiam,
1588 1097 1638 1150 itt
1669 1113 1856 1151 vanam
1885 1099 2002 1166 glo-

425 1189 580 1251 riam,
607 1189 660 1241 in
688 1188 966 1250 insaniam,
1001 1188 1052 1241 in
1084 1189 1235 1248 iram,
1271 1189 1396 1242 etin
1422 1189 1565 1240 mille
1590 1187 1712 1241 vitia
1743 1187 2003 1241 defertur.

425 1279 516 1339 At,
548 1277 774 1346 inquies,
801 1277 1018 1346 gaudet,
1046 1277 1274 1340 Iactatur,
1301 1278 1350 1330 in
1378 1279 1565 1346 hisque
1593 1277 1871 1345 gloriatur.
1901 1277 2009 1329 Ma-

429 1369 601 1421 lorum
632 1369 983 1438 colophouetn
1023 1369 1151 1422 mihi
1182 1369 1336 1433 dicis,
1369 1369 1674 1436 malumque
1719 1369 2007 1422 incurabile

425 1475 570 1516 esse.
601 1460 731 1514 Nam
773 1461 859 1528 qui
888 1461 939 1514 in
983 1461 1065 1514 his
1104 1461 1346 1524 lanatnr,
1375 1476 1404 1514 a
1433 1460 1692 1513 malorum
1733 1475 1890 1514 causa
1921 1459 2007 1512 vix

427 1552 679 1604 recedere
710 1551 870 1615 velit,
900 1551 994 1605 sed
1039 1567 1131 1619 per
1161 1552 1482 1618 voluptatein
1513 1551 1650 1605 viam
1688 1551 1788 1605 sibi
1811 1551 1875 1603 ad
1915 1565 2008 1603 cu-

428 1643 687 1696 rationem
714 1641 999 1694 obstruxit.
1036 1641 1216 1710 Itaque
1251 1640 1376 1694 Illttd
1410 1641 1637 1694 maxime
1666 1640 1860 1693 malum
1892 1648 2004 1702 est,

425 1731 569 1796 quod
598 1730 665 1784 de
697 1731 1030 1785 incremento
1067 1732 1326 1784 malorum
1366 1746 1471 1783 nott
1499 1730 1696 1795 doleat,
1729 1729 1836 1782 itno
1874 1746 2007 1798 gau-

425 1822 570 1874 deat.
591 1821 836 1876 Gaudere
854 1821 996 1875 enim
1021 1837 1122 1875 nott
1146 1836 1356 1891 semper
1377 1820 1572 1873 bonum
1600 1829 1712 1883 est;
1739 1836 1858 1872 nam
1884 1835 2009 1888 gau-

427 1911 558 1964 dent
597 1910 742 1965 fures
760 1926 891 1975 cum
937 1910 1210 1976 furantur,
1243 1920 1298 1965 et
1325 1911 1565 1964 moechus
1607 1926 1727 1964 cmn
1774 1910 2006 1964 alienum

427 2010 604 2054 torum
627 2000 894 2070 deturpat,
922 2015 1114 2054 avarus
1141 2016 1264 2054 eum
1286 2001 1445 2069 rapit,
1477 1999 1737 2053 homicida
1765 2014 1885 2053 cum
1913 2014 2006 2053 oc-

426 2091 575 2144 cidit.
603 2091 682 2146 Ne
713 2091 1058 2162 respiciamus
1089 2093 1248 2161 igitur
1270 2108 1338 2145 an
1366 2092 1611 2161 gaudeat,
1641 2091 1733 2145 sed
1763 2106 1828 2144 an
1856 2091 1924 2145 de
1951 2107 2009 2146 re

429 2180 542 2233 utili
559 2180 819 2249 gaudeat;
842 2190 897 2236 et
917 2195 1219 2247 caveamus,
1250 2197 1317 2236 ne
1339 2181 1638 2250 hujusntodi
1661 2180 1906 2249 gaudium
1929 2181 2008 2234 in-

430 2270 724 2334 veniamus,
755 2270 912 2341 quale
940 2271 1180 2326 mmchus
1200 2280 1255 2326 et
1286 2271 1367 2324 fur
1397 2270 1607 2324 habeat.
1633 2270 1774 2334 Cur,
1801 2283 2006 2338 quaeso,

428 2361 626 2428 gaudet
650 2361 778 2415 ille?
801 2361 943 2431 quod
970 2361 1192 2431 gloriam
1229 2361 1367 2438 apud
1397 2361 1592 2414 multos
1632 2361 1970 2414 nanciscatur
1990 2397 2006 2424 ,

429 2464 539 2519 quo
565 2449 735 2503 inllari
779 2459 835 2504 et
868 2451 1102 2520 conspici
1138 2451 1351 2504 valeat?
1376 2450 1578 2518 Ecquid
1617 2448 1716 2502 hac
1750 2448 2008 2516 concupi-

425 2541 628 2594 secntia
649 2549 700 2594 et
734 2540 964 2596 absurdo
989 2556 1171 2595 amore
1192 2541 1465 2595 deterius?
1486 2539 1635 2606 Quod
1660 2539 1704 2592 si
1731 2539 1779 2591 id
1813 2538 2006 2592 malum

428 2645 535 2682 nan
551 2639 659 2692 est,
674 2645 742 2683 ne
762 2644 889 2698 ergo
910 2629 1085 2683 inanis
1104 2629 1288 2699 glorize
1309 2629 1530 2698 cupidos
1553 2627 1884 2697 rituperetis,
1910 2641 2008 2681 nec

3579 263 3684 316 57$

2103 372 2408 427 innumeris
2440 372 2748 441 opprobriis
2776 374 3023 428 laceretis
3060 393 3072 428 :
3103 375 3334 429 desinite
3365 387 3684 442 arrogantes

2103 474 2156 514 et
2184 464 2449 532 superbos
2487 465 2779 518 exsecrari.
2827 466 2929 518 Sed
2959 482 3067 518 non
3101 465 3345 534 poteritis
3379 469 3676 521 abstinere.

2106 553 2360 610 Plurimis
2381 571 2510 624 ergo
2536 556 2609 609 illi
2637 557 3167 626 criminiluts'iutpcti
3199 571 3446 626 possunt,
3471 561 3688 612 etiamst

2112 648 2253 700 mille
2278 649 2540 714 stipentur
2567 649 2860 704 lictoribus.
2897 651 2956 702 Et
2993 651 3104 703 ltzec
3145 653 3272 705 mihi
3303 653 3370 707 de
3407 653 3686 705 deteriori.

2114 737 2209 790 bus
2233 738 2580 805 optimatibus
2620 739 2760 792 dicta
2793 748 2951 792 sunto
2983 757 2995 792 :
3040 756 3160 793 nant
3211 743 3450 810 ple-rique
3480 743 3691 794 illornnt

2113 829 2427 893 latronibus,
2463 829 2758 892 homicidis,
2784 830 3029 897 uttechis,
3074 832 3441 899 sepulcrorum
3471 832 3693 886 ell‘osso-

2114 919 2258 971 I‘IINIS
2279 919 2508 985 peccatis
2523 919 2825 972 ouustiorcs
2841 919 3334 988 depreltettdttntur,
3349 922 3490 988 quod
3523 922 3690 988 ἰιιιιὶρι

2109 1009 2192 1061 rio
2207 1008 2344 1060 male
2359 1016 2593 1060 utantur.
2614 1007 2744 1060 Nam
2765 1009 3120 1075 impudentius
3142 1027 3299 1078 quam
3323 1011 3394 1064 illi
3428 1010 3690 1076 furantur,

2111 1097 2382 1150 crudelius
2403 1096 2672 1160 occidunt,
2690 1107 2739 1150 et
2767 1097 2921 1166 longe
2944 1098 3172 1167 iniquius
3200 1100 3476 1152 lasciviunt
3508 1109 3563 1153 et
3608 1104 3688 1153 el-

2113 1188 2316 1240 lodiunt
2335 1189 2372 1251 ⁸,
2394 1203 2498 1240 non
2533 1204 2740 1241 murum
2760 1228 2774 1248 .
2803 1190 2894 1242 sed
2925 1204 3054 1257 opes
3073 1200 3125 1242 et
3140 1191 3328 1244 domos
3345 1193 3650 1244 innumeras
3671 1233 3684 1253 ,

2110 1278 2234 1330 dum
2255 1293 2365 1346 prze
2384 1287 2644 1346 potestate
2661 1279 2711 1332 id
2729 1279 2880 1333 facile
2896 1290 3119 1349 possunt
3135 1298 3145 1332 :
3161 1281 3246 1348 qui
3260 1283 3511 1334 servitute
3523 1282 3692 1335 duris.

2112 1371 2244 1422 sima
2274 1381 2585 1438 premuntur
2605 1411 2620 1435 ,
2651 1371 2776 1422 dunt
2794 1371 2954 1423 animi
2980 1372 3178 1423 morbis
3197 1373 3380 1438 ignave
3400 1372 3614 1435 cedunt,
3633 1381 3690 1424 et

2111 1473 2399 1513 Conservos
2419 1460 2534 1512 sine
2552 1459 2866 1514 remissione
2881 1459 3181 1524 verberant,
3205 1461 3554 1529 conseiosque
3571 1476 3656 1513 om
3674 1490 3684 1498 -

2113 1564 2206 1602 nes
2224 1557 2474 1605 tremunt.
2493 1549 2622 1601 Nam
2643 1548 2730 1603 ille
2745 1549 2889 1602 solus
2907 1550 3040 1602 liber
3056 1551 3308 1613 cst,SnItts
3327 1551 3589 1618 princeps,
3615 1565 3690 1604 re-

2111 1639 2367 1708 gibnsque
2382 1641 2667 1708 potentior,
2687 1641 2773 1707 qui
2797 1656 2824 1691 :t
2845 1640 2984 1692 vitiis
3005 1640 3285 1708 expeditus
3306 1651 3405 1693 est.
3434 1640 3554 1694 llzee
3573 1655 3693 1693 cum

2113 1733 2363 1794 sciamus,
2383 1746 2560 1784 veram
2581 1744 2867 1798 Sequantur
2884 1729 3201 1794 libertatem,
3223 1742 3275 1783 et
3295 1731 3362 1782 ab
3383 1731 3560 1799 iniqua
3577 1746 3694 1784 scr-

2113 1821 2277 1874 vitnte
2301 1835 2396 1874 nos
2409 1819 2782 1888 expediamus:
2804 1835 2974 1889 neque
2991 1820 3196 1888 imperii
3219 1820 3428 1884 fastum,
3446 1821 3696 1889 nequedi-

2114 1911 2360 1964 vitiarttm
2379 1909 2730 1977 tyrannidem,
2747 1924 2920 1978 neque
2935 1909 3074 1961 aliud
3091 1909 3359 1978 quidpiam
3393 1909 3696 1976 huiusmodi

2114 1986 2490 2055 beatitudinem
2519 2013 2706 2068 parere
2742 2013 2897 2067 posse
2927 2008 3192 2067 putemus,
3223 1999 3315 2052 sed
3335 2001 3501 2052 solam
3537 1999 3697 2051 virtu-

2113 2101 2240 2146 tem.
2259 2090 2346 2145 Sic
2364 2090 2503 2144 enim
2523 2089 2644 2144 etin
2664 2091 2909 2158 prmscnti
2927 2090 3028 2142 vita
3049 2090 3424 2158 tranquillitate
3440 2091 3697 2154 fruemur,

2114 2191 2168 2235 ct
2187 2180 2358 2233 futura
2377 2193 2769 2246 consequemur
2789 2178 2922 2231 bona
2946 2219 2961 2242 ,
2979 2181 3146 2247 gratia
3163 2189 3216 2231 et
3244 2180 3566 2243 benignitate
3593 2179 3698 2230 llo-

2115 2271 2241 2326 mitti
2265 2271 2431 2325 nostri
2457 2271 2581 2324 .lesu
2607 2269 2829 2335 Christi,
2852 2271 2935 2323 cui
2958 2271 3120 2339 gloria
3148 2279 3202 2324 et
3226 2271 3504 2338 imperium
3541 2312 3554 2331 ,
3579 2287 3700 2322 eum

2116 2365 2274 2420 Patre
2289 2372 2344 2418 et
2361 2363 2562 2432 Spiritu
2583 2372 2767 2417 sancto
2789 2403 2806 2428 ,
2831 2361 2882 2416 itt
2913 2361 3106 2416 szccula
3134 2361 3469 2416 sat-culorum.
3503 2362 3697 2414 Amen.

2194 2575 2208 2604 ¹
2233 2571 2412 2636 Morel.
2437 2573 2565 2621 hunc
2593 2573 2746 2636 locum
2769 2574 2838 2621 sic
2861 2572 3006 2621 habet
3032 2587 3045 2622 :
3073 2583 3189 2622 Nam
3215 2573 3538 2633 innmdenlins
3561 2588 3702 2636 qnam

2115 2633 2188 2683 illi
2212 2635 2442 2695 [uruntur
2463 2641 2508 2683 et
2532 2633 2780 2696 cﬂ‘odinnt,
2805 2637 2994 2682 omissis
3016 2636 3330 2697 interpositis.

3187 2763 3544 2777 —*

3563 2767 3684 2776 -ρ

1622 2834 1962 2895 HOMILIA
2001 2834 2166 2895 LIX.
2226 2831 2312 2894 al.
2367 2831 2505 2892 LX.

424 2973 553 3028 CAP.
603 2976 683 3030 l8.
724 2991 776 3030 v.
805 2978 858 3031 7.
901 2976 988 3031 Va:
1048 2986 1237 3035 mando
1283 2995 1315 3030 a
1364 2977 1635 3033 scandulis.
1672 2977 1887 3032 Necesse
1939 2987 2011 3030 est

498 3067 629 3119 enim
657 3076 710 3120 ut
739 3068 936 3122 veniant
960 3069 1223 3131 scandala,
1248 3079 1584 3122 verumtamen
1605 3085 1677 3123 vce
1703 3069 1895 3122 Iwmini
1911 3069 2008 3130 illi,

504 3173 591 3221 per
615 3173 758 3219 quem
783 3159 1024 3212 scandala
1045 3159 1268 3212 veniunt.

500 3246 551 3298 I.
593 3246 648 3299 Si
693 3262 911 3302 necesse
957 3248 1022 3301 sit
1059 3259 1116 3302 ut
1143 3248 1356 3302 veniant
1384 3248 1651 3314 scandala,
1682 3248 1869 3303 dixerit
1903 3249 2009 3303 l'or-

429 3345 572 3389 tasse
597 3337 854 3406 quispiam
881 3353 946 3390 ex
976 3337 1294 3392 adversariis
1313 3379 1330 3404 ,
1357 3353 1453 3393 cur
1481 3339 1731 3392 miserum
1760 3338 2012 3405 przrdicat

427 3425 727 3491 tuuudum,
777 3442 898 3480 cum
957 3428 1031 3482 illi
1084 3427 1332 3496 opitulari
1376 3437 1430 3482 et
1477 3443 1688 3482 manum
1744 3429 2012 3496 porrigere

426 3517 742 3584 rporteret?
787 3517 900 3570 lloc
938 3519 1130 3586 quippe
1166 3527 1247 3572 est
1284 3517 1475 3571 medici
1519 3527 1572 3572 et
1615 3519 1850 3586 patroni;
1883 3517 2009 3570 illud

428 3619 556 3656 vero
601 3604 884 3672 cujuslibet
924 3620 955 3660 e
996 3607 1151 3675 vulgo
1195 3606 1444 3660 hominis.
1494 3606 1628 3673 Quid
1679 3606 1835 3676 igitur
1878 3606 2011 3661 adeo

430 3693 721 3762 impudenti
763 3695 951 3764 linguae
979 3696 1433 3764 respondeamus?
1472 3696 1670 3764 Ecquid
1709 3695 1830 3749 huic
1853 3711 2007 3749 cura-

430 3786 558 3839 tioni
601 3802 695 3854 par
725 3788 958 3858 reperire
990 3788 1202 3856 possis?
1241 3787 1372 3841 Nam
1407 3788 1541 3842 Deus
1567 3803 1686 3842 cum
1714 3788 1818 3850 sit,
1851 3786 2011 3841 homo

427 3877 599 3929 tactus
621 3886 701 3930 est
731 3888 949 3946 propter
975 3888 1024 3932 te
1045 3919 1060 3941 ,
1088 3889 1140 3932 et
1169 3878 1308 3932 servi
1334 3877 1559 3932 fortnam
1586 3879 1791 3946 accepit
1809 3917 1825 3943 ,
1851 3887 2010 3946 atque

429 3965 737 4034 turpissima
767 3967 946 4020 omnia
976 3981 1162 4037 passus
1185 3976 1264 4022 est
1289 4008 1306 4034 ,
1336 3966 1464 4020 nihil
1503 3966 1842 4036 prmterntisit
1868 3967 2008 4036 quod

425 4059 492 4112 ad
521 4074 580 4114 se
609 4061 930 4129 pertineret;
975 4063 1068 4118 sed
1094 4063 1213 4133 quia
1239 4063 1428 4132 ingrati
1461 4063 1703 4118 homines
1731 4062 1858 4118 nihil
1887 4061 2012 4117 hinc

431 4151 555 4204 boni
593 4154 904 4222 consequuti
939 4163 1098 4219 sunt,
1147 4154 1269 4210 ideo
1311 4154 1430 4209 illos
1461 4154 1686 4209 miseros
1715 4153 1967 4223 praedicat
1989 4190 2006 4217 9

425 4242 568 4306 quod
611 4253 728 4312 post
768 4245 1097 4298 curationem
1139 4255 1335 4299 tantam
1369 4246 1420 4299 iu
1457 4245 1762 4300 inﬁrmitate
1799 4260 2011 4300 manse-

428 4332 535 4384 rint
562 4350 576 4387 :
603 4348 665 4387 ac
690 4334 733 4388 si
760 4335 877 4404 quis
904 4350 1100 4405 mgrutn
1129 4337 1338 4406 egregie
1361 4344 1603 4392 curatum
1623 4377 1638 4402 ,
1665 4336 1755 4406 qui
1783 4335 2011 4390 noluerit

427 4422 758 4477 medicorum
788 4424 990 4494 legibus
1020 4425 1281 4496 obsequi,
1323 4425 1508 4495 lugens
1537 4426 1734 4482 dixerit
1763 4441 1779 4482 :
1811 4425 1902 4479 νω
1933 4425 2007 4480 illi

430 4511 630 4566 homini
651 4514 717 4568 ab
741 4514 1071 4580 inlirntitate,
1089 4531 1246 4583 quam
1271 4531 1366 4586 per
1387 4516 1645 4585 ignaviam
1667 4532 1816 4572 suam
1837 4516 2005 4569 auxit.

426 4603 530 4655 Sed
571 4603 679 4658 illic
713 4604 927 4673 quidem
957 4606 1084 4659 nihil
1113 4622 1176 4660 ex
1213 4609 1353 4660 luctu
1383 4607 1621 4662 utilitatis
1649 4606 1887 4672 accedit;
1922 4607 2008 4661 hic

428 4708 554 4747 vero
594 4695 801 4764 Species
830 4705 912 4750 est
939 4696 1228 4750 curationis
1251 4737 1267 4762 ,
1299 4711 1419 4751 cmn
1449 4697 1500 4751 id
1528 4697 1667 4766 quod
1696 4707 2007 4752 eventurum

426 4792 510 4836 est
533 4785 865 4852 pratdicitur,
887 4797 938 4840 et
963 4786 1215 4841 miserum
1239 4787 1574 4856 prazdicatur.
1601 4789 1838 4859 Plerique
1862 4790 2005 4842 enim

425 4890 569 4943 sa-pe
605 4891 673 4930 ex
709 4877 934 4932 consilio
975 4877 1105 4932 nihil
1133 4877 1372 4931 utilitatis
1399 4887 1718 4946 acceperunt
1740 4917 1756 4942 ,
1787 4893 1850 4933 ex
1881 4878 2007 4932 lletu

427 4981 552 5019 vero
578 4968 802 5021 multum
842 4968 1004 5036 adjuti
1033 4978 1176 5023 sunt.
1208 4968 1332 5024 Ideo
1361 4971 1591 5024 maxime
1630 4969 1714 5024 ναν
1752 4970 1878 5024 illud
1907 4985 2005 5040 ap-

427 5058 619 5124 posttit,
646 5057 766 5111 illos
789 5059 1027 5113 excitans
1054 5074 1117 5114 ac
1139 5059 1501 5128 diligentiores
1525 5059 1762 5114 el'liciens
1781 5060 2004 5128 vigilan-

427 5152 712 5220 tioresque.
753 5150 834 5205 Ad
871 5150 985 5205 haec
1009 5151 1436 5206 benevolentiam
1464 5167 1671 5220 quoque
1700 5166 1848 5204 suam
1879 5166 2002 5219 erga

427 5239 540 5292 illos
563 5250 724 5309 atque
757 5242 1211 5296 mansuetudinem
1248 5256 1398 5295 suam
1431 5241 1665 5308 exhibet,
1696 5241 1821 5295 dum
1846 5257 2004 5310 repu-

426 5340 646 5396 gnantes
697 5331 864 5400 luget,
894 5333 1458 5402 nonmodonona’gre
1476 5333 1682 5402 ferens,
1706 5333 1799 5388 sed
1843 5333 2002 5387 etiam

427 5421 715 5473 emendatis
743 5431 848 5474 tant
876 5438 939 5476 ex
971 5422 1096 5476 ﬂetu
1119 5438 1272 5489 quam
1301 5439 1365 5476 ex
1395 5423 1733 5492 prtedictione
1752 5465 1767 5491 ,
1797 5434 1853 5478 ut
1883 5425 2003 5479 illos

427 5510 488 5562 ad
516 5528 699 5564 sanam
734 5522 964 5566 tuentem
993 5523 1226 5566 revocet.
1258 5514 1320 5566 Et
1345 5515 1644 5582 quomodo,
1678 5516 1883 5583 inquies
1907 5557 1920 5580 ,
1952 5516 2002 5570 id

427 5605 531 5654 IICI‘I
562 5606 779 5673 potest?
807 5623 928 5657 ttant
959 5607 999 5657 si
1031 5622 1247 5658 neceSsc
1277 5616 1357 5658 est
1388 5619 1442 5658 ttt
1476 5608 1688 5660 veniant
1714 5608 1959 5661 scandala
1987 5651 1999 5671 ,

445 5695 686 5756 tuontodo
721 5695 831 5751 [nec
859 5697 1090 5764 cﬂ'uget‘e
1119 5699 1403 5763 poterimus
1422 5700 1440 5750 1’
1473 5701 1602 5764 Quia
1635 5715 1848 5753 necesse
1879 5702 1998 5767 qni-

2118 2974 2238 3028 dent
2260 2981 2342 3027 est
2364 2982 2422 3026 ut
2442 2973 2654 3028 veniant
2681 2975 2950 3037 scandala,
2972 2977 3145 3044 perire
3166 2987 3340 3033 autent
3369 2981 3585 3034 omnino
3608 2998 3701 3036 ne-

2119 3079 2272 3119 cesse
2302 3079 2419 3131 non_
2436 3071 2536 3117 est.
2563 3063 3016 3128 Quemadmodum
3044 3067 3086 3118 si
3113 3068 3233 3136 quis
3255 3069 3490 3124 medicus
3510 3071 3702 3126 dixerit

2117 3157 2137 3224 (
2165 3155 2294 3209 nihil
2333 3158 2472 3208 enim
2504 3165 2648 3209 vetat
2692 3157 2974 3225 quominus
3001 3157 3189 3212 eodem
3231 3161 3476 3229 exemplo
3515 3162 3703 3216 iterum

2120 3246 2352 3315 utamur)
2383 3263 2395 3298 :
2427 3245 2652 3300 Necesse
2681 3256 2764 3301 est
2792 3246 2930 3300 hunc
2953 3247 3133 3301 venire
3162 3250 3404 3304 tuorbnm
3427 3293 3442 3316 ,
3473 3253 3564 3306 sed
3599 3270 3703 3307 tton

2121 3337 2244 3389 item
2278 3350 2499 3390 necesse
2525 3345 2608 3390 est
2645 3347 2704 3389 ut
2738 3335 2838 3389 hoc
2879 3337 3066 3390 morbo
3109 3353 3293 3406 pereas
3316 3381 3331 3404 ,
3380 3341 3423 3392 si
3467 3343 3702 3394 animum

2117 3425 2372 3480 adhibeas
2390 3465 2406 3488 .
2434 3424 2548 3480 Ittt‘c
2574 3441 2694 3479 cum
2724 3425 2842 3479 aliis
2865 3425 3071 3480 dicebat
3093 3468 3108 3490 ,
3139 3438 3195 3480 ut
3220 3429 3327 3494 jant
3357 3431 3567 3493 monui,
3595 3448 3702 3499 quo

2120 3513 2410 3583 discipulos
2449 3528 2478 3567 a
2517 3528 2707 3568 somno
2745 3515 3020 3570 excitaret.
3069 3515 3146 3570 Ne
3184 3517 3482 3571 dormirent
3519 3523 3658 3572 enim
3686 3561 3701 3581 ,

2116 3605 2265 3674 quasi
2287 3603 2354 3659 ad
2385 3618 2570 3674 pacem
2600 3615 2655 3658 et
2686 3605 3120 3673 imperturbatum
3150 3605 3309 3659 vitam
3338 3608 3505 3672 missi,
3535 3610 3698 3662 multa

2116 3706 2166 3749 et
2213 3694 2342 3750 foris
2381 3708 2434 3748 et
2477 3694 2616 3748 intus
2661 3694 2954 3764 ingruentia
2997 3695 3130 3748 bella
3170 3695 3424 3750 declarat.
3469 3697 3617 3764 Quod
3647 3708 3701 3752 et

2118 3783 2312 3838 Paulus
2355 3784 2681 3854 signiﬁcabat
2722 3785 2803 3838 his
2844 3785 3062 3838 verbis:
3106 3784 3258 3838 Foris
3307 3803 3522 3854 pnqnw,
3561 3790 3698 3842 intus

2118 3877 2318 3928 timores
2340 3891 2359 3928 :
2381 3875 2602 3942 pericula
2623 3875 2675 3928 in
2698 3875 2841 3942 falsis
2868 3875 3107 3945 fratribus
3129 3875 3204 3943 (2.
3232 3875 3350 3929 Cor.
3379 3878 3429 3930 7.
3454 3879 3508 3932 5.
3540 3890 3586 3932 ct
3608 3882 3629 3933 I
3649 3884 3695 3938 I.

2114 3966 2241 4035 26);
2269 3975 2323 4020 et
2357 3965 2591 4020 Milesios
2618 3965 2894 4034 alloquens
2915 3966 3122 4020 dicebat
3145 3983 3159 4020 :
3187 3966 3469 4037 Exsurgent
3494 3972 3700 4040 quidam

2115 4073 2178 4110 ea:
2205 4057 2340 4111 vobis
2364 4056 2617 4126 loquentes
2645 4072 2874 4125 perversa
2911 4056 3044 4123 (Act.
3081 4057 3170 4112 20.
3211 4057 3324 4127 '50).
3351 4058 3592 4114 Christus
3613 4079 3700 4117 ve-

2116 4164 2176 4200 ro
2200 4147 2409 4202 dicebat
2427 4187 2442 4213 ,
2469 4146 2672 4200 Inimici
2701 4146 2918 4200 hominis
2945 4147 3200 4201 domestici
3227 4149 3336 4218 ejus
3365 4149 3578 4218 (.llattlt.
3613 4157 3695 4207 l0.

2115 4238 2229 4307 δυ).

2185 4327 2418 4380 Liberum
2453 4327 2715 4380 arbitrium
2745 4335 2790 4380 et
2815 4326 3014 4380 libertas
3044 4328 3315 4384 voluntatis
3348 4345 3461 4382 cum
3498 4335 3698 4387 veritate

2114 4418 2389 4487 praphctia:
2412 4417 2671 4470 conciliari
2697 4426 2926 4486 possunt.
2949 4446 3018 4455 —
3039 4416 3174 4470 Cum
3199 4421 3377 4472 autem
3407 4423 3698 4476 necessita-

2116 4518 2220 4560 tem
2247 4505 2403 4571 dicit,
2427 4523 2530 4560 non
2560 4507 2781 4562 liberum
2809 4506 3085 4560 arbitrium
3114 4507 3279 4571 tollit,
3310 4523 3480 4576 neque
3507 4511 3693 4564 volun-

2115 4597 2238 4651 tatis
2287 4596 2626 4660 Iibertatem,
2674 4611 2845 4664 neque
2887 4611 3063 4649 rerum
3116 4597 3418 4650 necessitati
3466 4600 3695 4668 cuipiam

2112 4685 2272 4739 vitam
2313 4685 2598 4751 subjicicns
2627 4684 2741 4737 haec
2770 4684 2843 4736 ait
2872 4701 2885 4735 :
2913 4682 3005 4737 sed
3036 4683 3176 4752 quod
3213 4685 3428 4738 omnino
3457 4687 3692 4744 I'uturunt

2112 4784 2228 4830 erat
2251 4775 2486 4843 przedicit
2516 4791 2530 4826 :
2553 4773 2692 4841 quod
2724 4773 2892 4826 Lucas
2920 4773 3036 4828 aliis
3063 4775 3238 4827 verbis
3265 4775 3584 4842 declaravit,
3612 4783 3691 4836 sie

2111 4867 2294 4920 dicens
2317 4906 2331 4926 .
2365 4863 2684 4933 [inpossibile
2715 4874 2786 4916 cu
2816 4873 2868 4916 nt
2895 4880 2993 4916 non
3023 4866 3222 4916 veniunt
3257 4868 3498 4918 scandala
3529 4866 3688 4938 (an.

2113 4958 2198 5010 I7.
2232 4956 2307 5025 I).
2336 4954 2470 5020 Quid
2501 4953 2626 5007 illud
2651 4961 2730 5008 est
2751 4994 2767 5018 ,
2796 4953 3098 5007 Scandalu?
3126 4953 3502 5023 Impedimenta
3535 4970 3686 5015 recte

2113 5046 2215 5100 via:
2237 5046 2275 5098 ⁸.
2303 5044 2391 5100 Sic
2414 5044 2468 5098 in
2500 5058 2658 5098 scena
2688 5052 2878 5098 vocant
2903 5044 3152 5112 agiliores
3176 5046 3432 5114 quosdam
3457 5051 3546 5118 qui
3575 5066 3685 5104 (ξυνα

2111 5151 2235 5206 pom
2285 5144 2608 5204 pervertunt.
2660 5134 2772 5188 Non
2809 5135 2964 5205 igitur
2996 5136 3268 5204 praedictio
3296 5140 3410 5205 ejus
3445 5141 3693 5194 scandala

2109 5229 2322 5283 adduett
2349 5245 2363 5281 :
2390 5227 2527 5281 absit
2556 5245 2569 5280 :
2597 5243 2768 5295 neque
2792 5227 2914 5295 quia
2943 5229 3312 5295 prmuuntiarit
3334 5269 3348 5292 ,
3395 5229 3513 5282 ideo
3553 5246 3683 5284 eve-

2111 5324 2287 5387 ttittttt;
2319 5320 2410 5375 sed
2443 5319 2561 5374 ideo
2595 5319 2856 5388 prwdixit,
2888 5320 3008 5386 quia
3040 5328 3293 5372 eventura
3319 5328 3473 5373 erant
3497 5339 3509 5373 :
3537 5321 3604 5374 ita
3638 5330 3692 5378 ut

2108 5415 2152 5466 si
2182 5410 2474 5463 noluissent
2499 5409 2531 5462 ii
2559 5409 2647 5479 qui
2677 5409 2763 5461 illa
2793 5407 3046 5472 inferunt,
3071 5424 3356 5477 numquam
3386 5410 3688 5476 venisstmt,

2172 5587 2186 5611 ο
2228 5582 2386 5630 νυνι-1.
2416 5589 2518 5637 post
2558 5581 2658 5625 Ιιςυι·
2685 5579 2849 5632 verl-a,
2879 5577 3007 5635 quod
3034 5587 3383 5628 I.nr(ts..........
3412 5581 3480 5627 .air
3505 5580 3686 5637 (Piens,

2116 5666 2134 5688 ι·
2171 5640 2454 5696 ί-ηιηνκλίιιιν
2479 5650 2543 5687 ml
2581 5651 2627 5688 nt
2666 5654 2755 5686 non
2783 5642 2964 5687 t'cnz'unt
3005 5641 3262 5688 scandala.
3291 5661 3310 5682 η
3357 5643 3506 5699 addit,
3547 5640 3686 5690 nullis

2113 5711 2424 5766 tittt-tpo_.ttt~,
2452 5703 2789 5763 tnq'ulmo'm‘n
2818 5708 2960 5750 lct'tu'
2989 5713 3087 5749 ωας.
