4074 6144
335 249 443 304 575

333 371 394 416 et
420 361 523 417 nisi
548 369 809 416 eventura
835 372 1039 427 essent,
1067 377 1173 416 nott
1202 363 1452 432 praedicta
1482 361 1731 418 fuissent.
1752 361 1907 430 Quo-

337 454 482 507 niam
503 469 630 507 vero
644 452 867 522 quidam
887 451 1124 520 maligne
1136 454 1447 521 agebant,et
1460 453 1746 507 ineurabili
1764 468 1906 508 mor-

335 544 406 598 bo
425 545 764 610 laborabant,
790 553 1054 598 venerunt
1083 545 1362 610 scandala,
1387 545 1642 614 quodque
1661 544 1902 598 futurum

332 635 551 690 eratille
567 635 827 706 praedicit.
845 634 913 688 At
935 635 980 689 si
1002 635 1079 688 illi
1097 637 1368 690 emendati
1396 636 1650 700 fuissent,
1666 636 1901 706 inquies,

333 734 388 779 et
409 724 590 780 nullus
619 712 874 779 scandala
902 722 1196 789 attulisset,
1221 739 1401 779 annon
1424 724 1628 781 dictum
1652 725 1785 780 illud
1802 725 1904 780 fal-

335 831 456 869 sum
471 814 870 884 deprehensum
886 812 1079 871 fuisset
1093 813 1116 866 ?
1129 812 1484 885 Nequaquam
1500 832 1514 870 :
1534 831 1639 869 non
1655 817 1900 872 dicturus

325 902 469 955 enim
499 910 655 966 erat,
686 901 729 955 si
770 900 1087 956 emendandi
1119 900 1345 956 fuissent
1371 916 1560 956 omnes
1581 939 1598 965 ,
1628 916 1801 971 neque
1826 901 1911 956 di-

332 992 500 1045 xisset
531 1009 546 1045 :
579 990 801 1046 Necesse
825 1001 901 1046 est
927 1002 980 1044 nt
1009 991 1244 1056 ueniant;
1281 991 1375 1047 sed
1408 991 1530 1061 quia
1560 991 1771 1045 videbat
1807 1006 1911 1043 non

326 1081 672 1151 corrigendos
700 1081 837 1149 fore,
865 1082 986 1137 ideo
1009 1082 1164 1147 dixit,
1190 1098 1255 1137 ea
1281 1082 1500 1136 omnino
1526 1093 1744 1137 ventura
1770 1098 1910 1136 esse.

332 1173 398 1226 lit
434 1189 564 1238 cur,
599 1174 806 1244 inquies
830 1212 846 1236 ,
888 1174 1001 1242 ipse
1033 1189 1138 1229 non
1167 1173 1426 1228 abstulit?
1467 1173 1531 1227 Et
1554 1188 1651 1227 cur
1680 1173 1912 1227 tollenda

329 1262 519 1316 erant?
559 1277 628 1317 an
659 1273 876 1334 propter
902 1278 998 1318 eos
1020 1264 1111 1333 qui
1143 1264 1206 1318 iis
1236 1263 1539 1318 laeduntur?
1561 1265 1633 1317 At
1656 1278 1763 1317 non
1787 1257 1913 1319 inde

330 1361 555 1417 pereunt
592 1352 628 1406 ii
666 1353 754 1422 qui
793 1352 1088 1420 laeduntur,
1124 1355 1216 1408 sed
1250 1369 1318 1409 ex
1357 1354 1562 1422 ignavia
1588 1369 1682 1407 sua
1714 1370 1727 1407 :
1757 1353 1914 1422 idque

327 1440 606 1495 declarant
642 1442 675 1496 ii
705 1444 792 1512 qui
826 1446 1075 1500 virtutem
1103 1446 1317 1508 colunt,
1345 1446 1434 1515 qui
1466 1462 1569 1499 non
1601 1446 1762 1500 tttudo
1790 1446 1913 1501 hinc

330 1530 458 1585 nihil
495 1532 788 1596 Its-duntur,
816 1532 909 1588 sed
941 1534 1100 1589 etiam
1130 1535 1353 1589 nmltum
1381 1539 1606 1591 lructmn
1634 1537 1866 1591 referunt
1893 1554 1910 1592 :

327 1621 498 1689 qualis
522 1634 634 1677 erat
660 1623 763 1678 Job
786 1665 802 1688 ,
833 1625 1004 1694 qualis
1027 1624 1228 1695 Joseph
1250 1666 1264 1691 ,
1295 1626 1478 1696 quales
1500 1641 1687 1681 omnes
1707 1628 1834 1695 justi
1857 1637 1912 1682 et

325 1713 576 1779 apostoli.
616 1713 768 1781 Quod
809 1715 852 1769 si
895 1716 1046 1770 multi
1087 1717 1393 1786 perierunt,
1436 1717 1488 1771 id
1528 1733 1594 1772 es
1633 1734 1822 1772 somno
1858 1728 1912 1773 et

330 1803 648 1874 negligentia
688 1820 783 1859 sua
820 1807 1016 1860 evenit.
1040 1805 1098 1862 Si
1128 1821 1217 1861 res
1250 1822 1355 1862 non
1386 1808 1454 1861 ita
1484 1818 1663 1873 esset,
1691 1816 1749 1863 et
1772 1809 1817 1863 si
1843 1826 1908 1864 ex

326 1892 592 1948 seandalis
636 1894 898 1962 pernicies
942 1904 1125 1960 esset,
1173 1909 1363 1951 omnes
1405 1897 1580 1965 perire
1619 1907 1910 1967 Oporteret.

324 1980 478 2050 Quod
506 1982 552 2036 si
576 1983 790 2052 quidam
819 1983 1098 2053 effugiunt,
1120 1986 1213 2056 qui
1240 2001 1346 2040 non
1370 1986 1576 2057 effugit,
1604 1988 1656 2042 id
1685 1988 1782 2042 sibi
1807 1989 1910 2058 ipsi

325 2081 553 2141 reputet.
583 2071 844 2129 Scandala
870 2075 1048 2140 enim,
1080 2087 1139 2130 ut
1164 2076 1294 2140 dixi,
1322 2086 1379 2131 et
1405 2079 1667 2142 excitant,
1705 2087 1760 2132 et
1790 2095 1912 2148 per-

321 2159 677 2224 Spicaeiorem
693 2160 1103 2226 aeutiuretnque
1116 2160 1343 2223 faciunt,
1365 2175 1602 2212 noneutn
1619 2160 1778 2212 modo
1791 2160 1885 2230 qui

321 2246 426 2300 sibi
444 2256 617 2312 cavet,
635 2247 730 2303 sed
748 2249 911 2302 etiam
928 2265 1052 2302 eum
1073 2251 1165 2318 qui
1188 2250 1384 2305 cecidit
1402 2251 1621 2320 citoqne
1635 2250 1884 2321 erigitur,

324 2336 452 2391 hinc
468 2338 615 2392 enim
625 2339 837 2393 cautior
851 2350 1120 2409 captoque
1133 2339 1402 2394 difﬁcilior
1417 2343 1820 2411 evadet.|taque
1836 2342 1885 2398 si

333 2422 644 2492 vigilemus,
673 2440 780 2479 non
812 2441 1033 2495 parvum
1064 2428 1187 2482 inde
1214 2430 1415 2484 lucrum
1442 2434 1743 2493 referimus.
1769 2437 1911 2505 quod

330 2515 536 2570 scilicet
561 2516 779 2571 assidue
808 2518 1105 2588 vigilemus.
1138 2520 1193 2574 Si
1224 2535 1351 2575 vero
1389 2522 1703 2577 instantibus
1735 2527 1910 2579 inimi-

329 2606 448 2673 cis,
489 2617 545 2662 et
590 2616 668 2663 tot
714 2610 1095 2666 tentationibus
1142 2611 1504 2681 ingruentibus
1545 2615 1907 2685 dormiamus,

329 2699 458 2769 quid
488 2700 558 2756 de
585 2700 740 2757 nobis
781 2702 870 2759 fiet
906 2705 950 2758 si
996 2708 1074 2760 sic
1115 2708 1395 2776 tranquille
1435 2709 1714 2764 vivamus?
1742 2711 1797 2767 Si
1833 2715 1912 2768 vis

330 2796 509 2842 autem
534 2827 552 2856 ,
584 2793 811 2859 primum
842 2792 1112 2849 hominem
1141 2796 1418 2851 considera
1448 2814 1463 2852 :
1492 2799 1537 2852 si
1569 2801 1712 2854 enim
1744 2817 1915 2870 pauco

330 2886 590 2946 tempore,
618 2888 674 2934 et
701 2882 941 2938 fortassis
967 2899 1071 2939 neu
1103 2900 1210 2939 uno
1234 2885 1322 2940 die
1348 2888 1400 2941 in
1428 2888 1670 2956 paradiso
1694 2905 1911 2949 versans

327 2966 487 3034 inque
513 2968 718 3026 deliciis
741 3010 757 3037 ,
797 2972 851 3025 in
892 2982 1095 3028 tantum
1127 2975 1373 3044 nequitia:
1404 2979 1703 3048 prornperit
1724 3021 1740 3045 ,
1770 2990 1829 3035 ut
1850 2996 1913 3038 se

325 3058 584 3126 :eqnaletn
613 3060 720 3115 Deo
746 3063 860 3117 fore
884 3065 1200 3132 speraverit,
1224 3074 1280 3121 et
1304 3067 1639 3137 deceptorem
1669 3071 1910 3128 beneficii

324 3155 597 3202 auctorem
630 3152 928 3218 putaverit,
973 3168 1145 3222 neque
1171 3155 1387 3210 unicum
1429 3156 1555 3212 illud
1580 3170 1905 3230 praeceptum

323 3240 621 3294 servaverit
647 3257 662 3294 :
692 3243 736 3294 si
780 3244 901 3297 vitae
931 3245 1189 3314 reliquam
1222 3257 1421 3315 partem
1450 3251 1566 3306 sine
1590 3250 1770 3307 labore
1805 3253 1908 3308 du-

324 3325 491 3387 xisset
508 3372 524 3395 ,
550 3329 678 3402 quid
708 3346 812 3389 non
838 3332 1071 3392 facturus
1097 3337 1254 3395 erat?

392 3424 449 3476 2.
492 3422 662 3480 [lauto
698 3441 793 3480 sua
836 3444 989 3498 opera
1024 3441 1073 3484 et
1114 3449 1145 3484 α
1188 3434 1351 3504 seipse
1380 3430 1546 3490 malus
1581 3433 1808 3507 (ﬁcitur.
1836 3463 1908 3475 —

323 3511 420 3566 llis
451 3514 521 3569 ita
549 3514 707 3570 dictis
729 3555 744 3581 ,
773 3517 928 3571 aliam
956 3519 1307 3588 objectionetn
1340 3523 1570 3578 olferunt
1607 3524 1755 3581 :Cur
1778 3542 1906 3599 ergo

327 3602 468 3661 Dens
509 3607 666 3662 talem
711 3610 881 3677 ipsmn
919 3611 1137 3666 effecit?
1177 3612 1291 3668 Non
1324 3615 1463 3670 Deus
1503 3617 1660 3672 talem
1689 3616 1901 3687 eﬂ‘ecit,

321 3698 460 3752 absit
486 3715 500 3751 :
528 3714 635 3754 non
662 3701 803 3755 enim
832 3703 978 3757 illum
1013 3705 1321 3773 punivisset.
1353 3707 1482 3761 Nam
1504 3710 1548 3762 si
1575 3725 1672 3764 nos
1692 3711 1904 3780 quando

321 3788 545 3859 alicujus
567 3791 642 3844 rei
668 3806 826 3847 causa
847 3809 1053 3859 smnus,
1077 3808 1261 3850 servos
1289 3813 1391 3851 non
1420 3799 1743 3867 incusamus,
1768 3802 1905 3857 mul-

321 3887 375 3930 to
405 3881 580 3935 utinus
607 3883 976 3940 universnrum
1011 3887 1147 3942 Deus
1173 3888 1223 3943 id
1249 3888 1465 3946 faceret.
1497 3890 1623 3958 Sed,
1655 3894 1861 3964 inquies
1880 3936 1896 3963 ,

321 3972 461 4026 unde
502 3974 620 4027 talis
658 3975 877 4032 elleetns
912 3978 1039 4033 est?
1078 3980 1152 4034 Ex
1193 3983 1482 4052 semetipso
1507 3992 1562 4038 et
1597 3998 1661 4039 es
1696 3986 1897 4056 ignavia

317 4078 432 4117 sua.
481 4063 619 4131 Quid
668 4073 789 4133 est,
830 4083 897 4123 ex
934 4070 1259 4139 semetipso?
1298 4072 1547 4142 Teipsum
1591 4074 1894 4148 interroga:

319 4168 438 4205 nam
471 4155 515 4206 si
548 4154 582 4208 ii
608 4156 697 4224 qui
727 4158 852 4211 mali
882 4166 1027 4221 sunt,
1060 4174 1165 4213 non
1190 4176 1254 4214 ex
1286 4162 1477 4230 seipsis
1506 4164 1627 4217 tnali
1658 4175 1800 4227 sunt.
1831 4185 1898 4221 tte

316 4257 530 4295 servum
563 4252 709 4297 tuum
738 4245 966 4315 castiges
991 4287 1006 4308 .
1037 4263 1136 4302 nec
1163 4263 1381 4303 uxorem
1410 4251 1455 4304 si
1481 4255 1779 4320 peccaverit
1811 4256 1896 4309 itt-

314 4347 503 4400 crepcs
525 4372 542 4397 ,
583 4348 681 4387 nec
716 4334 881 4389 filium
922 4337 1218 4406 percutias,
1251 4354 1348 4395 nec
1389 4342 1614 4397 amicum
1646 4345 1856 4402 incuses
1879 4389 1893 4413 ,

316 4433 415 4475 nec
460 4421 730 4477 inimicum
772 4432 823 4479 te
863 4426 1142 4482 laedentem
1184 4428 1309 4483 odio
1349 4430 1586 4486 habeas:
1620 4434 1671 4489 hi
1701 4437 1895 4507 quippe

313 4527 503 4567 omnes
529 4514 671 4584 digni
702 4524 826 4571 sunt
852 4515 1235 4584 misericordia,
1266 4537 1370 4576 tton
1400 4524 1690 4593 punitione,
1717 4529 1761 4582 si
1787 4544 1894 4585 non

309 4619 376 4658 ex
407 4605 596 4673 scipsis
624 4605 959 4677 delinquunt.
992 4607 1097 4663 Sed
1125 4625 1228 4665 non
1262 4626 1476 4679 possunt
1507 4613 1890 4686 philosophari,

310 4698 536 4768 inquies.
565 4700 724 4770 Atqui
750 4701 793 4755 si
820 4701 1014 4759 videris
1037 4718 1141 4759 non
1168 4705 1376 4761 illorum
1399 4708 1607 4776 culpam
1633 4726 1771 4775 esse.
1795 4713 1890 4767 sed

307 4805 373 4842 es
401 4789 503 4844 alia
543 4792 862 4849 necessitate
886 4792 938 4848 id
967 4793 1164 4851 factum
1193 4811 1313 4853 esse
1338 4839 1354 4863 ,
1387 4807 1513 4855 tunc
1543 4801 1741 4870 poteris
1772 4803 1891 4873 phi-

308 4877 596 4948 losophari.
627 4880 760 4937 Nam
785 4897 905 4938 cum
928 4899 1115 4941 servus
1138 4887 1450 4956 aegritudine
1470 4889 1716 4948 detentus
1746 4892 1886 4962 iussa

308 4981 415 5020 non
447 4967 651 5036 fecerit,
680 4986 788 5025 non
817 4973 977 5027 modo
1003 4989 1108 5030 non
1136 4976 1433 5030 criminaris
1456 5017 1471 5039 .
1502 4979 1595 5034 sed
1626 4989 1681 5036 et
1706 4983 1884 5038 statim

242 5054 250 5064 '
309 5055 557 5125 ignoscis.
588 5057 679 5113 Sic
702 5068 757 5113 ιιι
786 5063 937 5116 testis
962 5077 1042 5129 es,
1068 5066 1334 5135 quidpiam
1362 5070 1428 5122 ab
1453 5068 1589 5137 ipso,
1617 5072 1883 5142 quidpiant

306 5160 410 5200 tton
450 5146 518 5202 ab
560 5147 677 5218 ipso
704 5163 847 5205 esse.
894 5150 1054 5220 Igitur
1086 5156 1244 5209 etiam
1282 5157 1366 5210 hic
1390 5202 1406 5223 ,
1437 5160 1480 5214 si
1511 5162 1678 5217 scires
1709 5163 1881 5233 ipsum

306 5234 425 5289 ideo
455 5237 649 5293 malum
678 5253 800 5295 esse
837 5241 961 5311 quia
1003 5244 1083 5299 sic
1120 5255 1274 5300 natus
1313 5249 1377 5301 sit
1404 5289 1419 5311 ,
1458 5265 1562 5305 non
1588 5253 1748 5307 modo
1775 5271 1880 5308 non

303 5340 621 5393 aecttsarcs,
667 5330 762 5386 sed
806 5341 863 5387 et
901 5333 1109 5388 veniam
1152 5335 1326 5390 dares.
1370 5337 1498 5392 Nam
1536 5342 1618 5394 cui
1662 5353 1880 5413 propter

303 5418 548 5472 morbum
584 5420 812 5489 ignoscis
832 5464 850 5489 ,
881 5434 1099 5494 propter
1140 5426 1229 5480 Dei
1264 5429 1531 5497 Opilieittm
1562 5433 1638 5488 illi
1668 5436 1876 5492 veniam

301 5521 406 5561 non
437 5522 660 5579 negares
680 5553 696 5577 ,
764 5513 1171 5584 siquidem‘talis
1199 5521 1267 5573 ab
1297 5522 1445 5576 initio
1476 5525 1642 5579 factus
1668 5526 1872 5582 fuisset.

299 5595 529 5659 Aliunde
564 5601 726 5656 etiam
759 5603 878 5661 illos
905 5605 1061 5663 facile
1088 5611 1362 5668 confutare
1391 5628 1672 5684 possumus
1704 5634 1718 5670 :
1748 5634 1869 5672 nam

1038 248 1098 303 S.
1138 247 1423 304 JOANNIS
1454 244 1949 304 CIIRYSOSTOMI
1987 246 2306 308 AllClllEP.
2347 253 2879 313 CONSTANTINOP.

3493 259 3598 318 576

2018 362 2214 416 veritas
2236 367 2564 432 argumentis
2587 368 2842 423 abundat.
2869 369 2977 423 Cur
2999 383 3284 440 numquam
3307 385 3520 426 servum
3541 373 3596 428 in

2013 452 2215 508 crimen
2241 456 2474 521 vocasti,
2513 456 2657 528 quod
2684 473 2792 511 non
2832 458 2902 513 sit
2939 459 3087 513 vultu
3116 460 3381 515 formosus
3407 502 3424 526 ,
3453 467 3601 531 quod

2016 558 2122 598 non
2162 545 2232 599 sit
2272 547 2577 615 proceriore
2613 558 2851 613 statura,
2893 549 3037 619 quod
3077 566 3183 604 non
3223 549 3292 604 sit
3330 550 3595 605 volucris?

2014 633 2146 700 Quia
2186 634 2300 690 h:cc
2339 651 2369 689 a
2415 646 2602 692 natura
2642 640 3070 708 proficiscuntur.
3106 640 3246 711 Ergo
3282 641 3417 695 liber
3449 651 3528 694 est
3560 657 3597 697 ω

2015 726 2170 796 culpa
2195 738 2448 797 quantum
2473 729 2540 782 ad
2565 739 2765 784 natum»
2786 731 2931 792 vitia,
2961 747 3222 800 nemoque
3245 731 3344 785 ibit
3371 731 3590 787 inficias.

2015 817 2150 871 Cum
2175 833 2305 888 ergo
2328 834 2572 886 accusas,
2603 820 2842 876 ostendis
2868 835 3038 888 certe,
3069 824 3251 877 vitium
3279 839 3383 877 non
3410 839 3474 877 es
3505 839 3596 876 tta-

2017 918 2133 962 tnra
2159 950 2175 974 ,
2216 910 2309 964 sed
2347 927 2413 964 ex
2452 912 2725 967 voluntate
2762 913 3045 982 proﬁcisci.
3074 915 3207 969 Nam
3248 918 3292 969 si
3328 931 3451 970 cum
3486 931 3601 972 non

2014 1016 2347 1067 accusamus,
2370 1003 2717 1059 testificantur
2737 1014 2903 1060 totum
2922 1022 3043 1062 esse
3063 1016 3267 1062 natura:
3284 1008 3595 1066 adscriben-

2015 1089 2172 1156 dum,
2207 1091 2377 1160 palam
2406 1100 2491 1147 est
2517 1093 2658 1162 quod
2684 1108 2807 1149 cum
2839 1095 3207 1164 increpamus,
3234 1112 3298 1151 es
3327 1098 3598 1156 voluntate

2014 1182 2224 1249 culpam
2244 1197 2364 1237 esse
2383 1180 2738 1238 declaramus.
2762 1184 2839 1238 Ne
2860 1185 3036 1255 itaque
3057 1201 3301 1256 perversa
3323 1189 3599 1245 ratiocinia

2016 1269 2069 1322 in
2107 1270 2339 1325 medium
2373 1272 2567 1327 aﬂ‘eras
2590 1311 2606 1336 ,
2649 1286 2719 1328 ne
2754 1274 3079 1344 sophismata
3107 1285 3162 1330 et
3191 1275 3360 1331 nodos
3387 1292 3601 1332 amittat:

2017 1359 2137 1413 telis
2181 1360 2399 1415 viliores
2429 1379 2444 1415 :
2474 1361 2567 1416 sed
2610 1363 2679 1417 ad
2721 1363 3073 1419 hocrursum
3118 1364 3244 1419 mihi
3287 1369 3595 1435 responde:

2015 1450 2202 1506 Nonne
2228 1450 2471 1506 homines
2499 1467 2687 1508 omnes
2716 1453 2839 1509 fecit
2871 1455 3048 1509 lleus?
3081 1455 3135 1510 Id
3162 1457 3301 1525 apud
3323 1472 3512 1512 omnes
3541 1458 3596 1511 in

2014 1543 2264 1598 confesso
2291 1553 2394 1599 est.
2420 1544 2530 1598 Cur
2557 1559 2685 1614 ergo
2713 1560 2818 1599 non
2846 1560 3034 1602 omnes
3063 1547 3356 1603 secundum
3386 1549 3596 1605 virtutis

2012 1644 2070 1690 et
2108 1635 2218 1688 vitii
2264 1635 2522 1690 rationem
2566 1636 2796 1704 aequales
2835 1636 2998 1691 sunt?
3040 1636 3179 1692 ttnde
3217 1638 3277 1691 fit
3317 1648 3372 1692 ιιι
3401 1639 3456 1693 Ιιί
3489 1639 3597 1693 sint

2014 1725 2160 1791 boni,
2188 1725 2333 1795 probi
2355 1732 2410 1780 et
2433 1725 2701 1780 modesti?
2726 1725 2865 1781 unde
2891 1728 2950 1782 lit
2978 1736 3034 1782 ut
3054 1728 3106 1781 hi
3127 1729 3236 1783 sint
3264 1729 3389 1783 mali
3415 1740 3469 1785 et
3497 1729 3598 1784 int-

2015 1815 2205 1884 probi?
2233 1814 2365 1870 Nam
2403 1815 2449 1870 si
2483 1816 2535 1870 in
2564 1814 2650 1872 bis
2689 1830 2799 1870 non
2827 1817 3100 1873 voluntate
3132 1833 3270 1888 opus
3293 1827 3417 1886 est,
3454 1827 3511 1875 et
3548 1835 3596 1876 ss

2014 1907 2129 1960 haec
2155 1916 2339 1961 natura
2368 1917 2514 1974 sunt,
2544 1923 2640 1963 cur
2667 1907 2719 1962 Ιιί
2744 1907 3013 1973 virtutem,
3038 1909 3128 1964 alii
3154 1910 3338 1965 vitiant
3363 1927 3597 1981 sequun-

2013 1998 2141 2052 tur?
2162 1997 2294 2052 Nam
2322 1999 2366 2053 si
2393 2013 2581 2055 omnes
2608 2008 2797 2054 natura
2828 2000 2951 2054 mali
2980 2011 3194 2066 essent,
3228 2016 3389 2058 nemo
3415 2015 3596 2073 posset

2011 2105 2131 2146 esse
2171 2093 2374 2158 bonus;
2413 2100 2469 2148 et
2506 2092 2551 2146 si
2590 2106 2779 2148 omnes
2809 2104 2995 2147 natura
3032 2093 3158 2148 banti
3180 2136 3194 2157 .
3227 2108 3388 2150 nemo
3416 2106 3593 2165 posset

2011 2196 2130 2237 esse
2169 2183 2359 2238 malus.
2398 2182 2453 2237 Si
2489 2183 2785 2238 communis
2822 2193 2907 2238 est
2945 2194 3133 2239 natura
3174 2185 3449 2240 hominum
3479 2203 3592 2241 ont-

2010 2270 2180 2337 ninnt,
2207 2271 2499 2326 secundum
2527 2272 2629 2326 hoc
2649 2274 2927 2342 oportebat
2948 2290 3137 2330 mones
3164 2274 3408 2331 homines
3428 2292 3593 2330 unum

2009 2370 2065 2415 et
2092 2362 2227 2415 idem
2256 2378 2377 2418 esse
2398 2403 2415 2429 ,
2446 2377 2541 2417 seu
2571 2365 2741 2419 bonos
2767 2367 2970 2421 scilicet
2992 2407 3009 2434 ,
3044 2382 3138 2422 seu
3166 2367 3355 2423 malos.
3381 2368 3436 2425 Si
3465 2385 3593 2424 vero

1980 2453 2268 2519 dicamus,
2299 2470 2364 2508 ex
2396 2463 2578 2508 natura
2609 2458 2890 2525 essequod
2920 2459 2971 2512 lti
3000 2459 3122 2513 boni
3142 2500 3156 2522 ,
3189 2459 3262 2514 illi
3294 2460 3416 2514 ntali
3443 2461 3547 2514 sint
3569 2501 3587 2526 ,

2008 2542 2150 2612 quod
2171 2550 2315 2598 esset
2338 2543 2530 2597 rationi
2557 2544 2838 2607 absonum,
2866 2557 2924 2600 ut
2943 2547 3293 2613 ostendimus,
3319 2558 3590 2617 oporteret

2010 2631 2128 2687 haec
2146 2633 2436 2689 immobilia
2457 2646 2613 2701 esse;
2638 2639 2894 2691 naturalia
2915 2639 3109 2708 quippe
3131 2649 3256 2693 sunt
3277 2639 3565 2693 immobilia

2013 2728 2128 2786 Hoc
2139 2747 2268 2786 vero
2282 2732 2598 2787 consideres
2611 2732 2789 2783 velint.
2806 2730 3060 2784 Mortales
3074 2745 3266 2783 omnes
3277 2741 3407 2783 sunt
3422 2738 3586 2782 ettam

2014 2822 2318 2891 passibiles,
2354 2835 2619 2889 nemoque
2649 2829 2819 2888 potest
2852 2819 3201 2887 impassibilis
3230 2833 3374 2881 esse,
3396 2819 3588 2871 etiam-

2011 2913 2056 2967 si
2111 2911 2307 2966 millies
2355 2911 2666 2964 contendat.
2716 2909 2869 2963 Nunc
2905 2926 3032 2963 vero
3091 2910 3288 2962 multos
3335 2909 3583 2961 videmus

2009 3016 2076 3056 ex
2104 3001 2263 3055 bonis
2299 3001 2594 3069 improbos,
2637 3011 2690 3054 et
2717 3015 2780 3053 ex
2812 3001 3072 3068 improbis
3106 3000 3274 3053 bonos
3319 2999 3430 3052 fieri
3453 3039 3468 3062 ,
3518 2996 3582 3050 il-

2008 3091 2093 3146 los
2126 3092 2471 3162 negligentia,
2508 3091 2606 3145 hos
2650 3105 2781 3144 vero
2817 3091 3134 3162 diligentia:
3163 3089 3306 3158 quod
3346 3087 3584 3142 maxime

2008 3186 2201 3255 probat
2223 3186 2273 3239 id
2298 3200 2404 3239 non
2432 3200 2553 3239 esse
2576 3195 2799 3238 naturai.
2822 3184 3099 3237 Naturalia
3124 3183 3322 3252 quippe
3345 3197 3440 3235 nec
3461 3196 3581 3233 tnu-

2007 3284 2214 3338 tantur,
2257 3291 2430 3344 neque
2462 3274 2736 3343 diligentia
2767 3289 2902 3342 opus
2933 3273 3154 3336 habent,
3200 3282 3257 3325 ut
3290 3271 3580 3339 aequiran-

2006 3377 2113 3422 tur.
2148 3365 2217 3421 Ut
2251 3367 2394 3420 enim
2435 3368 2500 3419 ad
2527 3367 2816 3420 videndum
2859 3378 2906 3417 et
2941 3367 3267 3419 audiendum
3302 3380 3406 3417 non
3440 3378 3580 3432 opus

2002 3465 2087 3511 est
2118 3457 2321 3518 lalzore,
2365 3457 2441 3509 sic
2494 3471 2592 3507 nec
2625 3455 2675 3506 in
2716 3455 2936 3507 colenda
2983 3454 3177 3507 virtute
3214 3453 3413 3507 sudore
3439 3467 3579 3520 opus

2003 3558 2168 3611 esset,
2208 3548 2252 3600 si
2305 3548 2390 3601 illa
2422 3566 2486 3601 ex
2517 3559 2704 3602 natura
2745 3549 2901 3601 nobis
2941 3547 3101 3600 insita
3133 3554 3298 3600 esset.
3332 3544 3443 3597 Cur
3472 3557 3573 3595 au-

2005 3644 2109 3690 tem
2137 3637 2308 3690 malos
2336 3636 2571 3701 fecisset,
2593 3652 2715 3691 cum
2743 3647 2918 3706 posset
2941 3648 3132 3687 omnes
3164 3634 3335 3686 bonos
3359 3632 3534 3685 facere
3553 3631 3580 3682 Ῥ

2002 3722 2156 3780 Unde
2211 3742 2340 3797 ergo
2388 3728 2564 3782 mala?
2610 3729 2820 3797 inquies
2856 3729 2894 3781 ¹.
2943 3725 3196 3793 Teipsum
3250 3724 3519 3792 interroga
3556 3740 3583 3801 :‘

2001 3830 2181 3869 meum
2219 3816 2416 3885 quippe
2458 3825 2542 3871 est
2581 3816 2902 3876 ostendere,
2946 3815 3031 3868 illa
3078 3830 3175 3868 nec
3228 3828 3293 3867 ex
3334 3822 3522 3865 natura
3553 3853 3571 3878 ,

2000 3920 2103 3960 nec
2130 3922 2162 3960 a
2198 3906 2306 3959 Deo
2343 3923 2483 3961 esse.
2516 3905 2657 3977 Ergo
2688 3906 2863 3961 casu?
2893 3904 3121 3974 inquies.
3159 3902 3398 3956 Minime.
3429 3902 3569 3956 Nutu

1998 3994 2276 4067 ingenita?
2309 3995 2456 4050 Bona
2499 3997 2681 4058 verba,
2721 4010 2928 4064 quaeso,
2951 4009 2984 4048 ο
3018 3995 3199 4057 Ιιυιιιο,
3248 4008 3277 4048 a
3313 4002 3456 4047 tanta
3493 3992 3574 4045 iu-

2000 4087 2154 4142 sania
2184 4087 2409 4157 gradum
2439 4101 2653 4148 revoca,
2687 4096 2743 4137 ut
2767 4087 2971 4138 honore
3001 4100 3110 4137 uno
3151 4083 3315 4137 Deum
3349 4091 3401 4136 et
3427 4082 3569 4137 mala

1995 4177 2145 4232 colas
2173 4187 2336 4246 atque
2366 4177 2572 4231 honore
2605 4188 2866 4245 superno.
2902 4174 3035 4228 Nam
3085 4174 3128 4227 si
3164 4174 3423 4244 ingenita,
3455 4172 3567 4226 fur-

1995 4270 2067 4324 tia
2108 4279 2162 4324 et
2196 4270 2417 4323 immota
2444 4270 2632 4338 utique
2657 4277 2841 4332 erunt,
2872 4281 3050 4336 neque
3101 4275 3356 4335 poterunt
3387 4266 3564 4331 avelli,

1991 4374 2167 4428 neque
2191 4358 2257 4412 ad
2297 4358 2526 4412 nihilum
2558 4358 2725 4426 redigi
2763 4375 2777 4412 :
2809 4372 2932 4410 nam
2964 4358 3105 4425 quod
3129 4357 3429 4425 ingenitum
3458 4367 3566 4421 est,

1989 4452 2167 4520 perire
2205 4466 2310 4505 non
2343 4467 2521 4521 posse,
2553 4454 2753 4522 cuique
2788 4449 3132 4506 manifestum
3171 4462 3274 4504 est.

2058 4542 2110 4596 '5.
2154 4539 2309 4596 [inde
2342 4543 2478 4596 litttt
2508 4552 2584 4597 tot
2618 4544 2726 4597 sint
2751 4543 2898 4610 boni,
2918 4544 2965 4599 si
2987 4544 3185 4598 malum
3217 4552 3421 4596 tantam
3453 4542 3561 4595 vim

1989 4628 2226 4683 haheat?
2246 4634 2522 4701 quomodo
2550 4632 2713 4703 geniti
2740 4633 2817 4687 illi
2849 4633 3089 4702 ingenito
3117 4643 3246 4687 sunt
3271 4630 3523 4686 fortiores
3539 4631 3565 4684 ?

1989 4721 2092 4774 Sed
2124 4721 2285 4787 lleus,
2323 4721 2555 4791 inquies,
2588 4723 2676 4776 illa
2710 4723 2940 4778 auferet.
2979 4723 3245 4788 Quando?
3275 4722 3560 4788 Quomodo

1992 4821 2173 4866 autem
2199 4812 2287 4865 illa
2315 4814 2544 4879 auferet,
2571 4814 2613 4867 si
2632 4813 2781 4882 paris
2799 4814 2909 4868 sint
2936 4812 3181 4880 honoris,
3202 4811 3558 4875 fortitudinis,

1984 4903 2303 4959 vetustatis?
2316 4907 2509 4974 utquis
2521 4905 2739 4960 dixerit.
2760 4904 2804 4960 Ο
2819 4905 3021 4960 diaboli
3039 4905 3356 4974 nequitiam!
3377 4919 3556 4971 quan-

1983 4999 2097 5046 tum
2126 4991 2334 5048 invenit
2361 4993 2601 5048 malum!
2636 5009 2746 5064 quo
2780 4993 3134 5065 blasphemia:
3153 5008 3351 5064 genere
3386 4992 3554 5046 Deum

2044 5200 2061 5231 ¹
2090 5196 2269 5247 Totum
2310 5196 2473 5244 locum
2511 5197 2658 5258 longe
2703 5193 2932 5258 pluribus
2972 5206 3261 5255 expressum
3294 5193 3368 5242 sic
3402 5194 3553 5243 habet

1977 5259 2142 5323 Codex
2173 5271 2355 5323 pnus;
2382 5262 2481 5309 Cur
2518 5255 2629 5307 illos
2650 5255 2806 5323 nt'alos
2830 5255 3167 5323 ιξιοὶῳειησιιζιι
3198 5260 3360 5323 posset
3388 5265 3555 5323 euntes

1977 5318 2356 5385 bonosfncere?
2395 5323 2534 5385 Certe
2559 5320 2713 5385 titulos
2737 5330 2830 5385 non
2859 5315 2970 5379 [erit
2983 5330 3011 5385 ;_
3023 5315 3207 5385 duplici
3230 5316 3361 5364 enim
3395 5319 3555 5385 (ρυλες

1976 5377 2211 5444 obnoxius
2236 5384 2357 5429 esset
2378 5393 2393 5429 :
2416 5377 2611 5444 primo,
2632 5379 2675 5428 si
2709 5377 2867 5444 titulos
2888 5377 3229 5444 produxisset;
3259 5379 3485 5444 secundo,
3507 5377 3553 5424 si

1978 5439 2104 5491 alios
2142 5438 2304 5496 bonos,
2347 5438 2473 5490 alios
2513 5442 2684 5498 ttmlos,
2724 5438 2941 5499 illudque
2962 5444 3139 5487 Murre
3166 5442 3211 5484 rt
3236 5438 3340 5488 sine
3357 5449 3504 5486 causa
3530 5448 3550 5485 :

2040 5503 2349 5567 {Blmmt’llllll
2369 5501 2416 5549 in
2434 5515 2492 5550 ea
2515 5516 2567 5551 re
2587 5501 2714 5564 sequi
2739 5499 2939 5563 bonique
2967 5499 3124 5567 ratio?
3153 5500 3293 5567 Unde
3308 5511 3426 5567 ergo
3445 5510 3552 5567 nut-

1997 5560 2063 5611 u?
2088 5561 2292 5625 inquies.
2317 5563 2517 5618 Verum,
2547 5560 2656 5609 enni
2685 5560 3037 5625 nnnshtiantutn
3068 5561 3326 5625 (ἴοιμι-ἕξις
3351 5560 3550 5618 habeat,

1977 5620 2183 5673 caeteros
2204 5626 2469 5685 sequimur.
2495 5626 2591 5674 Cir.
2617 5623 2791 5673 Allnot.
2818 5621 2959 5672 li'icld
2979 5624 3038 5670 ad
3058 5635 3168 5684 pag.
3193 5620 3303 5669 596.
