4074 6144
370 335 470 393 ΒἾἹ

365 450 639 507 involvere
656 445 863 500 homini
891 444 1106 501 suasit?
1139 443 1284 514 quali
1320 442 1537 511 pietatis
1567 439 1745 509 specie
1776 439 1937 492 aliam

373 541 743 608 hlaspln-mam
767 538 1030 590 rationem
1052 535 1372 599 excogitavit
1391 536 1405 586 ι
1421 532 1559 585 Cum
1578 532 1777 584 vellent
1793 530 1938 582 enim

318 619 326 634 ’
359 630 644 686 ostendere
665 667 681 691 ,
723 624 924 682 malum
962 636 1069 677 non
1095 619 1165 674 ab
1201 618 1317 689 ipso
1353 616 1643 686 procedere
1664 654 1681 681 ,
1718 629 1939 684 pravum

360 720 501 776 aliud
534 719 727 786 dogma
766 717 1081 769 invexerunt
1103 752 1119 778 ,
1150 709 1376 791 dicende
1415 707 1645 778 ingenita
1681 707 1769 761 illa
1796 720 1937 761 esse.

362 810 515 867 Unde
558 808 718 877 igitur
745 803 921 860 mala?
965 801 1194 872 inquies.
1242 800 1319 854 Ex
1351 796 1418 853 eo
1444 798 1584 867 quod
1614 805 1697 852 est
1723 796 1863 853 velle
1886 805 1943 851 ct

359 901 518 953 nolle.
536 897 643 953 Sed
666 896 836 967 ipsum
860 892 996 947 velle
1010 902 1065 946 et
1084 889 1223 945 nolle
1240 887 1536 943 undenam?
1552 888 1592 941 Α
1616 886 1769 941 nobis
1789 886 1938 955 ipsis.

362 990 415 1044 Id
443 990 616 1058 ipsum
638 986 767 1041 facis
790 1000 855 1040 ac
878 984 924 1039 si
948 994 1240 1053 quaereres,
1264 978 1540 1036 Uadenam
1567 977 1743 1047 prodit
1760 976 1942 1033 videre

358 1090 415 1135 et
440 1094 549 1134 non
575 1076 796 1133 videre?
819 1089 906 1129 me
931 1087 1060 1128 vero
1086 1070 1466 1142 respondente,
1497 1067 1573 1122 Ex
1602 1081 1668 1123 eo
1690 1065 1830 1136 quod
1858 1074 1937 1121 est

358 1171 609 1225 claudere
636 1178 690 1223 et
718 1182 824 1222 non
850 1157 1102 1220 claudere
1136 1162 1321 1218 oculos
1352 1179 1364 1214 :
1394 1173 1606 1215 rursum
1636 1154 1935 1227 interroga-

359 1277 448 1317 res
470 1301 490 1329 ,
521 1261 698 1329 Ipsum
726 1256 978 1313 claudere
1010 1263 1064 1309 et
1101 1267 1207 1307 non
1240 1250 1490 1306 claudere
1524 1248 1707 1303 unde?
1749 1262 1941 1316 meque

356 1353 736 1424 respondente,
757 1351 797 1403 A
815 1347 973 1403 nobis
992 1346 1122 1415 ipsis
1140 1351 1198 1399 et
1217 1358 1246 1396 a
1270 1342 1545 1396 voluntate
1560 1347 1764 1402 nostra,
1781 1338 1939 1392 aliam

356 1457 540 1497 rursus
556 1455 770 1496 causam
791 1451 1079 1507 quaereres.
1102 1433 1293 1487 Malum
1310 1430 1505 1502 quippe
1525 1427 1654 1483 nihil
1672 1426 1814 1482 aliud
1834 1433 1935 1491 est,

356 1549 516 1605 quam
547 1546 651 1584 non
678 1527 895 1583 obedire
923 1526 1051 1580 Deo.
1079 1522 1381 1586 Undenam,
1408 1519 1637 1588 inquies,
1662 1516 1765 1571 hoc
1791 1514 1941 1571 inve-

357 1626 437 1679 uit
475 1623 668 1678 homo?
692 1620 825 1675 Nunt
851 1660 867 1687 ,
894 1630 1079 1687 quaeso
1102 1656 1119 1682 ,
1146 1612 1365 1669 difficile
1387 1619 1503 1664 erat
1528 1610 1628 1664 hoc
1657 1606 1939 1663 invenire?

354 1715 470 1770 Non
498 1714 620 1767 dico
645 1727 743 1781 ego
769 1711 870 1764 hoc
893 1708 1109 1763 difficile
1133 1719 1282 1760 esse:
1303 1702 1396 1758 sed
1424 1699 1564 1757 unde
1588 1700 1832 1754 inductus
1854 1707 1939 1753 est

352 1817 412 1859 ut
441 1805 549 1858 Deo
576 1820 680 1857 non
702 1796 1132 1869 obtemperaret?
1163 1794 1243 1849 Ex
1274 1792 1501 1863 ignavia.
1531 1791 1663 1845 Nam
1691 1805 1815 1845 cum
1841 1804 1937 1859 pe-

361 1911 457 1950 nes
486 1894 634 1948 illum
661 1903 805 1948 esset
833 1890 900 1944 ad
941 1886 1251 1943 utrumlibet
1277 1883 1544 1938 declinare
1565 1921 1582 1948 ,
1612 1880 1678 1935 ad
1709 1881 1812 1935 hoc
1834 1879 1936 1935 de-

349 1986 591 2041 clinavit.
616 1984 673 2039 Si
695 1992 872 2036 autem
893 1992 1089 2048 anceps
1114 1976 1289 2031 adhuc
1315 1974 1397 2028 his
1415 1971 1609 2027 auditis
1634 1972 1688 2026 in
1708 1969 1934 2041 caligine

351 2077 581 2131 versaris
602 2115 620 2142 ,
648 2088 750 2144 ego
780 2073 871 2127 tibi
899 2069 1246 2140 qua:stionetn
1282 2078 1574 2135 proponam
1605 2076 1712 2117 non
1737 2060 1932 2116 difﬁci-

351 2167 457 2221 lem
475 2179 576 2221 nec
595 2163 941 2234 implicatam,
959 2149 1054 2214 sed
1074 2158 1369 2226 simplicem
1384 2163 1439 2209 et
1453 2153 1673 2208 claram.
1693 2151 1934 2207 Fuistine

348 2254 634 2327 aliquando
669 2252 880 2309 malus?
920 2249 1135 2306 fuistine
1164 2245 1449 2317 aliquando
1487 2242 1698 2300 bonus?
1724 2242 1782 2298 ld
1807 2250 1891 2298 est
1911 2281 1928 2309 ,

347 2363 475 2403 num
503 2347 685 2417 aliquo
709 2344 840 2400 vitio
863 2342 1106 2412 superior
1131 2341 1299 2406 fuisti,
1327 2348 1382 2394 et
1410 2348 1593 2408 postea
1617 2338 1687 2393 ab
1716 2337 1808 2391 illo
1836 2351 1929 2390 ca-

348 2449 468 2510 ptus
497 2437 600 2493 es?
627 2433 859 2492 incidisti
884 2435 938 2489 in
964 2434 1296 2497 ebrietatem,
1325 2440 1379 2486 et
1410 2439 1590 2499 postea
1618 2429 1719 2483 hoc
1745 2431 1928 2484 vitium

346 2527 632 2596 depulisti?
655 2527 821 2582 iratus
842 2539 924 2590 es,
949 2532 1006 2580 et
1030 2532 1211 2593 postea
1240 2521 1395 2575 irasci
1421 2519 1622 2575 desiisti
1644 2535 1660 2585 ;
1682 2519 1930 2588 deSpexi-

346 2618 414 2672 sti
436 2632 744 2686 pauperem,
763 2626 817 2670 et
838 2622 1018 2684 postea
1040 2596 1232 2667 secus?
1256 2611 1545 2665 fornicatus
1563 2624 1644 2677 es,
1667 2620 1721 2664 et
1742 2620 1926 2679 postea

344 2710 627 2760 continens
658 2706 838 2759 fuisti?
878 2703 1031 2759 Unde
1054 2742 1071 2766 ,
1102 2717 1283 2771 qtneso
1302 2741 1319 2766 ,
1353 2700 1466 2756 [nec
1494 2700 1711 2755 omnia?
1741 2698 1926 2754 unde?

344 2797 400 2852 Si
438 2807 493 2851 tu
533 2797 762 2850 tacueris
786 2834 803 2859 ,
838 2808 941 2865 ego
976 2793 1172 2848 dicam.
1203 2792 1335 2860 Quia
1362 2806 1485 2845 cum
1513 2790 1692 2845 studio
1718 2800 1772 2845 et
1808 2790 1927 2845 dili-

342 2892 517 2960 gentia
550 2890 603 2943 id
628 2895 851 2943 cenatus
872 2901 963 2951 es;
997 2895 1177 2956 postea
1201 2898 1329 2939 vero
1357 2883 1561 2938 solutus
1589 2885 1640 2937 in
1665 2882 1923 2938 desidiam

344 2982 606 3035 decidisti.
652 2979 782 3035 Nam
811 2976 1106 3047 desperatis
1147 2975 1250 3029 illis
1272 3014 1289 3041 ,
1315 2973 1408 3044 qui
1452 2987 1512 3028 se
1541 2974 1635 3027 toti
1675 2973 1923 3043 nequitia:

340 3069 702 3132 dediderunt,
741 3068 832 3137 qui
862 3068 980 3121 sine
1020 3079 1181 3120 sensu
1209 3079 1272 3118 ac
1300 3061 1486 3117 furiosi
1516 3071 1677 3128 sunt,
1721 3064 1809 3132 qui
1854 3077 1923 3117 ne

341 3161 523 3213 inultm
553 3160 768 3229 quidem
795 3159 978 3212 volunt
1006 3171 1071 3212 ea
1096 3171 1215 3226 qua:
1242 3154 1309 3208 ad
1338 3152 1764 3208 emendationem
1793 3168 1918 3222 Spe-

339 3261 505 3311 ctant,
536 3253 601 3304 iis
628 3260 773 3304 certe
800 3247 1020 3303 minime
1047 3247 1115 3301 de
1139 3243 1470 3315 philosophia
1498 3243 1712 3313 loquar;
1741 3242 1803 3296 iis
1832 3258 1921 3297 ve-

339 3359 400 3398 ro
425 3384 440 3408 ,
480 3343 571 3412 qui
613 3342 771 3395 modo
806 3340 907 3394 hoc
930 3379 948 3406 ,
989 3340 1149 3392 modo
1184 3335 1314 3392 illud
1350 3342 1659 3399 sectantur,
1695 3334 1920 3387 libenter

338 3437 499 3488 verba
529 3432 745 3487 faciam:
774 3429 1072 3500 Aliquando
1098 3427 1315 3497 rapuisti
1339 3440 1459 3495 quae
1487 3423 1553 3478 ad
1583 3434 1635 3478 te
1662 3439 1766 3477 non
1797 3438 1915 3492 per-

336 3526 612 3588 tinebant;
653 3521 844 3578 deinde
885 3535 1012 3576 vero
1058 3517 1421 3573 misericordia
1462 3525 1636 3579 motus
1664 3516 1731 3569 de
1763 3516 1916 3570 bonis

338 3616 441 3670 tuis
467 3628 638 3684 egeno
664 3613 883 3681 largitus
909 3625 990 3664 cs.
1028 3607 1179 3664 Unde
1218 3607 1331 3660 lucc
1358 3606 1612 3660 mutatio"
1638 3620 1815 3660 atntou
1848 3604 1913 3659 li-

333 3706 552 3774 quidum
579 3717 658 3759 est
685 3718 751 3758 ex
781 3703 1049 3755 voluntate
1071 3714 1135 3753 ac
1159 3699 1327 3753 libero
1348 3696 1573 3752 arbitrio
1598 3695 1751 3752 esse?
1780 3695 1912 3751 illud

333 3808 536 3852 eertum
562 3804 646 3850 est
665 3834 680 3859 ,
712 3808 774 3846 ac
798 3808 955 3847 nemo
985 3790 1276 3859 negaverit.

406 3886 549 3939 Mala
588 3901 650 3939 ea:
685 3883 885 3954 ignavia
917 3882 1161 3950 prodeunt
1184 3921 1201 3944 ,
1228 3888 1274 3933 et
1311 3894 1421 3933 vere
1456 3894 1490 3930 a
1515 3876 1655 3930 nobis
1679 3887 1814 3930 sunt.
1841 3903 1912 3915 -ο

336 3978 460 4032 Μαι»
488 3976 715 4029 obsecro
740 3983 797 4027 ut
824 3970 1000 4026 virtuti
1027 3970 1306 4033 studentis,
1330 3977 1385 4023 et
1413 3967 1544 4021 nihil
1574 3975 1752 4034 postea
1779 3982 1912 4033 opus

332 4072 435 4125 erit
478 4066 780 4137 ltujusutodi
831 4063 1231 4133 quarstionibus.
1281 4060 1413 4115 Mala
1460 4060 1600 4113 enim
1628 4097 1645 4123 ,
1699 4059 1910 4111 nomina

335 4170 536 4213 tantum
563 4170 741 4221 erttnt,
773 4158 816 4210 si
849 4157 1090 4210 velimus.
1113 4152 1191 4209 Ne
1221 4153 1381 4223 igitur
1404 4165 1612 4222 quaeras
1638 4151 1776 4204 ttttde
1801 4165 1913 4204 ma-

335 4251 402 4311 la.
428 4263 605 4319 neque
631 4252 681 4302 in
709 4248 871 4302 dubio
898 4246 1131 4301 verseris
1154 4261 1170 4299 :
1192 4245 1285 4299 sed
1316 4254 1589 4313 postquam
1611 4241 1911 4311 deprehen-

329 4342 453 4396 disti
483 4357 546 4395 ea
576 4357 640 4395 ex
671 4340 876 4409 ignavia
902 4340 1073 4393 solum
1107 4336 1340 4408 prodire,
1369 4334 1488 4404 fuge
1520 4333 1680 4388 mala.
1711 4332 1767 4388 Si
1791 4334 1910 4402 quis

330 4431 525 4485 dixerit
552 4446 614 4485 ea
648 4446 754 4484 non
780 4447 807 4481 a
841 4429 994 4483 nobis
1020 4443 1141 4491 esse
1161 4468 1175 4492 ,
1207 4442 1328 4482 cum
1358 4426 1552 4480 videris
1578 4425 1726 4479 illunt
1756 4439 1911 4478 servo

338 4526 553 4589 iratum,
583 4524 636 4578 in
665 4538 884 4578 uxorem
912 4530 1300 4592 exasperatum,
1331 4519 1496 4573 lilium
1517 4519 1908 4581 criminantem,

332 4618 579 4685 injuriam
622 4615 913 4670 inferentes
953 4615 1293 4669 damnantem
1318 4653 1334 4677 ,
1376 4612 1460 4667 dic
1487 4611 1563 4665 illi
1596 4628 1608 4666 :
1637 4611 1745 4665 Cur
1783 4625 1912 4679 ergo

329 4708 567 4771 dicebas,
597 4708 734 4760 tnala
767 4721 870 4759 non
911 4720 938 4757 a
973 4704 1125 4760 nobis
1153 4702 1312 4758 esse?
1332 4701 1464 4756 Nam
1492 4702 1534 4755 si
1568 4715 1671 4754 non
1702 4715 1731 4753 a
1761 4700 1911 4755 nobis

330 4808 472 4863 sunt,
494 4814 592 4853 cur
618 4799 829 4852 incusas
853 4797 1026 4850 alios?
1053 4796 1144 4849 Dic
1168 4794 1241 4848 illi
1266 4794 1456 4848 iterum
1482 4809 1496 4844 :
1521 4791 1653 4845 Num
1680 4806 1712 4845 a
1742 4791 1912 4859 teipse

329 4891 566 4946 comicis
586 4899 642 4945 et
663 4888 1011 4943 contmnelias
1038 4885 1238 4940 infers?
1263 4884 1319 4939 Si
1345 4899 1451 4938 nott
1478 4898 1508 4936 a
1536 4883 1725 4949 teipse,
1754 4895 1911 4935 nemo

332 4985 420 5037 tibi
454 4984 750 5048 irascatur;
781 4981 826 5035 si
853 4996 882 5035 a
910 4982 1099 5048 teipse,
1123 4992 1250 5047 ergo
1274 4993 1304 5032 a
1336 4986 1386 5031 te
1414 4987 1466 5029 et
1495 4975 1562 5028 ab
1588 4974 1792 5044 ignavia
1824 4983 1910 5026 tua

331 5075 465 5127 mala
495 5075 765 5128 oriuntur.
794 5072 931 5138 Quid
960 5071 1157 5140 porro?
1189 5078 1413 5137 putasne
1438 5067 1641 5135 aliquos
1671 5080 1792 5119 esse
1820 5065 1913 5117 bo-

330 5166 465 5221 nos?
493 5165 628 5219 Nam
659 5164 703 5217 si
731 5177 891 5217 nemo
921 5161 1110 5226 bonus,
1144 5159 1286 5214 unde
1317 5158 1408 5213 tibi
1437 5156 1537 5211 hoc
1563 5157 1789 5210 nomen?
1817 5173 1914 5208 tnt-

329 5256 393 5310 de
432 5255 656 5311 laudes?
695 5254 791 5309 Sin
821 5262 999 5307 autem
1042 5267 1168 5307 vere
1205 5261 1327 5306 sunt
1365 5245 1912 5317 boni,proculdubio

330 5349 496 5403 malos
537 5346 913 5416 increpabant.
944 5344 1048 5400 Sed
1079 5345 1122 5397 si
1153 5343 1328 5397 nullus
1354 5351 1544 5410 sponte
1573 5353 1667 5393 sua
1697 5339 1767 5391 sit
1793 5351 1910 5391 ma-

331 5438 425 5501 lus.
457 5454 632 5508 neque
658 5454 688 5492 a
719 5438 900 5505 seipse
929 5436 1052 5491 talis
1081 5435 1169 5499 sit,
1201 5433 1397 5503 injuste
1422 5440 1567 5485 certe
1591 5428 1714 5483 boni
1743 5426 1912 5481 malos

332 5530 678 5600 int-repahnnt
706 5571 722 5592 ,
756 5537 812 5583 et
852 5527 953 5581 hac
977 5526 1047 5581 de
1077 5540 1233 5579 causa
1269 5524 1367 5593 ipsi
1408 5522 1530 5576 tnali
1568 5530 1744 5575 erunt.
1774 5519 1911 5584 Quid

330 5623 463 5676 cnim
507 5622 764 5689 ittjtlSlitlS
807 5619 900 5673 illo
938 5618 1025 5687 qui
1068 5616 1331 5669 innocenti
1382 5613 1603 5668 crimina
1648 5609 1912 5665 intrntat?

331 5717 471 5777 Quod
503 5717 541 5769 εἰ
576 5716 743 5769 etiam
779 5713 1112 5779 increpantes
1144 5709 1266 5762 boni
1297 5718 1439 5776 sunt,
1475 5716 1526 5760 et
1554 5705 1652 5760 hoc
1685 5703 1909 5759 maxime

1381 325 1449 381 ΙΝ
1489 320 1900 379 ΜᾹΤΤΙΙίΕυΜ
1929 323 2156 380 ιιυιιιι.
2203 325 2338 383 ΗΧ.
2381 327 2452 383 al.
2497 328 2606 383 LX.
2654 359 2709 400 ο

3534 336 3634 391 578

2052 436 2261 491 illertnn
2303 441 2578 507 probitatis
2620 450 2987 511 argumentum
3026 452 3102 497 cst
3137 447 3295 497 etiam
3326 444 3465 514 apt]
3499 451 3625 498 ιιιιι·

2049 528 2256 598 pientes
2276 570 2292 595 ,
2326 531 2449 584 hinc
2475 533 2810 588 manifestum
2837 544 2920 590 est
2943 578 2957 601 ,
2988 538 3254 591 neminem
3287 553 3534 606 umquam
3566 556 3629 591 ett

2048 619 2365 674 necessitate
2395 622 2556 677 fuisse
2583 625 2798 679 malum.
2826 626 2880 680 Si
2909 637 3026 695 post
3056 627 3169 681 haec
3193 628 3370 682 omnia
3398 645 3622 698 quaeras,

2048 705 2325 762 Undenam
2357 711 2531 765 mala?
2556 728 2617 767 ex
2650 714 2858 783 ignavia
2886 716 3095 781 dicam,
3123 733 3187 771 ex
3218 717 3454 785 desidia,
3486 720 3629 788 qttod

2045 810 2165 851 cmn
2210 799 2365 855 malis
2405 815 2719 868 versemur,
2751 806 2893 874 quod
2934 807 3184 862 virtutem
3228 808 3629 878 deSpicianms;

2047 885 2172 942 hinc
2206 888 2344 943 mala
2369 930 2386 956 ,
2421 890 2531 945 imo
2564 892 2723 948 etiam
2763 894 2905 963 quod
2948 907 3190 966 quaerant
3229 897 3445 968 quidam
3490 899 3630 953 unde

2046 980 2183 1034 mala
2206 981 2331 1036 sint.
2359 982 2526 1037 Nemo
2549 984 2693 1039 enim
2722 994 2865 1040 recte
2886 987 3200 1056 viventium,
3222 1004 3515 1060 eorumque
3539 990 3630 1059 qui

2045 1069 2287 1127 modeste
2311 1080 2366 1127 et
2397 1072 2737 1129 continenter
2760 1076 2920 1130 vitam
2952 1091 3110 1146 agere
3140 1078 3499 1145 instituerunt,
3528 1080 3619 1133 hu-

2051 1159 2294 1232 jusmodi
2312 1163 2645 1233 quiestiones
2657 1172 2862 1230 movet;
2888 1165 2982 1219 sed
2997 1164 3090 1234 qui
3120 1166 3302 1232 iniqua
3320 1167 3539 1225 audent,
3571 1170 3626 1214 et

2054 1252 2467 1309 excusationem
2489 1254 2501 1287 '
2528 1254 2821 1323 quamdam
2836 1269 3294 1325 supervacaneam
3315 1254 3394 1307 sic
3408 1252 3624 1321 excogi-

2054 1350 2171 1399 tare
2185 1343 2397 1409 volunt,
2411 1358 2733 1399 aranearum
2753 1345 2889 1400 telas
2906 1353 3118 1400 texunt.
3143 1342 3246 1397 Sed
3263 1358 3360 1398 nos
3376 1342 3498 1396 illas
3514 1356 3624 1395 non

2044 1429 2223 1484 verbis
2249 1430 2429 1498 modo,
2452 1431 2548 1486 sed
2574 1433 2824 1503 operibus
2850 1433 3232 1503 dirumpamus.
3262 1433 3378 1488 Non
3401 1436 3543 1491 enim
3566 1452 3630 1489 ex

2045 1519 2363 1575 necessitate
2388 1532 2511 1575 sunt
2553 1524 2722 1577 isttec.
2755 1522 2886 1576 Natu
2919 1524 2962 1578 si
2993 1540 3056 1577 cx
3089 1524 3403 1579 necessitate
3430 1536 3629 1587 essent,

2045 1625 2151 1664 non
2178 1611 2398 1667 dixisset
2421 1609 2666 1667 Christus
2698 1606 2727 1667 ξ’
2747 1612 2834 1667 Va:
2863 1615 3054 1667 homini
3083 1615 3160 1667 illi
3190 1632 3279 1685 per
3302 1632 3447 1686 quem
3479 1633 3632 1669 scun-

2042 1701 2215 1755 dalttm
2242 1704 2391 1756 venit.
2422 1703 2543 1758 Illos
2571 1704 2768 1773 quippe
2794 1705 2967 1759 solum
2996 1705 3223 1759 miseros
3251 1706 3519 1774 prardicat,
3541 1709 3630 1776 qui

2041 1808 2111 1846 ex
2143 1794 2283 1848 ntalo
2316 1797 2589 1865 proposito
2614 1804 2793 1864 agunt.
2825 1795 2880 1851 Si
2914 1812 3040 1850 Vero
3067 1798 3228 1864 dicat,
3255 1797 3354 1852 Per
3372 1815 3540 1868 quem,
3565 1812 3632 1853 ne

2040 1883 2272 1936 mireris.
2318 1883 2433 1939 Non
2471 1885 2614 1940 enim
2656 1894 2925 1955 tamquam
2964 1887 3068 1940 alio
3114 1903 3207 1955 per
3237 1888 3407 1956 ipsum
3438 1899 3630 1957 agente

2040 1972 2142 2028 hoc
2187 1974 2314 2029 dicit
2340 2016 2357 2041 ,
2401 1976 2495 2031 sed
2541 1984 2808 2046 tamquam
2853 1976 2967 2046 ipse
3012 1985 3176 2031 totum
3219 1977 3435 2032 alliciat.
3479 1977 3629 2034 Solet

2038 2063 2234 2133 quippe
2258 2066 2529 2135 Scriptura
2555 2065 2659 2120 Per
2680 2083 2824 2135 quem
2846 2067 3044 2128 dicere.
3070 2075 3128 2120 ut
3147 2067 3187 2120 A
3210 2082 3316 2137 quo
3335 2068 3624 2138 signiticet;
3703 2097 3707 2101 -

2039 2166 2098 2207 ut
2111 2155 2324 2224 quando
2342 2156 2469 2211 dicit
2486 2171 2500 2208 :
2517 2155 2729 2211 Possedi
2746 2157 2995 2212 hominem
3015 2174 3105 2228 per
3120 2157 3282 2211 Deum
3299 2157 3451 2229 (Gen.
3472 2160 3526 2213 4.
3546 2160 3624 2230 l);

2038 2261 2143 2299 non
2171 2249 2500 2313 secundant,
2535 2248 2628 2303 sed
2658 2249 2882 2317 primam
2910 2263 3124 2303 causam
3155 2264 3378 2318 ponens.
3410 2249 3476 2303 Et
3503 2266 3621 2304 rur—

2036 2350 2147 2400 sus,
2179 2335 2364 2390 Nonne
2392 2354 2481 2407 per
2508 2337 2670 2392 Deum
2699 2340 3042 2410 manifestatio
3062 2355 3233 2393 eorum
3257 2349 3330 2394 est
3357 2338 3508 2410 (Gen.
3531 2341 3620 2395 40.

2035 2427 2129 2493 8)?
2157 2427 2242 2493 Et,
2276 2426 2470 2482 Fidelis
2502 2428 2637 2483 Deus
2657 2469 2670 2492 ,
2701 2445 2791 2499 per
2815 2446 2959 2498 quem
2982 2432 3145 2484 vocati
3170 2431 3287 2485 estis
3313 2432 3364 2485 in
3395 2447 3619 2486 comma.

2034 2520 2331 2571 niculienem
2358 2518 2481 2572 Filii
2508 2521 2589 2572 sui
2629 2522 2710 2590 (l.
2745 2520 2861 2574 Cor.
2891 2524 2942 2577 l.
2971 2521 3050 2586 9).

2104 2611 2158 2662 4.
2202 2610 2344 2663 Mala
2381 2628 2483 2665 non
2522 2628 2585 2665 ea:
2619 2614 2910 2667 necessitate
2947 2624 3083 2666 sunt.
3109 2643 3178 2653 -—
3205 2612 3273 2668 Ut
3300 2623 3477 2669 autem
3521 2614 3617 2669 di—

2032 2712 2152 2751 scas
2192 2714 2296 2753 non
2326 2714 2389 2754 ex
2428 2702 2744 2755 necessitate
2776 2701 2911 2755 mala
2940 2716 3092 2767 esse,
3123 2702 3243 2756 andi
3275 2718 3337 2757 ea
3378 2720 3496 2773 qua:
3526 2720 3612 2757 se-

2030 2798 2283 2856 quuntur.
2332 2789 2463 2842 Nam
2508 2800 2784 2861 postquam
2830 2791 2950 2844 illos
2996 2792 3217 2846 miseros
3256 2792 3502 2859 dixerat,
3546 2797 3616 2851 ita

2032 2880 2201 2950 pergit
2231 2898 2244 2933 :
2277 2881 2331 2936 8.
2375 2880 2436 2936 Si
2476 2898 2656 2935 manus
2682 2892 2772 2935 tua
2806 2882 2881 2936 vel
2920 2898 3008 2950 pes
3044 2892 3158 2935 tuus
3184 2884 3495 2939 scandalizat
3530 2897 3576 2940 lc
3599 2929 3617 2952 ,

2029 2971 2266 3024 abscinde
2293 2988 2351 3026 ea
2376 3011 2390 3034 ,
2420 2982 2465 3025 et
2502 2973 2693 3044 projice
2720 2972 2808 3027 abs
2836 2983 2904 3026 te.
2936 2972 3135 3026 Bonum
3169 2976 3300 3026 enim
3343 2975 3431 3028 tibi
3458 2988 3533 3030 est
3564 2981 3615 3030 in

2028 3062 2181 3114 vitam
2205 3062 2400 3132 ingredi
2427 3063 2635 3115 debilem
2660 3063 2733 3117 vel
2758 3063 3015 3126 claudum,
3043 3080 3193 3133 quam
3215 3064 3342 3118 duos
3365 3066 3516 3133 pedes
3539 3068 3617 3120 rel

2026 3152 2155 3205 duas
2184 3169 2361 3206 manus
2387 3154 2647 3206 habentem
2674 3154 2801 3206 mitti
2825 3154 2878 3206 in
2907 3154 3073 3223 ignem
3097 3163 3362 3208 wteruum.
3391 3154 3443 3210 9.
3475 3154 3542 3209 Et
3568 3160 3609 3209 si

2025 3243 2200 3295 oculus
2227 3251 2340 3295 tuus
2367 3242 2540 3296 dexter
2567 3243 2878 3315 scandalizat
2916 3253 2992 3308 te,
3020 3259 3138 3297 erue
3162 3261 3272 3298 eam
3292 3286 3307 3308 ,
3343 3255 3389 3299 et
3420 3247 3612 3317 projit-e

2024 3331 2114 3384 abs
2139 3341 2189 3385 te
2208 3334 2251 3385 '.
2278 3331 2476 3386 Bonum
2496 3333 2583 3386 tibi
2610 3344 2683 3399 est
2707 3349 2822 3387 cum
2842 3349 2950 3412 uno
2975 3334 3120 3387 ocule
3145 3335 3196 3388 in
3222 3335 3371 3388 vitam
3400 3336 3611 3401 intrare,

2022 3439 2173 3491 quam
2211 3423 2338 3476 duas
2374 3422 2548 3477 oculos
2589 3423 2849 3478 habentem
2887 3425 3016 3477 mitti
3064 3425 3115 3478 in
3164 3426 3416 3480 rantinum
3457 3427 3608 3496 ignis.

2022 3512 2138 3567 Non
2165 3513 2232 3568 de
2262 3513 2516 3569 membris
2540 3514 2653 3569 lnec
2675 3515 2801 3569 dicit
2832 3536 2846 3571 :
2873 3515 3050 3581 absit;
3080 3515 3172 3570 sed
3196 3517 3264 3571 de
3292 3518 3511 3583 amicis,
3542 3519 3611 3571 de

2023 3603 2331 3672 propinquis
2355 3644 2372 3670 ,
2409 3618 2545 3674 quos
2580 3604 2730 3674 quasi
2773 3605 2890 3660 vice
2926 3605 3286 3659 membrorum
3330 3605 3606 3662 habemus.

2021 3694 2136 3749 Hoc
2164 3695 2322 3750 etiam
2351 3711 2510 3765 supra
2537 3696 2689 3761 dixit,
2722 3706 2776 3751 ct
2800 3712 2941 3753 nunc
2968 3698 3118 3751 dicit.
3148 3697 3287 3751 Nihil
3314 3699 3508 3768 quippe
3539 3702 3608 3752 ita

2021 3785 2264 3850 noxium,
2294 3795 2352 3840 ut
2379 3787 2714 3842 consuetudo
2745 3803 3045 3857 pravorum.
3072 3786 3203 3842 Nam
3231 3804 3349 3858 qua:
3377 3792 3609 3844 necessi-

2021 3888 2103 3934 tas
2124 3894 2226 3932 non
2255 3887 2447 3946 potest,
2470 3893 2614 3948 szepe
2634 3880 2863 3934 amicitia
2889 3888 3080 3948 potest,
3109 3889 3216 3933 tum
3238 3880 3303 3934 ad
3325 3880 3604 3948 damnum,

2022 3979 2131 4023 tum
2160 3970 2225 4023 ad
2258 3970 2559 4024 utilitatem.
2594 3971 2822 4040 Ideoque
2848 3986 2940 4026 eos
2966 3973 3056 4041 qui
3084 3971 3237 4027 nobis
3266 3975 3409 4028 noxii
3439 3985 3563 4028 sunt
3590 4018 3603 4035 .

2019 4078 2140 4118 cum
2167 4064 2329 4117 multa
2358 4063 2693 4118 vehementia
2719 4063 3034 4119 abscindere
3051 4063 3221 4133 jubet,
3246 4063 3344 4119 hes
3368 4065 3604 4120 subindi-

2019 4170 2149 4210 cans
2174 4156 2263 4217 qui
2300 4155 2546 4209 scandala
2577 4155 2819 4210 all‘erent.
2865 4155 3048 4210 Viden’
3072 4157 3340 4226 quomodo
3371 4157 3606 4214 futurum

2019 4261 2085 4300 ex
2114 4246 2374 4301 srandalis
2401 4247 2654 4301 damnum
2681 4246 2947 4317 depellat,
2978 4247 3103 4301 dum
3134 4247 3409 4319 pnedicit,
3436 4264 3604 4305 even-

2021 4346 2135 4391 tura
2165 4338 2249 4392 illa
2280 4351 2423 4401 esse.
2457 4347 2515 4391 ut
2539 4338 2803 4392 neminem
2837 4338 2888 4393 in
2917 4337 3118 4393 desidia
3144 4339 3421 4410 degentem
3450 4355 3593 4411 rcpe

2020 4428 2179 4493 riant,
2207 4426 2298 4482 sed
2329 4435 2702 4496 exspectantes
2728 4428 2812 4480 illa
2844 4411 3059 4498 vigilem
3083 4471 3099 4495 ,
3129 4430 3269 4500 quod
3297 4431 3597 4501 praedixerit

2020 4518 2249 4573 maxima
2278 4518 2391 4572 fore
2428 4518 2604 4572 mala?
2644 4518 2757 4572 Non
2784 4520 2924 4573 enim
2966 4520 3278 4589 simpliciter
3311 4521 3477 4587 dixit,
3516 4521 3607 4573 l'u:

2019 4610 2207 4664 mundo
2234 4627 2264 4661 α
2299 4610 2572 4674 scandulis,
2601 4611 2692 4665 sed
2720 4618 2996 4679 postquam
3022 4612 3327 4666 ostenderat
3353 4628 3599 4682 magnam

2020 4700 2231 4755 illorum
2250 4699 2558 4769 perniciem.
2580 4700 2712 4752 Cum
2734 4708 2910 4754 autem
2935 4702 3186 4754 miserum
3210 4701 3460 4771 prtedicat
3478 4720 3603 4756 eum

2018 4790 2106 4860 qui
2152 4789 2401 4843 scandala
2445 4788 2684 4853 invehit,
2723 4789 2894 4857 majus
2924 4789 3046 4843 hinc
3081 4789 3195 4846 fere
3223 4792 3600 4849 detrimentmn

2018 4883 2273 4940 ostendit.
2303 4885 2432 4938 Nam
2463 4899 2583 4937 cum
2611 4884 2761 4950 dicit,
2800 4882 3149 4938 Verumtamen
3175 4900 3248 4938 me
3274 4885 3466 4939 homini
3491 4888 3596 4951 illi,

2021 4991 2270 5047 magnum
2301 4975 2495 5029 indicat
2518 4976 2866 5046 supplicium;
2899 4991 3072 5046 neque
3099 4977 3148 5031 id
3176 4977 3509 5033 solummodo
3531 4978 3601 5033 la-

2018 5070 2126 5133 cit,
2153 5068 2246 5124 sed
2273 5067 2502 5136 exempli
2528 5068 2891 5125 additamento
2919 5070 3165 5124 timorem
3194 5079 3370 5141 auget.
3404 5071 3601 5127 Deinde

2022 5160 2105 5216 his
2132 5176 2239 5215 mn
2268 5169 2569 5226 contentus,
2596 5161 2737 5215 viam
2765 5171 3046 5226 monstrat,
3076 5178 3178 5233 qua
3209 5162 3456 5218 scandala
3482 5179 3599 5232 pes-

2021 5254 2191 5308 simus
2213 5252 2466 5323 effugere.
2497 5253 2749 5320 Quasnam
2781 5254 2866 5307 illa
2891 5253 3009 5307 est?
3046 5253 3321 5323 Improbos
3342 5293 3359 5319 ,
3391 5254 3557 5322 inquit
3582 5293 3598 5321 ,

2020 5345 2263 5414 quamvis
2303 5343 2587 5398 admodum
2632 5345 2723 5400 tibi
2766 5346 2875 5399 sint
2914 5345 3103 5411 amici,
3133 5347 3202 5401 ab
3241 5345 3469 5399 amicitia
3516 5356 3600 5399 tua

2025 5435 2312 5502 abscinde;
2338 5436 2779 5505 incluctabilcque
2805 5435 3070 5514 tibialfert
3092 5434 3448 5491 ratiocinium.
3470 5436 3601 5491 Nam

2091 5584 2108 5614 ι
2138 5581 2192 5645 in
2220 5581 2378 5630 Editis
2405 5583 2555 5645 vulgo
2580 5586 2765 5645 legitur
2788 5580 3048 5645 ignaviam.

2089 5645 2109 5674 ³
2134 5644 2264 5702 llaec,
2298 5650 2342 5693 et
2378 5640 2561 5706 profice
2599 5640 2683 5693 uls
2727 5640 2924 5704 lefquae
2966 5646 3121 5692 codex
3163 5656 3286 5693 unus
3334 5647 3522 5705 l'JelJt',
3562 5646 3610 5691 in

2032 5709 2198 5753 lira-co
2220 5708 2487 5754 emisimus.
