4074 6144
467 321 570 374 579

459 447 504 500 si
528 443 682 500 amici
704 441 778 497 tui
800 448 1071 501 maneant,
1092 451 1262 503 neque
1279 434 1397 487 illos
1412 430 1722 494 lucraberis,
1742 439 1794 482 et
1819 429 2042 496 teipsum

462 538 672 606 perdes.
703 533 761 588 Si
790 530 1086 591 abscindas,
1120 527 1346 580 salutem
1377 532 1431 578 tu
1458 522 1648 578 saltem
1674 519 2039 588 consequeris.

458 626 839 695 Quamobrem.
869 623 912 676 si
938 618 1230 688 cujuspiam
1257 625 1308 669 te
1334 613 1563 668 amicitia
1589 609 1764 674 lzedat,
1793 609 2044 664 exscinde

459 721 604 773 illum
627 716 723 769 abs
750 724 820 768 te.
849 712 977 768 Nam
1001 711 1044 763 si
1069 708 1303 762 membra
1331 716 1507 760 nostra
1532 700 1815 771 aliquando
1835 701 2044 754 abscin-

464 811 653 872 i‘imus,
682 820 802 860 eum
834 799 1144 857 insanabilia
1173 805 1295 852 sunt
1323 805 1638 862 cretei-isque
1667 791 1918 846 membris
1947 805 2039 843 uo-

455 909 598 961 cent,
624 897 789 952 multo
811 895 978 963 magis
1003 892 1202 945 amicos
1229 901 1505 943 removere
1528 893 1758 954 oportet.
1785 881 1838 936 Si
1865 892 2038 935 autem

453 1007 522 1045 ex
553 999 737 1042 natura
766 995 947 1041 essent
976 984 1145 1045 mala,
1179 981 1363 1035 inutile
1394 979 1649 1032 mouitmn
1678 985 1734 1029 et
1758 972 2036 1028 consilium

454 1094 616 1146 esset,
640 1077 906 1150 superﬂua
932 1075 1302 1146 praedictorum
1325 1071 1501 1126 cautio
1521 1087 1532 1120 :
1553 1070 1595 1123 si
1623 1084 1726 1122 non
1748 1065 2035 1134 superﬂua,

453 1182 504 1224 ut
541 1187 663 1223 vere
690 1185 793 1223 non
820 1165 1084 1234 superﬂua
1112 1173 1212 1228 est,
1245 1161 1416 1229 palam
1443 1170 1522 1214 est
1547 1156 1834 1224 nequitiam
1857 1170 1920 1210 ex
1946 1168 2038 1208 vo-

453 1264 652 1314 luntate
683 1275 822 1313 esse.
858 1257 940 1311 10.
987 1254 1162 1308 Videte
1202 1270 1263 1305 ne
1295 1249 1620 1304 contemnatis
1665 1264 1821 1299 unum
1859 1261 1922 1298 ea:
1960 1244 2039 1297 his

453 1351 672 1420 pusillis.
706 1349 829 1401 Dico
858 1363 989 1400 enim
1016 1344 1170 1407 vobis,
1201 1343 1317 1412 quia
1347 1341 1517 1410 angeli
1542 1353 1714 1391 eorum
1740 1351 1933 1404 semper
1959 1335 2036 1388 vi-

451 1446 569 1497 dent
598 1442 776 1512 faciem
799 1438 971 1492 Patris
996 1437 1091 1489 mei
1110 1435 1195 1499 qui
1220 1435 1272 1486 in
1298 1432 1433 1485 cwlis
1456 1440 1546 1483 est.
1577 1427 1802 1482 Pusillos
1826 1425 1909 1480 hic
1930 1441 2034 1478 non

450 1549 576 1588 vere
608 1545 796 1602 parvos
823 1540 996 1592 vocat,
1022 1527 1114 1581 sed
1142 1540 1235 1578 eos
1259 1524 1345 1592 qui
1374 1521 1512 1592 apud
1541 1520 1736 1573 multos
1764 1518 1898 1573 tales
1925 1518 2037 1572 exi-

451 1627 771 1688 stimantur,
807 1635 1065 1690 pauperes
1093 1617 1246 1680 dico,
1281 1616 1441 1675 viles,
1477 1615 1710 1682 ignotos,
1747 1609 2035 1680 (quomodo

450 1715 591 1768 ettiin
639 1712 862 1782 pusillus
895 1710 962 1762 sit
1000 1708 1086 1776 qui
1133 1716 1242 1759 toto
1285 1703 1481 1756 mundo
1521 1701 1728 1770 dignior
1760 1700 1879 1753 est?
1905 1712 2037 1767 quo—

450 1806 608 1860 tnodo
633 1804 851 1872 pusillus
873 1801 959 1860 sit,
983 1800 1071 1868 qtti
1095 1807 1177 1851 est
1200 1797 1289 1850 Dei
1313 1794 1572 1861 amicus?)
1595 1792 1686 1846 sed
1709 1792 1785 1845 sic
1805 1792 2034 1860 appellat

447 1911 543 1948 eos
569 1894 654 1962 qui
697 1893 746 1944 in
780 1891 918 1958 vulgi
950 1888 1200 1954 opinione
1231 1887 1364 1938 tales
1403 1892 1545 1937 sunt.
1587 1883 1769 1951 Neque
1795 1883 1936 1936 cnim
1967 1881 2033 1934 de

447 1987 626 2040 multis
658 1983 919 2052 loquitur,
953 1979 1044 2034 sed
1072 1988 1126 2032 et
1154 1977 1220 2031 de
1253 1991 1360 2030 uno
1388 1985 1624 2035 tantum;
1657 1973 1886 2042 indeque
1913 1989 2033 2025 rur-

423 2092 540 2132 -8tt8
567 2077 797 2131 excludit
836 2072 1206 2127 scandalormn
1250 2069 1474 2136 plurium
1514 2073 1914 2120 nocumeutum.
1968 2063 2034 2118 Ut

448 2169 590 2222 enim
620 2166 789 2219 malos
815 2165 1014 2231 lugere,
1044 2163 1118 2214 sic
1147 2161 1310 2213 bonos
1338 2159 1621 2217 honorare,
1651 2156 1855 2209 lucrum
1882 2156 2034 2207 alfcrt

451 2260 739 2313 maximum
769 2271 782 2308 :
817 2271 877 2308 ac
903 2255 1093 2322 duplex
1141 2252 1262 2304 inde
1293 2251 1492 2304 utilitas
1523 2247 1812 2302 attendenti
1845 2261 2027 2315 prore-

449 2350 554 2411 nit;
587 2348 750 2400 alt--ra
779 2362 840 2399 ex
873 2361 936 2398 eo
962 2343 1102 2414 quod
1130 2341 1598 2396 scamlalizautimn
1624 2337 1885 2391 amicitias
1912 2338 2030 2404 quis

449 2449 714 2494 removeat
737 2453 752 2500 ;
776 2437 939 2489 altera
963 2450 1026 2488 ex
1050 2450 1114 2487 eo
1137 2433 1275 2502 quod
1300 2441 1510 2483 sanctos
1535 2428 1723 2481 habeat
1752 2429 1801 2478 in
1827 2425 2032 2478 honore

447 2546 510 2584 ac
539 2529 855 2583 reverentia.
888 2525 1086 2578 Deinde
1111 2523 1211 2576 alia
1242 2523 1399 2575 etiam
1429 2520 1634 2573 ratione
1665 2519 1782 2571 illos
1808 2531 2031 2570 venera-

446 2624 582 2676 biles
612 2620 803 2681 reddit,
832 2619 1018 2672 dicens
1043 2634 1055 2669 :
1089 2615 1220 2679 Quia
1248 2611 1415 2683 angeli
1443 2627 1614 2664 eorum
1642 2625 1838 2676 semper
1862 2607 2031 2659 vident

446 2714 627 2782 facient
666 2708 837 2763 Patris
876 2707 972 2761 mei
1009 2706 1094 2774 qui
1123 2714 1195 2758 est
1235 2704 1285 2755 in
1325 2702 1480 2755 ca-lis.
1528 2700 1661 2753 llinc
1692 2697 2028 2752 manifestum

443 2814 524 2857 est
552 2842 569 2867 ,
617 2809 830 2856 sanctos
871 2813 1065 2853 omnes
1097 2795 1168 2850 ibi
1210 2796 1426 2864 angelos
1476 2792 1691 2845 habere.
1740 2787 2030 2858 Apostolus

443 2893 587 2946 enim
613 2891 688 2945 ait
709 2889 777 2944 de
803 2888 1044 2947 muliere,
1073 2895 1320 2952 OpOI'lel‘c
1345 2896 1462 2937 eam
1487 2887 1800 2949 potestatein
1821 2917 1834 2940 ,
1865 2876 1916 2932 id
1948 2884 2027 2931 est

443 2981 704 3042 velamen,
735 2992 899 3046 super
926 2983 1079 3043 caput
1110 2973 1306 3026 habere
1328 2978 1543 3039 propter
1562 2967 1781 3036 angelos
1802 2967 1878 3035 (l.
1905 2959 2025 3019 Cor.

445 3071 532 3125 ll.
558 3069 645 3139 10)
668 3085 684 3131 ;
707 3076 762 3122 et
782 3067 991 3136 Moyses
1012 3083 1024 3116 :
1048 3063 1236 3116 Statuit
1258 3061 1492 3112 terminos
1513 3058 1735 3127 gentium
1755 3055 2028 3108 secundum

443 3177 709 3214 numerum
734 3159 1026 3227 angelorum
1061 3153 1151 3207 Dei
1181 3152 1366 3223 (Deut.
1395 3151 1482 3204 3‘2.
1517 3148 1612 3220 8
1643 3148 1739 3203 llic
1767 3162 1896 3202 vero
1920 3161 2025 3201 non

441 3253 512 3306 de
541 3249 747 3319 angelis
777 3255 978 3302 tantum
1009 3243 1257 3314 loquitur,
1290 3241 1382 3295 sed
1408 3240 1476 3294 de
1501 3239 1703 3307 angelis
1728 3237 2026 3305 superemi-

443 3341 712 3396 nentibus.
740 3336 872 3393 Cum
898 3346 1075 3390 autem
1105 3333 1230 3387 dicit
1254 3373 1270 3397 ,
1305 3330 1508 3384 Facient
1539 3328 1710 3381 Patris
1736 3327 1862 3388 mei,
1896 3325 2025 3380 nihil

439 3429 584 3484 aliud
618 3443 777 3498 quam
808 3426 1064 3494 majorem
1097 3423 1340 3477 liduciam
1367 3431 1421 3475 et
1451 3419 1749 3473 libertatem
1775 3416 1944 3483 dicit,
1972 3427 2026 3470 et

440 3521 665 3575 multum
691 3518 971 3572 honorem.
1018 3515 1105 3569 ll.
1150 3512 1292 3566 Venit
1318 3512 1450 3566 enim
1483 3508 1650 3562 Filius
1677 3509 1892 3560 hominis
1918 3507 2025 3561 sal-

439 3631 552 3668 vum
581 3612 745 3681 facere
768 3609 904 3680 quod
935 3608 1168 3677 perierat.
1216 3604 1372 3659 Aliud
1411 3592 1592 3656 ranus
1621 3600 1775 3654 all'crt
1805 3599 2022 3653 ratioci-

439 3707 584 3760 nium
610 3703 787 3772 priore
811 3699 1036 3762 lirmius,
1064 3707 1118 3752 et
1141 3695 1444 3767 parabolam
1466 3693 1665 3761 adjicit,
1685 3706 1786 3760 qua
1815 3691 2025 3746 Patrem

437 3797 639 3851 indurit
681 3793 794 3848 lucc
836 3791 1120 3844 volentem.
1166 3789 1251 3842 i2.
1289 3785 1426 3854 Quid
1452 3785 1585 3839 enin:
1618 3785 1755 3837 vobis
1788 3784 2022 3848 videtur,

436 3886 627 3956 inquit,
659 3884 704 3938 si
733 3883 917 3954 fuerint
942 3880 1096 3934 alicui
1123 3877 1314 3932 homini
1339 3885 1534 3931 centum
1559 3891 1691 3940 oves,
1720 3883 1766 3927 et
1785 3874 2026 3927 erraverit

435 3995 538 4031 una
583 3993 646 4030 ea:
684 3975 808 4044 ipsis
833 4015 846 4038 ,
879 3990 1043 4026 nonne
1086 3971 1370 4040 relinquens
1407 3967 1680 4037 nonaginta
1710 3982 1882 4019 novem
1905 4004 1921 4032 ,
1958 3964 2026 4018 ad

435 4077 628 4121 montrs
669 4068 920 4135 profectus
959 4064 1138 4133 quierit
1175 4059 1466 4114 errantem?
1491 4059 1577 4112 l5.
1609 4057 1672 4110 Et
1697 4058 1742 4110 si
1764 4057 2024 4126 contigerit

435 4171 490 4210 ut
528 4156 748 4210 inueniat
777 4171 887 4208 eam
911 4197 924 4216 ,
955 4153 1138 4224 gaudet
1166 4167 1316 4218 super
1354 4165 1412 4202 ea
1448 4149 1640 4216 magis,
1682 4163 1833 4216 quam
1875 4163 2026 4214 super

438 4247 714 4315 nonaginta
741 4259 913 4296 novem
935 4283 952 4306 ,
981 4256 1094 4311 quae
1118 4257 1218 4292 non
1244 4247 1555 4292 erraverunt.
1597 4237 1685 4290 Η.
1721 4235 1806 4288 Ita
1828 4253 1928 4289 non
1953 4245 2026 4289 est

435 4338 667 4390 voluntas
687 4350 856 4388 coram
884 4332 1035 4385 Patre
1056 4341 1217 4384 restro
1234 4331 1273 4394 ί,
1300 4338 1354 4382 ut
1381 4338 1548 4397 pereat
1570 4343 1698 4380 unus
1717 4327 1780 4379 de
1804 4327 2025 4398 parvulis

439 4430 565 4481 istis.
601 4425 784 4480 Viden'
809 4433 936 4494 quot
962 4421 1134 4476 modis
1163 4436 1258 4474 nos
1284 4421 1494 4474 inducat
1522 4418 1586 4472 ad
1609 4434 1790 4474 curam
1817 4419 1897 4472 vel
1925 4420 2026 4472 mi-

439 4521 705 4573 nimorum
731 4513 988 4569 fratrum?
1007 4511 1082 4566 Ne
1107 4512 1280 4580 itaque
1300 4511 1518 4574 dixeris,
1545 4507 1788 4562 Αἰνίδι-ωε
1805 4517 1884 4562 est
1911 4508 2021 4574 ille,

437 4620 528 4662 aut
554 4609 860 4661 calceorum
889 4613 1059 4668 sutor,
1089 4601 1322 4672 agricola
1340 4641 1356 4666 ,
1386 4599 1663 4669 insipiens,
1696 4607 1753 4653 ut
1780 4600 1899 4654 ideo
1926 4599 2025 4653 de-

435 4700 633 4768 spicias
660 4697 827 4752 illum.
857 4695 932 4749 Ne
951 4694 1093 4748 enim
1123 4693 1175 4746 in
1203 4692 1330 4747 illud
1359 4693 1480 4745 mali
1511 4691 1733 4754 incidas,
1759 4689 2025 4759 perpende

437 4800 571 4860 quot
597 4787 770 4843 modis
801 4797 852 4841 te
877 4787 1111 4848 inducat,
1143 4795 1200 4837 ut
1228 4785 1466 4838 modeste
1493 4798 1620 4852 agas
1643 4791 1695 4836 et
1721 4798 1903 4836 eorum
1933 4797 2028 4836 cu-

437 4895 551 4934 ram
577 4893 752 4949 geras.
782 4877 1012 4931 Puerum
1043 4877 1094 4928 in
1123 4875 1298 4928 medio
1327 4873 1510 4927 statuit
1535 4914 1550 4940 ,
1583 4883 1637 4927 et
1669 4873 1741 4924 ait
1770 4890 1783 4924 :
1815 4872 2024 4925 Efﬁcia-

440 4971 570 5023 miui
602 4978 659 5021 ut
702 4969 939 5037 parvuli;
975 4977 1062 5031 et,
1109 4966 1419 5032 Quicumque
1451 4965 1725 5030 susceperit
1759 4964 2023 5032 parvulum

441 5062 592 5114 talem
615 5101 630 5124 ,
661 5074 740 5111 me
777 5059 1018 5125 suscipit;
1041 5065 1096 5111 et
1121 5097 1134 5118 ,
1166 5055 1266 5120 Qui
1301 5053 1714 5108 scandalizaverit
1737 5095 1752 5116 ,
1783 5061 2021 5107 extrema

443 5151 693 5220 patietur.
728 5148 910 5217 Neque
932 5154 1214 5201 contentus
1240 5145 1336 5198 fuit
1359 5145 1600 5212 exemplo
1629 5143 1806 5209 molae,
1835 5142 1928 5197 sed
1961 5141 2030 5196 il-

445 5241 532 5296 Iud
575 5240 662 5294 Va:
685 5237 908 5300 addidit,
938 5246 1097 5306 atque
1125 5235 1240 5290 illos
1268 5234 1580 5288 abscindere
1603 5235 1780 5302 jussit,
1813 5234 2021 5289 etiamsi

442 5349 695 5388 manuum
725 5344 780 5387 et
809 5331 1081 5386 oculorum
1113 5329 1232 5384 loco
1261 5328 1413 5382 nobis
1441 5339 1643 5382 essent.
1686 5327 2024 5396 Rursumque

440 5423 508 5477 ab
534 5423 735 5490 angelis
756 5463 769 5483 ,
800 5423 993 5492 quibus
1019 5419 1289 5475 commissi
1328 5427 1452 5473 sunt
1480 5417 1533 5471 hi
1573 5418 1765 5472 fratres
1795 5427 1982 5470 tenues
2007 5456 2021 5479 ,

440 5521 500 5567 ut
538 5514 656 5566 illos
688 5515 739 5567 in
769 5515 942 5582 pretio
984 5513 1272 5567 habeamus
1300 5510 1557 5580 impellit,
1602 5525 1808 5564 necnon
1836 5524 1900 5563 ex
1929 5522 2022 5561 sua

442 5605 715 5658 voluntate
738 5615 898 5675 atque
925 5604 1169 5674 passione
1192 5603 1334 5666 (nam
1362 5618 1482 5658 cum
1509 5602 1660 5669 dicit,
1695 5600 1834 5656 Venit
1859 5599 2023 5653 Filius

510 5738 529 5770 ‘
561 5737 674 5800 Alii,
696 5747 832 5790 Patre
855 5753 975 5790 meo.

1177 319 1231 372 S.
1271 314 1547 371 10.03le
1583 310 2056 368 CIIRYSOSTUMl
2097 310 2414 366 AltClllEP.
2456 311 2984 370 COTx'STANTINOP.

3635 309 3736 362 δεδι

2151 429 2368 481 hominis
2390 429 2582 482 salvum
2607 432 2772 497 [acere
2794 431 2930 498 quod
2954 430 3186 499 perierat,
3209 445 3423 486 crucem
3445 434 3725 503 significat.

2147 518 2595 588 quemadmodum
2639 528 2692 573 et
2735 519 2930 574 Paulus
2971 522 3082 582 ait,
3130 521 3199 576 de
3243 522 3403 576 fratre
3443 525 3722 579 scribens:

2151 611 2370 679 Propter
2395 629 2539 681 quem
2569 612 2796 666 Christus
2839 623 3062 666 mortuus
3085 623 3157 666 est
3189 612 3379 685 [Rom
3415 616 3499 669 14.
3543 615 3683 686 15ἶ)
3704 658 3720 678 .

2146 703 2286 758 etde
2313 703 2469 757 Patre
2496 703 2536 765 ί,
2570 703 2710 772 quod
2741 719 2846 757 non
2879 704 2974 771 ipsi
3009 704 3230 771 placeat,
3263 704 3308 757 si
3339 715 3557 774 pereat;
3585 716 3638 761 et
3660 721 3727 761 ex

2143 795 2411 850 communi
2440 795 2845 858 consuetudine,
2877 796 3016 864 quod
3047 806 3248 864 μίμων,
3280 797 3475 850 relictis
3512 796 3577 850 iis
3606 812 3729 865 qua:

2145 888 2303 940 salva:
2324 895 2493 948 erant,
2519 901 2636 941 eam
2660 896 2864 954 qua-rat
2886 902 3002 955 quze
3029 895 3318 954 erraverat,
3347 901 3542 943 etcum
3576 893 3727 944 inre-

2144 977 2284 1031 nerit
2302 1019 2317 1042 ,
2350 979 2574 1030 multum
2607 975 2815 1031 laetetur
2837 976 2905 1032 de
2933 977 3102 1031 salute
3126 977 3264 1045 ejus.

2213 1071 2266 1126 5.
2295 1070 2351 1124 Si
2380 1084 2510 1137 ergo
2539 1069 2676 1122 Deus
2707 1067 2777 1122 ita
2799 1067 2993 1137 gaudet
3017 1067 3085 1122 de
3117 1068 3338 1137 parvulo
3361 1069 3451 1138 qui
3481 1081 3728 1140 repertus

2143 1170 2246 1225 est,
2279 1176 2375 1215 cur
2403 1170 2452 1213 tu
2475 1159 2705 1228 despicis
2728 1173 2820 1213 eos
2841 1174 2976 1228 quos
3003 1159 3138 1214 Deus
3166 1170 3272 1213 tam
3301 1160 3529 1214 sollicite
3549 1172 3724 1228 curat,

2141 1268 2262 1307 cum
2311 1259 2582 1320 oporteret
2624 1249 2855 1304 animam
2904 1250 3070 1318 ipsam
3117 1251 3328 1305 tradere
3373 1268 3470 1320 pro
3507 1268 3614 1304 uno
3658 1269 3725 1308 ex

2141 1343 2379 1415 parvulis
2416 1341 2570 1395 istis?
2599 1341 2702 1396 Sed
2752 1342 2992 1394 inlirnms
3026 1350 3108 1395 est
3149 1350 3204 1395 et
3228 1341 3579 1396 imbecillus?
3604 1343 3727 1398 Ideo

2143 1434 2374 1487 maxime
2402 1432 2532 1486 nihil
2561 1446 2664 1485 non
2687 1431 2947 1499 agendum
2972 1441 3072 1495 est,
3104 1443 3160 1485 ut
3190 1432 3334 1486 illum
3356 1448 3558 1489 serves.
3591 1434 3723 1488 Nam

2141 1533 2195 1577 et
2223 1523 2335 1591 ipse
2361 1522 2644 1590 nonaginta
2669 1537 2856 1576 novem
2896 1523 3096 1576 relictis
3121 1523 3331 1586 ovibus,
3359 1525 3425 1577 ad
3457 1525 3599 1578 illam
3633 1541 3724 1580 vc-

2140 1614 2236 1675 nit,
2267 1627 2364 1667 nec
2405 1614 2574 1681 potuit
2612 1621 2687 1666 tot
2731 1611 3002 1665 hominum
3051 1614 3194 1666 salus
3238 1613 3394 1667 unius
3436 1616 3721 1684 perniciem

2139 1702 2450 1756 obscurare.
2481 1702 2651 1755 Lucas
2681 1718 2810 1755 vero
2839 1703 3006 1772 ipsum
3035 1719 3152 1758 eam
3179 1703 3414 1758 humeris
3441 1708 3724 1762 sustulisse

2138 1796 2232 1858 ait,
2272 1804 2325 1847 et
2375 1794 2542 1862 majus
2588 1794 2836 1863 gaudium
2880 1795 3062 1850 haberi
3105 1812 3266 1865 super
3310 1814 3414 1851 uno
3443 1808 3723 1866 peccatore

2141 1885 2503 1952 paenitentiam
2553 1893 2776 1953 agente,
2825 1901 2982 1953 quam
3019 1901 3179 1955 super
3219 1888 3500 1956 nonaginta
3530 1904 3720 1944 novem

2133 1977 2293 2046 justis
2323 1976 2469 2049 (an.
2507 1977 2590 2030 l
2621 1977 2672 2031 5.
2709 1977 2784 2039 7).
2833 1976 2962 2030 Cum
2994 1993 3121 2032 vero
3149 1988 3430 2048 propterea
3461 1980 3598 2044 illos,
3631 1996 3719 2049 qut

2138 2070 2252 2122 sani
2283 2079 2337 2122 et
2369 2068 2498 2121 salvi
2524 2077 2693 2130 erant,
2727 2069 2960 2136 reliquit,
3003 2077 3056 2122 et
3083 2067 3151 2123 de
3175 2068 3276 2122 hoc
3306 2070 3524 2124 reducto
3553 2072 3721 2139 magis

2137 2160 2428 2214 delectatus
2461 2169 2562 2225 est,
2593 2159 2810 2212 inultam
2851 2156 3086 2212 ostendit
3121 2159 3218 2213 hac
3256 2161 3307 2213 in
3332 2177 3388 2213 re
3413 2176 3616 2214 curam.
3646 2161 3722 2214 Ne

2139 2249 2312 2318 itaque
2351 2250 2480 2302 tales
2511 2252 2714 2301 animas
2758 2248 3104 2317 uegligamus.
3146 2249 3270 2302 llaec
3307 2251 3502 2320 quippe
3541 2246 3721 2305 omnia

2141 2340 2276 2393 hanc
2303 2341 2371 2392 ob
2399 2353 2611 2398 mulsam
2641 2339 2777 2392 dicta
2817 2350 2961 2392 sunt.
3003 2339 3132 2392 Nam
3163 2355 3284 2393 eum
3315 2344 3544 2394 minatur
3569 2359 3717 2404 eum,

2135 2434 2225 2500 qui
2258 2447 2359 2485 non
2393 2431 2640 2500 parvulus
2674 2432 2933 2494 efficitur,
2981 2447 3087 2485 non
3126 2433 3440 2486 intraturum
3478 2434 3528 2487 in
3557 2437 3720 2489 c:clos

2141 2537 2278 2585 esse,
2313 2531 2367 2576 et
2408 2537 2527 2574 cum
2571 2521 2762 2574 molam
2810 2531 3090 2582 memorat,
3122 2523 3482 2592 arrogantium
3522 2524 3716 2590 fastum

2134 2611 2389 2680 deprimit
2415 2611 2566 2680 (nihil
2610 2611 2752 2665 enim
2791 2612 2863 2665 ita
2891 2613 3096 2666 caritati
3141 2624 3432 2682 repugnat,
3474 2626 3531 2668 ut
3568 2631 3718 2669 arro-

2133 2703 2333 2772 gantia)
2372 2717 2386 2766 ;
2430 2717 2549 2756 eum
2577 2716 2704 2756 vero
2737 2701 2884 2765 dicit,
2918 2701 3134 2756 Necesse
3162 2713 3231 2756 cst
3257 2715 3308 2756 ut
3338 2706 3535 2756 tu'niant
3563 2723 3715 2758 scan-

2133 2794 2272 2854 dala,
2304 2793 2662 2863 vigilantiores
2694 2793 2903 2858 reddit;
2937 2808 3000 2847 ac
3028 2810 3148 2848 cum
3181 2795 3382 2861 adjicit,
3419 2794 3507 2849 Va:
3531 2796 3608 2849 illi
3629 2813 3717 2865 per

2132 2901 2280 2954 quem
2300 2881 2600 2937 scandalum
2620 2883 2773 2947 venit,
2800 2882 2848 2935 id
2873 2890 3026 2937 curat
3056 2891 3114 2936 ut
3142 2884 3332 2953 singuli
3361 2884 3608 2938 studeant
3648 2901 3715 2941 ne

2135 2987 2230 3042 per
2256 2988 2314 3028 se
2335 2973 2641 3027 scandalum
2672 2972 2882 3036 veniat;
2927 2989 3048 3026 eum
3093 2972 3242 3039 jubet
3269 2984 3442 3028 autem
3475 2976 3714 3030 exscindi

2130 3078 2226 3119 eos
2255 3066 2344 3133 qui
2390 3061 2770 3125 scandalizaut,
2801 3063 3025 3117 salutem
3060 3062 3349 3118 faciliorem
3370 3065 3562 3131 edicit;
3590 3080 3712 3120 cum

2132 3155 2366 3225 principit
2382 3168 2448 3208 ne
2462 3154 2710 3207 minimos
2726 3163 3151 3217 contemnamus,
3173 3170 3268 3209 nec
3283 3156 3440 3209 modo
3452 3155 3712 3225 przccipit,

2131 3245 2224 3299 sed
2267 3260 2388 3300 cum
2420 3244 2753 3298 vehementia
2783 3245 2926 3314 (nam
2968 3247 3061 3308 ait,
3107 3243 3276 3298 Videte
3299 3262 3362 3298 ne
3385 3249 3715 3300 contemnatis

2130 3353 2290 3390 unum
2314 3352 2377 3390 ea:
2403 3336 2481 3389 his
2515 3336 2780 3402 minimis),
2809 3346 2862 3390 et
2906 3351 3024 3389 cum
3056 3335 3203 3398 dicit,
3238 3337 3418 3407 Angeli
3445 3353 3616 3390 eorum
3645 3339 3716 3390 vi-

2129 3428 2246 3481 dent
2273 3426 2452 3496 faciem
2487 3424 2654 3478 Patris
2684 3425 2816 3488 mei;
2862 3434 2936 3489 et,
2987 3424 3112 3479 Ideo
3137 3427 3249 3480 veni
3289 3441 3420 3496 ego;
3449 3437 3523 3493 et,
3557 3426 3716 3481 Pater

2129 3531 2270 3568 meus
2299 3515 2391 3568 hoc
2418 3515 2520 3568 vult
2547 3531 2565 3568 :
2597 3515 2717 3568 illos
2746 3515 2836 3586 qui
2866 3531 3050 3571 eorum
3091 3531 3274 3572 curam
3318 3516 3544 3572 habituri
3586 3529 3716 3572 sunt

2129 3603 2497 3672 diligentiores
2523 3603 2716 3658 reddit.

2199 3693 2339 3747 Deus
2362 3703 2606 3762 quantum
2633 3693 2844 3746 salutem
2870 3693 3127 3747 hominum
3151 3704 3311 3749 curet.
3338 3695 3567 3750 Salutem
3593 3713 3714 3768 pro-

2127 3785 2254 3840 ximi
2281 3801 2373 3839 nos
2412 3801 2592 3838 curare
2621 3795 2832 3854 Oportet.
2857 3816 2929 3825 —
2961 3785 3144 3841 Videu'
3165 3799 3362 3857 quanto
3398 3803 3552 3842 uuu-o
3591 3788 3715 3844 illos

2128 3876 2579 3938 circummunivit,
2625 3885 2681 3931 et
2717 3885 2967 3945 quantam
2996 3878 3077 3931 vel
3122 3877 3367 3932 viliorum
3395 3886 3451 3932 et
3481 3893 3712 3946 percun-

2131 3968 2260 4022 tium
2283 3966 2695 4022 sollicitudinem
2722 3975 2890 4036 gerat,
2921 3969 3058 4022 mala
3090 3969 3424 4022 comminans
3454 3970 3712 4024 intolera-

2129 4059 2257 4114 bilia
2288 4059 2352 4113 iis
2379 4058 2468 4127 qui
2499 4059 2843 4128 supplantant
2876 4059 3039 4127 ipsos,
3076 4067 3130 4112 et
3159 4074 3348 4129 magna
3395 4061 3715 4129 promittens

2130 4150 2267 4204 bona
2306 4151 2373 4205 iis
2405 4150 2493 4218 qui
2529 4149 2834 4204 ministrant
2869 4149 2995 4216 illis,
3041 4151 3288 4220 ipsosque
3316 4159 3522 4215 curant,
3553 4151 3715 4221 idque

2130 4257 2228 4297 suo
2264 4251 2426 4311 atque
2467 4241 2639 4295 Patris
2679 4240 2925 4311 exemplo
2968 4242 3284 4296 continuat?
3327 4241 3476 4295 Ilunc
3513 4251 3568 4294 et
3614 4256 3714 4295 nos

2131 4334 2434 4395 imitemur,
2479 4331 2606 4387 nihil
2650 4341 2959 4387 recusantes
3000 4347 3185 4387 eorum
3232 4348 3352 4400 qua:
3397 4331 3612 4386 liutnilia
3659 4341 3715 4387 et

2129 4424 2390 4479 laboriosa
2422 4424 2670 4477 videntur
2703 4439 2796 4492 pro
2842 4422 3092 4477 fratribus
3133 4423 3404 4492 suscipere
3434 4440 3446 4474 :
3485 4422 3580 4476 sed
3609 4423 3713 4477 etsi

2130 4518 2438 4570 ministrare
2465 4524 2728 4584 oporteat,
2765 4514 2880 4568 sive
2909 4529 3122 4582 parvus,
3166 4515 3278 4568 sive
3321 4514 3440 4567 vilis
3480 4512 3714 4567 fueritis

2127 4608 2281 4678 cujus
2306 4622 2465 4663 causa
2499 4607 2600 4661 hoc
2641 4621 2775 4678 Opus
2815 4606 3144 4675 suscipitur;
3183 4605 3521 4675 quantumvis
3558 4604 3712 4659 labo-

2128 4699 2269 4752 riosa
2312 4713 2400 4752 res
2448 4698 2635 4762 fuerit;
2679 4697 2780 4751 etsi
2824 4705 3066 4764 oporteat
3103 4704 3312 4750 montes
3337 4706 3392 4750 et
3418 4695 3712 4764 prmcipitia

2129 4789 2475 4861 pertransire,
2499 4789 2674 4842 omnia
2693 4788 2990 4842 tolerentur
3007 4804 3102 4857 pro
3121 4788 3288 4842 salute
3313 4787 3512 4841 fratris.
3541 4786 3713 4840 Tanta

2127 4880 2323 4950 quippe
2352 4890 2434 4934 est
2467 4880 2572 4933 Deo
2589 4895 2712 4932 cura
2735 4878 2803 4932 de
2831 4879 3026 4941 anima,
3053 4887 3196 4932 utne
3216 4877 3352 4931 Filio
3371 4876 3586 4947 quidem
3613 4893 3714 4932 suo

2130 4971 2425 5040 pepercerit
2454 4970 2630 5037 (Rom.
2677 4969 2730 5023 8.
2765 4968 2879 5038 32).
2911 4968 3090 5036 Quare
3117 4967 3344 5022 obsecro
3364 5008 3378 5031 ,
3425 4967 3596 5037 primo
3631 4967 3714 5021 di-

2127 5062 2304 5117 luculo
2331 5073 2452 5114 cum
2496 5075 2524 5112 a
2554 5059 2714 5112 domo
2749 5059 3060 5124 esierimus,
3104 5059 3244 5112 hunc
3291 5074 3453 5112 ιιιιιιιιι
3490 5073 3712 5127 scopum

2128 5153 2438 5218 habeamus,
2466 5160 2518 5204 et
2550 5151 2686 5205 hanc
2712 5152 2979 5221 prmcipue
3021 5149 3458 5215 sollicitudinem,
3489 5159 3548 5202 ut
3575 5149 3716 5218 peri-

2127 5245 2398 5297 clitantem
2426 5240 2734 5310 eripiamus.
2763 5240 2878 5295 Non
2929 5241 3120 5309 loquor
3148 5239 3234 5294 hic
3262 5239 3329 5294 de
3357 5239 3592 5294 sensibili
3622 5253 3715 5306 pe-

2129 5335 2334 5389 riculo:
2368 5333 2469 5387 hoc
2511 5332 2654 5386 enim
2693 5347 2760 5387 ne
2784 5333 3075 5402 perieulum
3102 5331 3316 5402 quidem
3359 5343 3476 5395 est;
3515 5331 3607 5384 sed
3641 5330 3714 5386 de

2131 5425 2366 5493 periculo
2385 5425 2594 5486 animze,
2612 5423 2755 5492 quod
2795 5423 3099 5477 hominibus
3122 5433 3270 5493 parat
3290 5422 3552 5477 diabolus.
3582 5420 3721 5473 Nam

2130 5526 2415 5580 mercator,
2449 5524 2506 5568 ιιι
2543 5529 2672 5583 opes
2711 5523 2918 5583 augeat,
2953 5514 3170 5585 pelagus
3205 5519 3535 5576 tl‘ﬂllSﬂICiﬂ;
3577 5514 3708 5569 arti-

2194 5732 2208 5763 τ
2245 5728 2359 5786 Alii,
2385 5732 2428 5776 et
2453 5725 2513 5776 de
2539 5724 2730 5788 spiritu.
