4074 6144
320 320 412 380 εει

315 442 528 512 fexque,
551 446 611 495 ut
638 453 749 494 rem
779 437 1087 493 familiarem
1117 437 1423 508 amplificet,
1456 436 1585 491 nihil
1624 449 1728 490 non
1759 435 1885 503 agit.

314 532 422 587 Nos
451 532 628 600 itaque
656 545 724 585 ne
758 529 983 585 salutem
1017 538 1252 583 nostram
1296 526 1506 596 operari
1533 526 1661 581 satis
1695 524 1892 578 hahea-

314 638 453 687 mus,
494 621 593 675 hoc
636 621 795 675 modo
829 621 969 675 enim
1010 621 1153 676 illam
1196 618 1650 674 labefactaremus.
1682 617 1893 671 Etenim

312 715 367 769 in
397 713 537 769 bello
566 723 621 768 et
645 714 761 768 acie
799 713 953 767 miles
982 710 1070 781 qui
1099 709 1151 765 id
1182 727 1342 765 unum
1371 717 1540 776 curat,
1573 718 1631 764 ut
1659 707 1777 778 fuga
1803 723 1888 762 sa-

311 812 404 865 luti
451 825 563 866 suae
591 808 858 875 consulat,
905 808 1039 862 alios
1079 822 1261 862 secum
1298 805 1502 876 perdit;
1548 819 1671 859 cum
1707 812 1894 858 contra

309 916 560 958 strenuus
602 901 829 971 quisque
869 900 958 970 qui
1003 913 1103 970 pro
1142 898 1260 953 aliis
1306 913 1451 952 arma
1495 897 1741 967 sumpsit,
1771 911 1891 951 cum

310 996 425 1050 aliis
454 995 688 1064 seipsum
714 1007 925 1063 quoque
953 999 1146 1047 servat.
1177 990 1312 1047 Cum
1351 992 1531 1060 itaque
1571 1004 1659 1044 res
1697 997 1894 1043 nostrae

306 1088 509 1143 bellum
535 1087 662 1150 siut,
685 1094 739 1140 et
767 1084 962 1139 bellum
984 1084 1219 1139 omnium
1236 1083 1577 1147 acerrimum,
1598 1082 1741 1137 acies
1762 1095 1890 1151 quo.

307 1194 411 1249 que
434 1189 488 1233 et
514 1191 712 1248 pugna,
758 1184 813 1230 ut
849 1176 968 1230 Rex
1011 1184 1191 1230 noster
1222 1175 1398 1245 jussit,
1434 1173 1503 1228 ita
1545 1172 1611 1227 ad
1656 1186 1889 1243 pugnam

310 1270 553 1325 instructi
595 1277 799 1324 stemus
825 1269 876 1322 in
907 1269 1043 1335 acie,
1073 1267 1138 1322 ad
1165 1267 1339 1323 caedes
1371 1276 1426 1322 et
1452 1267 1764 1336 sanguinem
1792 1279 1889 1335 pa-

308 1364 426 1427 rati,
455 1362 521 1418 ad
558 1363 794 1417 omnium
825 1362 1050 1416 salutem
1090 1360 1455 1430 respicientes,
1500 1358 1891 1414 commilitones

309 1454 611 1521 incitantes,
658 1453 836 1523 lapsos
859 1452 1145 1523 erigentes.
1192 1452 1322 1506 Nam
1363 1451 1513 1506 multi
1539 1465 1601 1506 ex
1638 1449 1889 1504 fratribus

307 1545 504 1599 nostris
535 1545 588 1597 in
620 1543 718 1599 hac
749 1559 920 1614 pugna
946 1545 1125 1612 jacent
1167 1544 1449 1609 vulnerati,
1480 1543 1737 1613 sanguine
1766 1558 1887 1611 per-

308 1637 427 1702 fusi,
450 1650 716 1705 nemoque
742 1647 892 1691 curat
934 1636 1071 1700 illos,
1112 1649 1216 1688 non
1257 1650 1287 1689 e
1330 1637 1486 1704 vulgo
1524 1634 1733 1703 aliquis,
1781 1648 1886 1687 non

307 1729 579 1791 sacerdos,
607 1744 710 1781 non
741 1728 874 1781 alius
890 1728 1082 1797 quivis,
1108 1742 1213 1780 non
1237 1736 1511 1795 patronus,
1537 1741 1641 1779 non
1661 1726 1882 1789 amicus,

306 1833 410 1872 non
438 1820 602 1873 frater
644 1834 658 1871 :
704 1817 799 1872 sed
841 1817 1032 1886 singuli
1079 1832 1174 1872 sua
1216 1825 1419 1871 tantum
1458 1824 1720 1885 Spertattt.
1763 1815 1886 1871 ldeo

305 1918 486 1965 nostra
513 1909 819 1964 minuimus.
849 1908 1040 1963 NoSIra
1062 1908 1255 1979 quippe
1286 1909 1516 1963 maxima
1546 1907 1754 1972 fiducia,
1785 1922 1885 1961 no-

305 2012 413 2057 stra
441 2002 556 2056 laus
579 2010 683 2069 est,
712 2001 755 2056 si
791 2016 897 2056 non
922 2010 1103 2055 nostra
1136 2009 1341 2055 tantum
1380 2014 1645 2055 curemus.
1685 1998 1886 2054 ldcirco

305 2093 550 2148 imbecilli
579 2102 632 2147 et
659 2099 958 2162 expugnato
995 2089 1177 2146 faciles
1209 2106 1393 2146 sumus
1421 2100 1476 2145 et
1501 2089 1806 2146 hominibus
1830 2099 1885 2145 et

303 2182 534 2248 diabolo,
562 2183 684 2253 quia
710 2181 849 2253 quod
882 2182 1002 2236 huic
1032 2181 1106 2236 rei
1132 2180 1451 2235 contrarium
1471 2188 1550 2235 est
1568 2180 1881 2251 quaerimus,

303 2290 407 2329 non
438 2289 532 2329 nos
554 2283 738 2327 mutuo
774 2273 1069 2343 ohtegimus
1109 2281 1163 2328 et
1201 2272 1670 2328 circummunimus
1698 2286 1792 2342 per
1817 2272 1882 2327 il-

301 2369 406 2422 lam
444 2383 563 2438 qua:
608 2365 901 2422 secundum
945 2366 1109 2420 Deum
1153 2374 1235 2420 est
1262 2368 1574 2430 caritatem;
1615 2363 1711 2419 sed
1751 2365 1882 2418 alios

301 2460 453 2514 nobis
478 2458 767 2530 quaerimus
803 2458 1051 2513 arnicitiae
1078 2458 1345 2524 obtentus,
1367 2457 1457 2511 alii
1483 2472 1511 2510 a
1540 2456 1878 2526 cognatione,

301 2551 390 2605 alii
419 2567 446 2603 a
472 2550 878 2612 consuetudine,
924 2550 1014 2604 alii
1051 2565 1081 2604 a
1111 2550 1402 2615 consortio,
1446 2550 1535 2603 alii
1577 2564 1604 2603 a
1648 2549 1878 2604 vicinia:

301 2650 356 2697 et
403 2657 739 2712 quacumque
783 2642 887 2697 alia
929 2640 998 2696 de
1035 2655 1193 2695 causa
1235 2642 1409 2711 potius
1458 2641 1614 2696 amici
1657 2656 1878 2705 sumus,

300 2750 456 2804 quam
485 2751 549 2789 ex
577 2736 796 2806 pietate,
822 2749 941 2789 cum
969 2750 1033 2790 ex
1074 2735 1162 2790 illa
1191 2736 1301 2789 sola
1334 2743 1579 2804 oporteat
1623 2735 1883 2790 amicitia:

300 2826 495 2899 iungi;
551 2841 694 2881 nunc
740 2827 1063 2881 contrarium
1109 2828 1319 2894 evenit,
1366 2826 1564 2882 Judzcis
1609 2834 1664 2882 et
1707 2825 1881 2896 genti-

300 2919 400 2973 bus
440 2918 724 2990 aliquando
776 2934 961 2975 sumus
1002 2919 1161 2975 amici
1213 2919 1388 2990 potius
1425 2932 1581 2989 quam
1629 2918 1880 2973 Ecclesite

300 3012 443 3069 filiis.

367 3106 421 3162 6.
449 3105 650 3161 Caritas
688 3119 735 3161 et
768 3106 1037 3161 tolerantia
1062 3122 1182 3178 erga
1210 3106 1494 3177 proximum
1519 3101 1877 3160 commendan-

296 3208 397 3253 tur.
429 3198 637 3253 Fratres
677 3200 837 3254 nostri
864 3216 997 3271 stupe
1021 3199 1261 3254 monendi
1299 3210 1435 3253 sunt.
1464 3228 1537 3240 —
1559 3197 1752 3260 Etiam,
1794 3195 1881 3249 in-

298 3293 480 3361 quies;
513 3308 637 3346 nam
677 3293 766 3348 ille
794 3292 1064 3361 improbus
1091 3299 1193 3356 est,
1227 3292 1310 3346 hic
1335 3306 1460 3346 vero
1490 3292 1661 3346 bonus
1682 3298 1738 3344 et
1766 3303 1881 3342 mo-

297 3385 499 3440 destus.
528 3384 665 3452 Quid
703 3385 880 3440 dicis?
925 3385 1222 3454 improbum
1249 3384 1465 3439 fratrem
1496 3398 1656 3438 vocas
1685 3391 1759 3445 tu,
1791 3382 1876 3437 cui
1914 3400 1917 3403 λ

297 3477 517 3531 vetitum
549 3484 631 3531 est
660 3478 739 3533 vel
761 3492 880 3531 raca
910 3480 1138 3532 vocare?
1168 3492 1268 3533 nec
1291 3487 1341 3531 te
1359 3478 1539 3547 pudet,
1562 3492 1659 3532 nec
1682 3475 1876 3531 erube-

295 3567 400 3620 scis
429 3568 647 3622 fratrem
682 3568 984 3634 traducens,
1007 3569 1306 3623 membrum
1330 3577 1496 3631 tuum,
1526 3583 1647 3623 eum
1668 3569 1758 3637 qui
1781 3583 1877 3623 eo-

294 3659 414 3713 dem
435 3671 593 3714 natus
609 3669 689 3714 est
701 3672 872 3730 partu,
894 3662 980 3730 qui
1004 3669 1083 3715 est
1099 3660 1339 3731 ejusdem
1369 3674 1566 3715 mensm
1592 3660 1879 3730 particeps?

294 3750 397 3805 Sed
438 3753 484 3806 si
527 3752 745 3807 fratrem
793 3753 1085 3807 secundum
1125 3767 1339 3806 carnem
1394 3753 1622 3818 habeas,
1669 3750 1877 3805 etiamsi

295 3841 439 3895 mille
479 3842 681 3896 scelera
711 3842 970 3906 admittat,
1012 3842 1156 3896 illum
1202 3839 1367 3903 foves,
1414 3849 1467 3895 et
1515 3842 1559 3893 si
1609 3840 1697 3894 ille
1741 3841 1875 3894 mala

295 3932 434 3988 fama
480 3935 708 4000 laboret,
755 3945 909 4005 putas
955 3943 1007 3990 te
1050 3934 1327 3989 dedecoris
1372 3948 1492 3988 esse
1532 3943 1874 3986 consortem:

295 4026 624 4094 spiritualem
655 4042 784 4081 vero
812 4027 1051 4092 fratrem,
1080 4041 1237 4095 quem
1267 4024 1549 4080 calumniis
1580 4025 1874 4094 impctitmn

294 4117 582 4173 defendere
611 4126 900 4186 oporteret,
932 4117 1222 4172 innumeris
1253 4131 1447 4171 oneras
1492 4114 1788 4169 maledictis
1825 4124 1878 4167 et

294 4207 779 4269 criminationibus,
825 4208 1124 4277 improbum
1173 4222 1352 4261 vocas.
1404 4205 1681 4274 Improbus
1711 4204 1874 4267 enim,

296 4302 486 4372 inquis,
509 4301 724 4356 difficile
747 4301 1020 4355 toleratur.
1038 4300 1191 4370 Atqui
1217 4299 1335 4354 ideo
1358 4298 1519 4352 debes
1545 4298 1616 4351 illi
1644 4296 1876 4351 amicitia

295 4393 459 4463 iungi,
493 4401 551 4446 ut
592 4407 712 4447 eum
754 4406 784 4445 a
828 4391 954 4446 vitio
988 4405 1284 4457 removeas,
1319 4398 1374 4443 ut
1403 4397 1682 4444 convertas
1721 4394 1775 4442 et
1809 4385 1876 4440 ad

296 4486 543 4539 virtutem
570 4483 813 4538 reducas.
846 4484 914 4536 At
957 4497 1063 4536 non
1092 4482 1447 4550 obtemperat,
1482 4479 1675 4549 inquis,
1706 4493 1877 4547 neque

294 4577 572 4632 consilium
614 4574 860 4628 admittit.
902 4573 1052 4630 Unde
1080 4573 1180 4627 hoc
1208 4572 1385 4626 nosti?
1425 4586 1493 4624 an
1523 4570 1762 4623 hortatus
1795 4582 1873 4632 es,

292 4678 344 4721 et
371 4666 659 4721 emendare
694 4664 976 4719 studuisti?
1002 4663 1255 4719 Hortatus
1302 4677 1443 4732 smpe
1472 4677 1609 4725 sum,
1648 4660 1873 4728 inquies.

295 4760 551 4826 Quoties?
589 4758 817 4827 Stepius,
856 4758 1021 4812 semel
1051 4767 1105 4812 et
1137 4758 1349 4811 iterum.
1395 4754 1585 4822 Papze!
1627 4753 1747 4807 idne
1777 4767 1877 4805 sa:-

296 4850 408 4919 pius
432 4849 634 4904 vocas?
659 4850 882 4904 Etiamsi
926 4864 1019 4918 per
1048 4858 1211 4902 totam
1239 4848 1399 4901 vitam
1434 4845 1482 4899 id
1511 4844 1745 4907 fecisses,
1780 4857 1879 4896 nec

295 4940 541 5004 deficere,
565 4954 665 5013 nec
686 4939 969 5008 dCSperare
986 4938 1284 5009 Oportebat.
1308 4936 1422 4990 Non
1446 4935 1591 4990 vides
1612 4934 1878 5004 quomodo

294 5046 391 5085 nos
419 5032 562 5086 Deus
588 5046 802 5101 semper
842 5030 1086 5085 hortetur
1117 5045 1210 5099 per
1253 5028 1538 5099 prOphctas
1564 5069 1578 5094 ,
1612 5041 1707 5095 per
1743 5042 1875 5096 apo-

295 5123 479 5188 stolos,
512 5137 610 5191 per
633 5122 1020 5191 evangelistas?
1050 5121 1187 5189 Quid
1220 5118 1414 5190 igitur?
1442 5134 1565 5172 num
1597 5118 1714 5172 ideo
1735 5126 1878 5173 recte

297 5229 602 5283 operemur,
632 5230 757 5267 num
788 5215 841 5268 in
862 5213 1108 5267 omnibus
1142 5211 1613 5280 ublcmpcramus?
1642 5209 1874 5263 Minime.

298 5305 425 5360 Num
454 5306 579 5359 ideo
609 5305 697 5358 ille
739 5306 899 5358 linem
946 5304 1069 5359 fecit
1110 5300 1477 5357 admonendi?
1514 5317 1638 5355 num
1677 5300 1878 5354 tacuit?

296 5400 485 5453 Annon
527 5397 754 5467 singulis
779 5396 965 5449 diebus
991 5395 1140 5458 dicit,
1178 5394 1295 5448 Non
1339 5394 1539 5463 potestis
1564 5391 1673 5447 Deo
1696 5395 1879 5447 servire

296 5504 338 5546 et
383 5506 637 5547 inamatus
669 5489 822 5560 (Luc.
874 5489 961 5543 16.
1005 5490 1116 5560 l5),
1150 5498 1204 5543 et
1232 5489 1422 5543 crescit
1452 5487 1707 5561 tamen_in
1745 5488 1879 5541 mul-

296 5590 359 5646 tis
384 5588 629 5663 pccunim
672 5585 932 5655 cupiditas
967 5595 1123 5655 atque
1169 5583 1445 5656 tyrannis?
1487 5582 1600 5637 Non
1644 5582 1880 5652 quotidie

295 5682 503 5748 Clamat,
547 5679 796 5733 Dimittite
828 5688 876 5732 et
905 5677 1181 5731 dimittetur
1222 5677 1355 5730 vobis
1386 5674 1593 5749 (Matth.
1622 5674 1674 5727 6.
1710 5675 1881 5744 H),et

296 5790 390 5830 nos
419 5774 591 5846 magis
622 5771 948 5828 efferamur?
992 5772 1181 5824 Annon
1212 5769 1445 5838 quotidie
1474 5780 1653 5825 monet
1680 5779 1733 5823 ut
1755 5784 1879 5823 Con—

612 5864 891 5921 PA‘l‘BOL.
941 5861 1058 5919 (in.
1110 5856 1326 5915 LVlll.

1304 319 1370 376 IN
1408 317 1812 376 MATTlleUSl
1855 316 2083 376 llOillL.
2130 321 2270 380 LIX.
2314 325 2385 382 al.
2429 327 2542 384 LX.

3486 338 3519 391 Et
3525 342 3595 395 0:92

2006 438 2348 507 cupiscentia:
2372 452 2427 498 et
2453 444 2649 501 illicita:
2672 447 2927 518 voluptati
2982 451 3327 521 imperemus,
3358 468 3411 512 et
3431 458 3594 514 multi

2003 527 2121 597 plus
2140 546 2297 600 quam
2326 536 2471 603 porci
2496 536 2550 590 in
2577 537 2678 592 hoc
2717 549 2934 619 peccato
2956 543 3312 601 volutantur?
3341 550 3588 607 Attamen

2005 619 2094 674 ille
2125 619 2325 678 hortari
2353 640 2458 680 non
2495 638 2686 684 cessat.
2723 629 2832 687 Cur
2856 648 2985 703 ergo
3019 651 3126 691 non
3156 636 3269 694 huic
3295 650 3475 697 mente
3501 658 3588 699 re«

2003 711 2268 803 volvimus
2290 729 2390 771 nec
2411 715 2656 786 dicimus,
2692 721 2856 777 Deum
2880 724 3033 782 nobis
3067 742 3285 798 semper
3318 732 3461 803 loqui
3490 748 3589 789 nec

2002 799 2281 892 desistere,
2311 807 2522 862 etiamsi
2569 819 2624 864 ut
2652 812 2938 881 plurimum
2979 832 3085 873 non
3116 799 3584 892 obtemperemusl

2004 891 2125 989 ideo
2151 893 2384 989 dicebat,
2412 896 2580 954 Pauci
2607 912 2725 956 sunt
2749 908 2834 972 qui
2857 907 2986 960 salui
3010 909 3137 977 ﬁant
3167 891 3318 980 (Luc.
3351 916 3437 970 15.
3466 916 3580 989 23).

2000 983 2054 1039 Si
2085 987 2226 1040 enim
2251 1003 2356 1044 non
2387 992 2581 1048 sufﬁcit
2609 995 2673 1050 ad
2697 997 2921 1055 salutem
2943 1002 3098 1057 nobis
3121 1004 3207 1058 illa
3236 1008 3402 1062 virtus
3424 983 3584 1079 quam

1999 1090 2242 1133 seorsum
2287 1095 2619 1152 exercemus,
2651 1088 2745 1143 sed
2773 1101 2983 1159 Oportet
3011 1094 3144 1150 alios
3172 1098 3381 1155 virtutis
3406 1103 3586 1158 socios

1997 1166 2262 1227 adducere
2293 1189 2308 1226 :
2336 1188 2457 1229 cum
2499 1193 2597 1233 nec
2636 1190 2894 1245 nostram,
2946 1199 3044 1240 nec
3081 1186 3306 1245 aliorum
3350 1194 3580 1250 salutem

1995 1264 2380 1329 curaverimus,
2410 1266 2536 1336 quid
2566 1270 2873 1339 patiemur?
2894 1274 3034 1330 unde
3056 1276 3243 1334 salutis
3263 1296 3410 1350 spem
3431 1283 3582 1339 dein-

1995 1364 2123 1421 ceps
2169 1351 2525 1413 habebimus?
2578 1358 2684 1416 Sed
2730 1364 2857 1432 quid
2906 1364 3007 1422 hac
3051 1367 3120 1423 de
3162 1385 3221 1425 re
3275 1373 3531 1431 criminor
3563 1419 3578 1442 ,

1994 1442 2207 1511 quando
2253 1460 2321 1500 ne
2361 1450 2822 1510 contubernalium
2873 1457 3089 1527 quidem
3135 1470 3440 1519 nostrorum
3489 1482 3579 1521 ra—

1997 1536 2192 1591 tionem
2227 1538 2388 1593 ullam
2422 1539 2697 1609 habemus,
2749 1549 2948 1615 uxoris,
2992 1550 3241 1622 filiorum,
3272 1570 3575 1626 servorum,

1992 1627 2086 1681 sed
2118 1643 2223 1682 non
2254 1629 2322 1684 de
2351 1630 2450 1697 his,
2479 1633 2575 1689 sed
2603 1635 2670 1690 de
2703 1637 2822 1692 aliis
2851 1638 3085 1697 futilibus
3120 1644 3338 1701 solliciti
3369 1663 3574 1716 sumus,

1991 1716 2262 1773 ebriorum
2296 1720 2482 1789 instar,
2526 1732 2583 1778 ut
2615 1738 2822 1783 crescat
2861 1743 3137 1787 servorum
3178 1750 3452 1802 numerus,
3485 1742 3577 1810 qui

1990 1807 2294 1878 diligentius
2325 1813 2479 1869 nobis
2522 1817 2779 1886 serviant,
2831 1820 3031 1892 filiique
3070 1839 3317 1897 magnam
3357 1844 3387 1883 a
3421 1807 3576 1887 nobis

1992 1898 2345 1959 hereditatem
2374 1907 2659 1976 accipiant,
2690 1927 2825 1966 uxor
2860 1913 2985 1969 item
3012 1931 3144 1972 auro
3182 1918 3384 1990 fulgeat
3410 1928 3574 1979 vesti-

1990 1991 2194 2064 busque
2225 1999 2492 2067 pretiosis,
2522 2017 2696 2073 neque
2727 2003 2796 2060 de
2827 2005 2980 2062 nobis
3006 2024 3189 2067 curam
3218 2013 3383 2070 ullam
3410 2015 3575 2073 habe-

1989 2098 2128 2149 mus,
2167 2088 2261 2141 sed
2288 2088 2356 2144 de
2384 2089 2722 2150 facultatibus
2767 2105 2967 2153 tantum
3018 2102 3258 2157 nostris?
3302 2104 3376 2160 De
3406 2121 3574 2163 uxore

1987 2182 2135 2231 certe
2159 2178 2301 2233 nulla
2328 2181 2654 2251 sollicitudo,
2681 2187 2777 2240 sed
2801 2186 2870 2243 de
2899 2190 3059 2247 rebus
3086 2208 3305 2250 uxorem
3330 2197 3575 2255 ambien-

1988 2266 2129 2322 tibus
2148 2269 2230 2324 vel
2251 2272 2563 2329 ornantibus
2582 2290 2597 2341 ;
2618 2275 2952 2350 idipsumque
2972 2281 3039 2337 de
3061 2282 3243 2341 liberis
3262 2285 3571 2346 dicendum.

1986 2355 2219 2415 Perinde
2242 2369 2404 2431 atque
2432 2364 2477 2418 si
2514 2365 2633 2435 quis
2660 2367 2915 2424 caducam
2941 2373 2956 2404 ¹
2986 2371 3203 2429 domum
3233 2377 3451 2444 habens,
3477 2395 3572 2436 eu-

1981 2447 2070 2518 jus
2109 2451 2247 2506 muri
2277 2454 2446 2509 ruinae
2475 2456 2704 2524 proximi
2733 2469 2876 2527 sunt,
2912 2461 3034 2517 illos
3063 2464 3362 2523 instaurare
3399 2471 3571 2542 negli-

1984 2555 2136 2609 gens,
2173 2558 2363 2614 magna
2413 2547 2465 2601 in
2506 2547 2728 2604 circuitu
2775 2551 2890 2622 ejus
2940 2565 3089 2625 septa
3138 2559 3338 2629 erigat;
3386 2571 3479 2617 aut
3523 2565 3570 2619 si

1985 2643 2277 2702 mgrotante
2298 2650 2543 2707 corpore,
2578 2639 2753 2709 ipsum
2787 2643 3002 2712 quidem
3035 2647 3288 2719 negligat,
3316 2651 3441 2706 dum
3469 2668 3572 2708 au-

1985 2740 2076 2781 rea
2118 2728 2435 2785 veStimenta
2488 2731 2586 2801 ipsi
2629 2744 2812 2804 parat;
2843 2745 2936 2792 aut
2960 2739 3004 2792 si
3034 2738 3249 2797 domina
3277 2744 3467 2799 morbo
3497 2747 3571 2803 la-

1985 2816 2232 2885 borante,
2274 2822 2606 2893 ancillarum,
2660 2826 3011 2900 telarumquc,
3054 2847 3304 2889 vasorum
3340 2840 3572 2909 supelle-

1984 2910 2231 2981 ctilisque
2283 2928 2465 2969 curam
2511 2925 2694 2987 gerat,
2743 2920 2858 2991 ipsa
2906 2924 3092 2979 relicta
3143 2937 3409 2997 gemente.
3457 2932 3571 2989 lloe

1985 3016 2127 3093 nunc
2148 3003 2330 3060 videre
2348 3014 2431 3061 est
2457 3007 2509 3061 in
2540 3009 2716 3065 anima
2738 3021 2940 3081 nostra,
2964 3030 3082 3086 quae
3106 3020 3246 3074 male
3267 3020 3570 3093 misereque

1986 3092 2166 3161 habet,
2197 3094 2294 3161 ira,
2328 3097 2714 3167 maledicentia,
2741 3103 2986 3162 absurdis
3010 3110 3408 3178 cupiditatibus,
3433 3092 3566 3170 vana

1983 3186 2172 3255 gloria,
2202 3186 2414 3258 jurgiis,
2443 3188 2589 3245 humi
2620 3192 2827 3263 deiecta
2854 3207 2908 3252 et
2938 3207 3123 3266 tracta,
3162 3202 3231 3256 ab
3266 3203 3568 3273 hujusmodi

1986 3276 2110 3331 feris
2138 3276 2385 3345 laniatur,
2419 3279 2546 3335 dum
2579 3296 2695 3349 nos,
2739 3285 2824 3340 illa
2855 3287 2905 3343 in
2940 3289 3086 3344 hisce
3131 3294 3331 3348 morbis
3358 3296 3562 3362 relicta,

1982 3367 2200 3423 domum
2228 3369 2655 3443 domesticosque
2684 3391 2951 3434 curamus.
2993 3381 3060 3435 Et
3085 3382 3127 3436 si
3153 3400 3274 3443 ursa
3302 3387 3439 3441 clam
3466 3403 3566 3442 au-

1983 3460 2197 3532 fugerit,
2227 3463 2415 3520 domos
2453 3467 2770 3534 claudimus,
2806 3486 2900 3541 per
2929 3473 3075 3530 vicos
3102 3477 3388 3540 currimus,
3418 3494 3486 3533 ne
3514 3481 3569 3535 in

1982 3569 2099 3608 eam
2128 3554 2424 3612 incidamus
2457 3575 2470 3611 :
2500 3575 2645 3616 nunc
2675 3572 2851 3617 autem
2877 3581 2983 3619 non
3013 3582 3114 3621 una
3143 3568 3277 3636 fera,
3307 3570 3401 3623 sed
3429 3573 3569 3625 mul-

1984 3648 2051 3699 tis
2063 3644 2366 3716 huiusmodi
2401 3650 2605 3707 scilicet
2624 3654 3052 3723 cogitationibus,
3076 3659 3307 3714 animam
3331 3672 3568 3715 nostram

1980 3736 2322 3802 lauiantibus,
2357 3742 2559 3797 nullum
2592 3743 2780 3800 horum
2806 3762 3023 3803 sensum
3050 3748 3327 3805 habemus.
3353 3751 3407 3805 lu
3436 3753 3571 3806 urbe

1982 3830 2198 3900 quidem
2231 3841 2431 3888 tantam
2456 3834 2691 3891 ferarum
2718 3853 2902 3893 curam
2948 3839 3238 3905 habemus,
3270 3852 3326 3897 ut
3354 3857 3446 3897 eas
3484 3846 3567 3897 vel

1983 3922 2034 3975 in
2058 3923 2274 3978 deserto
2302 3925 2420 3979 loco
2448 3927 2530 3980 vel
2576 3927 2626 3980 in
2657 3929 2834 3983 caveis
2866 3930 3221 3999 includamus,
3251 3947 3569 3987 caveamus-

1982 4035 2086 4089 que
2110 4033 2177 4073 ne
2204 4019 2254 4071 in
2286 4018 2431 4074 curia
2475 4019 2739 4084 civitatis,
2789 4036 2888 4075 nec
2919 4022 2970 4076 in
3016 4021 3152 4090 foro,
3189 4039 3286 4080 nec
3325 4025 3376 4079 in
3425 4026 3568 4095 regia

1982 4120 2282 4176 versentur,
2312 4108 2403 4164 sed
2432 4112 2613 4178 procul
2645 4112 2833 4182 ligatas
2852 4112 3184 4169 detineamus
3214 4133 3228 4168 :
3255 4116 3304 4170 in
3333 4116 3566 4171 animant

1984 4216 2132 4267 vero,
2162 4215 2280 4272 quae
2311 4201 2512 4256 curiam
2552 4215 2724 4268 suam,
2751 4204 2951 4274 regiam
2984 4211 3038 4259 et
3059 4203 3310 4274 judiciale
3338 4207 3566 4262 tribunal

1985 4294 2163 4359 habet,
2187 4295 2511 4351 emittuntur
2527 4294 2675 4362 ferae,
2699 4297 2838 4353 circa
2865 4308 3098 4355 mentem
3146 4302 3313 4369 ipsam
3347 4301 3569 4356 Solium-

1982 4404 2085 4458 que
2111 4390 2311 4458 regium
2340 4386 2652 4453 clamantes,
2681 4391 2861 4447 turbas
2885 4391 3092 4446 dantes.
3123 4390 3248 4446 ldeo
3269 4392 3445 4445 omnia
3475 4408 3570 4448 sus

1981 4481 2153 4551 deque
2181 4491 2489 4548 vertuntur;
2523 4483 2703 4538 omnia
2731 4482 2958 4537 tumultu
2990 4482 3140 4551 plena
3165 4482 3305 4536 intus
3332 4493 3387 4537 et
3414 4482 3566 4550 foris,

1984 4573 2290 4643 nullumque
2321 4573 2606 4629 discrimen
2630 4590 2726 4627 nos
2754 4575 2891 4628 inter
2918 4583 2970 4628 et
2993 4573 3173 4627 urbem
3201 4574 3413 4628 incursu
3440 4575 3566 4629 bar-

1985 4665 2234 4718 barorum
2265 4665 2625 4728 devastatam;
2675 4662 3010 4732 idipsumque
3049 4662 3108 4714 fit
3150 4676 3213 4715 ac
3238 4662 3303 4725 si,
3333 4662 3569 4717 dracone

1984 4756 2034 4809 in
2068 4756 2195 4811 nido
2235 4756 2558 4809 avicularum
2605 4755 2889 4819 insidente,
2931 4753 3155 4807 avicula:
3198 4755 3326 4822 ipsa:
3351 4755 3570 4809 avolant

1987 4847 2204 4917 trepida:
2231 4855 2285 4901 et
2313 4847 2652 4915 perturbatae,
2683 4860 2782 4899 nec
2825 4858 2931 4914 quo
2960 4858 3018 4898 se
3061 4844 3111 4897 in
3160 4852 3306 4899 tanto
3338 4846 3567 4900 tmnultu

1985 4937 2244 5008 recipiant
2272 4937 2542 4991 habentes.

2060 5030 2110 5082 7.
2162 5028 2373 5082 Muralis
2402 5027 2699 5081 exhortatio.
2730 5025 2982 5080 Juvenum
3013 5026 3226 5096 impetus
3257 5042 3289 5078 α
3318 5027 3570 5098 principio

1985 5123 2308 5178 coercendus.
2334 5150 2406 5162 ——
2432 5121 2607 5185 Quare
2646 5119 2892 5185 obsecro,
2922 5121 3210 5173 draconem
3238 5119 3565 5181 occidamus,

1985 5219 2123 5272 feras
2172 5215 2530 5278 includamus,
2572 5212 2915 5278 suifocemus,
2961 5212 3284 5282 jugulemus,
3317 5222 3373 5267 et
3412 5213 3570 5268 hasce

1987 5312 2153 5365 malas
2191 5308 2539 5379 cogitationes
2581 5306 2760 5376 gladio
2799 5305 3017 5375 spiritus
3044 5303 3414 5358 coufodiamus
3453 5320 3466 5355 :
3501 5319 3568 5356 ne

1987 5405 2138 5459 nobis
2185 5402 2305 5456 talia
2360 5399 2719 5461 committetur,
2760 5396 3037 5467 propheta,
3092 5394 3267 5462 qualia
3314 5392 3514 5448 Judtea;
3554 5415 3568 5447 .-

2051 5518 2240 5569 ‘Savil.
2291 5516 2437 5577 longe
2486 5513 2775 5577 var_iat:_Et
2824 5505 2946 5577 nihil
2981 5503 3214 5577 denticulis
3238 5504 3570 5577 [sollicitantur

1986 5593 2064 5633 aut
2090 5566 2521 5645 ῥλόὺὶάεηιηξηδεά
2543 5575 2603 5624 de
2627 5573 2764 5645 cultu
2780 5569 2966 5645 uxoris,
2998 5567 3204 5645 uitulae
3228 5566 3347 5645 (ilio,
3366 5568 3470 5645 .sctt
3493 5569 3571 5645 με

1984 5629 2134 5707 ipsius
2152 5629 2492 5707 temporalibus
2531 5632 2806 5707 coqmwdis.
2820 5630 3042 5707 _I-'ciinde
3065 5636 3206 5707 atque
3290 5629 3572 5707 qitisradu-

1986 5692 2110 5763 tum.
2134 5692 2568 5763 ctc.’lticqu:cda;n
2592 5698 2796 5756 desunt;
2820 5692 2976 5763 locum
3017 5706 3080 5742 ex
3122 5700 3225 5740 Mss.
3248 5694 3567 5763 restinximus.

1991 5755 2127 5819 Juxta
2148 5768 2306 5819 \iorel.
2334 5755 2596 5830 legendum
2622 5755 3069 5821 csset,pulcltrtun,
3096 5767 3199 5817 pro,
3223 5755 3477 5803 caducam.

3213 5837 3252 5900 8
