4074 6144
480 293 591 350 τέδῦ

477 419 831 473 Δ(ὶηοιεειηιιτωὶ
853 418 957 473 iilic
979 414 1343 487 triputiiabunt,
1362 423 1408 468 et
1429 413 1569 468 ericii
1590 420 1636 466 et
1655 411 1896 465 dracones
1919 410 1936 479 (
1949 409 2068 464 fimi.

485 513 572 566 15.
601 509 716 584 29.).
745 511 881 565 Sunt
907 510 1070 576 enim,
1097 515 1218 562 sunt
1267 506 1509 561 homines
1551 503 1926 559 onocentauris
1973 518 2066 572 pe-

482 603 650 672 jores,
680 605 828 672 quasi
861 602 912 656 in
945 601 1158 655 deserto
1201 599 1460 662 viventes,
1495 595 1856 661 calcitrantes,
1881 593 2065 664 quales

487 694 597 748 fere
623 703 746 748 sunt
770 692 908 763 apud
946 706 1046 746 nos
1069 691 1313 759 juvenes.
1345 687 1477 743 Nam
1519 686 1644 740 feris
1664 685 1894 755 correpti
1919 684 2066 752 cupi:

468 785 772 850 'tlitatibus,
825 785 893 838 ita
939 783 1243 854 prosiliunt,
1296 781 1366 836 ita
1411 779 1710 844 calcitrant,
1756 777 1871 831 sine
1916 776 2067 830 freno

482 879 896 940 circumeuntes,
931 876 1237 944 nullamque
1279 870 1459 927 decori
1495 870 1753 924 rationem
1786 867 2063 922 habentes.

483 972 538 1024 In
567 985 725 1024 causa
754 975 877 1024 sunt
907 977 1103 1038 patres,
1135 967 1223 1036 qui
1263 977 1521 1035 equorum
1550 960 1840 1016 domitores
1869 966 2066 1028 cogunt

486 1073 546 1119 ut
573 1063 963 1119 studiosissime
992 1075 1159 1130 equos
1200 1073 1326 1114 suos
1355 1057 1576 1112 doment
1604 1063 1661 1110 et
1688 1053 1935 1123 dirigant,
1968 1065 2066 1106 nec

475 1158 664 1211 sinunt.
689 1156 911 1227 equinos
934 1153 1106 1224 pullos
1135 1151 1422 1206 indomitos
1443 1148 1494 1203 in
1520 1147 1798 1218 juventnte
1825 1150 2062 1210 manere,

479 1251 575 1305 sed
607 1248 816 1304 frenum
855 1247 1116 1316 injiciunt,
1161 1253 1458 1313 cteteraque
1501 1238 1801 1310 hujusmodi
1832 1238 2008 1292 omnia
2034 1251 2064 1290 a

481 1341 743 1412 principio
774 1340 1062 1406 adhibent;
1092 1338 1226 1393 ﬁlios
1263 1347 1441 1391 autem
1471 1349 1596 1390 suos
1621 1333 1846 1402 juvenes
1885 1332 2067 1386 sinunt

483 1432 718 1488 infrenes
746 1431 994 1495 circuire,
1020 1430 1438 1498 intemperanter
1463 1425 1654 1481 scortis
1672 1433 1726 1478 et
1751 1424 1883 1480 aleis
1911 1423 2063 1478 dedi-

482 1531 584 1590 tos,
615 1531 775 1593 atque
813 1523 988 1592 iniqua
1022 1521 1223 1576 theatra
1254 1518 1592 1589 frequentare
1629 1533 1694 1573 ac
1733 1515 2009 1586 deturpari
2048 1531 2061 1568 :

482 1630 600 1669 cum
635 1630 730 1685 par
773 1614 961 1668 fuisset
1009 1612 1101 1678 illi,
1131 1627 1199 1667 ne
1233 1620 1408 1666 scorta
1437 1610 1630 1676 adiret,
1660 1624 1882 1664 uxorem
1910 1607 2062 1672 dare,

483 1720 704 1761 uxorem
732 1712 931 1760 castam
980 1713 1035 1760 et
1085 1703 1396 1774 prudentem
1423 1744 1436 1766 ,
1487 1716 1606 1772 quae
1647 1700 1820 1756 virum
1855 1714 2006 1754 suum
2036 1715 2066 1755 a

483 1797 620 1850 mala
649 1796 984 1865 absurdaque
1009 1794 1394 1850 consuetudine
1423 1793 1679 1862 abigeret,
1709 1801 1762 1846 et
1790 1806 1929 1862 equo
1958 1790 2064 1844 fre-

481 1905 604 1942 num
635 1897 798 1943 esset.
829 1887 944 1941 Non
970 1887 1110 1941 enim
1141 1885 1356 1940 aliunde
1386 1883 1761 1940 fornicationes
1787 1891 1840 1938 et
1862 1881 2066 1937 adulte-

481 1983 560 2035 ria
586 1989 762 2034 ortum
801 1978 1016 2044 habent,
1040 1993 1198 2048 quam
1229 1992 1296 2032 ex
1317 1977 1561 2046 iuvenum
1593 1974 1822 2030 licentia.
1855 1973 1985 2028 Nam
2020 1974 2064 2028 si

481 2074 571 2128 ille
598 2087 816 2128 uxorem
856 2071 1048 2126 habeat
1085 2069 1422 2140 prudentem,
1455 2077 1510 2122 et
1553 2067 1861 2122 domestica:
1904 2065 1982 2120 rei
2013 2075 2068 2119 et

481 2163 638 2218 famzn
664 2161 1175 2231 existimationisque
1219 2175 1331 2214 sua:
1361 2173 1542 2214 curam
1575 2157 1811 2213 habebit.
1844 2156 1950 2212 Sed
1973 2156 2063 2226 ju-

481 2254 632 2311 venis
661 2262 764 2318 est,
798 2254 1025 2323 inquies.
1053 2252 1175 2308 Scio
1209 2259 1266 2306 et
1283 2266 1400 2320 ego.
1429 2250 1558 2305 Nam
1589 2249 1632 2305 si
1662 2250 1810 2304 Isaac
1839 2249 2063 2318 quadra-

481 2349 625 2415 ginta
651 2360 821 2401 annos
844 2356 1000 2402 natus
1021 2359 1270 2416 sponsam
1300 2344 1451 2399 duxit
1476 2342 1628 2417 (Gen.
1662 2343 1754 2400 25.
1786 2343 1900 2415 20),
1923 2353 1978 2398 et
2012 2345 2065 2398 in

479 2439 784 2510 virginitate
806 2446 969 2493 totam
1013 2437 1159 2492 illam
1201 2445 1410 2491 aetatem
1453 2438 1579 2506 egit,
1621 2436 1790 2491 multo
1817 2436 1982 2506 magis
2012 2437 2063 2490 in

481 2539 622 2586 statu
652 2530 838 2601 gratim
859 2530 1085 2600 juvenes
1110 2529 1496 2600 philosophiam
1529 2529 1670 2582 illam
1702 2543 1954 2583 exercere
1973 2543 2067 2598 par

479 2631 642 2677 esset.
675 2621 779 2678 Sed
809 2620 938 2692 quid
983 2621 1205 2674 faciam?
1243 2619 1384 2674 Nihil
1415 2619 1615 2674 curatis
1645 2618 1765 2672 illos
1808 2618 1858 2671 in
1887 2618 2061 2672 conti—

479 2714 656 2768 nentia
687 2712 940 2776 retinere,
982 2711 1074 2766 sed
1104 2709 1236 2764 nihil
1267 2710 1414 2779 pensi
1450 2708 1676 2776 habetis,
1711 2707 1836 2761 dum
1871 2706 2063 2762 videtis

479 2806 598 2860 illos
623 2804 912 2875 deturpari,
943 2802 1157 2870 foedari,
1186 2803 1545 2873 scelestosque
1574 2800 1686 2857 fieri
1713 2816 1726 2853 :
1758 2816 1932 2870 neque
1959 2801 2063 2856 sci-

478 2898 545 2950 lis
590 2897 692 2950 hoc
746 2895 1070 2950 matrimonii
1119 2895 1324 2949 lucrum
1370 2907 1510 2959 esse,
1543 2901 1602 2947 ut
1647 2907 1844 2960 corpus
1871 2907 2062 2961 purum

477 2996 719 3042 servetur
746 3006 757 3040 :
791 2988 891 3040 nisi
920 2985 1021 3040 hoc
1045 2995 1207 3049 esset,
1231 2984 1372 3038 nulla
1400 2992 1541 3039 esset
1562 2982 1812 3038 connubii
1839 2982 2059 3036 utilitas.

479 3077 586 3134 Vos
610 3088 817 3146 contra,
842 3087 1122 3148 postquam
1150 3075 1443 3130 innumeris
1465 3074 1686 3129 maculis
1713 3073 1893 3129 foedati
1916 3083 2058 3139 sunt,

478 3180 603 3225 tunc
632 3171 735 3224 illis
764 3184 986 3225 uxorem
1015 3168 1186 3233 datis,
1233 3167 1390 3237 idque
1421 3165 1613 3221 frustra
1651 3173 1704 3220 et
1732 3165 1850 3219 sine
1878 3178 2056 3219 causa.

476 3263 580 3317 Sed
623 3263 1036 3333 exspectandum
1082 3270 1186 3328 est,
1237 3261 1473 3330 inquies,
1528 3258 1700 3313 donec
1741 3257 2060 3327 conspicuus

479 3354 688 3421 evadat,
717 3365 771 3409 et
798 3355 851 3408 iu
875 3354 1119 3409 civilibus
1146 3352 1373 3423 negotiis
1403 3351 1584 3404 clarus
1612 3347 1701 3402 sit.
1732 3348 1938 3402 Anima:
1965 3363 2061 3400 au-

477 3453 583 3499 tem
633 3445 772 3498 illius
811 3445 1069 3499 rationem
1103 3442 1302 3496 nullam
1333 3440 1559 3506 habetis,
1615 3437 1867 3506 illamque
1913 3435 2058 3505 deje-

477 3548 616 3590 ctam
647 3537 762 3590 sine
787 3535 900 3590 ullo
928 3550 1088 3589 sensu
1122 3532 1447 3603 conspicitis.
1484 3530 1608 3584 Ideo
1635 3528 1813 3583 omnia
1847 3537 2057 3596 pertur-

475 3627 690 3684 batione
718 3625 1052 3696 tumultuque
1090 3625 1240 3694 plena
1273 3631 1415 3689 sunt,
1460 3622 1582 3692 quia
1631 3620 1720 3675 illa
1749 3619 2053 3690 negligitur,

474 3720 597 3790 quia
637 3735 757 3790 quae
785 3719 1086 3774 necessaria
1113 3727 1236 3772 sunt
1266 3733 1369 3770 non
1409 3724 1681 3780 curantur,
1705 3713 1830 3768 dum
1853 3729 1914 3767 ea
1936 3728 2054 3783 qua:

473 3811 672 3866 nullius
696 3819 818 3865 sunt
849 3810 1007 3879 pretii
1050 3823 1238 3879 niagna
1274 3806 1640 3862 sollicitudine
1670 3805 1936 3860 foveatur.
1972 3806 2053 3859 An

473 3904 645 3958 nescis
677 3914 728 3958 te
758 3903 890 3957 nihil
919 3901 1025 3956 tilio
1065 3910 1170 3956 tam
1197 3901 1429 3972 optabile
1456 3900 1585 3955 dare
1613 3913 1790 3970 posse,
1822 3913 1981 3968 quam
2009 3900 2051 3953 si

473 3996 621 4048 illum
649 4009 833 4049 serves
855 4008 1046 4064 purum
1073 4009 1102 4047 a
1130 3993 1427 4049 meretricia
1458 3989 1840 4047 consuetudine
1869 3989 1882 4020 ⁸
1911 3988 1934 4042 ?
1958 3988 2051 4043 Ni-

534 4234 548 4264 ¹
587 4239 731 4291 Unus,
756 4231 800 4282 si
821 4231 958 4282 iitum
995 4245 1153 4293 serves
1175 4229 1462 4293 meretricia
1484 4229 1746 4293 ntiquitatis
1767 4227 2050 4288 immunem,

472 4300 515 4344 et
539 4306 716 4357 parum
737 4293 798 4342 ab
822 4291 1055 4343 amatoria
1079 4292 1392 4352 turpitudine.

1265 301 1321 356 S.
1365 298 1640 356 JOANNIS
1679 294 2148 352 CHRYSOSTOMI
2189 297 2501 356 ARCIIIEP.
2543 303 3075 364 CONSTANTINOP.

3661 316 3767 372 533

2183 412 2253 466 hil
2282 415 2476 484 quippe
2514 425 2620 471 tam
2668 421 2959 488 pretiosum
3009 433 3112 490 est,
3163 440 3318 495 quam
3364 429 3581 483 anima:
3631 433 3768 496 Quid

2177 507 2306 559 enim
2353 508 2556 576 prodest
2593 510 2784 565 homini
2829 514 2873 567 si
2916 516 3160 570 mundum
3207 518 3492 573 universum
3521 521 3763 589 lucretur,

2179 602 2372 656 animae
2402 620 2519 659 vero
2557 620 2666 657 sum
2703 605 3072 660 detrimentum
3118 610 3352 676 patiatur
3400 607 3622 680 (Matth.
3665 613 3751 666 tti.

2177 690 2310 760 26)?
2345 694 2540 749 Verum
2572 698 2752 752 omnia
2787 700 3044 768 pervertit
3079 711 3131 756 et
3160 701 3355 770 dejecit
3385 703 3748 772 pecuniarum

2179 799 2352 851 amor,
2389 786 2589 858 Deique
2622 791 2870 845 timorem
2899 792 3161 857 decussit,
3199 793 3342 848 sicut
3369 801 3637 864 tyrannus
3669 811 3757 848 ar-

2179 889 2316 939 cem,
2366 876 2444 931 sic
2477 879 2686 935 animas
2717 895 3012 952 occupans.
3061 884 3276 938 Idcirco
3321 892 3374 939 et
3426 885 3663 938 filiorum
3700 893 3759 941 et

2173 977 2409 1022 nostram
2439 969 2751 1040 negligimus
2781 972 3028 1039 salutem,
3058 972 3107 1026 id
3136 989 3298 1028 unum
3323 984 3599 1042 curantes,
3626 991 3762 1045 quo-

2171 1060 2330 1114 modo
2355 1061 2718 1130 Opulcntiorcs
2751 1061 2946 1130 effecti,
2983 1064 3195 1119 divitias
3223 1064 3343 1118 aliis
3371 1064 3757 1135 relinquamus,

2170 1161 2225 1208 et
2252 1153 2324 1208 illi
2365 1154 2518 1220 aliis,
2550 1153 2712 1224 hique
2749 1171 2959 1210 rursum
2999 1157 3248 1225 posteris,
3281 1157 3462 1227 sicque
3495 1159 3754 1226 pecunia-

2170 1259 2286 1299 rum
2316 1258 2369 1300 et
2394 1247 2793 1315 possessionum
2819 1249 3240 1313 trausmissores,
3268 1261 3325 1304 ut
3348 1249 3418 1304 ita
3451 1249 3646 1318 dicam,
3680 1250 3758 1305 ef-

2173 1337 2402 1404 tieimur,
2435 1354 2538 1394 non
2571 1353 2932 1409 possessores.
2980 1341 3114 1396 Hinc
3161 1357 3352 1412 magna
3404 1343 3707 1412 insipientia
3738 1361 3755 1410 ;

2172 1427 2294 1482 hinc
2321 1429 2472 1484 liberi
2505 1431 2675 1485 servis
2705 1431 2922 1487 viliores
2952 1431 3103 1486 fiunt.
3131 1431 3264 1486 Nam
3295 1447 3478 1488 servos
3517 1433 3617 1487 etsi
3649 1449 3756 1488 non

2172 1520 2407 1588 ipsorum
2435 1536 2612 1586 causa,
2649 1524 2813 1576 nostri
2844 1524 3012 1592 gratia
3052 1533 3229 1578 tamen
3269 1525 3591 1593 castigamus
3629 1540 3642 1576 :
3690 1526 3756 1578 li-

2169 1609 2286 1665 beri
2327 1619 2504 1665 autem
2541 1626 2646 1666 non
2673 1612 2785 1681 pari
2817 1611 3068 1667 fruuntur
3096 1613 3445 1682 providentia,
3477 1613 3568 1668 sed
3597 1629 3626 1669 a
3655 1629 3754 1668 no-

2167 1701 2251 1758 bis
2277 1705 2470 1758 minori
2499 1719 2656 1774 quam
2685 1705 2824 1760 servi
2853 1706 2904 1759 in
2932 1705 3103 1776 pretio
3143 1705 3426 1759 habentur.
3456 1705 3658 1776 Ecquid
3690 1705 3754 1762 de

2169 1795 2339 1850 servis
2362 1795 2588 1865 loquor?
2605 1795 2828 1852 Liberos
2855 1797 3028 1851 minus
3049 1810 3206 1866 quam
3232 1795 3460 1865 pecudes
3481 1810 3754 1861 curamus,

2169 1886 2236 1942 de
2262 1886 2426 1942 asinis
2451 1897 2506 1942 et
2532 1888 2684 1958 equis
2723 1887 2891 1958 magis
2918 1887 3131 1943 solliciti
3175 1902 3382 1954 sumus,
3409 1902 3570 1958 quam
3596 1888 3664 1942 de
3694 1886 3755 1941 fi-

2171 1979 2273 2034 liis.
2302 1979 2497 2033 Mulum
2519 1981 2562 2033 si
2583 1979 2704 2050 quis
2731 1978 2943 2048 habeat,
2966 1979 3189 2034 multum
3216 1989 3368 2034 curat
3389 1989 3446 2034 ut
3466 1994 3754 2051 agasonem

2171 2071 2244 2126 illi
2271 2071 2528 2141 Optimum
2559 2072 2854 2142 provideat,
2887 2087 2991 2127 non
3016 2072 3332 2142 improbum,
3361 2087 3467 2127 non
3492 2073 3754 2140 furacem,

2172 2179 2275 2218 non
2308 2165 2678 2230 temulentum,
2729 2179 2833 2218 non
2880 2164 3012 2219 artis
3054 2179 3165 2219 suae
3206 2164 3508 2234 imperitum
3537 2184 3550 2221 :
3581 2168 3625 2220 si
3654 2183 3756 2221 au-

2172 2261 2279 2309 tem
2309 2254 2418 2311 filio
2443 2254 2784 2326 paedagogum
2811 2254 2939 2310 dare
2975 2269 3108 2324 opus
3151 2255 3239 2321 sit,
3278 2269 3408 2312 casu
3435 2264 3489 2310 et
3516 2256 3632 2310 sine
3660 2256 3756 2311 de-

2170 2346 2310 2401 lectu
2336 2347 2550 2401 obvium
2570 2362 2834 2418 quemque
2859 2346 3185 2416 excipimus;
3216 2347 3314 2402 etsi
3341 2347 3441 2402 hac
3467 2355 3582 2402 arte
3607 2349 3754 2403 nulla

2169 2437 2241 2492 sit
2266 2437 2456 2506 major.
2501 2437 2637 2504 Quid
2681 2453 2777 2508 par
2823 2438 2898 2492 illi
2927 2439 3025 2492 arti
3067 2444 3187 2507 qua:
3215 2436 3507 2508 dirigenda:
3535 2439 3751 2506 animae,

2169 2537 2223 2584 et
2246 2528 2590 2584 ell‘ormandte
2615 2529 2828 2600 juvenis
2855 2530 3018 2584 menti
3055 2540 3109 2584 et
3134 2529 3300 2584 indoli
3327 2530 3621 2586 incumbit?
3649 2532 3753 2597 Qui

2171 2621 2261 2676 tali
2289 2622 2581 2677 instructus
2609 2631 2691 2678 est
2736 2622 3002 2687 facultate,
3047 2621 3162 2691 plus
3187 2621 3476 2692 diligentia:
3503 2621 3753 2677 exhibeat

2168 2721 2402 2782 oportet,
2430 2728 2588 2784 quam
2620 2712 2793 2783 quivis
2825 2713 2995 2782 pictor
3018 2721 3110 2766 aut
3144 2713 3450 2766 statuarius.
3479 2712 3545 2766 At
3573 2728 3672 2768 nos
3700 2712 3754 2768 id

2167 2805 2296 2859 nihil
2323 2820 2591 2872 curamus,
2620 2804 2712 2860 sed
2755 2803 2807 2860 id
2851 2819 3014 2859 unum
3056 2811 3359 2872 spectamus
3387 2845 3401 2868 ,
3432 2812 3489 2857 ut
3517 2803 3752 2872 tinguant

2166 2896 2388 2951 ediscat.
2431 2894 2670 2965 llludque
2713 2895 3002 2966 satagimus
3037 2902 3238 2948 tantum
3269 2909 3428 2963 opum
3469 2894 3751 2964 acquiren-

2165 2987 2351 3042 darum
2377 3001 2556 3042 causa.
2589 2986 2707 3041 Non
2733 2986 2874 3042 enim
2907 2995 2962 3041 ut
2987 2985 3129 3056 loqui
3158 2987 3352 3052 valeat,
3382 2985 3474 3041 sed
3503 2995 3560 3039 ut
3587 3002 3752 3056 pecu-

2165 3089 2279 3143 nias
2309 3088 2542 3158 colligat,
2588 3087 2822 3157 linguam
2865 3085 3086 3150 ediscit;
3119 3085 3190 3139 ita
3235 3092 3292 3138 ut
3334 3084 3380 3138 si
3430 3082 3628 3152 absque
3671 3082 3752 3136 ln-

2163 3179 2358 3249 quendi
2403 3178 2650 3233 facultate
2696 3185 2916 3248 possent
2960 3176 3258 3242 ditescere,
3315 3175 3444 3230 nihil
3495 3174 3630 3229 hanc
3670 3174 3752 3228 di-

2163 3269 2438 3338 sciplinam
2481 3283 2811 3324 euraremus.
2850 3267 3036 3322 Viden’
3063 3277 3258 3338 quanta
3301 3267 3372 3321 sit
3405 3267 3750 3337 pecuniarum

2167 3359 2439 3430 tyrannis?
2463 3358 2733 3429 quomodo
2758 3359 2936 3412 omnia
2964 3357 3196 3423 invadat,
3227 3355 3575 3425 hominesque
3607 3365 3751 3410 tam-

2161 3465 2320 3520 quam
2363 3449 2621 3517 maneipia
2662 3447 2903 3518 quaedam
2935 3447 3106 3501 vincta
3137 3445 3311 3500 trahat
3350 3461 3456 3516 quo
3488 3445 3655 3499 velit?
3683 3447 3752 3499 At

2162 3541 2302 3612 quod
2330 3543 2533 3596 lucrum
2564 3541 2718 3597 nobis
2746 3556 2812 3596 ex
2849 3549 2925 3594 tot
2967 3538 3468 3595 criminationibus?
3493 3537 3598 3593 Nos
3623 3552 3752 3592 ver-

2161 3633 2244 3688 bis
2273 3633 2415 3687 illam
2445 3632 2778 3705 tyrannidem
2828 3633 3130 3702 impetimns
3156 3649 3170 3686 :
3199 3630 3284 3684 illa
3317 3630 3480 3686 rebus
3517 3645 3614 3685 nos
3649 3645 3747 3685 su-

2163 3736 2333 3797 perat.
2361 3727 2625 3781 Cancrum
2677 3741 2846 3796 neque
2897 3725 2972 3779 sic
3017 3724 3348 3778 cessabimus
3393 3722 3534 3777 illam
3570 3723 3755 3777 verbis

2160 3820 2464 3889 exagitare:
2497 3827 2551 3873 et
2571 3819 2612 3873 si
2637 3818 2764 3887 quid
2793 3817 3034 3871 oratione
3057 3829 3465 3884 consequamur.
3492 3822 3546 3868 et
3568 3827 3666 3868 nos
3694 3822 3750 3867 et

2161 3927 2254 3966 vos
2281 3909 2638 3975 lucrabimur;
2679 3909 2761 3963 sin
2805 3909 2856 3962 in
2897 3909 3172 3977 preposito
3203 3904 3576 3975 perseveretis,
3603 3905 3755 3974 quod

2157 4001 2325 4057 nostri
2348 3999 2508 4054 ofﬁcii
2536 4007 2650 4054 erat
2678 3997 3077 4068 perfecerimus.
3109 3996 3249 4051 Deus
3278 4003 3454 4050 autem
3501 4003 3553 4050 et
3582 4009 3677 4048 vos
3713 4009 3745 4048 a

2158 4091 2346 4147 morbo
2372 4091 2465 4145 illo
2511 4089 2722 4154 Lberet,
2756 4099 2809 4143 et
2837 4088 2992 4143 nobis
3030 4087 3078 4142 id
3105 4085 3366 4151 conferat,
3399 4095 3454 4140 ut
3501 4086 3552 4139 in
3595 4084 3748 4138 vobis

2157 4187 2448 4256 gloriemur
2473 4202 2486 4238 :
2512 4181 2764 4253 quoniam
2793 4181 2889 4251 ipsi
2919 4181 3082 4251 gloria
3101 4189 3154 4234 et
3178 4179 3456 4248 imperium
3479 4177 3530 4232 in
3547 4176 3746 4233 saecula

2158 4277 2494 4331 saeculorum.
2527 4276 2718 4328 Amen.

1681 4489 2022 4552 HOMILIA
2061 4489 2198 4550 LX.
2245 4487 2328 4548 al.
2375 4485 2540 4546 LXI.

461 4645 590 4700 Car.
624 4644 710 4699 18.
756 4659 807 4696 v.
854 4643 940 4697 15.
996 4640 1057 4697 Si
1107 4639 1381 4711 peccaverit
1407 4638 1459 4692 in
1485 4647 1536 4692 te
1560 4639 1717 4710 frater
1741 4649 1875 4699 tuus,
1898 4635 2043 4701 vade,

535 4735 734 4805 corripe
755 4734 900 4788 illum
930 4734 1058 4787 inter
1083 4741 1130 4786 te
1151 4740 1198 4784 et
1221 4731 1389 4802 ipsum
1412 4730 1598 4784 solum.
1631 4727 1691 4783 Si
1721 4738 1768 4782 te
1787 4727 2002 4780 audierit
2029 4766 2052 4795 ,

535 4829 758 4880 lucratus
782 4841 835 4880 es
863 4827 1069 4896 fratrem
1100 4831 1275 4888 tuum;
1302 4821 1381 4875 sin
1409 4836 1508 4874 non
1535 4819 1773 4882 audierit,
1798 4825 1904 4872 etc.

483 4975 486 4978 .
536 4921 589 4974 ί.
621 4920 753 4986 Quia
784 4918 893 4972 acri
921 4918 1163 4973 oratione
1200 4916 1460 4970 adversus
1493 4926 1588 4967 eos
1614 4910 1704 4981 qui
1724 4910 1846 4965 aliis
1870 4908 2042 4965 offen-

466 4979 644 5063 dicqu
669 5019 850 5063 essent
876 5022 1025 5072 usus,
1053 5005 1284 5074 undique
1315 5003 1434 5056 illos
1462 5009 1725 5056 terruerat
1749 5042 1764 5066 ,
1797 5015 1865 5055 ne
1888 4998 2044 5053 dein-

467 5114 595 5169 ceps
624 5097 798 5167 supini
831 5104 1108 5150 manerent
1135 5097 1170 5149 ii
1200 5095 1290 5165 qui
1313 5093 1654 5149 scaudalizati
1679 5093 1920 5156 fuerant,
1951 5105 2045 5145 ue-

462 5208 567 5262 que
597 5191 698 5246 rati
739 5197 907 5244 totum
956 5190 1008 5243 in
1049 5187 1182 5242 alios
1209 5179 1524 5256 conjectum
1573 5184 1734 5239 fuisse
1758 5225 1773 5247 ,
1808 5184 1860 5238 in
1902 5181 2042 5236 aliud

463 5286 649 5339 vitium
675 5287 1090 5353 prorumperent
1115 5277 1445 5332 luxuriantes
1467 5316 1481 5340 ,
1515 5284 1570 5330 et
1597 5289 1655 5330 se
1680 5274 1826 5329 cultu
1852 5272 2041 5342 dignos

463 5380 598 5442 rati,
626 5376 679 5431 in
715 5373 1070 5444 arrogantiam
1097 5368 1411 5426 devenirent
1430 5408 1446 5432 ,
1472 5367 1594 5422 vide
1622 5365 1889 5436 quomodo
1917 5365 2038 5418 illos

462 5468 752 5537 reprimat,
776 5465 1068 5535 jubeatque
1104 5458 1533 5530 redargutionem
1578 5457 1716 5512 inter
1751 5456 1885 5511 duos
1925 5464 2038 5508 tan-

461 5570 572 5612 tum
603 5557 712 5611 fieri
746 5571 758 5609 :
793 5570 859 5609 ne
891 5555 1117 5625 plurium
1142 5548 1444 5604 testimonio
1472 5549 1767 5618 graviorem
1791 5545 2039 5600 redderet

457 5647 846 5702 accusationem
871 5686 888 5712 ,
915 5654 968 5699 et
994 5642 1312 5713 petulantior
1343 5640 1431 5694 ille
1457 5642 1625 5694 factus
1646 5679 1660 5704 ,
1690 5647 1876 5691 curatu
1895 5635 2036 5689 diffl-

460 5741 611 5795 eilim'
638 5739 786 5793 foret.
825 5738 949 5793 ideo
979 5736 1050 5790 ait
1077 5752 1089 5789 :
1133 5733 1269 5788 Inter
1299 5742 1346 5788 te
1374 5742 1419 5786 et
1443 5733 1608 5801 ipsum
1635 5730 1814 5784 solum.
1853 5729 1913 5785 Si
1937 5746 2031 5783 auc

2157 4630 2304 4684 dierit
2326 4672 2339 4691 ,
2384 4629 2608 4684 lucratus
2648 4628 2745 4682 eris
2779 4630 2984 4681 fratrem
3014 4637 3174 4680 tuum.
3206 4625 3340 4694 Quid
3370 4633 3454 4681 est
3479 4625 3607 4680 illud
3634 4666 3648 4689 ,
3680 4627 3744 4682 Si

2155 4722 2417 4776 audierit?
2444 4721 2498 4775 Si
2531 4735 2590 4775 se
2617 4720 2984 4785 damnaverit,
3016 4718 3059 4773 si
3101 4733 3413 4788 persuasum
3461 4718 3655 4773 habeat
3681 4735 3743 4774 se

2154 4828 2424 4886 peccasse.
2455 4811 2707 4866 Lucratua
2733 4827 2787 4865 es
2817 4814 3024 4881 fratrem
3047 4820 3206 4864 tuum.
3233 4809 3348 4864 Non
3379 4809 3528 4876 dicit,
3552 4824 3742 4879 pmuas

2149 4904 2420 4974 expetiisti
2463 4911 2717 4973 quantum
2766 4901 2893 4955 satis
2924 4910 3076 4964 erat,
3109 4899 3204 4955 sed
3231 4941 3245 4965 ,
3273 4899 3524 4954 Lucratua
3543 4916 3596 4954 es
3625 4900 3738 4970 fra-

2151 5005 2276 5049 trem
2307 5003 2484 5049 tuum:
2517 5001 2573 5048 ut
2597 4992 2846 5047 ostendat
2870 5007 2934 5047 ex
2965 4991 3239 5046 inimicitia
3267 5005 3553 5046 commune
3573 4990 3740 5045 detri-

2150 5098 2391 5145 mentum
2412 5087 2561 5143 oriri.
2597 5086 2712 5141 Non
2743 5085 2888 5140 enim
2917 5084 3085 5150 dixit,
3119 5084 3378 5140 Lucratus
3407 5093 3490 5139 est
3516 5083 3605 5138 ille
3625 5084 3736 5138 sci-

2149 5197 2326 5252 psum,
2354 5180 2471 5246 sed,
2500 5179 2577 5234 Tu
2606 5178 2779 5246 ipsum
2811 5177 3048 5231 lucratus
3072 5190 3170 5240 es;
3199 5176 3392 5246 quibus
3418 5174 3656 5230 declarat
3683 5185 3736 5229 et

2149 5272 2290 5325 hunc
2321 5280 2374 5326 et
2413 5271 2559 5324 illum
2591 5268 2968 5323 detrimentum
2997 5276 3150 5320 antea
3180 5279 3365 5336 passos
3395 5279 3534 5329 esse,
3567 5265 3731 5320 alium

2146 5361 2330 5417 fratris
2353 5402 2367 5426 ,
2399 5360 2561 5414 alium
2605 5359 2792 5414 salutis
2833 5372 2966 5412 suae.
3007 5355 3088 5411 Ad
3119 5356 3221 5412 hoc
3263 5355 3576 5412 hortabatur
3609 5370 3734 5412 eum

2147 5451 2359 5508 sederet
2385 5452 2437 5504 in
2471 5458 2650 5505 monte
2676 5467 2690 5502 :
2720 5448 2879 5503 modo
2911 5447 3095 5502 laesum
3118 5447 3185 5501 ad
3211 5445 3493 5501 laedentem
3517 5446 3733 5499 mittens

2145 5555 2197 5600 et
2238 5545 2459 5601 dicens:
2491 5545 2551 5600 Si
2578 5545 2646 5597 ad
2686 5546 2849 5598 altare
2893 5553 3034 5596 stans
3078 5540 3374 5596 recordatus
3415 5539 3571 5608 fueris
3612 5538 3733 5609 quia

2145 5639 2303 5706 frater
2329 5647 2446 5689 tuus
2472 5637 2616 5688 habet
2641 5635 2832 5704 aliquid
2861 5633 3128 5687 adversata
3154 5643 3220 5699 te,
3245 5633 3389 5696 uade,
3409 5630 3736 5685 reconciliare

2140 5728 2303 5797 fratri.
2338 5737 2420 5782 tuo
2467 5725 2680 5798 (Matth.
2714 5726 2766 5782 5.
2799 5725 2887 5781 25.
2918 5724 3010 5795 24)
3042 5742 3054 5792 ;
3102 5725 3261 5780 modo
3308 5725 3490 5780 ltcsum
3539 5721 3733 5792 iubens
