4074 6144
479 216 585 273 εδδ

477 354 714 423 proximo
738 352 1009 409 dimittere
1034 370 1051 411 :
1094 351 1305 408 Dimitte
1328 351 1470 408 nobis
1497 354 1662 408 debila
1688 362 1859 407 nostra
1879 395 1892 418 ,
1920 351 2050 408 sicut

474 455 517 499 ct
541 461 631 498 nos
660 443 958 500 dimittimus
983 445 1284 500 debitoribus
1307 447 1512 512 nostris,
1538 444 1751 516 (Matth.
1780 444 1834 501 6.
1861 442 1969 516 12).
2000 446 2048 499 id

464 537 644 592 'dieere
659 536 857 592 docuit.
880 538 974 592 llic
1000 552 1126 593 vero
1144 538 1302 592 alium
1332 536 1613 608 quemdam
1633 536 1847 592 modum
1874 537 2046 591 adert.

471 627 580 683 Non
602 629 744 682 enim
762 628 1063 696 latdentem,
1083 629 1176 686 sed
1202 630 1386 685 laesum
1405 630 1603 685 inducit
1621 629 1686 684 ad
1707 631 1898 699 ipsum.
1917 628 2047 683 Nam

470 722 587 790 quia
602 720 690 775 ille
708 722 819 793 ,qui
833 721 1059 789 luserat,
1074 737 1179 777 non
1194 720 1348 777 facile
1362 723 1593 778 venisset
1608 721 1672 777 ad
1690 720 2046 777 excusandum

468 829 556 879 se,
589 814 897 885 pudefactus
923 824 976 870 et
1002 815 1339 879 erubescens,
1373 814 1555 869 lmsum
1582 814 1648 869 ad
1678 814 1826 869 illum
1847 813 2005 868 trahit
2031 830 2044 879 ;

470 921 641 976 neque
670 905 863 961 frustra
889 947 906 973 ,
936 906 1029 960 sed
1062 914 1117 959 ut
1145 905 1338 960 factum
1366 906 1639 961 resarciat.
1667 903 1849 975 Neque
1875 904 2002 960 dicit
2029 946 2044 971 ,

469 1000 669 1053 Accusa
690 1041 704 1065 ,
735 1013 847 1063 nec,
877 998 1114 1068 lncrepa,
1140 998 1245 1063 vel,
1277 997 1467 1052 Pmuas
1493 1007 1676 1067 repete
1699 1013 1713 1062 ;
1738 998 2043 1068 scd,Arguc.

470 1090 559 1146 llle
590 1090 918 1161 namqueira
945 1098 998 1144 et
1025 1088 1225 1158 pudore
1250 1104 1349 1144 ceu
1380 1088 1610 1159 quodam
1639 1103 1830 1159 supore
1868 1089 2046 1144 ebrius

466 1183 757 1236 retinetur:
809 1190 859 1236 te
899 1196 1027 1235 vero
1065 1180 1220 1235 decet
1270 1195 1458 1235 sanum
1506 1179 1654 1235 illum
1700 1189 2045 1250 a'grotantem

466 1273 613 1327 adire
637 1313 651 1338 ,
683 1272 943 1340 privatum
969 1271 1226 1341 judicium
1257 1272 1580 1327 constituere
1604 1315 1617 1337 ,
1650 1272 2047 1342 remediumque

464 1363 810 1433 acceptabile.
866 1362 996 1418 Illud
1023 1363 1167 1418 enim
1192 1405 1207 1429 ,
1238 1362 1429 1433 Argue,
1455 1363 1584 1418 nihil
1614 1364 1752 1418 aliud
1780 1372 1860 1417 est
1888 1380 2047 1434 quam

466 1457 739 1512 Peccatum
768 1456 818 1511 in
846 1458 1155 1511 memoriam
1174 1471 1386 1523 revoca,
1407 1456 1492 1512 dic
1516 1458 1563 1511 ei
1583 1473 1698 1527 quae
1721 1457 1788 1512 ab
1812 1458 1900 1513 illo
1928 1473 2047 1529 pas-

463 1564 554 1603 sus
566 1547 735 1603 siszid
750 1549 891 1619 quod
920 1548 963 1604 si
992 1549 1202 1607 decenti
1225 1550 1385 1607 modo
1415 1550 1524 1614 fiat,
1543 1566 1663 1621 pars
1689 1550 1931 1619 quaedam
1955 1551 2048 1605 de-

464 1637 716 1693 fensionis
739 1647 838 1706 est,
870 1655 989 1711 quae
1018 1640 1085 1696 ad
1113 1641 1598 1697 reconciliationem
1628 1641 1871 1711 impellit.
1904 1640 2043 1709 Quid

463 1732 640 1801 igitur,
667 1732 711 1787 si
746 1747 852 1787 non
889 1747 1095 1790 morem
1136 1743 1317 1806 gerat,
1343 1745 1398 1790 et
1444 1736 1487 1790 si
1524 1735 1687 1790 durus
1712 1750 1773 1791 ac
1802 1736 2045 1805 pertinax

460 1823 658 1879 fuerit?
684 1826 768 1881 16.
800 1826 1012 1881 Assume
1032 1837 1188 1882 tecum
1217 1844 1370 1882 unum
1389 1838 1477 1882 aut
1505 1829 1650 1893 duos,
1670 1830 1792 1883 utin
1819 1846 1906 1885 ore
1926 1830 2044 1883 duo-

461 1933 573 1970 rum
591 1918 785 1973 testium
800 1927 890 1973 stet
906 1936 1052 1974 omne
1067 1919 1286 1975 verbum.
1313 1920 1444 1975 Nam
1464 1930 1661 1992 quanto
1681 1923 1749 1975 im
1757 1920 2044 1992 pudenlior

460 2019 510 2061 et
529 2010 854 2080 petulantior
885 2009 1060 2079 fuerit,
1081 2022 1223 2067 lauto
1236 2013 1405 2083 magis
1420 2013 1485 2069 ad
1502 2014 1764 2069 medelam
1793 2014 2044 2070 festinare

459 2108 693 2168 oportet,
724 2117 828 2155 non
864 2101 930 2157 ad
962 2103 1095 2157 iram
1124 2113 1179 2159 et
1208 2103 1641 2175 indignationem.
1682 2104 1816 2160 Nam
1847 2117 1901 2162 et
1925 2122 2041 2162 me-

458 2187 632 2258 dicus,
664 2206 784 2246 cum
817 2193 1115 2263 graviorem
1139 2194 1329 2249 viderit
1355 2196 1601 2250 morbum
1627 2239 1641 2263 ,
1672 2213 1777 2252 non
1807 2197 2037 2262 desistit,

459 2294 572 2334 nec
605 2295 747 2352 a‘gre
788 2282 922 2350 fert,
949 2283 1042 2338 sed
1074 2294 1198 2340 tunc
1242 2286 1408 2357 magis
1436 2301 1557 2342 sese
1600 2297 1855 2359 apparat,
1902 2289 2041 2359 quod

459 2373 623 2427 etiam
655 2375 741 2429 hic
768 2374 943 2431 facere
971 2378 1230 2450 prtccipit.
1277 2380 1409 2446 Quia
1437 2381 1581 2436 enim
1606 2381 1753 2437 solus
1780 2381 2043 2438 infirmior

456 2464 603 2521 visus
630 2481 688 2522 es
715 2507 731 2534 ,
759 2483 825 2524 ex
852 2468 1216 2526 additamento
1240 2470 1428 2527 fortior
1450 2482 1586 2529 esto.
1618 2474 1750 2530 Nam
1779 2473 1886 2529 duo
1913 2476 2042 2530 satis

455 2566 583 2612 sunt
617 2558 684 2612 ad
712 2569 1022 2630 peccantem
1064 2562 1511 2634 redarguendum.
1544 2565 1732 2621 Vidcn'
1772 2566 2041 2634 quomodo
2082 2592 2085 2593 ν

454 2664 564 2705 non
593 2651 705 2706 [cesi
735 2651 911 2707 solum
936 2692 952 2719 ,
996 2653 1091 2708 sed
1119 2655 1278 2709 etiam
1308 2654 1552 2711 latdeutis
1582 2657 1863 2711 utilitatem
1894 2674 2039 2726 qua:—

455 2740 579 2794 rat?
604 2740 736 2796 Nam
764 2743 922 2798 ltesus
950 2743 1038 2799 ille
1062 2755 1144 2800 est
1165 2785 1181 2811 ,
1209 2746 1348 2815 quia
1376 2746 1566 2803 morbo
1591 2757 1777 2817 captus
1806 2749 1923 2814 fuit,
1950 2749 2041 2820 qui

455 2842 698 2903 aegrotat,
731 2834 1029 2891 inﬁrmatur
1060 2846 1113 2891 et
1141 2837 1340 2893 deticit.
1382 2837 1506 2894 Ideo
1542 2855 1685 2911 smpe
1713 2840 1779 2896 ad
1809 2842 1947 2896 hunc
1977 2842 2040 2897 il-

455 2925 563 2979 lum
594 2925 763 2992 ducit,
792 2929 1077 2999 aliquando
1099 2932 1269 2985 solum
1293 2974 1308 2996 ,
1336 2932 1618 3002 aliquando
1645 2948 1766 2988 cum
1797 2935 1916 2989 aliis
1940 2953 1953 2989 :
1987 2944 2041 2991 ct

454 3017 496 3072 si
528 3031 684 3088 persc
698 3020 975 3085 voraverit,
1008 3036 1129 3076 cum
1157 3022 1412 3078 Ecclesia.
1450 3024 1535 3079 17.
1567 3022 1682 3091 Dic,
1714 3025 1902 3095 inquit,
1933 3024 2039 3081 Ec-

455 3110 643 3165 clesiae.
688 3110 822 3167 Nam
868 3113 912 3167 si
955 3114 1203 3183 patientis
1232 3116 1406 3171 solum
1445 3116 1725 3173 utilitatem
1752 3129 2036 3189 qutereret,

454 3218 561 3257 non
583 3204 796 3273 juberet
820 3209 1117 3279 scptuagies
1143 3211 1339 3280 septies
1370 3212 1647 3280 pmnitenti
1679 3213 1886 3267 veniam
1911 3229 2039 3269 con-

453 3292 649 3350 cedere
698 3294 910 3366 (Matth.
940 3300 1027 3354 l8.
1056 3297 1202 3375 22);
1245 3317 1349 3355 non
1398 3304 1581 3370 toties;
1630 3320 1802 3375 neque
1848 3314 1925 3361 tot
1963 3305 2040 3363 illi

454 3384 823 3441 constituisset
850 3387 1019 3443 morbi
1047 3390 1419 3446 emendatores
1446 3409 1458 3445 :
1490 3394 1584 3449 sed
1611 3410 1674 3449 cx
1708 3394 1880 3464 primo
1923 3397 2038 3452 col-

454 3474 638 3546 loquio
664 3476 814 3533 illum
839 3479 1162 3536 obstinatum
1189 3494 1493 3541 manentem
1521 3486 1661 3543 foras
1691 3488 2035 3560 reliquisset:

457 3584 599 3624 nunc
628 3585 755 3627 vero
791 3582 845 3627 et
870 3573 1035 3628 semel
1074 3583 1127 3632 et
1151 3575 1233 3630 bis
1256 3585 1309 3630 et
1351 3584 1431 3633 ter
1458 3577 1606 3634 illum
1630 3584 1820 3637 curare
1844 3581 2036 3650 jubet,

456 3678 599 3718 nunc
623 3664 794 3719 solum
819 3706 835 3732 ,
864 3681 1004 3721 nunc
1032 3682 1152 3722 cum
1180 3667 1387 3723 duobus
1406 3707 1423 3737 ,
1455 3668 1595 3725 riunc
1624 3686 1745 3727 cmn
1778 3673 2035 3742 pluribus.

457 3755 582 3813 Ideo
610 3774 732 3813 cum
759 3759 828 3814 de
856 3761 1093 3816 externis
1119 3762 1311 3832 agitur,
1341 3763 1473 3817 nihil
1506 3764 1611 3818 tale
1641 3765 1802 3834 dicit,
1831 3766 1946 3832 sed,
1978 3766 2039 3822 Si

454 3851 569 3918 quis
594 3861 642 3905 te
665 3853 931 3921 percutiat,
966 3853 1217 3922 inquit,in
1237 3856 1500 3910 maxillam
1524 3858 1800 3922 dexteram,
1833 3870 1965 3914 verte
1992 3862 2037 3915 ei

456 3953 501 3996 et
522 3943 717 4008 aliam;
748 3942 835 3999 hic
858 3958 987 3999 vero
1018 3960 1121 3999 non
1148 3947 1245 4001 sic.
1269 3946 1424 4015 Quod
1450 3948 1609 4002 etiam
1642 3949 1837 4005 Paulus
1871 3952 1998 4005 dicit
2022 3970 2033 4005 :

460 4034 597 4101 Quid
627 4035 751 4089 mihi
775 4044 824 4090 et
848 4036 912 4091 de
939 4038 1155 4092 externis
1169 4037 1407 4109 judicare
1431 4039 1506 4110 (1.
1531 4038 1646 4094 Cor.
1674 4043 1728 4096 5.
1752 4039 1879 4114 12)ἱ’
1911 4042 2042 4098 Fra-

459 4137 567 4179 tres
598 4139 725 4180 vero
753 4137 805 4181 et
834 4142 1058 4198 arguere
1101 4139 1155 4183 et
1192 4140 1438 4186 avertere
1463 4132 1615 4202 jubet
1640 4174 1655 4199 ,
1705 4147 1767 4186 ac
1796 4133 1899 4188 nisi
1937 4134 2036 4188 oh-

459 4228 775 4289 temperent,
804 4220 1156 4291 abscindere,
1188 4233 1245 4277 ut
1270 4224 1471 4294 pudore
1508 4224 1900 4281 suifundantur.
1929 4227 2039 4283 Hoc

455 4321 511 4365 ct
538 4312 648 4380 ipse
674 4314 795 4367 facit
817 4314 919 4380 hic,
943 4330 1065 4371 cum
1088 4316 1155 4373 de
1182 4316 1437 4374 fratribus
1461 4321 1629 4390 legem
1656 4322 1838 4376 statuit
1863 4339 1874 4373 :
1907 4330 2040 4376 tres-

457 4419 561 4472 que
592 4404 689 4473 ipsi
717 4407 896 4461 statuit
921 4408 1171 4464 doctores
1210 4419 1267 4464 et
1288 4411 1517 4480 judiees,
1548 4414 1637 4483 qui
1664 4413 1893 4468 deceant
1920 4429 2038 4483 qua:

458 4495 511 4548 in
544 4498 852 4553 temulentia
885 4511 1185 4569 perpetrata
1216 4512 1357 4558 sunt.
1390 4503 1519 4558 Nam
1566 4506 1665 4559 etsi
1695 4506 1808 4577 ipse
1834 4516 1918 4562 est
1946 4507 2038 4578 qui

459 4587 637 4640 otnnia
666 4588 894 4645 absurda
926 4591 1014 4646 illa
1064 4591 1190 4648 fecit
1218 4604 1271 4649 et
1299 4595 1548 4664 loquutus
1574 4606 1686 4662 est,
1714 4598 1830 4654 aliis
1859 4608 2036 4655 tamen

458 4689 592 4744 opus
636 4676 794 4734 habet
824 4681 913 4749 qui
957 4680 1221 4750 doceant,
1257 4693 1439 4755 utpote
1464 4687 1675 4755 ebrius;
1709 4704 1829 4743 nam
1863 4690 1941 4744 ira
1987 4701 2042 4746 et

460 4780 735 4838 peceatum
766 4773 1043 4844 plusquam
1071 4777 1301 4833 ebrietas
1345 4790 1579 4835 mentem
1610 4782 1858 4847 turbant,
1905 4795 1958 4838 et
1987 4785 2040 4839 in

459 4863 718 4932 majorem
748 4866 1006 4922 insaniam
1029 4870 1339 4937 conjiciunt.
1372 4871 1501 4927 Nam
1532 4875 1654 4944 quis
1688 4875 1884 4931 Davide
1911 4891 2036 4946 pru-

459 4956 669 5010 denttor
694 4966 812 5010 erat
852 4958 931 5029 (ρ.
978 4957 1105 5031 Reg.
1140 4960 1264 5037 l2)?
1313 4962 1560 5018 Attamen
1600 4980 1719 5019 cum
1761 4982 2033 5038 peccaret,

461 5049 587 5104 nihil
617 5052 803 5117 sensit,
837 5054 976 5122 quod
1006 5053 1436 5124 concupiscentia
1470 5059 1645 5112 omnia
1675 5059 1789 5128 ejus
1820 5063 2037 5117 ratioci-

459 5140 542 5195 nia
586 5151 941 5212 occupasset,
993 5155 1046 5200 et
1088 5161 1186 5201 ceu
1213 5148 1388 5202 fumus
1416 5148 1629 5217 quidam
1658 5150 1773 5219 ejus
1803 5153 2038 5207 animum

457 5233 709 5303 repleret.
754 5234 1087 5304 Quapropter
1114 5240 1332 5292 lucerna
1374 5254 1508 5307 opus
1549 5239 1731 5295 habuit
1772 5257 1870 5313 per
1917 5259 2040 5312 pro-

462 5325 670 5392 phetam
693 5324 943 5393 adducta,
972 5342 1033 5382 ac
1058 5329 1232 5383 verbis
1250 5345 1366 5398 qua:
1393 5329 1598 5385 facinus
1627 5332 1724 5400 ipsi
1760 5334 1811 5386 in
1839 5350 2041 5389 mento-

459 5416 591 5468 riam
618 5416 958 5471 reducerent.
998 5417 1122 5475 Ideo
1150 5419 1247 5475 hos
1275 5438 1413 5476 nunc
1439 5422 1503 5476 ad
1534 5434 1840 5491 peccantem
1869 5427 2037 5482 addu-

456 5503 527 5559 cit
549 5545 564 5575 ,
600 5508 690 5577 qui
717 5507 786 5564 de
815 5511 977 5580 gestis
998 5512 1108 5566 suis
1134 5513 1302 5583 ipsum
1329 5514 1681 5585 alloquantur.

1461 216 1525 274 ΙΝ
1566 217 1969 275 MATTll/EUM
2014 216 2243 273 ll0.illL.
2287 218 2398 279 LX.
2440 226 2510 281 al.
2552 228 2688 284 LXI.

3637 248 3745 302 538

2230 332 2282 389 2.
2318 337 2424 392 Cur
2446 347 2621 396 autem
2671 342 2812 399 hunc
2833 343 2986 415 jubet
3031 362 3256 419 arguere
3278 396 3291 418 ,
3321 369 3427 409 non
3470 356 3633 412 alium
3679 361 3739 414 ‘.’

2155 422 2286 490 Quia
2316 425 2456 483 hunc
2477 438 2659 500 utpute
2679 447 2708 485 a
2738 446 2797 488 se
2817 434 2999 491 laesum
3027 449 3080 493 et
3102 439 3291 509 injuria
3313 441 3585 512 adfectum,
3620 464 3736 503 mos

2153 514 2387 573 deratius
2423 528 2540 575 erat
2593 523 2937 581 toleraturus.
2980 527 3094 584 Non
3131 533 3275 586 enim
3317 535 3430 603 pari
3460 538 3639 593 animo
3669 543 3739 594 ab

2153 605 2260 659 alio
2286 606 2353 663 de
2381 609 2572 678 injuria
2592 614 2745 669 alteri
2775 616 2949 673 oblata
2972 635 3030 674 se
3061 620 3311 693 redargui
3340 626 3587 695 patiatur,
3614 645 3738 684 cum

2154 698 2385 754 maxime
2410 700 2555 756 solus
2584 713 2667 759 est
2695 705 2739 760 is
2766 707 2854 776 qui
2896 709 3185 781 redarguit.
3209 713 3344 769 Cum
3370 726 3549 772 autem
3583 717 3628 774 is
3648 723 3739 790 qui

2153 788 2387 845 rationes
2424 790 2492 845 ab
2531 792 2647 863 ipso
2684 799 2964 866 expetendi
2999 801 3087 871 jus
3118 803 3298 872 habet,
3336 807 3503 876 ipsius
3540 788 3737 867 curare

2152 878 2374 934 salutem
2403 882 2630 953 videtur,
2654 886 2699 941 is
2726 890 2956 946 maxime
2984 895 3220 950 omnium
3260 907 3435 966 potest
3480 900 3628 958 illum
3669 905 3735 958 ad

2153 970 2581 1040 resipisceutiam
2605 990 2817 1044 vocare,
2857 994 2978 1036 cum
3021 983 3198 1040 videat
3228 986 3330 1043 hoc
3369 1004 3475 1044 non
3523 1006 3735 1060 pinnam

2151 1063 2455 1131 expetendi,
2484 1066 2579 1121 sed
2622 1069 2937 1126 emendandi
2966 1076 3135 1145 gratia
3165 1076 3302 1135 ﬁeri.
3331 1079 3456 1137 ideo
3491 1098 3597 1139 non
3624 1095 3738 1140 sta-

2152 1151 2245 1205 tim
2273 1152 2409 1208 duos
2434 1155 2687 1213 accedere
2707 1158 2881 1228 jubet,
2906 1163 2999 1218 sed
3045 1179 3164 1221 cum
3195 1169 3394 1237 primus
3417 1172 3544 1227 nihil
3579 1177 3738 1244 proli-

2151 1256 2272 1297 cere
2314 1253 2525 1313 potest:
2582 1263 2755 1318 neque
2802 1261 2926 1307 tunc
2966 1254 3359 1315 multitudinem
3402 1263 3597 1329 mittit,
3642 1267 3735 1321 sed

2151 1348 2316 1403 usque
2342 1336 2407 1390 ad
2430 1337 2567 1393 duos
2595 1340 2762 1405 addit,
2796 1343 2880 1397 vel
2898 1345 3057 1399 etiam
3082 1362 3279 1415 unum;
3304 1366 3424 1405 cum
3447 1363 3622 1410 autem
3643 1356 3739 1411 hos

2152 1424 2489 1495 despexerit,
2525 1437 2648 1486 tunc
2674 1433 2739 1488 ad
2770 1433 3067 1492 Ecclesium
3114 1440 3261 1495 illum
3297 1444 3477 1499 tnittit.
3507 1447 3595 1503 Sic
3639 1450 3737 1504 ad-

2154 1520 2369 1574 modum
2397 1531 2550 1578 curat
2594 1540 2664 1581 ne
2712 1529 2936 1597 proximi
2989 1541 3204 1600 peccata
3257 1536 3605 1607 evulgentur;
3639 1543 3737 1597 etsi

2151 1613 2383 1680 potuerit
2434 1630 2464 1668 a
2517 1616 2781 1688 principio
2828 1619 2953 1674 illud
2997 1622 3224 1693 jubere,
3275 1642 3341 1681 ne
3385 1628 3435 1682 id
3466 1629 3517 1684 in
3551 1633 3739 1704 vulgus

2149 1714 2390 1759 manaret
2411 1746 2425 1770 ,
2460 1722 2564 1762 non
2596 1706 2720 1764 fecit
2746 1752 2762 1776 ,
2790 1712 2883 1767 sed
2912 1722 3031 1783 post
3054 1731 3211 1770 ttnam
3250 1718 3582 1793 alteramque
3618 1739 3735 1780 mo-

2151 1796 2404 1852 nitiouem
2452 1799 2502 1854 id
2551 1803 2807 1872 praecipit.
2861 1806 2997 1872 Quid
3050 1818 3228 1864 autem
3279 1812 3380 1866 sibi
3413 1814 3529 1869 vult
3563 1816 3733 1879 illud.

2149 1884 2215 1940 lu
2245 1903 2329 1941 ore
2362 1889 2580 1945 duorum
2609 1893 2686 1947 vel
2710 1895 2864 1949 trium
2897 1898 3098 1951 testium
3139 1899 3290 1955 stabit
3316 1918 3464 1958 omne
3491 1907 3740 1963 verbum?

2149 1975 2401 2033 Idoneum
2444 1980 2609 2037 habes
2643 1985 3048 2056 testimonium,
3104 1989 3310 2060 inquit,
3359 2003 3413 2049 te
3463 2004 3633 2052 totum
3688 2000 3740 2055 id

2147 2072 2287 2140 quod
2328 2087 2493 2144 penes
2537 2083 2588 2130 te
2636 2085 2752 2131 erat
2795 2077 3021 2147 fecisse,
3068 2081 3309 2153 nihilque
3354 2086 3620 2144 omisisse.
3678 2090 3741 2146 Si

2146 2173 2314 2217 autem
2360 2181 2452 2219 uec
2491 2165 2581 2220 hos
2620 2169 2857 2235 audierit,
2898 2170 2981 2224 dic
3018 2169 3295 2242 Ecclesiae,
3347 2175 3399 2231 id
3436 2185 3554 2244 est,
3602 2195 3740 2249 prat-

2146 2255 2366 2311 sidihus.
2402 2256 2550 2325 Quod
2584 2259 2629 2312 si
2667 2257 2951 2315 Ecclesiam
2979 2279 3082 2318 non
3104 2264 3362 2333 audierit,
3388 2268 3452 2323 sit
3481 2268 3570 2323 tibi
3597 2273 3739 2341 quasi

2146 2350 2369 2403 ethnicus
2415 2358 2462 2404 et
2506 2350 2822 2421 publicanus.
2872 2353 3015 2409 Talis
3058 2357 3202 2413 enim
3244 2359 3406 2415 homo
3451 2363 3734 2420 incurabili

2145 2442 2332 2495 morbo
2350 2440 2572 2496 laborat.
2598 2442 2676 2497 Tu
2703 2459 2832 2499 vero
2855 2445 2984 2501 mihi
3012 2450 3302 2521 perpende,
3336 2455 3605 2523 quomodo
3636 2471 3734 2526 pu-

2144 2532 2413 2587 blicanum
2443 2534 2638 2604 ubique
2669 2536 2719 2590 in
2753 2540 3054 2608 exemplum
3083 2543 3330 2613 nequitia:
3358 2546 3606 2601 maximae
3632 2563 3733 2619 po-

2146 2634 2254 2679 nat‘.
2286 2626 2416 2682 Nam
2444 2643 2601 2699 supra
2628 2628 2763 2685 dixit
2793 2650 2805 2686 :
2850 2630 3037 2688 Nonne
3057 2643 3103 2688 et
3126 2635 3386 2705 publicani
3409 2638 3502 2691 hoc
3540 2640 3738 2710 faciunt

2147 2716 2165 2785 (
2194 2716 2375 2771 Matth.
2420 2719 2475 2775 5.
2520 2719 2589 2775 46
2609 2721 2661 2790 )?
2687 2731 2739 2776 et
2767 2737 3084 2793 progressus
3103 2741 3312 2780 rursum
3348 2744 3362 2780 :
3388 2726 3663 2786 Publicaui
3689 2742 3738 2787 et

2146 2811 2425 2865 meretrices
2450 2815 2731 2882 prwcedent
2757 2831 2842 2870 vos
2864 2817 2914 2869 in
2945 2833 3095 2889 regno
3122 2818 3359 2874 culorum
3381 2818 3402 2893 (
3422 2821 3608 2878 Matth.
3642 2825 3733 2879 2t.

2147 2900 2209 2956 3|
2233 2899 2286 2972 );
2317 2903 2367 2956 id
2392 2913 2494 2969 est,
2528 2907 2616 2974 qui
2647 2908 2875 2963 maxime
2904 2908 3274 2979 improbantur
3292 2914 3736 2970 etcondemnau-

2148 3000 2249 3045 tur.
2280 2994 2512 3049 Audiant
2542 2996 2617 3049 illi
2644 2999 2732 3067 qui
2765 2996 2829 3051 ad
2852 3007 3087 3069 quzestus
3116 3001 3326 3072 iniquos
3356 3015 3614 3071 currunt,
3640 3009 3730 3076 qui

2144 3081 2351 3139 femora
2379 3084 2670 3143 femoribus
2694 3088 2967 3159 adjiciunt.
3000 3092 3107 3147 Cur
3137 3107 3299 3164 porro
3340 3109 3462 3151 cum
3492 3098 3729 3166 publica~

2147 3176 2230 3232 nis
2277 3178 2433 3232 istum
2468 3178 2647 3235 locat“l
2690 3180 2759 3237 Ut
2786 3181 2968 3237 lazsum
2998 3184 3337 3253 consoletur,
3369 3196 3422 3242 et
3452 3187 3590 3243 lumc
3632 3198 3735 3244 ter-

2148 3274 2281 3317 rcat.
2309 3262 2445 3317 Num
2473 3264 2587 3319 ha'c
2630 3265 2743 3320 sola
2787 3268 2991 3337 punitio
3040 3269 3165 3323 est?
3193 3268 3407 3327 Minime
3439 3291 3452 3326 :
3485 3273 3578 3329 sed
3612 3276 3733 3329 audi

2146 3357 2420 3428 sequentia
2449 3375 2461 3411 :
2496 3357 2581 3412 18.
2613 3356 2978 3429 Quodcumque
3001 3359 3328 3432 alligaret-itis
3345 3379 3498 3434 super
3524 3375 3732 3433 terram,

2146 3449 2238 3502 erit
2262 3450 2468 3519 ligatum
2495 3458 2540 3504 et
2576 3451 2628 3503 in
2655 3452 2810 3505 aclis.
2858 3450 2972 3506 Non
3013 3451 3148 3507 dixit
3181 3453 3432 3511 Ecclesiae
3481 3458 3690 3527 praesuli
3719 3502 3732 3523 ,

2147 3540 2316 3611 Alliga
2340 3541 2507 3607 illum,
2541 3541 2655 3606 sed,
2691 3541 2744 3597 Si
2774 3543 3095 3614 alligaveris,
3139 3545 3185 3599 ei
3215 3545 3305 3616 qui
3334 3547 3491 3603 lmsus
3517 3548 3618 3604 fuit
3646 3558 3729 3604 to-

2148 3641 2257 3685 tum
2298 3632 2643 3702 permittens:
2680 3644 2911 3705 tuncque
2938 3636 3143 3689 vincula
3182 3653 3286 3692 non
3317 3639 3733 3697 dissoluta-ma-

2148 3733 2292 3776 neut.
2329 3722 2584 3776 Extrema
2611 3725 2789 3794 itaque
2821 3727 3049 3795 patietur
3079 3729 3239 3782 mala.
3283 3729 3387 3785 Sed
3421 3745 3524 3785 non
3572 3734 3616 3785 is
3644 3735 3733 3801 qui

2144 3813 2335 3867 detulit
2361 3814 2411 3866 in
2437 3828 2595 3868 causa
2622 3824 2722 3881 est,
2747 3831 2930 3870 verum
2955 3817 2999 3870 is
3021 3817 3110 3887 qui
3142 3819 3309 3872 noluit
3338 3821 3730 3891 obtemperare.

2146 3904 2308 3959 Vides
2339 3905 2607 3974 quomodo
2635 3905 2776 3962 hunc
2801 3907 2997 3977 duplici
3029 3911 3344 3965 necessitate
3385 3912 3645 3979 vinxerit,
3682 3925 3736 3969 ct

2145 3997 2393 4066 pnes-nti
2425 4012 2575 4067 pmna
2598 4040 2612 4064 ,
2645 4007 2698 4054 et
2721 3998 2896 4053 futuro
2929 4001 3229 4071 supplicio?
3259 4002 3381 4058 ηωυ
3406 4018 3565 4074 porro
3585 4023 3735 4061 com-

2146 4090 2374 4145 minatus
2402 4099 2591 4157 eSt,ne
2615 4091 2762 4146 istaec
2788 4091 3052 4158 accidant,
3089 4094 3180 4148 sed
3209 4105 3452 4150 metuens
3481 4106 3535 4152 et
3563 4100 3735 4154 minus

2144 4191 2198 4236 et
2219 4182 2535 4250 eiectionem
2580 4182 2647 4237 ab
2697 4183 2952 4251 Ecclesia,
3008 4194 3062 4241 et
3102 4187 3396 4255 periculum
3422 4204 3486 4245 ex
3518 4191 3733 4247 vinculo

2145 4282 2380 4342 partum,
2411 4287 2510 4328 nec
2539 4288 2643 4327 non
2675 4273 2805 4329 illud
2837 4277 2888 4329 in
2923 4275 3067 4331 czrlis
3097 4277 3383 4345 vinculum,
3410 4280 3734 4337 moderatior

2146 4364 2236 4430 sit,
2268 4379 2388 4418 eum
2413 4363 2528 4418 lucc
2558 4365 2709 4429 sciat,
2739 4365 2837 4420 etsi
2868 4381 2970 4420 non
3016 4382 3043 4420 a
3079 4369 3359 4438 principio,
3394 4371 3444 4425 in
3491 4374 3734 4428 multitu-

2143 4457 2269 4513 dine
2303 4467 2477 4513 tamen
2500 4458 2818 4527 judiciorum
2851 4460 2981 4514 iram
3023 4461 3273 4531 deponat.
3315 4464 3516 4519 Idcirco
3543 4478 3593 4521 et
3626 4470 3736 4537 pri.

2145 4564 2289 4601 mum
2343 4557 2397 4603 et
2445 4550 2736 4603 secundum
2783 4560 2836 4604 et
2888 4552 3101 4605 tertium
3132 4555 3404 4607 constituit
3436 4556 3731 4625 judicium,

2146 4654 2317 4709 neque
2345 4639 2523 4692 statim
2560 4639 2705 4693 illum
2747 4642 3048 4709 prtesciudit
3072 4684 3086 4705 ,
3119 4653 3174 4695 ut
3195 4644 3236 4696 si
3271 4644 3440 4712 prium
3468 4662 3570 4702 non
3598 4651 3732 4705 obe-

2146 4729 2293 4796 diat,
2339 4729 2574 4784 secundo
2627 4730 2816 4793 cedat;
2865 4733 2945 4785 sin
2996 4731 3126 4786 illud
3180 4738 3484 4804 respuerit,
3519 4741 3733 4796 tertium

2146 4822 2363 4885 timeat;
2414 4821 2458 4874 si
2502 4821 2656 4890 hujus
2714 4822 2911 4876 nullam
2955 4824 3216 4881 rationem
3258 4827 3482 4895 habeat,
3542 4846 3607 4886 ex
3650 4832 3733 4885 fu-

2144 4923 2265 4966 turo
2304 4912 2503 4981 judicio
2544 4920 2805 4967 terreatur
2829 4954 2843 4978 ,
2894 4914 3009 4968 sive
3040 4929 3103 4967 ex
3138 4914 3227 4969 Dei
3259 4918 3522 4973 sententia
3567 4929 3620 4975 et
3648 4922 3734 4975 ul-

2149 4986 2310 5060 tione.

2219 5097 2401 5150 Preces
2454 5113 2688 5167 magnam
2724 5097 2820 5148 vim
2869 5112 2899 5148 a
2950 5100 3219 5153 concordia
3258 5110 3505 5155 mutuant.
3564 5103 3733 5170 Quare

2147 5205 2243 5240 non
2290 5204 2486 5257 semper
2533 5187 2881 5241 exaudiamur.
2930 5189 3130 5244 Amoris
3164 5209 3281 5263 erga
3312 5196 3594 5263 proximum
3621 5213 3735 5265 quae

2146 5297 2301 5332 causa
2343 5294 2452 5334 esse
2487 5279 2679 5333 debeat.
2712 5280 2961 5334 Amicitia:
3010 5283 3245 5337 humana:
3287 5285 3500 5338 uanitas.
3534 5286 3739 5342 Amoris

2145 5371 2419 5425 Christiani
2442 5373 2592 5425 ratio.
2612 5401 2680 5410 —
2702 5370 2784 5425 l9.
2816 5370 3010 5426 Iterum
3040 5382 3200 5426 autem
3226 5375 3338 5427 dico
3364 5375 3519 5441 vobis,
3552 5380 3669 5447 quia
3691 5380 3734 5432 si

2151 5461 2246 5516 duo
2263 5479 2325 5515 ea:
2346 5463 2479 5517 vobis
2500 5462 2836 5515 consenserint
2853 5478 3002 5529 super
3029 5473 3232 5529 terram,
3253 5464 3314 5518 de
3329 5467 3466 5519 omni
3491 5485 3542 5521 rc
3557 5485 3732 5539 quam.

2181 5620 2227 5727 If
2263 5620 2334 5667 sic
2357 5617 2496 5668 savii.
2525 5627 2581 5668 et.
2600 5625 2788 5674 Mss.;at
2815 5617 2995 5680 \toreL,
3020 5626 3064 5668 ct
3088 5634 3179 5671 non
3204 5620 3301 5671 alio
3327 5632 3483 5686 ntotto,
3513 5638 3617 5689 pro,
3638 5638 3740 5678 non.

2203 5695 2229 5727 ιθ
2251 5693 2313 5727 m.

2147 5693 2229 5730 (lli
2251 5693 2313 5728 m.
