4074 6144
340 199 445 262 i587

335 337 547 391 ruraque
573 318 825 390 petierint,
866 317 951 384 [iet
979 314 1049 372 eis
1075 333 1107 371 a
1133 315 1291 372 Patre
1319 331 1428 370 meo
1465 316 1550 386 qni
1578 315 1629 369 in
1660 315 1796 369 cadis
1826 322 1916 368 est.

335 415 424 467 ΞΟ.
461 412 557 468 Ubi
584 411 924 481 eninrfuerint
949 409 1050 463 duo
1079 407 1154 462 vel
1179 419 1277 463 tre:
1314 408 1601 479 congregati
1639 407 1692 462 in
1721 406 1922 460 nomine

336 522 464 571 meo,
488 505 555 559 ibi
574 521 683 558 sum
703 505 753 556 in
782 501 943 557 medio
963 516 1153 555 eorum.
1190 499 1371 555 Viden'
1397 498 1665 569 quomodo
1693 497 1911 553 aliunde

335 603 495 655 etiam
521 598 692 654 solvat
727 594 1061 661 inimicitias,
1105 593 1404 648 simultates
1454 592 1623 657 tollat,
1649 600 1703 647 et
1729 599 1911 646 mutuo

330 692 552 761 jungat,
583 702 687 743 nou
711 694 911 742 tantum
936 700 1000 740 ex
1032 684 1219 739 timore
1235 682 1345 753 jam
1376 683 1500 738 dicti
1526 682 1789 752 supplicii,
1821 679 1916 736 sed

336 784 495 837 etiam
518 797 585 837 cx
612 781 765 836 benis
806 794 900 850 per
935 779 1208 833 caritatem
1256 776 1437 847 partis.
1470 776 1602 831 Nam
1639 785 1913 846 postquam

339 873 686 928 rontenliosis
726 870 815 925 illa
846 870 1199 944 comminatus
1224 879 1326 936 cst,
1356 868 1443 924 hic
1473 884 1659 939 magna
1686 883 1912 924 concor-

334 967 436 1018 ilize
466 963 680 1032 prauuia
704 961 909 1027 statuit,
933 961 1193 1031 siquidem
1223 960 1279 1027 ii,
1323 960 1413 1031 qui
1462 970 1645 1015 mutuo
1690 961 1829 1015 inter
1855 973 1914 1014 se

330 1054 690 1118 consentiunt,
713 1068 741 1109 a
771 1053 927 1108 Patre
967 1052 1253 1121 impetrant
1277 1050 1419 1121 quod
1444 1058 1650 1120 petunt,
1682 1058 1736 1104 et
1761 1049 1914 1105 Chrio

330 1157 468 1202 stum
482 1146 533 1201 iu
553 1144 727 1201 medio
743 1143 956 1199 habent.
977 1145 1057 1198 Au
1081 1157 1338 1213 nusquam
1359 1142 1464 1197 duo
1481 1153 1664 1198 mutuo
1681 1157 1911 1198 consen-

333 1240 525 1292 tieutcs
553 1235 714 1293 sunt?
743 1234 918 1289 Multis
948 1234 999 1289 in
1037 1233 1167 1288 locis
1192 1234 1390 1304 utique,
1415 1234 1521 1288 imo
1544 1233 1679 1288 forte
1697 1233 1909 1303 ubique.

334 1326 614 1395 Quomodo
673 1326 833 1396 igitur
862 1339 967 1378 non
1007 1325 1185 1379 omnia
1216 1323 1540 1393 impetrant?
1573 1324 1705 1391 Quia
1735 1324 1914 1377 multa!

333 1427 458 1473 sunt
505 1433 680 1474 causa:
702 1432 807 1472 non
861 1415 1197 1486 impetrandi.
1244 1415 1374 1469 Nam
1428 1429 1570 1485 sarpe
1592 1415 1680 1470 illa
1729 1424 1915 1485 petunt

334 1525 454 1580 qua:
480 1507 774 1565 concedere
802 1521 906 1561 non
930 1507 1163 1576 expedit.
1206 1505 1408 1576 Ecquid
1452 1506 1682 1572 miraris,
1725 1507 1768 1560 si
1821 1505 1913 1561 alii

336 1614 447 1655 non
494 1601 796 1669 impetrent,
828 1596 1042 1666 quando
1071 1596 1265 1651 Paulus
1290 1597 1449 1652 etiam
1482 1596 1533 1652 id
1569 1612 1754 1667 passus
1796 1605 1912 1664 est,

335 1708 455 1748 cum
478 1692 678 1747 audivit
702 1708 715 1745 :
747 1689 941 1758 Sufﬁcit
969 1688 1057 1742 tibi
1090 1692 1255 1758 gratia
1275 1704 1387 1745 mea
1406 1728 1419 1752 ,
1443 1689 1601 1743 virtus
1641 1688 1771 1742 enim
1805 1703 1914 1742 mea

334 1786 393 1841 in
419 1784 736 1854 inﬁrmitate
755 1781 1029 1851 perﬁcitur
1047 1778 1122 1849 (2.
1143 1778 1268 1835 Cor.
1289 1778 1377 1833 12.
1397 1776 1479 1846 9)?
1497 1776 1606 1832 Aut
1621 1777 1696 1831 illi
1711 1777 1805 1846 qui
1828 1792 1914 1845 pe-

340 1883 461 1929 tunt
481 1887 587 1926 non
604 1872 752 1942 digni
773 1878 900 1927 sunt
923 1870 992 1926 iis
1006 1867 1333 1940 aequiparari
1355 1869 1448 1938 qui
1468 1868 1582 1924 haec
1601 1868 1910 1934 audierunt,

338 1981 443 2024 nec
460 1982 525 2021 ex
545 1980 604 2022 se
621 1963 861 2024 aﬂ‘erunt
879 1978 944 2019 ea
957 1977 1079 2033 qua:
1097 1969 1487 2032 competerent;
1507 1961 1624 2029 ipse
1640 1973 1767 2015 vero
1778 1973 1914 2029 apo-

340 2058 608 2114 stolorum
628 2055 840 2113 similes
857 2053 1124 2124 requirit:
1148 2051 1272 2107 ideo
1304 2050 1400 2117 ait,
1421 2048 1504 2103 Ea:
1528 2048 1692 2116 vobis,
1716 2048 1915 2104 virtute

341 2148 609 2220 praeditis,
630 2146 725 2216 qui
759 2145 1058 2216 angelicam
1085 2143 1251 2199 vitam
1285 2139 1573 2197 exhibetis.
1596 2140 1706 2195 Aut
1727 2152 1916 2196 contra

344 2241 604 2299 ladentes
624 2252 684 2294 se
712 2244 1031 2308 precantur,
1061 2234 1321 2289 ultionem
1345 2240 1399 2287 et
1419 2230 1742 2303 supplicium
1773 2230 1919 2301 ipso-

351 2348 472 2387 rum
507 2329 873 2401 postulantes,
903 2327 956 2381 id
983 2325 1128 2396 quod
1157 2333 1242 2380 est
1272 2323 1637 2393 prohibitum:
1663 2336 1786 2379 nam
1817 2323 1917 2387 ait,

342 2420 644 2477 Precamini
664 2434 758 2489 pro
772 2418 999 2472 inimicis
1013 2416 1194 2473 vestris
1213 2413 1291 2483 (Μ
1297 2422 1373 2468 at.
1392 2414 1446 2469 5.
1469 2413 1581 2485 44).
1594 2412 1698 2468 Aut
1716 2413 1833 2473 sine
1845 2413 1922 2467 ul-

346 2516 394 2570 la
409 2512 720 2584 poenitentia
734 2505 1478 2581 peccantes,misericordiam
1495 2516 1701 2576 petunt,
1715 2521 1835 2575 quae
1846 2513 1924 2563 ta-

346 2621 469 2661 men
484 2621 588 2660 non
603 2602 879 2673 impetrari
896 2607 1093 2671 potest,
1108 2614 1216 2654 non
1233 2599 1396 2654 modo
1418 2598 1525 2654 illis
1547 2597 1915 2668 precantibus,

347 2698 441 2754 sed
459 2698 624 2753 etiam
646 2695 754 2749 alio
771 2708 836 2747 ex
866 2693 934 2749 iis
960 2691 1054 2762 qui
1081 2691 1221 2760 apud
1244 2689 1412 2745 Deum
1443 2688 1695 2744 ﬁduciam
1716 2688 1921 2743 habent

349 2805 449 2858 pro
483 2787 617 2859 ipsis
642 2786 984 2857 postulante:
1019 2781 1481 2853 quemadmodum
1511 2778 1776 2836 Jeremias
1792 2795 1915 2834 cum

344 2891 444 2949 pro
464 2878 667 2937 Judmis
683 2882 1021 2946 precaretur,
1040 2872 1279 2929 audivit:
1306 2872 1436 2927 Noti
1455 2888 1605 2927 orare
1617 2889 1712 2939 pro
1725 2871 1918 2942 populo

340 2963 454 3027 hoc,
501 2959 618 3030 quia
669 2975 769 3012 non
810 2968 858 3012 te
893 2957 1163 3012 exaudiam
1216 2955 1365 3026 (Jer.
1414 2957 1500 3012 ll.
1544 2955 1673 3025 14).
1704 2956 1760 3012 Si
1792 2972 1920 3012 vero

344 3062 531 3107 cuncta
555 3050 747 3116 adsint,
777 3058 831 3104 et
856 3049 1001 3104 utilia
1030 3056 1200 3118 petas,
1247 3047 1493 3119 quodque
1525 3062 1688 3119 penes
1743 3057 1797 3104 te
1840 3058 1922 3104 est

340 3144 552 3209 all‘eras,
573 3142 735 3196 vitam
764 3139 926 3196 ducas
949 3138 1317 3210 apostolicam,
1344 3139 1684 3194 concordiam
1712 3149 1765 3195 et
1785 3140 1922 3194 cari-

342 3243 504 3289 tatem
536 3246 660 3301 erga
687 3231 985 3300 proximum
1012 3243 1215 3295 serves,
1238 3230 1501 3301 postulata
1530 3229 1871 3300 consequeris
1903 3248 1916 3283 :

343 3324 603 3393 benignus
632 3322 827 3392 quippe
861 3328 944 3377 est
969 3320 1244 3377 Dominus.

332 3405 338 3413 ”
415 3415 468 3470 5.
501 3413 700 3468 Deinde
728 3412 848 3482 quia
870 3411 1023 3476 dixit,
1070 3413 1113 3465 A
1142 3409 1298 3465 Patre
1330 3425 1471 3473 meo,
1504 3416 1561 3463 ut
1592 3408 1836 3464 ostendat
1863 3422 1921 3463 se

345 3522 575 3579 quoque,
607 3520 706 3560 nec
734 3504 892 3560 modo
920 3504 1155 3564 Patrem,
1207 3502 1468 3571 postulata
1491 3500 1736 3554 daturum
1763 3515 1884 3556 esse
1902 3541 1918 3566 ,

344 3598 617 3669 subjuuxit
645 3615 658 3651 :
691 3595 787 3652 Ubi
812 3596 942 3649 enim
960 3593 1062 3648 duo
1090 3594 1164 3647 vel
1208 3603 1305 3646 tres
1354 3592 1635 3666 congregati
1655 3591 1839 3660 fuerint
1870 3592 1922 3643 in

345 3692 545 3747 nomine
576 3705 707 3756 meo,
748 3687 855 3742 illic
897 3703 1009 3740 sunt
1043 3686 1096 3739 in
1139 3683 1302 3739 medio
1329 3700 1522 3739 eorum.
1559 3683 1697 3753 Quid
1720 3683 1920 3753 igitur?

348 3797 522 3838 nonne
568 3788 694 3837 sunt
730 3778 834 3834 duo
864 3777 945 3831 vel
975 3787 1082 3832 tres
1108 3775 1411 3846 congregati
1445 3775 1497 3829 in
1534 3775 1747 3831 nomine
1767 3775 1923 3845 ejus?

348 3876 481 3931 Sunt
525 3872 761 3944 quidem,
816 3869 907 3925 sed
938 3881 1081 3924 raro.
1112 3866 1225 3920 Non
1252 3866 1398 3922 enim
1412 3866 1479 3920 de
1502 3874 1764 3922 conventu
1790 3866 1922 3919 sim-

351 3965 559 4034 pliciter
587 3962 735 4025 dicit,
769 3974 940 4028 neque
970 3957 1073 4013 hoc
1102 3964 1307 4013 tantum
1335 3955 1598 4024 postulat;
1625 3956 1718 4013 sed
1738 3957 1918 4020 etiam,

349 4065 409 4110 ut
433 4067 593 4123 supra
635 4050 741 4104 dixi
767 4090 782 4116 ,
813 4049 947 4103 alias
972 4062 1180 4117 quoque
1210 4047 1451 4101 virtutes.
1498 4046 1698 4101 Deinde
1742 4055 1794 4099 ut
1822 4044 1924 4100 hoc

350 4149 520 4213 ipsum
547 4155 667 4197 cum
695 4153 881 4208 magna
936 4137 1271 4193 accuratioue
1311 4143 1475 4203 petat.
1518 4134 1647 4188 Nam
1675 4133 1815 4203 quod
1840 4133 1921 4189 di-

351 4239 453 4302 cit,
483 4230 784 4303 hujusmodi
816 4238 898 4284 est
930 4246 942 4282 :
968 4228 1023 4284 Si
1063 4227 1182 4297 quis
1209 4242 1295 4280 me
1337 4226 1565 4295 priorem
1593 4242 1804 4280 causam
1832 4226 1925 4279 ha-

354 4330 477 4382 beat
518 4321 716 4377 amoris
744 4334 868 4389 erga
916 4318 1236 4387 proximum,
1282 4330 1403 4371 cum
1444 4315 1534 4371 illo
1561 4330 1676 4382 cro,
1720 4316 1763 4370 si
1794 4316 1925 4371 alias

348 4428 561 4488 quoque
581 4413 802 4467 virtutes
822 4407 1108 4481 possideat.
1132 4405 1282 4461 Nunc
1305 4416 1481 4462 autem
1503 4406 1761 4476 plurimos
1781 4407 1927 4463 vide-

353 4522 471 4563 mus
494 4547 512 4573 ,
540 4504 627 4577 qui
671 4502 802 4558 alias
833 4499 1079 4555 amicitia:
1125 4512 1313 4556 causas
1361 4498 1576 4554 habent.
1607 4499 1755 4554 Alius
1783 4499 1924 4554 enim

351 4600 474 4671 quia
521 4605 728 4652 amatur
748 4602 915 4659 amat;
960 4592 1096 4647 alius
1139 4592 1260 4663 quia
1311 4590 1600 4646 honoratus
1628 4592 1762 4657 fuit;
1791 4592 1926 4647 alius

352 4690 474 4759 quia
506 4689 558 4742 in
586 4687 760 4757 aliquo
788 4683 1026 4741 saeculari
1050 4683 1260 4753 negotio
1287 4682 1545 4751 quispiam
1566 4682 1614 4737 ei
1633 4683 1773 4739 utilis
1792 4682 1922 4747 fuit;

350 4782 484 4835 alius
510 4779 578 4834 ob
602 4777 759 4831 aliam
789 4775 1014 4830 similem
1038 4788 1287 4836 causam;
1332 4781 1387 4826 at
1431 4772 1646 4830 difﬁcile
1667 4782 1749 4829 est
1770 4789 1926 4843 repe-

352 4872 460 4927 rire
490 4867 791 4942 quempiam
825 4866 913 4937 qui
962 4866 1261 4936 proximum
1309 4872 1526 4934 propter
1574 4864 1842 4920 Christum
1871 4875 1928 4921 ut

355 4969 567 5032 oportet
592 4967 753 5013 amet.
789 4956 1004 5010 Plurimi
1023 4956 1165 5010 enim
1193 4956 1536 5011 saecularibus
1561 4957 1785 5026 negotiis
1811 4973 1928 5011 mu-

358 5063 453 5108 tuo
473 5050 628 5106 vineti
650 5057 793 5103 sunt.
828 5047 1020 5102 Verum
1050 5063 1155 5101 non
1207 5047 1401 5102 Paulus
1443 5048 1520 5102 sic
1561 5048 1807 5116 amabat,
1837 5048 1926 5103 sed

1058 170 1061 171 ί
1135 199 1190 255 s.
1224 196 1502 291 JCANNIS
1540 194 2011 256 cnnvsosrmu
2046 198 2356 257 ARCtlltiP.
2400 203 2930 265 coxsrANT‘tNor.

3498 213 3603 274 588

2025 324 2240 386 propter
2263 316 2528 373 Christum
2547 338 2561 385 ;
2581 320 2701 377 ideo
2720 325 2962 393 quamvis
2979 338 3084 380 non
3109 334 3310 382 tantum
3332 339 3605 386 amaretur

2022 416 2276 475 quantum
2298 410 2542 474 amabat,
2574 427 2678 468 non
2705 413 2952 469 diSSolvit
2999 416 3294 483 caritatem,
3322 418 3445 488 quia
3476 420 3603 488 vali—

2021 496 2141 552 dam
2168 501 2363 554 amoris
2397 500 2628 557 radicem
2654 503 2876 574 jecerat.
2906 507 2973 563 At
3001 522 3141 565 nunc
3163 522 3250 564 res
3294 487 3399 564 non
3427 487 3515 567 ita.
3543 526 3605 569 se

2020 588 2177 644 habet
2205 610 2218 646 :
2249 591 2342 647 sed
2370 593 2413 647 si
2445 595 2621 649 omnia
2645 596 2982 666 exploremus
3007 640 3022 665 ,
3055 599 3191 669 apud
3235 600 3430 656 multos
3456 601 3602 656 inve.

2020 681 2228 739 uiemus
2252 684 2502 741 amicitiae
2523 702 2711 743 causas
2739 688 2897 760 longe
2927 688 3186 745 diversas.
3220 689 3370 759 Quod
3409 692 3453 746 si
3484 692 3603 763 quis

2018 773 2145 829 mihi
2171 775 2490 833 concederet
2520 778 2570 834 in
2602 787 2743 834 tanta
2773 780 3106 837 multitudine
3128 798 3237 839 rem
3260 770 3600 853 eaaminare,

2019 865 2361 922 ostenderem
2390 868 2583 924 multos
2613 871 2955 927 saecularibus
2984 871 3050 928 dc
3075 873 3251 931 causis
3281 885 3466 930 mutuo
3510 874 3594 930 de

2016 957 2225 1013 vinctos
2254 974 2393 1017 esse.
2414 959 2469 1015 Id
2494 962 2634 1031 quod
2659 962 2817 1017 ctiam
2846 964 3182 1020 manifestum
3208 975 3367 1025 estex
3398 966 3461 1021 iis
3482 983 3603 1038 qua:

2016 1048 2404 1105 inimicitiarum
2433 1066 2607 1107 causa:
2633 1061 2774 1107 sunt.
2803 1053 2935 1121 Quia
2977 1070 3042 1110 ex
3082 1054 3239 1110 lluxis
3288 1055 3593 1126 hujusmodi

2015 1141 2178 1197 rebus
2206 1150 2391 1198 mutuo
2419 1143 2650 1200 devincti
2681 1154 2803 1199 sunt
2823 1188 2836 1210 ,
2869 1146 2990 1201 hinc
3021 1147 3078 1202 lit
3105 1157 3160 1205 ut
3185 1164 3283 1203 nec
3304 1147 3597 1214 ferventer,

2016 1248 2114 1288 nec
2140 1244 2394 1303 perpetuo
2421 1236 2717 1293 vinciantur
2748 1259 2759 1293 :
2792 1238 2885 1293 sed
2915 1239 2995 1293 vel
3021 1242 3361 1308 contumelia,
3392 1243 3469 1297 vel
3501 1243 3598 1313 pe;

2014 1325 2287 1380 cuuiarum
2320 1326 2717 1393 detrimentum,
2761 1329 2843 1383 vel
2877 1328 3091 1397 invidia,
3120 1331 3205 1386 vel
3236 1347 3382 1387 vanm
3406 1332 3593 1403 gloria:

2014 1432 2183 1483 amor,
2215 1418 2298 1473 vel
2326 1418 2450 1490 quid
2478 1420 2651 1475 simile
2671 1463 2684 1483 ,
2718 1421 2762 1477 si
2783 1421 3019 1483 accidat,
3071 1422 3356 1479 amicitiam
3405 1423 3587 1477 solvit.

2013 1506 2127 1563 Non
2155 1509 2299 1563 enim
2336 1510 2662 1578 Spiritualem
2691 1511 2892 1566 invenit
2937 1510 3191 1567 radicem.
3238 1510 3368 1580 Qua:
3406 1513 3450 1568 si
3479 1514 3601 1569 talis

2014 1607 2186 1664 esset,
2216 1600 2359 1654 nulla
2402 1602 2734 1656 saecularium
2782 1618 2959 1657 rerum
2998 1604 3289 1673 spiritualia
3339 1605 3598 1660 solveret.

2014 1690 2218 1749 Caritas
2242 1693 2380 1746 enim
2430 1708 2490 1747 ea
2511 1735 2526 1758 ,
2566 1709 2684 1763 qum
2711 1704 2925 1764 propter
2959 1692 3226 1749 Christum
3251 1704 3333 1751 est
3352 1736 3366 1760 ,
3413 1696 3562 1751 lirnea
3582 1738 3595 1760 ,

2015 1781 2216 1836 stabilis
2241 1780 2536 1852 invictaque
2566 1792 2668 1847 est,
2699 1784 2934 1854 nihilque
2953 1785 3094 1840 illam
3117 1786 3309 1856 poterit
3335 1787 3590 1853 avellere,

2016 1886 2120 1926 non
2158 1872 2458 1939 calumnim,
2491 1889 2595 1927 non
2623 1874 2877 1945 pericula,
2909 1889 3014 1930 non
3041 1884 3259 1944 mortes,
3298 1890 3404 1931 non
3453 1875 3598 1931 aliud

2016 1962 2139 2032 quid
2166 1963 2356 2017 simile.
2386 1962 2603 2020 Etiamsi
2629 1965 2771 2019 enim
2798 1965 2886 2036 qui
2910 1964 2988 2019 sic
3005 1973 3149 2020 amat
3171 1981 3436 2021 mrumuas
3456 1966 3600 2021 mille

2024 2056 2317 2117 pateretur,
2339 2063 2453 2104 non
2473 2047 2773 2115 desisteret,
2793 2064 3012 2106 causam
3036 2054 3242 2109 amoris
3275 2055 3358 2110 sui
3385 2071 3602 2127 semper

2023 2136 2094 2191 ob
2109 2136 2295 2193 oculos
2324 2136 2547 2192 habens.
2567 2136 2700 2192 Nam
2715 2140 2806 2210 qui
2826 2150 2970 2196 amat
2986 2149 3044 2196 ut
3062 2153 3296 2210 ametur,
3317 2143 3362 2198 si
3381 2145 3509 2215 quid
3532 2147 3608 2200 in-

2022 2236 2235 2297 gratum
2254 2227 2478 2289 viderit,
2497 2227 2913 2284 solvitamorem
2936 2248 2948 2284 :
2971 2233 3064 2301 qui
3091 2249 3219 2288 vero
3238 2235 3361 2289 inde
3387 2236 3605 2291 vinctus

2021 2326 2127 2384 est,
2148 2332 2425 2389 nunquam
2464 2317 2725 2372 discedet.
2750 2318 2872 2374 Ideo
2893 2321 3097 2379 Paulus
3120 2323 3336 2380 diccbat
3358 2343 3370 2379 :
3391 2325 3604 2382 Caritas

2023 2424 2305 2478 numquam
2324 2405 2523 2462 excidit
2540 2407 2586 2476 (I
2600 2405 2746 2463 .Cor.
2770 2411 2855 2465 I3.
2874 2411 3101 2479 8).Quid
3122 2415 3267 2468 enim
3286 2416 3465 2470 dicere
3480 2430 3603 2488 pos-

2021 2504 2135 2563 sis?
2168 2520 2235 2558 an
2278 2503 2417 2574 quod
2469 2503 2762 2560 honoratus
2791 2513 2842 2560 te
2870 2505 3190 2561 contumelia
3215 2505 3489 2561 allecerit?
3518 2506 3603 2561 vel

2020 2594 2158 2665 quod
2185 2593 2441 2649 beneﬁcio
2461 2593 2704 2660 allectus,
2760 2603 2812 2649 te
2849 2595 3097 2650 occidere
3126 2595 3395 2650 voluerit?
3429 2595 3532 2651 Sed
3558 2596 3603 2651 si

2019 2693 2236 2755 propter
2262 2683 2530 2739 Christum
2575 2683 2750 2753 diligis
2771 2725 2786 2751 ,
2840 2683 2890 2738 id
2925 2694 2974 2739 te
3015 2684 3082 2739 ad
3113 2685 3368 2754 majorem
3399 2685 3603 2741 inducit

2021 2779 2318 2833 caritatem.
2343 2777 2473 2832 Nam
2501 2793 2618 2846 qua:
2640 2777 2693 2832 in
2722 2778 2839 2834 aliis
2859 2778 3198 2834 dilectionem
3230 2787 3495 2847 evertunt,
3521 2772 3606 2834 hil:

2021 2870 2161 2927 illam
2197 2871 2499 2926 conciliant.
2541 2870 2858 2937 Quomodo?
2886 2870 3086 2937 Primo,
3133 2871 3255 2942 quia
3304 2871 3426 2926 talis
3449 2872 3607 2926 homo

2022 2960 2287 3015 mercedis
2319 2961 2411 3015 tibi
2441 2975 2599 3015 causa
2653 2969 2769 3025 est;
2822 2959 3076 3027 secundo,
3126 2961 3247 3031 quia
3289 2959 3376 3015 ille
3421 2959 3609 3031 majori

2021 3059 2136 3120 eget
2169 3064 2270 3119 ope
2299 3060 2352 3105 et
2377 3050 2689 3105 ministerio.
2726 3049 2924 3105 Idcirco
2956 3051 3043 3120 qui
3082 3050 3159 3105 sic
3188 3059 3351 3119 amat,
3383 3066 3487 3106 non
3517 3065 3607 3122 ge-

2023 3154 2124 3195 nus
2149 3139 2406 3208 explorat,
2455 3156 2562 3195 non
2611 3141 2858 3209 patriam,
2902 3155 3005 3195 non
3036 3139 3268 3205 divitias,
3303 3156 3408 3196 non
3435 3155 3605 3212 quan-

2024 3240 2131 3287 tum
2185 3230 2507 3298 redametur,
2556 3246 2661 3286 non
2709 3231 2850 3286 aliud
2905 3232 3080 3286 simile
3124 3230 3391 3301 quidpiam
3445 3248 3459 3285 :
3509 3230 3603 3286 sed

2023 3321 2228 3377 etiamsi
2255 3320 2377 3377 odio
2401 3322 2681 3388 habeatur,
2731 3321 2938 3377 etiamsi
2969 3322 3285 3377 contumelia
3312 3321 3606 3386 afﬁciatur,

2023 3414 2226 3471 etiamsi
2279 3413 2582 3479 occidatur,
2654 3413 2708 3468 in
2753 3427 2935 3469 amore
2980 3422 3315 3483 perseverat,
3362 3411 3605 3468 idoneam

2026 3506 2226 3561 habens
2254 3504 2463 3559 amandi
2494 3519 2705 3559 causam
2731 3546 2743 3569 ,
2772 3519 3007 3559 amorem
3038 3504 3232 3560 Christi
3255 3520 3268 3557 :
3288 3512 3608 3574 quapmptcr

2025 3597 2090 3651 ad
2124 3595 2267 3650 illum
2295 3595 2587 3665 respiciens
2609 3602 2713 3649 stat
2739 3595 2892 3660 ﬁxus,
2923 3594 3127 3661 lirmus,
3154 3593 3455 3648 immobilis.
3480 3590 3609 3648 Nam

2025 3685 2268 3740 Christus
2299 3684 2374 3738 sic
2399 3683 2583 3737 dilexit
2616 3683 2879 3749 inimicos,
2903 3684 3156 3754 ingratos,
3177 3681 3610 3745 contumeliosos,

2028 3775 2390 3845 blasphemos,
2439 3788 2498 3829 se
2526 3773 2786 3839 odicntes,
2818 3788 2909 3828 eos
2939 3775 3027 3843 qui
3074 3788 3142 3828 ne
3189 3773 3461 3843 respicere
3486 3756 3609 3842 qui-

2027 3867 2147 3923 dem
2173 3868 2322 3922 illum
2348 3866 2697 3930 sustinebant,
2721 3866 2807 3936 qui
2839 3865 2976 3935 ligna
3007 3873 3062 3921 et
3090 3864 3290 3935 lapides
3331 3864 3430 3934 ipsi
3457 3872 3610 3918 ante-

2029 3959 2332 4030 ponebant;
2360 3957 2458 4013 hos
2484 3956 2666 4012 dilexit
2694 3971 2943 4026 suprema
2969 3956 3219 4022 caritate,
3250 3957 3334 4011 cui
3384 3971 3480 4026 par
3526 3955 3610 4009 iu-

2029 4052 2194 4108 veniri
2225 4051 2427 4121 nequit.
2457 4049 2587 4105 Nam
2617 4049 2691 4103 ait
2719 4066 2732 4102 :
2764 4048 3016 4119 Majorem
3061 4050 3155 4101 hac
3180 4049 3439 4102 caritatem
3464 4062 3613 4101 nemo

2031 4144 2209 4207 habet,
2258 4150 2312 4194 ut
2352 4142 2573 4194 animam
2615 4157 2758 4195 ouant
2801 4149 2954 4210 ponat
2995 4141 3104 4210 quis
3153 4156 3245 4208 pro
3282 4140 3458 4192 amicis
3508 4138 3612 4193 suis

2032 4234 2225 4307 (Joan.
2259 4234 2343 4287 l5.
2372 4232 2494 4302 15).
2544 4232 2667 4286 Illos
2704 4246 2830 4287 vero
2871 4231 2960 4301 qui
3008 4231 3176 4301 ipsum
3205 4231 3608 4292 cruciﬁxeruut,

2030 4325 2223 4396 quique
2253 4332 2397 4377 tanto
2440 4323 2616 4378 lurore
2656 4331 2837 4377 contra
2883 4323 3055 4392 ipsum
3100 4322 3451 4387 insanierunt,
3494 4321 3614 4376 vide

2030 4424 2284 4486 quantum
2313 4423 2482 4470 curet.
2534 4414 2666 4469 Nam
2719 4414 2928 4469 Patrem
2969 4415 3262 4485 alloquens,
3309 4414 3386 4469 sic
3417 4413 3485 4468 de
3512 4412 3614 4467 illis

2032 4507 2106 4563 ait
2137 4523 2150 4559 :
2178 4504 2388 4558 Dimitte
2416 4504 2554 4569 illis;
2579 4505 2803 4559 nesciunt
2830 4504 2960 4558 enim
2981 4505 3099 4568 quid
3120 4505 3309 4576 faciunt
3331 4503 3493 4575 (Luc.
3518 4502 3614 4556 25.

2032 4596 2165 4669 54).
2202 4596 2499 4667 Discipulos
2526 4611 2733 4665 quoque
2765 4604 2947 4665 postea
2983 4594 3049 4649 ad
3092 4596 3234 4664 ipsos
3276 4595 3439 4649 misit.
3469 4592 3614 4648 Hanc

2035 4688 2192 4758 igitur
2216 4702 2317 4741 nos
2341 4701 2549 4755 quoque
2575 4687 2850 4741 caritatem
2892 4683 3179 4752 imitemur,
3205 4694 3257 4738 et
3281 4684 3415 4740 hanc
3442 4685 3614 4753 respi-

2034 4777 2255 4840 ciamus,
2284 4787 2343 4830 ut
2371 4777 2665 4830 imitatores
2690 4776 2886 4830 Christi
2915 4775 3110 4840 ell‘ecti,
3134 4785 3186 4830 et
3215 4775 3328 4829 lucc
3359 4784 3414 4829 et
3441 4774 3615 4830 futura

2040 4869 2178 4924 bona
2206 4883 2611 4937 consequamur,
2641 4867 2806 4937 gratia
2838 4876 2893 4923 et
2916 4867 3240 4937 benignitate
3270 4866 3478 4921 Domini
3519 4881 3615 4919 no-

2036 4959 2279 5016 striJesu
2310 4958 2529 5022 Christi,
2573 4959 2658 5013 cui
2692 4959 2856 5037 gloria
2902 4967 2957 5013 et
2991 4958 3270 5029 imperium
3319 4958 3370 5012 in
3424 4959 3616 5013 sicula

2038 5051 2368 5106 Stet-uterum.
2412 5052 2602 5105 Amen.

1584 5270 1927 5334 HOMILIA
1968 5275 2135 5336 LXI.
2182 5277 2268 5336 al.
2312 5276 2505 5336 LXII.

363 5427 489 5488 CM.
520 5430 606 5484 18.
638 5444 692 5483 v.
722 5430 810 5483 2|.
846 5425 983 5481 Tunc
1025 5424 1262 5479 accedens
1312 5422 1379 5475 ad
1425 5422 1566 5475 illum
1624 5421 1802 5477 Petrus
1849 5423 1931 5474 di-

431 5522 504 5575 xit
531 5536 549 5573 :
586 5519 799 5574 Domine
818 5560 832 5583 ,
860 5518 1048 5588 quoties
1080 5514 1297 5585 peccabit
1323 5515 1372 5567 in
1401 5530 1479 5566 me
1506 5516 1662 5583 frater
1688 5530 1823 5566 meus
1844 5554 1857 5576 ,
1888 5521 1931 5565 et

436 5614 683 5666 dimittam
712 5613 795 5668 ei?
821 5625 974 5681 usque
999 5606 1216 5677 septies?
1244 5605 1334 5658 ΞΕ.
1369 5603 1501 5658 Dicit
1531 5605 1573 5657 ei
1598 5604 1746 5658 Jcsns
1765 5645 1783 5671 ,
1817 5602 1933 5657 Non

2110 5424 2223 5477 dico
2263 5424 2349 5477 tibi
2374 5440 2528 5494 usque
2555 5422 2735 5489 septies
2758 5463 2773 5486 ,
2801 5424 2889 5474 sed
2916 5436 3066 5490 usque
3093 5421 3371 5490 septuagies
3409 5417 3606 5489 septies.

2112 5509 2161 5561 l.
2185 5507 2424 5576 Magnum
2447 5505 2572 5576 quid
2594 5520 2652 5559 se
2672 5505 2852 5560 dicere
2876 5506 3091 5573 putabat
3113 5504 3323 5564 Petrus.
3352 5502 3470 5556 ideo
3489 5518 3615 5571 qua-

2041 5598 2085 5654 si
2114 5613 2223 5653 rem
2266 5597 2527 5666 ingentem
2570 5604 2812 5650 statuens
2854 5594 3062 5649 intulit:
3100 5592 3269 5665 Usque
3305 5594 3526 5662 septies?
3557 5592 3614 5647 Id
