4074 6144
442 233 540 288 580

443 347 578 418 quod
606 347 779 402 facere
804 345 1009 416 jussisti
1029 388 1043 412 ,
1078 344 1243 413 inquit
1269 383 1283 409 ,
1313 344 1522 412 quoties
1551 340 1738 394 faciam
1758 338 1783 390 ?
1810 336 1940 391 Nam
1969 334 2012 387 si

444 453 651 508 semper
693 439 1028 508 peccaverit,
1081 449 1329 504 sameque
1372 433 1602 486 monitus
1644 428 2010 500 paenitentiam

443 530 639 600 egerit,
673 529 885 599 quoties
911 529 1022 582 lucc
1048 542 1146 582 nos
1175 527 1402 580 tolerare
1428 521 1622 593 iubes?
1652 522 1730 576 Illi
1756 520 1895 575 enim
1924 518 2013 588 qtti

443 634 538 674 nec
559 620 923 690 pmuitentiam
947 620 1073 688 agit,
1097 632 1196 671 nec
1212 617 1442 685 seipsnm
1466 614 1704 677 damnat,
1730 612 2014 666 terminum

442 713 696 782 posuisti,
727 710 910 765 dicens
935 729 947 764 :
990 710 1071 765 Sit
1096 710 1184 763 tibi
1211 709 1358 778 quasi
1385 707 1610 761 ethnicus
1639 715 1687 759 et
1716 704 2015 774 publicanus

443 803 649 874 (Matth.
672 804 895 874 18.17);
920 804 1041 857 huic
1063 818 1189 857 vero
1214 817 1318 855 non
1347 802 1495 865 item,
1519 799 1610 855 sed
1632 798 1837 868 jussisti
1863 799 2011 853 illum

442 897 664 952 admitti.
689 897 908 966 Quoties
932 898 1092 967 igitur
1114 897 1286 966 ipsum
1313 894 1479 950 feram
1503 894 1803 949 convictum
1825 902 1876 948 et
1902 909 2014 961 poe-

441 990 734 1044 nitentem'!
755 988 1014 1043 suftlcitne
1060 1003 1224 1055 usque
1267 987 1496 1056 septies?
1522 987 1656 1054 Quid
1678 987 1838 1057 igitur
1858 986 2013 1041 Chri—

442 1090 552 1134 stus
580 1080 841 1146 benignus
867 1078 956 1133 ille
986 1087 1047 1139 et,
1069 1078 1241 1132 bonus
1318 1079 1464 1134 Deus
1493 1079 1509 1110 ¹
1537 1078 1561 1130 ?
1638 1076 1759 1131 Non
1789 1076 1900 1130 dico
1928 1076 2016 1130 tibi

441 1187 594 1241 usque
617 1171 799 1239 septies
819 1187 837 1223 :
867 1172 955 1224 sed
978 1185 1134 1239 usque
1158 1169 1439 1239 septuagies
1454 1170 1656 1239 septies.
1688 1168 1803 1222 Non
1826 1184 2012 1223 nume-

441 1278 558 1317 rnm
609 1262 791 1317 statuit
835 1261 955 1326 hic,
1001 1260 1097 1319 sed
1139 1259 1370 1328 inﬁnite,
1425 1270 1680 1330 perpetuo
1720 1271 1772 1314 et
1802 1275 2014 1328 semper

442 1354 695 1418 denotat;
741 1353 877 1407 sicut
901 1352 1041 1406 enim
1072 1352 1264 1406 millies
1304 1367 1447 1422 smpe
1492 1352 1687 1420 smpius
1716 1351 2011 1421 signiﬁcat,

441 1444 509 1497 ita
531 1451 586 1497 ct
609 1442 805 1497 dictum
828 1442 1092 1511 superius.
1125 1440 1255 1496 Illud
1282 1442 1425 1496 enim
1451 1459 1465 1494 :
1499 1440 1699 1497 Slerilis
1727 1443 1915 1512 peperit
1937 1458 2015 1495 se-

440 1547 571 1603 ptem
614 1532 706 1606 (l.
738 1532 860 1605 Reg.
893 1534 946 1588 2.
975 1534 1078 1603 5),
1110 1533 1177 1589 de
1219 1533 1398 1587 multis
1430 1534 1478 1587 in
1508 1533 1779 1603 Scriptura
1811 1534 2009 1587 intelli-

437 1628 597 1695 g'tur.
625 1623 808 1694 Itaque
832 1624 1200 1679 remissionem
1234 1640 1337 1678 non
1366 1640 1587 1679 numero
1607 1624 1887 1687 conclusit,
1918 1625 2012 1680 sed

439 1725 695 1785 perpetuo
743 1723 797 1770 et
843 1728 1056 1785 semper
1108 1714 1506 1769 concedendam
1564 1714 1868 1784 signiﬁcat:
1912 1716 2015 1771 hoc

440 1809 582 1861 enim
614 1823 706 1876 per
732 1818 1040 1878 sequentem
1074 1808 1373 1878 parabolam
1406 1807 1623 1863 indicat.
1645 1807 1722 1863 Ne
1746 1808 2016 1863 videretur

438 1897 580 1953 enim
613 1914 862 1969 magnum
888 1899 1013 1969 quid
1045 1910 1098 1954 et
1125 1915 1411 1955 onerosum
1442 1902 1731 1971 praecipere
1760 1902 2012 1969 dicendo,

439 1992 741 2061 Septuagies
783 1993 979 2062 septies,
1015 1992 1218 2047 addidit
1247 1993 1383 2048 hanc
1417 1995 1741 2064 parabolam,
1775 1996 1927 2051 simul
1963 1997 2011 2051 id

437 2081 582 2150 quod
610 2082 819 2137 dixerat
847 2083 1120 2139 insinuans
1138 2125 1154 2151 ,
1185 2092 1239 2139 et
1262 2098 1385 2139 eum
1415 2085 1500 2154 qui
1531 2085 1631 2140 hac
1654 2086 1722 2141 de
1748 2102 1904 2141 causa
1932 2087 2009 2140 al-

440 2180 551 2225 tntn
587 2180 799 2242 saperet
826 2174 1156 2242 reprimens,
1199 2174 1590 2244 ostendensque
1623 2192 1731 2231 rem
1761 2190 1866 2231 non
1896 2191 2014 2231 esse

437 2262 688 2328 arduam,
720 2263 825 2317 imo
856 2264 1007 2319 valde
1036 2263 1265 2321 facilem.
1300 2266 1423 2321 Ideo
1453 2268 1830 2336 benignitatem
1861 2284 2010 2323 suam

438 2353 489 2407 in
533 2353 765 2408 medium
803 2354 1059 2422 adduxit,
1095 2365 1154 2411 ut
1188 2371 1254 2411 ex
1291 2359 1686 2428 comparatione
1723 2359 1931 2423 discas,
1965 2371 2015 2415 te

437 2446 680 2514 quamvis
706 2447 1006 2517 septuagies
1031 2451 1228 2517 septies
1258 2448 1522 2514 dimittas,
1552 2449 1659 2504 imo
1684 2451 1863 2504 omnia
1888 2466 2013 2520 pce-

438 2545 557 2590 cata
601 2537 844 2607 proximo
883 2552 1094 2608 semper
1127 2539 1400 2596 condones
1420 2582 1433 2605 ,
1462 2541 1609 2610 quasi
1638 2541 1833 2594 stillam
1865 2557 2016 2610 aqua:

441 2626 627 2695 pelago
655 2636 1010 2694 comparatam
1032 2670 1047 2695 ,
1081 2628 1187 2682 imo
1227 2628 1385 2700 longe
1413 2630 1673 2684 minorem
1702 2643 1822 2684 esse
1849 2630 2013 2684 mise-

437 2715 722 2771 ricordiam
753 2717 931 2782 illam,
962 2718 1005 2772 si
1032 2734 1156 2775 cum
1186 2720 1444 2774 immensa
1478 2721 1570 2774 Dei
1601 2720 1837 2775 bonitate
1865 2736 2015 2774 com-

438 2814 658 2876 paretur
680 2848 695 2873 ,
729 2823 830 2877 qua
862 2822 996 2879 opus
1035 2808 1232 2875 habes,
1266 2825 1385 2865 cum
1428 2810 1624 2867 debeas
1664 2812 1718 2866 in
1755 2811 2015 2879 judicium

437 2895 629 2950 abduci
651 2904 704 2950 et
723 2898 955 2953 rationes
976 2899 1215 2955 reddere.
1243 2900 1366 2955 Ideo
1393 2901 1668 2971 subjunxit
1695 2920 1707 2955 :
1739 2901 1827 2959 25.
1858 2902 2018 2957 Sinti-

439 2987 485 3040 le
514 2996 586 3042 est
607 3005 814 3059 regnum
840 2992 1077 3045 cazlorum
1102 2992 1293 3045 homini
1319 2994 1445 3064 regi,
1476 2994 1563 3063 qui
1588 2993 1743 3048 voluit
1768 2995 2016 3048 rationem

440 3098 626 3149 ponere
645 3098 759 3135 cum
787 3085 937 3137 servis
963 3087 1086 3138 suis.
1117 3084 1212 3139 24.
1243 3086 1308 3138 Et
1334 3102 1448 3139 cum
1475 3086 1699 3155 «cpisset
1724 3103 1907 3157 ponere
1928 3103 2013 3140 ra-

439 3176 645 3235 tionem,
672 3176 866 3230 oblatus
891 3185 960 3230 cst
984 3178 1026 3230 ei
1056 3194 1187 3230 unus
1207 3178 1294 3247 qui
1325 3178 1529 3231 debebat
1558 3177 1726 3232 decem
1757 3179 1916 3233 millia
1940 3190 2014 3232 ta-

438 3265 591 3317 lenta.
623 3264 712 3320 25.
746 3264 864 3319 Non
890 3266 1105 3321 habente
1130 3278 1299 3321 autem
1327 3284 1384 3321 eo
1412 3268 1544 3323 unde
1574 3268 1802 3323 redderet
1826 3310 1839 3332 ,
1863 3271 2016 3339 jussit

438 3356 584 3408 vendi
615 3372 727 3409 eum
746 3398 759 3423 ,
791 3367 838 3410 et
864 3374 1071 3411 uxorem
1096 3360 1116 3391 ²
1147 3368 1193 3412 et
1223 3359 1355 3427 ﬁlios
1384 3368 1430 3413 et
1458 3361 1627 3412 omnia
1656 3376 1766 3429 qua:
1795 3360 2010 3416 haberet.

439 3447 641 3502 Deinde
657 3464 776 3503 cum
800 3449 1219 3505 miscricordiam
1238 3451 1569 3519 impetrasset
1595 3451 1703 3513 ille,
1723 3451 1812 3505 28.
1838 3450 2018 3520 Egres-

437 3556 522 3592 sus
550 3556 838 3594 conservum
875 3541 1131 3597 debentem
1157 3542 1251 3596 sibi
1292 3554 1485 3596 centum
1532 3543 1762 3597 denarios
1789 3542 2014 3609 stt/foca-

438 3630 564 3695 bat;
601 3647 765 3700 quare
793 3641 1090 3687 commotus
1130 3633 1410 3701 dominus,
1459 3636 1629 3705 ipsum
1662 3636 1712 3689 in
1741 3652 2012 3692 carcerem

436 3723 629 3792 conjici
656 3723 833 3792 jussit,
865 3724 1036 3781 donec
1068 3734 1233 3780 totum
1264 3727 1512 3781 solveret.
1547 3727 1727 3781 Viden‘
1756 3737 2007 3797 quantum

436 3817 504 3869 sit
531 3814 817 3872 discrimen
845 3817 982 3873 inter
1009 3825 1223 3888 peccata
1250 3819 1302 3871 in
1333 3818 1623 3885 hominem,
1652 3831 1704 3873 et
1732 3821 1780 3872 itt
1812 3821 2010 3874 Deum?

436 3905 703 3973 Quantum
721 3908 923 3964 scilicet
943 3909 1226 3964 discrimen
1257 3912 1393 3965 inter
1407 3910 1590 3965 decem
1612 3912 1771 3965 millia
1792 3911 2005 3978 talenta,

436 4009 487 4057 et
512 4009 725 4056 centum
747 4000 1022 4067 denarios;
1052 4003 1159 4057 imo
1193 4003 1360 4057 multo
1387 4003 1574 4072 majus.
1604 4001 1660 4056 Id
1686 4011 1861 4057 autem
1889 4018 2010 4057 eve-

437 4095 511 4145 nit
546 4101 656 4146 tum
683 4107 746 4147 ex
778 4092 1074 4148 differentia
1108 4109 1453 4164 personarum
1475 4138 1488 4159 ,
1524 4104 1630 4149 tum
1661 4110 1724 4149 ex
1760 4103 2006 4164 peccato-

435 4200 554 4240 rum
587 4184 899 4254 frequentia.
927 4186 1153 4241 lIomine
1184 4203 1410 4256 namque
1436 4186 1644 4241 vidente
1667 4228 1679 4252 ,
1712 4201 2005 4251 cessamus,

434 4292 534 4331 nec
562 4292 784 4344 peccare
815 4277 1105 4342 audemus;
1143 4279 1250 4332 Deo
1278 4288 1452 4333 autem
1492 4278 1728 4348 quotidie
1759 4277 2004 4343 vidente,

437 4384 542 4420 non
576 4382 822 4422 verentur
843 4409 856 4433 ,
887 4368 992 4422 imo
1018 4369 1177 4422 etiam
1206 4369 1382 4421 omnia
1424 4368 1683 4438 intrepide
1711 4367 1934 4422 facimus
1956 4378 2009 4421 et

433 4456 677 4510 dicimus.
710 4457 889 4527 Neque
917 4458 1039 4511 hinc
1066 4459 1223 4513 modo
1244 4501 1256 4522 ,
1286 4459 1377 4513 sed
1403 4460 1560 4512 etiam
1591 4473 1621 4512 a
1651 4460 1929 4514 beneﬁciis
1956 4469 2009 4513 ct

432 4549 499 4603 ab
533 4547 735 4603 honore
763 4565 871 4619 quo
900 4549 1122 4603 fruimur
1149 4550 1389 4619 graviora
1431 4558 1643 4617 peccata
1687 4549 2001 4604 redduntur.

434 4638 501 4693 Et
529 4640 571 4693 si
618 4639 825 4695 discere
866 4640 1062 4706 vultis,
1095 4639 1361 4709 quomodo
1403 4639 1509 4693 sint
1552 4639 1714 4692 millia
1764 4639 1961 4693 talenta
1987 4680 2001 4705 ,

434 4727 540 4781 imo
569 4730 733 4784 multo
761 4731 911 4799 plura
944 4730 994 4783 in
1040 4730 1204 4783 Deum
1254 4738 1463 4799 peccata
1487 4768 1499 4790 ,
1531 4727 1582 4782 id
1613 4729 1793 4796 paucis
1823 4731 2000 4796 expri-

432 4834 578 4874 mere
594 4829 847 4890 satagam.
878 4820 981 4875 Sed
1002 4822 1163 4875 timeo
1185 4835 1251 4874 ne
1268 4819 1351 4884 iis,
1377 4819 1464 4887 qui
1485 4817 1550 4871 ad
1571 4817 1857 4886 nequitiam
1881 4831 2006 4886 pro-

433 4910 486 4963 ni
515 4925 667 4973 sunt,
697 4911 892 4980 quique
933 4912 1237 4981 frequenter
1279 4918 1535 4978 peccant,
1568 4908 1821 4977 majorem
1863 4923 2002 4977 prae-

432 5003 584 5059 beam
618 5004 915 5068 licentiam,
953 5020 1082 5058 neve
1113 5004 1461 5058 modestiores
1491 5004 1543 5057 in
1574 5002 2001 5067 desperationem

432 5095 709 5163 conjiciam
728 5137 741 5159 ,
764 5105 819 5149 et
848 5112 913 5148 ne
942 5095 1163 5164 idipsutn
1195 5095 1332 5164 quod
1361 5094 1601 5163 discipuli
1628 5094 1806 5148 dicant
1830 5111 1841 5146 :
1877 5092 2001 5159 Quis

429 5196 586 5255 potest
614 5187 797 5241 salvari
818 5186 1097 5258 (Maralﬁ.
1115 5187 1231 5258 26)?
1249 5187 1597 5241 Nihilominus
1618 5195 1789 5240 tamen
1809 5185 2002 5251 dicant,

428 5289 485 5331 ut
517 5293 610 5331 eos
631 5279 718 5347 qui
745 5278 1021 5332 attendunt
1050 5278 1346 5333 securiores
1372 5287 1422 5331 et
1451 5279 1842 5333 mansuetiores
1876 5277 1999 5331 red.

426 5366 571 5427 dant.
602 5367 730 5421 Nam
754 5369 838 5437 qui
866 5367 1141 5421 incurabili
1174 5368 1357 5421 morbo
1385 5368 1625 5424 laborant
1651 5378 1703 5423 et
1732 5369 1852 5424 sine
1883 5383 2004 5423 sen-

476 5545 495 5578 ί
525 5546 633 5605 Alii,
659 5545 816 5597 Bonus
842 5539 1088 5596 Dominus.

478 5609 500 5643 τ
525 5608 694 5657 Morel.
725 5623 868 5667 male,
894 5608 1042 5673 jus-5i!
1067 5606 1204 5657 randi
1233 5620 1448 5660 uxorem.

1461 223 1529 280 IN
1568 218 1976 279 ΜᾹΤΤΙΙᾸΞΕΜ
2022 218 2249 275 IIOMIL.
2292 220 2425 276 LXI.
2469 222 2536 277 al.
2580 220 2738 276 LXII.

3589 219 3698 275 $90

2125 350 2185 392 su
2211 349 2349 404 sunt,
2382 339 2529 394 hisce
2557 339 2686 394 nihil
2715 339 2937 410 permoti
2969 340 3291 407 rationibus,
3323 356 3352 395 a
3383 340 3610 413 nequitia
3637 355 3693 399 et

2122 429 2326 498 ignavia
2348 445 2441 485 sua
2471 447 2573 486 non
2602 432 2884 499 recedunt;
2915 434 2959 488 si
2987 442 3161 489 autem
3191 433 3313 488 inde
3338 434 3593 503 majorem
3617 452 3698 491 su-

2122 531 2267 575 mant
2312 522 2643 592 negligentia:
2692 526 3023 579 occasionem
3046 566 3061 588 ,
3098 524 3147 578 id
3181 539 3285 579 non
3324 523 3478 579 dictis
3508 524 3696 594 hujus-

2122 613 2287 678 modi,
2310 613 2402 668 sed
2425 629 2608 668 eorum
2632 615 2901 669 stoliditati
2926 615 3259 671 tribuendum
3284 625 3366 672 est
3388 634 3399 669 :
3428 632 3547 686 quae
3569 632 3696 672 vero

2120 702 2398 769 dicentur,
2442 713 2670 761 attentos
2710 708 3000 774 reprimere
3024 714 3079 761 et
3114 706 3181 761 ad
3226 707 3691 776 compunctionem

2121 796 2383 852 deducere
2427 807 2707 867 poterunt;
2751 801 3132 855 mansuetiores
3161 816 3289 854 vero
3309 844 3323 866 ,
3351 816 3471 855 cum
3505 816 3690 870 pecca—

2123 898 2293 944 torum
2323 891 2516 945 molem
2545 892 2791 958 viderint,
2822 902 2875 946 et
2900 893 3004 946 vim
3034 894 3359 962 paenitentiae
3384 893 3691 954 didicerint.

2121 979 2219 1051 ipsi
2249 982 2415 1051 magis
2434 982 2633 1037 dabunt
2660 998 2875 1052 Operam
2904 1001 2917 1037 :
2950 984 3173 1053 ideoque
3200 984 3327 1039 illud
3355 985 3533 1040 dicere
3560 1001 3683 1053 ope-

2120 1088 2195 1127 ra:
2238 1075 2463 1144 pretium
2493 1073 2668 1130 fuerit.
2719 1074 2989 1129 Proferam
3032 1090 3160 1129 vero
3191 1085 3403 1144 peccata
3425 1118 3439 1142 ,
3466 1085 3519 1130 et
3545 1092 3690 1145 quae-

2118 1181 2346 1235 cumque
2374 1166 2424 1219 in
2459 1165 2621 1219 Deum
2649 1206 2663 1229 ,
2693 1174 2746 1219 et
2776 1180 3120 1235 qumcumque
3147 1165 3199 1218 iu
3228 1164 3470 1219 homines
3499 1180 3690 1235 perpe-

2122 1267 2320 1313 tratnus
2347 1276 2360 1311 :
2393 1274 2496 1311 non
2524 1258 2732 1328 propria
2759 1273 2949 1327 ponam
2966 1299 2981 1324 ,
3005 1256 3096 1312 sed
3118 1258 3451 1322 communia;
3483 1257 3690 1326 propria

2119 1358 2295 1405 autem
2328 1350 2578 1419 deinceps
2605 1365 2669 1406 ex
2697 1351 3020 1404 conscientia
3051 1363 3144 1403 sua
3175 1349 3367 1417 singuli
3394 1349 3608 1404 addent.
3634 1348 3690 1404 Id

2120 1458 2246 1496 vero
2293 1441 2512 1507 faciam,
2555 1451 2832 1511 postquam
2884 1441 2975 1496 Dei
3024 1442 3281 1497 beneﬁcia
3330 1456 3688 1512 pra'posuero.

2119 1534 2247 1600 Qum
2272 1542 2395 1587 sunt
2415 1549 2544 1604 ergo
2566 1534 2657 1588 Dei
2682 1533 2980 1589 beneﬁcia?
3005 1533 3122 1603 Ipse
3144 1531 3267 1587 fecit
3292 1547 3387 1585 nos
3408 1549 3469 1586 ex
3493 1532 3658 1586 nihilo
3676 1574 3689 1598 ,

2119 1628 2345 1682 visibilia
2374 1629 2550 1681 omnia
2580 1636 2798 1696 propter
2829 1640 2924 1680 nos
2952 1624 3216 1691 condidit,
3250 1625 3438 1680 caelum
3457 1668 3470 1689 ,
3503 1640 3649 1679 mare
3672 1665 3686 1687 ,

2122 1728 2336 1786 terram,
2366 1734 2565 1783 aerem,
2593 1728 2644 1773 et
2671 1733 2789 1786 qua:
2816 1719 2865 1771 in
2898 1717 2962 1772 iis
2988 1717 3328 1771 continentur
3355 1717 3553 1778 omnia,
3580 1715 3690 1769 ani-

2119 1811 2308 1875 malia,
2354 1811 2595 1878 plantas,
2643 1809 2884 1871 semina;
2925 1822 3047 1861 nam
3093 1806 3339 1861 brevitati
3373 1804 3692 1860 studendum

2119 1903 2189 1957 ob
2215 1903 2525 1956 immensam
2548 1915 2771 1970 operum
2798 1899 3026 1968 copiam.
3054 1898 3299 1952 Animam
3328 1897 3593 1951 viventem
3612 1904 3692 1949 ta-

2120 1995 2222 2048 lem
2271 1993 2424 2047 nobis
2468 2001 2671 2047 tantum
2722 1991 3029 2061 inspiravit,
3065 1989 3363 2060 paradisum
3396 1989 3692 2057 plantavit,

2119 2086 2428 2154 adiutricem
2447 2084 2586 2139 dedit
2611 2094 2664 2139 et
2688 2084 2738 2137 in
2770 2084 2920 2138 bruta
2947 2081 3234 2136 animantia
3261 2080 3558 2150 imperium.
3578 2080 3691 2150 glo-

2119 2178 2195 2231 ria
2222 2187 2274 2232 et
2306 2176 2506 2231 honore
2535 2175 2828 2230 coronavit.
2872 2173 3076 2228 Deinde
3117 2173 3416 2238 hominem,
3448 2171 3538 2241 qui
3567 2185 3690 2240 erga

2122 2270 2513 2326 benefactorem
2559 2284 2713 2325 suum
2758 2269 2994 2339 ingratus
3022 2275 3300 2332 evaserat,
3331 2264 3521 2334 majori
3550 2262 3691 2318 dono

2119 2365 2360 2433 dignatus
2388 2373 2491 2420 est.

2190 2455 2247 2509 2.
2289 2454 2455 2521 Culpa
2477 2454 2660 2507 Adami
2680 2461 2976 2524 quanlorttm
2994 2469 3146 2507 causa
3172 2452 3436 2505 bonarum.
3472 2448 3692 2502 Militum

2120 2562 2301 2600 mores.
2322 2546 2583 2614 Artiﬁcum
2618 2546 2839 2617 fraudes.
2856 2574 2925 2584 —-
2938 2544 3012 2599 Ne
3026 2544 3126 2598 hoc
3145 2552 3192 2597 ta
3204 2551 3348 2596 otum
3364 2539 3691 2604 consideres,

2120 2635 2259 2706 quod
2279 2635 2493 2704 cjecerit
2510 2650 2573 2688 ex
2596 2633 2960 2703 paradiso,sed
2981 2635 3183 2688 Iucnnn
3205 2631 3328 2685 inde
3348 2640 3551 2700 partum
3575 2642 3692 2697 pers

2120 2726 2312 2797 pettdc.
2332 2726 2619 2795 Postquam
2637 2725 2777 2780 enim
2795 2726 2950 2794 ejccit
2966 2740 3030 2779 ex
3051 2723 3375 2793 paradiso,et
3391 2719 3592 2775 inﬁnita
3608 2719 3692 2773 illa

2120 2820 2258 2875 bona
2288 2818 2507 2887 largitus
2530 2827 2612 2873 est
2639 2816 3073 2886 meonomiasqne
3099 2816 3290 2878 varias,
3315 2813 3507 2868 Filium
3535 2826 3689 2865 suum

2120 2911 2264 2967 misit
2282 2925 2376 2980 pro
2393 2910 2457 2965 iis
2472 2909 2558 2979 qui
2578 2908 2849 2964 beneﬁciis
2864 2907 3036 2963 affecti
3060 2908 3229 2974 ipsum
3247 2904 3490 2967 oderant,
3505 2902 3690 2958 ctelutn

2121 3006 2275 3060 nobis
2295 3004 2579 3073 aperuit,et
2599 3001 2896 3072 paradisum
2914 3000 3085 3069 ipsum
3112 2995 3488 3065 expandit,nos
3519 2994 3690 3049 inimi-

2119 3097 2471 3166 eo:,ingratos
2493 3094 2627 3149 ﬁlios
2642 3093 2836 3149 eITecit.
2856 3090 2975 3145 Ideo
2987 3105 3124 3145 nunc
3138 3096 3436 3159 opportune
3452 3087 3656 3140 dicatur
3673 3102 3687 3139 :

2123 3188 2168 3242 ο
2184 3188 2400 3241 altitudo
2427 3186 2712 3241 divitiarum
2743 3194 2789 3238 et
2814 3185 3077 3255 sapientia!
3096 3191 3140 3236 et
3160 3182 3379 3235 scientia:
3400 3178 3492 3232 Dei
3511 3179 3686 3248 (Rom.

2120 3280 2322 3351 H.153)!
2343 3279 2593 3347 Deditque
2611 3278 2762 3332 nobis
2775 3276 3028 3346 baptisma
3049 3275 3100 3328 in
3120 3273 3485 3329 remissionem
3504 3284 3688 3340 pecca-

2120 3369 2513 3440 torum,eripuit
2528 3384 2556 3421 a
2574 3365 3098 3438 suppliciis,heredes
3116 3365 3258 3433 regni
3276 3361 3685 3426 constituit,mil-

2119 3461 2187 3515 lia
2220 3460 2458 3529 promisit
2483 3461 2618 3513 bona
2650 3467 2793 3514 recte
2822 3456 3099 3528 agentibus
3122 3497 3136 3522 ,
3164 3469 3375 3510 manum
3397 3452 3633 3523 porrexit
3661 3494 3678 3520 ,

2118 3552 2479 3621 Spiritumque
2501 3550 2687 3604 infudit
2717 3550 2767 3604 in
2799 3549 2959 3604 corda
2990 3558 3188 3603 nostra.
3221 3547 3359 3615 Quid
3386 3547 3544 3615 igitur
3566 3555 3686 3615 post

2118 3653 2199 3699 tot
2220 3652 2466 3713 tantaque
2496 3641 2672 3696 bona?
2699 3640 2967 3711 quomodo
3004 3653 3103 3694 nos
3142 3638 3360 3693 allectos
3384 3652 3503 3693 esse
3532 3653 3688 3707 opor-

2117 3733 2297 3789 teret?
2327 3749 2452 3788 num
2504 3733 2546 3786 si
2588 3731 2823 3802 quotidie
2853 3731 3143 3785 moriamur
3188 3744 3284 3798 pro
3333 3729 3445 3794 illo,
3476 3730 3565 3797 qui
3594 3744 3691 3782 nos

2117 3834 2321 3880 tantum
2363 3825 2551 3894 diligit.
2595 3824 2885 3891 condignas
2934 3822 3151 3891 gratias,
3182 3821 3291 3874 imo
3319 3819 3400 3874 vel
3428 3819 3687 3873 tantillum

2114 3918 2276 3974 debiti
2305 3916 2630 3972 referemus?
2676 3914 3018 3983 Nequaquam
3050 3928 3062 3963 :
3093 3925 3212 3964 nam
3252 3909 3379 3965 illud
3431 3911 3588 3964 etiam
3638 3910 3690 3965 in

2116 4011 2319 4064 lucrum
2347 4007 2498 4061 nobis
2527 4005 2687 4061 cedit.
2715 4005 2993 4073 Quomodo
3019 4004 3175 4073 igitur
3191 4003 3359 4058 allecti
3378 4017 3581 4070 sumus,
3600 4004 3687 4071 qui

2115 4102 2184 4156 ita
2210 4100 2344 4154 afﬁci
2374 4099 2725 4154 deberemus?
2760 4096 3008 4165 Quatidie
3050 4098 3191 4166 leges
3233 4094 3349 4164 ejus
3404 4094 3684 4148 violamus.

2114 4194 2311 4249 Verum
2343 4206 2408 4247 ne
2429 4191 2643 4261 indigne
2673 4189 2876 4254 feratis,
2900 4189 2941 4242 si
2969 4187 3297 4257 peccantium
3320 4185 3554 4253 linguam
3573 4200 3690 4253 pcr-

2113 4286 2377 4340 strinxero
2411 4302 2422 4337 :
2465 4297 2570 4338 non
2599 4283 2741 4337 enim
2762 4296 2858 4336 vos
2893 4281 3072 4335 incuso
3103 4288 3325 4343 tantum,
3357 4277 3448 4333 sed
3486 4285 3541 4331 et
3572 4292 3686 4332 me-

2113 4378 2305 4447 ipsum.
2344 4374 2623 4432 Undenam
2652 4373 2812 4427 vultis
2858 4371 3106 4441 incipiam
3131 4371 3154 4424 ?
3178 4386 3242 4425 an
3274 4384 3302 4423 a
3334 4369 3536 4424 servis?
3562 4385 3627 4422 an
3658 4385 3686 4422 a

2112 4469 2292 4523 liberis
2316 4469 2339 4521 ?
2359 4482 2387 4520 a
2419 4466 2712 4521 militibus?
2745 4480 2773 4518 a
2797 4464 3016 4533 privatis
3050 4463 3387 4517 hominibus?
3415 4475 3442 4513 a
3487 4459 3686 4530 primi-

2112 4558 2304 4629 pihus?
2347 4572 2373 4610 a
2417 4556 2677 4611 subditis?
2702 4571 2730 4609 a
2762 4554 3102 4609 mulieribus?
3129 4568 3157 4605 a
3187 4552 3348 4606 viris?
3372 4566 3400 4605 a
3430 4551 3688 4605 senibus?

2111 4666 2141 4704 a
2162 4648 2442 4719 juvenibus
2466 4648 2521 4699 1?
2542 4662 2571 4700 a
2600 4663 2702 4715 qua
2728 4646 2921 4700 aetate?
2955 4660 2983 4698 a
3010 4659 3116 4714 quo
3152 4642 3381 4713 genere?
3404 4657 3433 4696 a
3472 4657 3572 4711 qua
3600 4642 3682 4693 di-

2110 4739 2350 4810 gnitate?
2376 4753 2403 4792 a
2431 4752 2535 4808 quo
2564 4736 2771 4791 studio?
2806 4735 3040 4789 Voltisne
3064 4749 3092 4788 a
3121 4733 3374 4787 militibus
3403 4731 3687 4799 incipiam?

2111 4832 2168 4885 In
2198 4839 2326 4901 quot
2354 4838 2567 4900 peccata
2597 4827 2649 4880 lti
2683 4826 2917 4895 quotidie
2939 4840 3041 4879 non
3076 4824 3366 4893 proruunt?
3394 4821 3683 4877 Contume—

2114 4925 2213 4978 lias
2242 4934 2296 4976 et
2322 4921 2555 4975 convicia
2586 4919 2837 4976 inferunt,
2869 4918 3157 4975 insaniunt.
3191 4914 3376 4967 alienis
3407 4912 3681 4967 calamita-

2114 5012 2251 5067 tibus
2305 5012 2654 5072 delcctantur,
2707 5008 2844 5077 lupis
2893 5005 3114 5069 similes,
3145 5003 3347 5058 scelere
3399 5016 3681 5069 numquam

2111 5104 2258 5158 vacoi
2283 5145 2295 5166 ,
2328 5102 2425 5154 nisi
2469 5101 2586 5169 quis
2617 5098 2809 5152 dixerit
2834 5112 2980 5151 mare
3006 5095 3251 5150 ﬂuctibus
3295 5109 3502 5148 vacare.
3553 5093 3681 5159 Quae

2110 5196 2269 5248 animi
2293 5193 2547 5262 aegritudo
2578 5207 2683 5244 non
2713 5190 2831 5243 illos
2860 5186 3137 5257 exagitat?
3163 5186 3279 5255 quis
3309 5185 3528 5238 morbus
3574 5200 3677 5235 non

2108 5291 2338 5342 animam
2371 5286 2603 5352 ipsorum
2634 5282 2886 5337 obsidet?
2907 5279 3223 5348 .IEqualihus
3246 5276 3385 5330 enim
3410 5272 3669 5337 invident,

2110 5392 2257 5431 vanze
2282 5375 2461 5445 glorim
2485 5374 2696 5427 student
2720 5390 2734 5436 ;
2767 5371 3004 5425 subditos
3031 5368 3128 5423 sibi
3157 5382 3314 5420 avare
3339 5363 3673 5430 defrattdant,

2111 5471 2174 5527 iis
2214 5470 2302 5540 qui
2329 5468 2534 5537 litigant
2561 5475 2615 5520 et
2653 5465 2716 5519 ad
2741 5479 2799 5520 se
2827 5464 2976 5534 quasi
3004 5462 3067 5518 ad
3097 5471 3306 5532 portum
3332 5455 3659 5528 confugiunt,

2179 5627 2192 5658 ⁸
2231 5621 2415 5684 Morel.,
2440 5635 2466 5670 :3
2483 5620 2665 5684 pueris.
