4074 6144
294 273 303 280 .
360 224 460 281 531

366 338 544 397 hostili
568 346 623 392 et
657 333 869 408 perjuro
898 332 1076 388 animo
1094 339 1233 385 sunt.
1258 331 1397 397 Quot
1415 326 1552 395 apud
1571 324 1690 380 illos
1712 319 1947 394 rapinae?

364 440 493 500 quot
525 427 776 486 fraudes?
802 436 931 497 quot
972 424 1357 496 sycophantim,
1383 430 1438 475 et
1473 416 1822 473 fraudulenta:
1853 430 1948 470 nc-

366 521 734 594 gotiationes?
769 526 901 589 quot
951 515 1287 570 adulationes
1335 508 1605 567 serviles?
1657 506 1897 578 Agedum
1926 546 1944 571 ,

364 613 562 670 Christi
590 614 759 684 legem
788 609 1008 679 singulis
1026 617 1271 676 aptemus
1303 623 1317 659 :
1351 603 1452 670 Qui
1468 603 1650 657 dixerit
1669 600 1820 670 fratri
1832 616 1941 664 suo,

376 702 561 769 Fatue,
592 719 705 756 reus
726 701 818 756 erit
843 699 1082 770 gehcrtna
1100 697 1248 768 ignis.
1270 695 1369 761 Qui
1388 693 1661 765 respexerit
1688 692 1946 745 mulierem

370 797 439 852 ad
462 792 915 866 concupiscendum
941 808 1072 859 eam,
1090 792 1203 860 jam
1234 789 1505 844 masc/tatus
1530 797 1600 842 est
1622 804 1731 841 eam
1760 787 1811 841 in
1834 802 1948 840 cor-

367 893 431 945 de
467 905 578 945 suo.
640 885 757 941 Nisi
800 884 913 955 quis
940 883 1279 937 Immiliaverit
1304 898 1358 935 se
1395 882 1524 935 sicut
1550 880 1813 952 parvulus,
1845 894 1946 932 non

367 981 575 1034 intrabit
616 983 669 1033 in
707 992 917 1049 regnum
945 975 1187 1030 cwlorum
1218 972 1431 1043 (Matth.
1464 972 1516 1028 5.
1547 971 1637 1025 22.
1664 971 1753 1025 23.
1780 978 1826 1024 et
1858 969 1942 1025 l8.

365 1072 444 1141 4).
477 1069 537 1124 lli
568 1085 692 1123 vero
722 1066 1025 1137 arrogantia
1057 1073 1277 1119 utuntur
1302 1061 1555 1116 adversus
1576 1060 1816 1115 subditos
1842 1058 1944 1113 sibi

368 1162 610 1223 traditos,
644 1167 954 1222 trementes,
981 1165 1037 1212 et
1054 1154 1417 1219 formidantes,
1448 1151 1643 1223 quibus
1669 1159 1793 1205 sunt
1819 1146 1946 1219 ipsis

366 1253 494 1309 feris
544 1250 886 1307 acerbiores:
921 1247 1052 1303 nihil
1090 1263 1184 1316 pro
1222 1244 1436 1301 Christo
1469 1245 1738 1308 facientes,
1768 1244 1944 1298 omnia

369 1358 468 1413 pro
491 1350 698 1407 ventre,
737 1354 833 1411 pro
856 1338 1110 1409 pecuniis,
1134 1352 1232 1408 pro
1257 1352 1388 1391 vana
1415 1335 1602 1407 gloria.
1637 1335 1719 1389 An
1743 1334 1945 1389 scelera

366 1450 551 1490 eorum
587 1432 762 1488 verbis
811 1430 1079 1486 numerari
1112 1428 1354 1499 possint?
1381 1427 1516 1495 Quid
1549 1427 1820 1481 irrisioues
1843 1441 1951 1482 me.

367 1543 608 1592 morem,
663 1525 827 1579 risum
877 1521 1143 1588 effusum,
1186 1518 1556 1590 intempestiva
1610 1517 1944 1588 colloquia’,

366 1620 617 1672 obscaena
669 1613 844 1673 dicta?
894 1612 1025 1669 Nam
1069 1613 1137 1669 de
1172 1611 1398 1667 avaritia
1450 1608 1579 1665 nihil
1624 1609 1942 1665 dicendum:

367 1708 813 1782 quemadmodum
842 1708 985 1764 enim
1009 1707 1042 1762 ii
1067 1707 1155 1778 qui
1185 1707 1236 1760 in
1256 1704 1525 1760 montibus
1539 1702 1944 1767 suutmonaclii,

369 1820 438 1860 ne
481 1802 658 1859 sciunt
706 1801 921 1873 quidem
953 1799 1080 1870 quid
1122 1800 1190 1854 sit
1219 1798 1438 1853 avaritia
1474 1815 1488 1856 :
1525 1797 1595 1852 ita
1639 1805 1693 1853 et
1725 1795 1944 1862 isti,sed

367 1894 637 1951 contrario
663 1892 844 1949 modo.
889 1891 967 1948 illi
994 1890 1136 1948 enim
1158 1890 1299 1960 quod
1328 1888 1509 1960 procul
1537 1887 1603 1944 ab
1630 1887 1733 1943 hoc
1759 1886 1949 1943 morbo

367 1987 496 2053 sint,
521 1984 575 2041 id
601 1984 881 2057 ignorant;
929 1981 983 2037 hi
1026 1997 1154 2037 vero
1179 1980 1331 2052 quasi
1360 1979 1460 2035 hoc
1485 1979 1675 2035 morbo
1701 1978 1855 2043 ebrii,
1881 1992 1949 2033 ne

367 2076 605 2131 sentiunt
646 2073 862 2145 quidem
890 2081 1146 2144 quantum
1172 2072 1240 2127 sit
1267 2071 1469 2126 malum
1496 2088 1510 2125 :
1538 2069 1773 2143 nequitia
1804 2068 1946 2124 enim

369 2171 441 2224 ita
468 2183 681 2224 omnem
710 2169 959 2221 virtutem
990 2165 1059 2221 ab
1077 2164 1158 2221 eis
1182 2165 1403 2235 expulit,
1434 2172 1740 2234 tantamque
1771 2175 1947 2234 tyran-

370 2258 550 2314 nidem
572 2265 807 2323 exercet,
835 2265 894 2312 ut
919 2255 1217 2312 furentibus
1248 2256 1349 2310 illis
1375 2255 1576 2311 nullum
1594 2254 1796 2310 crimen
1823 2268 1949 2324 gra-

373 2366 437 2406 ve
461 2349 706 2404 videatur
732 2362 871 2405 esse.
925 2345 1032 2403 Sed
1078 2345 1163 2400 his
1192 2345 1412 2413 relictis,
1444 2344 1674 2401 vultisne
1717 2345 1784 2400 ad
1813 2344 1948 2400 alios

373 2441 726 2500 modestiores
756 2438 1114 2498 accedamus?
1139 2440 1251 2511 Age
1300 2439 1477 2508 igitur,
1502 2438 1749 2509 epilicum
1776 2435 1947 2491 artill-

371 2550 599 2607 cumque
617 2550 785 2604 genus
807 2532 1080 2589 adeamus.
1106 2531 1169 2587 lli
1191 2531 1332 2587 enim
1356 2531 1586 2586 maxime
1613 2529 1856 2585 videntur
1882 2546 1948 2585 ex

368 2630 523 2699 justis
553 2627 821 2683 laboribus
853 2625 1240 2696 sudoribusque
1269 2624 1430 2679 vitam
1460 2623 1561 2679 sibi
1608 2637 1818 2693 parare.
1842 2621 1952 2678 Ve-

372 2737 489 2776 rum
539 2720 590 2774 hi
635 2732 849 2790 quoque
888 2718 987 2774 nisi
1027 2717 1127 2773 sibi
1167 2715 1479 2785 attendant,
1512 2715 1677 2771 multa
1704 2715 1827 2771 inde
1847 2715 1949 2772 sibi

371 2811 507 2867 mala
528 2818 824 2881 congerunt
855 2826 869 2864 :
902 2824 1024 2864 nam
1051 2808 1209 2879 justis
1242 2807 1495 2878 operibus
1536 2807 1772 2877 iniquum
1818 2822 1950 2863 ven-

370 2904 527 2959 dendi
558 2912 613 2959 et
653 2902 864 2959 emendi
895 2901 1110 2958 modum
1136 2900 1409 2971 adjiciunt,
1440 2909 1493 2955 et
1520 2914 1663 2969 saepe
1712 2900 1949 2955 avaritiae

370 2998 665 3068 iuramenta
686 3038 700 3061 ,
733 2994 964 3066 perjuria
987 3034 1004 3061 ,
1030 2993 1307 3048 mendacia
1352 2991 1714 3061 superaddunt
1743 3008 1758 3045 :
1790 2990 1950 3061 hujus

372 3093 495 3146 vita:
519 3090 678 3146 rebus
702 3087 899 3143 addicti
929 3096 1190 3155 terraeque
1216 3083 1382 3152 affixi,
1409 3083 1541 3139 nihil
1570 3099 1676 3139 non
1703 3093 1865 3156 agunt
1895 3094 1951 3139 ut

371 3181 625 3250 pecunias
653 3180 924 3248 colligant,
956 3192 1056 3232 nec
1079 3184 1269 3231 curant
1293 3191 1386 3231 eas
1409 3175 1728 3246 pauperibus
1757 3190 1942 3246 erogao

373 3286 453 3337 re,
475 3282 796 3338 semperque
822 3266 1105 3322 facultates
1119 3281 1316 3338 augere
1328 3266 1563 3322 student.
1586 3265 1716 3334 Quis
1735 3281 1953 3321 enarra—

373 3362 443 3416 rit
488 3358 727 3416 convicia
758 3358 842 3416 bis
867 3357 938 3412 de
964 3357 1141 3413 causis
1184 3356 1390 3427 prolata
1413 3398 1427 3419 ,
1453 3355 1825 3421 contumelias,
1855 3355 1948 3411 far

374 3467 530 3515 nora,
557 3464 765 3515 usuras,
796 3457 952 3521 pacta
981 3432 1198 3504 multam
1221 3446 1463 3503 fraudem
1492 3446 1760 3515 habentia,
1782 3448 1952 3517 impu-

373 3545 558 3601 dentes
584 3541 1009 3613 negotiationes?

442 3637 494 3692 5.
539 3633 860 3689 Prwdiorum
888 3648 1196 3703 possessores
1215 3632 1393 3702 iniqui.
1426 3662 1497 3672 —
1525 3631 1718 3688 Verum
1748 3633 1792 3688 si
1845 3633 1953 3702 pla-

373 3738 477 3793 cet,
525 3727 608 3783 bis
661 3727 895 3793 omissis,
931 3726 1000 3781 ad
1047 3727 1186 3781 alios
1226 3726 1534 3794 veniamus,
1565 3726 1654 3795 qui
1703 3726 1951 3782 videntur

371 3822 623 3893 justiores
647 3835 786 3877 esse.
820 3819 1046 3889 Quiuatn
1071 3818 1143 3874 illi
1159 3829 1281 3873 sunt
1301 3819 1326 3874 ?
1350 3819 1449 3885 Qui
1476 3832 1634 3888 agros
1656 3817 1950 3889 possident,

372 3924 426 3969 ct
449 3929 515 3971 ex
548 3924 705 3969 terra:
727 3912 985 3967 fructibus
1009 3911 1261 3967 ditantur.
1309 3911 1446 3979 Quid
1475 3911 1580 3965 illis
1606 3911 1841 3981 iniquius
1870 3927 1953 3967 re-

374 4010 609 4074 periatur
623 4006 648 4058 ?
677 4005 733 4061 Si
756 4005 873 4074 quis
888 4005 1035 4060 enim
1055 4004 1323 4075 perquirat
1343 4019 1448 4074 quo
1471 4014 1625 4074 pacto
1639 4018 1760 4058 cum
1789 4004 1953 4058 mise-

376 4100 453 4156 ris
477 4097 725 4168 agricolis
748 4111 807 4152 se
831 4104 1052 4165 gerant,
1078 4097 1198 4151 illos
1220 4094 1461 4150 barbaris
1490 4095 1833 4150 immanior-es
1861 4096 1955 4150 de-

372 4188 689 4259 prehendet.
740 4187 873 4242 Nam
904 4187 968 4242 iis
1006 4187 1093 4256 qui
1124 4188 1263 4241 fame
1306 4185 1640 4240 tabescentes
1666 4200 1761 4254 per
1789 4194 1954 4241 totam

371 4282 541 4333 vitam
570 4278 849 4340 laborant,
879 4276 1156 4346 vectigalia
1202 4276 1483 4345 imponunt
1522 4274 1875 4331 intolerabilia
1901 4283 1957 4330 et

318 4358 322 4363 ’
375 4379 655 4442 perpetua,
712 4370 1083 4438 laboriosaque
1124 4367 1438 4435 ministeria,
1488 4369 1644 4438 quasi
1694 4368 1861 4423 asinis
1900 4377 1956 4424 et

376 4463 556 4531 mulis,
587 4463 693 4517 imo
718 4462 868 4533 quasi
901 4460 1163 4531 lapidibus
1195 4462 1431 4530 ipsorum
1460 4460 1777 4531 corporibus
1802 4469 1957 4516 uten-

370 4569 479 4626 ius,
506 4572 681 4628 neque
707 4555 790 4611 vel
819 4554 1084 4610 tantillum
1113 4555 1379 4625 respirare
1409 4555 1643 4610 sinentes
1662 4595 1677 4618 ,
1723 4553 1818 4608 scd
1844 4553 1956 4610 sive

378 4651 491 4722 agri
530 4649 771 4730 feraces,
801 4648 915 4704 sive
957 4647 1165 4704 steriles
1190 4647 1298 4701 sint
1317 4689 1331 4713 ,
1356 4647 1471 4717 pari
1499 4645 1658 4701 modo
1683 4653 1952 4718 torquent,

375 4757 477 4798 nec
522 4741 607 4798 vel
658 4741 937 4796 minimum
973 4739 1140 4796 venite
1171 4739 1301 4808 ipsis
1329 4737 1661 4804 concedunt;
1692 4754 1797 4808 quo
1829 4737 1956 4808 quid

380 4833 735 4889 miserabilius
766 4830 945 4897 fuerit,
971 4830 1185 4902 quando
1214 4840 1323 4886 tota
1352 4829 1528 4884 hieme
1575 4830 1627 4883 in
1682 4829 1955 4884 laboribus

376 4934 646 4980 transacta
667 4967 683 4992 ,
715 4914 937 4995 frigore,
972 4924 1231 4980 imbribus
1257 4939 1320 4979 ac
1345 4924 1540 4994 vigiliis
1563 4922 1754 4991 attriti,
1778 4924 1958 4979 vacuis

375 5016 650 5082 manibus,
696 5015 873 5070 adhuc
916 5014 1190 5071 debitores
1240 5016 1515 5081 recedunt,
1555 5023 1959 5084 procuratorum

384 5115 649 5160 tormenta
671 5146 684 5168 ,
718 5104 1041 5175 raptationes
1065 5146 1080 5170 ,
1111 5106 1423 5160 exactiones
1442 5147 1457 5170 ,
1490 5105 1838 5161 abductiones
1862 5147 1877 5171 ,
1909 5115 1965 5161 et

376 5196 705 5254 inevitabilia
732 5195 1026 5252 ministeria
1054 5196 1225 5265 magis
1260 5197 1540 5261 timentes,
1570 5213 1729 5269 quam
1762 5208 1962 5254 tantam

380 5294 597 5358 famem,
628 5301 944 5361 tantumque
974 5288 1339 5360 naufragium?
1361 5289 1490 5358 Quis
1519 5292 1848 5346 enarravcrit
1878 5305 1967 5346 ne.

374 5384 696 5455 gotiationes
722 5394 777 5439 et
804 5382 1122 5439 commercia
1152 5396 1272 5452 qurc
1299 5396 1395 5452 per
1419 5380 1541 5437 illos
1567 5383 1858 5439 exercent?
1887 5383 1963 5437 Ex

380 5476 622 5545 ipsorum
651 5475 922 5530 laboribus
937 5474 1221 5530 toreularia
1238 5483 1292 5531 et
1315 5472 1701 5530 subtorcularia
1729 5475 1963 5546 replent,

445 5632 467 5667 ⁸
509 5632 611 5693 ΑΜ,
637 5630 865 5683 dissoluta
887 5628 1139 5694 colloquia.

1094 214 1150 271 S.
1189 211 1464 270 JOANNIS
1498 203 1968 265 CllilYSOSTOMl
2012 202 2325 263 ARCIHEP.
2368 210 2896 272 CONSTANTINOP.

3530 220 3636 278 59‘!

2057 320 2183 375 dum
2208 338 2311 379 non
2340 325 2522 383 sinunt
2552 329 2697 399 ipsos
2725 331 2804 386 vel
2832 346 3047 402 parvam
3077 346 3381 388 mensuram
3411 332 3631 390 domum

2054 412 2275 480 referre,
2301 417 2396 472 sed
2424 427 2592 475 totum
2620 421 2848 478 fructum
2875 425 3054 495 inique
3080 426 3129 480 in
3157 426 3314 482 doliis
3331 426 3446 483 suis
3464 426 3637 483 inclu-

2055 505 2207 567 dunt.
2239 510 2609 582 modicumque
2639 515 2916 584 pecuniam
2968 531 3064 586 pro
3090 515 3191 573 hac
3215 532 3274 572 re
3314 516 3443 588 ipsis
3470 516 3635 589 proji-

2051 597 2217 652 cinnt.
2247 598 2391 657 Nova
2417 617 2626 675 quoque
2652 610 2955 678 excogitant
2975 626 3150 666 usura:
3175 624 3391 681 genera,
3424 626 3543 680 qua:
3568 627 3636 667 ne

2052 692 2329 760 gentilium
2375 697 2590 766 quidem
2620 699 2825 769 legibus
2848 702 3225 771 permittuntur
3244 745 3260 771 ,
3288 705 3636 775 usurariaquc

2052 792 2167 837 acta
2198 787 2498 844 rcscribunt
2544 792 2893 859 exsecranda,
2920 795 3114 866 quibus
3148 810 3254 851 nou
3284 796 3635 851 centesimam

2052 875 2233 941 sortis,
2267 876 2361 931 sed
2391 877 2665 935 dimidium
2688 885 2907 953 exigunt
2935 901 2948 938 :
2980 893 3034 939 et
3061 884 3195 951 haec,
3224 901 3347 941 cum
3376 887 3441 954 is,
3469 902 3500 941 a
3528 902 3636 957 quo

2052 965 2289 1035 exigunt,
2331 976 2388 1022 et
2413 984 2632 1026 uxorem
2682 982 2737 1029 et
2781 974 2978 1031 liberos
3023 976 3170 1044 alat,
3203 992 3512 1048 pauperque
3540 979 3633 1045 sit,

2053 1059 2140 1127 qui
2163 1059 2274 1114 suis
2304 1061 2576 1121 laboribus
2601 1075 2656 1122 et
2692 1081 2871 1123 aream
2902 1078 2956 1125 et
2981 1070 3264 1127 toreularia
3296 1071 3500 1141 implet.
3526 1071 3633 1127 Sed

2052 1150 2185 1207 nihil
2215 1154 2405 1241 horum
2434 1159 2686 1228 cogitant.
2715 1160 2892 1228 Quare
2916 1171 3215 1233 opportune
3237 1164 3549 1236 prephetam
3580 1167 3634 1222 in

2052 1246 2286 1303 medium
2332 1249 2656 1307 adducamus
2685 1251 2974 1321 dicentem,
3001 1254 3325 1328 Obstupesce,
3352 1257 3553 1325 etclam,
3585 1267 3633 1312 et

2053 1343 2299 1411 horresce,
2330 1353 2466 1399 terra
2488 1362 2508 1400 :
2533 1348 2586 1401 in
2615 1358 2867 1418 quantam
2914 1350 3179 1405 feritatem
3226 1366 3399 1422 genus
3444 1351 3633 1407 huma-

2053 1450 2181 1490 num
2208 1437 2485 1508 prorupit?
2507 1437 2629 1495 Haec
2656 1454 2813 1508 porro
2842 1440 2981 1506 dico,
3012 1458 3118 1498 non
3139 1444 3279 1514 quod
3300 1451 3464 1510 artes,
3494 1444 3634 1514 agri-

2051 1526 2314 1581 culturam
2349 1537 2404 1583 et
2428 1529 2669 1585 militiam
2698 1531 2968 1599 criminer,
2992 1533 3088 1590 sed
3133 1548 3232 1590 nos
3275 1533 3442 1605 ipsos.
3495 1534 3631 1592 Nam

2054 1616 2334 1675 Cornelius
2357 1622 2603 1676 centurio
2629 1632 2777 1691 erat,
2800 1634 2856 1679 et
2880 1624 3074 1682 Paulus
3098 1628 3379 1695 coriarius,
3411 1638 3466 1684 et
3512 1637 3633 1699 post

2055 1711 2485 1781 praedicationem
2514 1724 2628 1771 arte
2653 1731 2746 1772 sua
2778 1716 3065 1785 utebatur;
3093 1731 3146 1774 et
3171 1719 3331 1776 David
3359 1736 3452 1776 rex
3480 1730 3631 1788 erat;

2051 1801 2153 1858 Job
2196 1819 2325 1859 vero
2366 1805 2653 1861 multorum
2691 1807 3009 1877 prardiorum
3040 1808 3308 1874 dominus,
3338 1810 3635 1866 innumeris

2056 1894 2328 1951 fruebatur
2354 1896 2640 1965 reditibus,
2662 1899 2855 1969 quibus
2880 1899 3013 1955 nihil
3033 1900 3223 1955 horum
3248 1902 3633 1972 impedimento

2054 1988 2151 2042 fuit
2177 1987 2244 2043 ad
2270 1989 2517 2044 virtutem
2552 1990 2852 2046 colendam.
2907 1990 3033 2047 llaxc
3060 1992 3237 2063 itaque
3264 1994 3440 2048 omnia
3481 1992 3632 2065 cogi-

2056 2088 2228 2135 tantes
2256 2122 2271 2145 ,
2299 2079 2590 2151 decemque
2613 2083 2777 2138 millia
2809 2084 3005 2140 talenta
3027 2084 3081 2139 in
3109 2090 3340 2141 mentem
3372 2100 3633 2142 revocan-

2053 2182 2155 2239 tes,
2189 2172 2312 2231 hinc
2363 2174 2647 2231 incitemur
2691 2185 2753 2232 ut
2794 2191 2961 2248 pauca
3003 2178 3092 2234 illa
3144 2185 3200 2234 et
3243 2178 3363 2233 vilia
3389 2178 3634 2249 proximo

2055 2268 2406 2323 remittamus.
2452 2267 2583 2323 Nam
2630 2269 2868 2324 rationes
2899 2269 3050 2326 nobis
3076 2269 3362 2325 reddenda:
3388 2278 3545 2326 erunt
3563 2269 3635 2326 de

2054 2361 2336 2429 praeceptis
2378 2360 2533 2416 nobis
2586 2362 2812 2429 traditis,
2853 2376 2953 2417 nec
3004 2363 3297 2433 poterimus
3328 2404 3342 2428 ,
3378 2363 3633 2434 quidquid

2054 2449 2267 2505 tandem
2313 2450 2598 2518 faciamus,
2629 2452 2811 2509 omnia
2856 2452 3183 2524 persolvere.
3224 2454 3451 2523 ideoque
3480 2454 3635 2509 nobis

2058 2543 2197 2599 Deus
2222 2545 2360 2601 viam
2389 2544 2599 2602 facilem
2630 2547 2860 2617 aperuit,
2893 2562 2994 2618 qua
3025 2548 3203 2603 omnia
3228 2547 3439 2603 solvere
3458 2527 3645 2617 possio.

2055 2638 2194 2702 mus,
2224 2637 2544 2693 oblivionem
2572 2638 2694 2694 dico
2719 2638 3051 2709 injuriarum.
3082 2637 3153 2694 Ut
3175 2638 3334 2709 igitur
3356 2638 3481 2691 illud
3513 2653 3636 2707 pro-

2055 2729 2122 2784 be
2139 2730 2425 2795 discamus,
2455 2730 2735 2787 audiamus
2763 2731 2901 2785 ultra
2925 2729 3193 2801 progressi
3223 2729 3526 2800 parabolam
3556 2737 3638 2782 to-

2055 2830 2181 2876 tam.
2222 2820 2432 2877 Oblatas
2470 2833 2560 2889 est,
2591 2824 2732 2880 enim
2754 2866 2768 2890 ,
2797 2824 2995 2893 inquit,
3025 2840 3154 2877 unus
3181 2824 3271 2892 qui
3304 2821 3508 2877 debebat
3557 2822 3637 2877 illi

2054 2917 2223 2969 decem
2251 2915 2411 2970 millia
2439 2916 2648 2971 talenta.
2670 2915 2790 2970 Non
2815 2916 3022 2970 habente
3048 2926 3214 2969 autem
3246 2915 3336 2969 illo
3363 2919 3496 2969 wide
3520 2915 3637 2969 red-

2054 3008 2211 3075 deret,
2244 3009 2401 3078 jussit
2448 3025 2560 3063 eum
2603 3010 2771 3075 vendi,
2803 3019 2848 3062 et
2875 3024 3081 3064 uxorem
3112 3011 3240 3078 ejus,
3263 3016 3309 3061 et
3328 3008 3481 3075 ﬁlios.
3526 3007 3636 3063 Cur

2056 3106 2273 3155 ruerem
2292 3101 2514 3171 quaeso?
2537 3102 2649 3157 Non
2678 3116 2745 3157 ex
2770 3100 3082 3156 crudelitate
3103 3100 3184 3154 vel
3212 3099 3632 3155 inhumanitate:

2057 3209 2177 3248 nam
2208 3194 2259 3247 in
2287 3192 2429 3249 aliud
2467 3193 2843 3250 detrimentum
2886 3192 3180 3258 incidisset,
3209 3207 3330 3247 cum
3360 3206 3493 3247 uxor
3517 3191 3635 3259 ejus

2056 3298 2109 3341 et
2156 3288 2270 3359 ipsa
2313 3302 2467 3344 serva
2515 3296 2684 3353 esset;
2731 3287 2827 3343 sed
2876 3302 2940 3343 ex
2971 3285 3222 3342 ineffabili
3272 3284 3631 3356 providentia.

2059 3379 2180 3435 Vult
2207 3380 2348 3435 enim
2376 3379 2520 3434 illum
2552 3379 2640 3434 tali
2668 3378 3081 3434 comminatione
3112 3376 3546 3446 prrtcrrefacere,
3576 3382 3638 3430 ut

2055 3473 2121 3528 ad
2146 3471 2548 3543 supplicandum
2596 3470 2888 3538 induceret,
2920 3485 2986 3525 ne
3026 3466 3366 3523 venderetur.
3410 3466 3464 3523 Si
3490 3466 3637 3521 enim

2058 3574 2275 3638 propter
2297 3565 2532 3622 debitum
2559 3564 2609 3619 id
2637 3564 2849 3620 fecisset
2869 3604 2882 3629 ,
2912 3579 3018 3618 non
3045 3563 3320 3617 annuisset
3358 3561 3472 3631 ejus
3498 3562 3638 3631 peti-

2061 3660 2211 3723 tioni,
2255 3673 2427 3728 neque
2463 3657 2688 3729 gratiam
2731 3655 2985 3712 dedisset.
3031 3654 3138 3709 Cur
3182 3668 3310 3724 ergo
3352 3662 3637 3724 antequam

2059 3755 2291 3809 rationes
2332 3752 2467 3807 data:
2500 3759 2680 3807 essent
2705 3750 2939 3806 debitum
2985 3764 3092 3802 non
3123 3746 3359 3802 dimisit?
3385 3744 3455 3801 Ut
3478 3745 3639 3800 doce-

2059 3855 2141 3903 ret
2183 3855 2380 3917 quanto
2427 3848 2598 3915 ipsum
2642 3843 2819 3899 debito
2861 3842 3188 3904 absolveret;
3218 3849 3275 3895 ut
3314 3838 3413 3894 hac
3433 3840 3640 3895 ratione

2061 3940 2148 3995 ille
2174 3937 2529 4009 indulgentior
2548 3937 2686 3992 circa
2715 3949 3031 3991 conservum
3062 3942 3223 3988 esset.
3243 3931 3299 3986 Si
3328 3931 3470 3985 enim
3494 3937 3641 4002 post-

2060 4045 2217 4102 quam
2259 4028 2422 4084 dcbiti
2463 4025 2879 4098 magnitudinem
2921 4023 3124 4089 didicit,
3159 4031 3213 4078 et
3258 4022 3526 4092 iurgantem
3555 4035 3641 4076 re-

2062 4122 2393 4188 miSsiouem,
2425 4134 2739 4174 conservum
2782 4132 2933 4170 suum
2977 4126 3081 4170 tam
3123 4129 3310 4185 aspere
3356 4113 3502 4185 egit:
3537 4112 3641 4167 nisi

2063 4214 2208 4269 illum
2235 4212 2428 4267 talibus
2451 4211 2699 4267 remediis
2724 4210 2870 4278 prius
2892 4208 3180 4271 lenivisset,
3204 4220 3308 4276 quo
3332 4220 3434 4262 non
3456 4202 3642 4260 crude-

2066 4306 2226 4359 litatis
2252 4318 2593 4374 processurus
2618 4302 2765 4358 erat?
2793 4300 2928 4371 Quid
2953 4300 3110 4372 igitur
3141 4298 3268 4354 ille?
3301 4296 3392 4353 26.
3429 4295 3641 4349 I’aticn.

2064 4398 2183 4450 tiam
2228 4397 2356 4449 habe
2383 4399 2434 4451 in
2474 4411 2570 4460 me,
2601 4404 2644 4448 et
2674 4394 2843 4447 omnia
2884 4392 3091 4446 reddant
3131 4391 3235 4444 tibi.
3276 4389 3373 4444 27.,
3406 4387 3645 4444 Miscrtus

2063 4499 2228 4541 autent
2264 4486 2497 4541 dominus
2530 4485 2657 4539 servi
2686 4484 2844 4548 illius,
2873 4483 3061 4537 dimisit
3085 4497 3219 4543 eum,
3251 4491 3296 4536 et
3323 4479 3544 4534 debitum
3566 4481 3646 4532 di-

2066 4579 2196 4632 misit
2221 4578 2286 4634 ei.
2314 4576 2559 4632 Vidistin’
2586 4590 2793 4631 rursum
2824 4573 3159 4645 benignitatis
3188 4569 3647 4642 magnitudinem?

2070 4671 2381 4726 Dilationem
2437 4677 2636 4722 tan'um
2683 4665 2896 4737 petebat
2944 4678 3163 4729 servus;
3211 4663 3299 4717 ille
3346 4677 3473 4716 vero
3524 4659 3647 4731 plus

2069 4778 2229 4833 quam
2255 4761 2468 4832 petebat
2490 4760 2772 4824 concessit,
2790 4757 3158 4814 remissionem
3182 4756 3339 4811 totius
3364 4753 3528 4811 debiti
3567 4762 3647 4808 at-

2069 4846 2175 4924 que
2214 4852 2447 4907 veniam.
2497 4851 2577 4906 Ab
2604 4850 2753 4904 initio
2781 4863 2972 4919 nempe
2996 4847 3125 4903 dare
3162 4846 3399 4911 volebat,
3426 4843 3520 4899 sed
3552 4858 3649 4899 no-

2073 4950 2212 5005 lebat
2238 4947 2436 5002 donum
2462 4960 2525 4999 ex
2556 4958 2613 4999 se
2653 4951 2817 4998 totum
2849 4957 2968 4997 esse
2989 4984 3004 5008 ,
3030 4941 3124 4997 sed
3151 4940 3270 5010 ejus
3304 4937 3653 5008 supplicatio-

2070 5057 2189 5095 ucm
2251 5037 2618 5104 intervenire,
2671 5051 2737 5091 ne
2792 5036 3133 5090 incoronatus
3178 5033 3269 5088 ille
3326 5029 3649 5086 discederet.

2067 5132 2219 5202 Quod
2246 5140 2420 5187 tamen
2462 5137 2627 5185 totum
2655 5143 2719 5184 ex
2751 5127 2861 5181 Deo
2887 5141 3025 5191 esse,
3054 5124 3265 5181 etiamsi
3289 5123 3377 5179 ille
3405 5137 3653 5193 procum-

2072 5227 2205 5280 beas
2247 5223 2660 5294 supplicaverit,
2703 5235 2861 5275 causa
2910 5217 3274 5274 concessionis
3314 5212 3655 5271 declaravit:

2074 5317 2309 5372 Misenus
2351 5318 2515 5384 enim,
2542 5317 2730 5387 inquit,
2771 5313 2969 5368 dimisit
2994 5311 3094 5367 illi.
3140 5312 3387 5365 Attamen
3415 5307 3493 5362 sic
3520 5321 3657 5377 quo-

2074 5425 2178 5479 que
2220 5408 2430 5464 volebat
2479 5417 2539 5462 ut
2576 5408 2667 5462 ille
2710 5405 2907 5477 aliquid
2951 5402 3200 5459 conferre
3248 5401 3538 5464 videretur,
3592 5413 3661 5452 ne

2077 5500 2241 5555 nimio
2262 5501 2563 5556 afficeretur
2610 5498 2850 5570 pudore;
2882 5507 3045 5569 utque
3087 5495 3302 5567 propria
3349 5492 3660 5550 calamitate

2075 5591 2381 5659 institutus,
2416 5592 2691 5663 indulgens
2716 5603 2982 5648 conservo
3011 5586 3171 5643 foret.
