4074 6144
420 472 474 524 4.
512 466 764 521 Parabola
804 466 1198 522 misericordium
1243 466 1493 520 consecuti
1536 475 1581 518 et
1630 473 1801 532 postea
1836 479 1926 516 ue-

349 561 515 632 gantis
540 569 920 614 commentatur.
950 588 1018 598 ——
1044 558 1327 627 llucusque
1368 573 1495 627 ergo
1526 557 1614 610 ille
1664 556 1833 610 bonus
1878 564 1929 607 ct

350 660 600 720 acceptus
630 648 760 703 fuit:
793 666 913 703 nam
936 648 1209 704 confessus
1234 658 1317 703 est
1338 657 1391 701 et
1424 648 1666 717 promisit
1693 661 1750 700 se
1775 645 1928 699 debi-

350 752 461 796 tum
482 741 812 796 redditurum
843 757 983 807 esse,
1009 741 1254 810 procidit,
1273 750 1326 796 et
1350 741 1572 809 rogavit,
1594 755 1686 793 sua
1718 748 1927 808 peccata

351 832 648 895 danmavit,
680 832 955 901 debitique
977 832 1387 901 magnitudinem
1418 831 1666 899 agnmit:
1700 829 1791 884 sed
1813 846 1930 899 quae

348 932 640 993 sequuntur
666 923 874 994 indigna
895 924 1159 992 prioribus
1174 933 1315 977 sunt.
1336 925 1590 993 Egressus
1613 923 1814 988 statim,
1835 937 1932 975 uec

347 1015 516 1070 tutilto
533 1014 719 1085 elapso
741 1023 999 1085 tempore,
1024 1014 1117 1070 sed
1137 1015 1337 1078 statim,
1357 1031 1476 1069 cum
1500 1029 1740 1083 praesens
1759 1014 1932 1068 adlmc

290 1148 297 1155 .
346 1105 666 1162 beneﬁcium
702 1116 882 1174 esset,
919 1107 1095 1172 dono,
1126 1122 1330 1165 necnon
1360 1107 1605 1161 libertate
1642 1121 1671 1159 a
1711 1105 1929 1159 domino

346 1198 445 1254 sibi
474 1213 729 1254 concessa
753 1198 817 1252 ad
845 1199 1132 1268 nequitiam
1164 1214 1291 1253 usus
1310 1207 1412 1253 est.
1436 1197 1525 1252 28.
1554 1196 1679 1250 Cum
1699 1197 1932 1250 invenis—

346 1299 420 1342 set
458 1291 602 1346 enim
648 1306 804 1343 unum
831 1306 894 1344 es:
937 1291 1185 1344 conservis
1209 1331 1224 1352 ,
1270 1289 1356 1358 qui
1385 1288 1589 1343 debebat
1618 1288 1694 1341 illi
1732 1295 1931 1340 centum

349 1380 586 1434 denarios
609 1422 625 1446 ,
657 1380 938 1447 su/I'ocubat
984 1398 1096 1434 eum
1128 1381 1296 1435 dicens
1321 1397 1337 1435 :
1366 1380 1544 1435 Redde
1586 1384 1720 1448 quod
1760 1379 1925 1431 debes.

354 1470 600 1524 Vidistin’
638 1470 839 1524 domini
886 1470 1345 1526 misericordiam?
1375 1470 1602 1524 vidistin’
1622 1469 1761 1525 servi
1803 1484 1928 1522 cru-

349 1560 619 1616 delitatem
642 1561 666 1615 ?
688 1562 881 1616 Audite
903 1563 992 1632 qui
1040 1577 1137 1633 pro
1164 1563 1401 1631 pecuniis
1434 1561 1546 1615 haec
1574 1561 1763 1615 facitis.
1795 1560 1927 1614 Cum

348 1653 491 1708 enim
519 1667 617 1721 pro
645 1654 874 1723 peccatis
897 1654 947 1708 id
975 1669 1078 1708 non
1113 1654 1271 1708 liceat
1299 1653 1504 1717 facere,
1534 1662 1731 1723 quanto
1755 1653 1928 1706 minus

349 1760 446 1817 pro
471 1745 917 1816 pecuniis?Quid
957 1746 1117 1816 igitur
1155 1746 1284 1800 ille?
1324 1744 1416 1799 29.
1461 1743 1766 1798 Patientiam
1804 1742 1929 1796 habe

348 1836 401 1890 in
428 1852 522 1900 me,
547 1846 592 1890 et
612 1837 781 1890 omnia
808 1836 1015 1890 reddam
1037 1837 1144 1890 tibi.
1172 1834 1262 1891 llle
1286 1851 1413 1891 vero
1435 1852 1502 1890 ne
1527 1836 1685 1891 verba
1714 1834 1928 1905 quidem

348 1928 614 1982 reveritus
645 1935 750 1992 est,
779 1942 874 1998 per
897 1943 1013 1996 qua-
1044 1927 1156 1997 ipse
1177 1936 1419 1982 servatus
1449 1925 1636 1981 fuerat.
1665 1926 1794 1979 Nam
1816 1926 1928 1996 ipse

348 2018 433 2073 his
469 2018 625 2073 dictis
654 2034 681 2072 a
713 2018 897 2073 decem
930 2018 1151 2071 millium
1186 2018 1505 2072 talentorum
1551 2017 1733 2071 debito
1771 2017 1927 2070 abso-

347 2109 492 2165 lutus
518 2121 599 2165 est
623 2126 634 2162 :
668 2125 765 2164 nec
787 2120 994 2181 portum
1019 2109 1287 2179 cognovit,
1311 2124 1405 2179 per
1419 2123 1575 2179 quem
1596 2107 1926 2176 naufragium

347 2200 618 2272 eﬂ‘ugisset
644 2218 656 2254 :
688 2216 785 2257 nec
813 2200 1217 2273 supplicationis
1244 2199 1433 2254 modus
1461 2199 1659 2253 domini
1690 2198 1927 2268 benigni-

346 2305 510 2351 tatem
540 2296 593 2349 in
623 2302 856 2349 mentem
911 2293 1009 2362 ipsi
1057 2292 1322 2347 revocavit
1348 2308 1363 2357 ;
1411 2290 1505 2346 sed
1538 2290 1628 2344 illa
1655 2291 1832 2344 omnia
1860 2305 1928 2346 ex

344 2388 564 2441 avaritia
589 2428 606 2452 ,
635 2385 953 2440 crudelitate
981 2393 1035 2439 et
1078 2383 1273 2438 duritie
1314 2382 1572 2452 ahjiciens
1613 2398 1676 2437 ex
1707 2383 1885 2437 animo
1907 2423 1923 2448 ,

345 2479 458 2533 fera
489 2480 674 2549 quavis
698 2479 890 2533 suavius
918 2491 1233 2531 conservum
1265 2475 1575 2529 sulfocabat.
1607 2474 1742 2541 Quid
1771 2473 1923 2540 facis,

343 2586 379 2625 ο
410 2570 604 2625 homo?
635 2584 738 2624 non
757 2569 926 2624 sentis
950 2609 967 2636 ,
1014 2581 1070 2622 ut
1098 2568 1324 2638 leipsum
1371 2567 1602 2636 decipias
1626 2608 1642 2633 ,
1689 2567 1922 2637 gladium

342 2670 531 2715 contra
563 2669 616 2715 te
641 2661 825 2729 adigas
850 2701 864 2724 ,
895 2675 957 2715 ac
988 2660 1303 2714 sententiam
1335 2659 1641 2729 donumque
1668 2659 1926 2715 revoces?

342 2751 447 2807 Sed
480 2752 606 2806 nihil
635 2751 824 2806 horum
851 2752 1140 2821 cogitavit,
1172 2766 1268 2805 nec
1295 2766 1469 2805 rerum
1496 2766 1709 2805 suarum
1741 2766 1923 2805 recor-

343 2842 501 2898 datus
540 2853 619 2897 cst
639 2884 654 2907 ,
691 2857 863 2910 neque
890 2843 1050 2896 cessit
1090 2843 1307 2896 omnino
1333 2858 1345 2896 :
1375 2857 1693 2912 quamquam
1722 2857 1827 2897 non
1857 2841 1924 2896 de

342 2937 557 3006 paribus
587 2936 898 3005 supplicatio
914 2946 1046 2990 erat.
1071 2935 1165 2989 llic
1183 2950 1410 3005 namque
1443 2950 1538 3004 pro
1558 2935 1740 2990 decem
1768 2934 1926 2989 milti-

342 3029 443 3085 bus
472 3030 705 3096 talentis,
731 3030 818 3085 ille
848 3045 945 3098 pro
971 3044 1183 3085 centum
1210 3031 1444 3085 denariis
1474 3030 1816 3098 precabatur;
1838 3030 1924 3087 ille

343 3136 658 3177 conservum
684 3162 700 3186 ,
733 3121 819 3177 hic
865 3120 1137 3176 dominum
1164 3138 1178 3186 ;
1213 3121 1299 3175 hic
1327 3122 1612 3190 perfectam
1650 3121 1921 3177 remissio-

345 3228 467 3268 nem
493 3213 717 3281 accepit.
752 3211 840 3265 ille
860 3212 1169 3266 dilationem
1204 3212 1452 3280 petebat:
1485 3222 1531 3264 et
1560 3229 1622 3265 ne
1645 3212 1785 3279 illam
1806 3212 1920 3282 qui-

343 3306 455 3359 dem
481 3304 563 3357 hic
586 3305 827 3357 concessit
850 3304 966 3357 illi:
991 3304 1077 3358 50.
1112 3302 1177 3356 In
1206 3319 1451 3357 carcerem
1481 3304 1621 3358 enim
1643 3303 1784 3357 illum
1803 3320 1923 3358 con-

343 3397 478 3468 fecit.
515 3396 603 3449 3i.
643 3393 876 3449 Videntes
901 3404 1068 3448 autem
1092 3396 1333 3457 conservi,
1365 3404 1750 3450 accusaverunt
1772 3394 1918 3449 illum

341 3485 480 3555 apud
504 3484 803 3548 dominum,
838 3484 1134 3553 dominoque
1160 3482 1434 3537 retulerunt
1453 3484 1493 3539 '.
1514 3485 1588 3539 Nc
1615 3484 1919 3540 hominibus

342 3577 554 3647 quidem
583 3574 686 3630 hoc
715 3574 970 3642 placebat,
993 3574 1184 3629 nedum
1214 3574 1474 3633 Deo.Una
1490 3576 1922 3649 ergocontrista—

341 3666 381 3717 ti
400 3666 624 3719 sunt.ch
647 3664 719 3718 illi
742 3664 830 3734 qui
864 3665 992 3719 nihil
1012 3665 1294 3719 debebant.
1316 3663 1450 3732 Quid
1481 3680 1609 3735 ergo
1634 3664 1918 3719 dominus?

340 3754 430 3809 52.
480 3753 635 3809 Serve
659 3754 917 3825 nequam’
937 3797 954 3822 ,
982 3773 1127 3810 omne
1165 3757 1384 3810 debitum
1428 3757 1554 3810 illud
1600 3757 1765 3810 dimisi
1795 3757 1915 3821 tibi,

338 3846 457 3915 quia
503 3847 692 3913 rogasti
735 3863 832 3899 me.
882 3847 968 3901 53.
1016 3845 1201 3900 Nonne
1261 3848 1480 3917 oportuit
1521 3857 1569 3900 et
1611 3858 1658 3901 te
1696 3849 1919 3902 misereri

338 3939 564 3992 conservi
587 3940 679 4002 tui,
702 3939 827 3992 sicut
848 3950 894 3991 et
922 3954 1012 4008 ego
1034 3939 1103 3991 tui
1128 3940 1356 3994 misertus
1375 3956 1485 3993 sum
1507 3940 1532 3993 ?
1556 3939 1684 3994 Vide
1706 3955 1916 3995 rursum

337 4030 799 4084 mansuetudinem
826 4028 1046 4083 domini.
1065 4027 1196 4083 Cum
1220 4031 1308 4083 illo
1327 4030 1525 4099 judicio
1548 4029 1843 4099 Contendit,
1865 4040 1920 4085 et

335 4137 460 4178 sese
492 4130 716 4192 purgat,
741 4122 940 4175 donum
965 4132 1311 4177 revocaturus
1336 4139 1350 4183 ;
1380 4123 1486 4175 into
1520 4138 1648 4178 vero
1674 4139 1775 4177 non
1806 4124 1918 4193 ipse

335 4215 630 4280 revocavit,
660 4215 752 4269 sed
788 4214 829 4268 is
855 4215 941 4284 qui
970 4224 1267 4285 acceperat.
1298 4213 1422 4269 Ideo
1440 4215 1611 4269 dicit:
1646 4214 1805 4270 Omne
1825 4217 1917 4271 de-

333 4308 494 4361 bitum
521 4307 651 4361 illud
677 4308 845 4361 dimisi
865 4308 954 4361 tibi
976 4348 991 4372 ,
1017 4309 1136 4372 quia
1156 4308 1345 4377 rogasti
1364 4324 1460 4359 me.
1490 4307 1672 4361 Nonne
1698 4310 1917 4379 oportuit

333 4407 381 4451 et
410 4408 457 4451 te
484 4398 711 4451 misereri
754 4399 977 4451 conservi
1018 4398 1133 4451 tui?
1165 4398 1272 4451 Etsi
1318 4400 1463 4452 enim
1501 4413 1782 4453 onerosum
1824 4400 1914 4454 tibi

333 4490 599 4554 videatur,
619 4499 674 4544 at
698 4489 932 4558 oportuit
959 4489 1022 4543 ad
1051 4489 1254 4542 lucrum
1288 4490 1548 4557 respicere
1570 4489 1674 4558 jam
1699 4490 1911 4553 factum,

333 4590 389 4635 et
418 4581 483 4634 ad
511 4580 765 4635 futurum.
801 4579 866 4633 Et
892 4580 935 4633 si
966 4594 1251 4634 onerosum
1298 4580 1365 4632 sit
1395 4588 1716 4648 pricceptum
1736 4620 1751 4645 ,
1779 4596 1914 4649 prte-

336 4671 503 4724 mium
530 4670 766 4740 Cogitare
795 4670 1031 4739 oportuit
1054 4686 1068 4731 ;
1091 4679 1247 4738 atque
1271 4670 1322 4722 in
1348 4679 1527 4723 mente
1550 4686 1784 4733 versare,
1810 4687 1912 4725 non

333 4761 475 4830 quod
509 4761 604 4815 ille
631 4759 724 4815 tibi
749 4759 1002 4814 damnum
1032 4759 1242 4825 inferat,
1274 4760 1365 4815 sed
1394 4759 1534 4829 quod
1564 4760 1726 4814 Deum
1751 4771 1803 4815 tu
1834 4762 1914 4815 of-

334 4850 544 4917 fendas,
573 4866 732 4920 quem
759 4851 983 4921 simplici
1006 4851 1309 4919 precatione
1335 4850 1575 4919 placasti.
1600 4853 1663 4905 Et
1685 4853 1728 4905 si
1755 4854 1911 4908 etiam

333 4943 416 4997 sic
449 4942 541 4995 tibi
565 4957 852 4996 onerosum
883 4941 1113 5006 videtur,
1145 4942 1189 4995 si
1223 4950 1271 4995 te
1298 4940 1540 4995 Iacdentis
1568 4943 1770 4996 amicus
1798 4948 1911 5006 tias.

332 5034 491 5101 longe
519 5033 733 5102 gravius
760 5035 862 5087 erit
901 5032 951 5087 in
979 5032 1277 5103 gehennam
1314 5032 1549 5087 incidere
1576 5052 1588 5086 :
1619 5043 1671 5088 et
1710 5034 1754 5089 si
1788 5035 1913 5089 illud

331 5125 435 5193 ipsi
461 5123 758 5190 retulisses,
783 5131 909 5179 tunc
927 5123 1289 5193 cognovisses,
1317 5124 1365 5177 id
1395 5126 1559 5178 multo
1590 5124 1757 5179 levius
1773 5141 1911 5180 esse.

331 5217 399 5269 Et
425 5230 545 5269 cum
576 5214 742 5268 millia
768 5215 965 5268 talenta
995 5214 1215 5269 deberet
1239 5256 1253 5279 ,
1283 5214 1423 5268 Deus
1452 5231 1553 5269 non
1576 5218 1777 5271 vocavit
1806 5234 1915 5271 ma-

330 5305 480 5371 lum,
513 5319 615 5360 nec
656 5305 847 5373 injuria
886 5303 1098 5368 aliecit,
1133 5304 1226 5359 sed
1259 5306 1509 5359 misertus
1554 5316 1636 5361 est
1664 5325 1676 5361 :
1705 5308 1916 5377 quando

327 5406 507 5450 autent
536 5397 678 5452 circa
721 5411 1043 5452 conservum
1086 5397 1334 5450 immanis
1375 5396 1595 5451 eil‘ecms
1629 5408 1750 5463 est,
1792 5406 1915 5453 tunc

328 5487 483 5555 dicit,
512 5486 671 5543 Serve
698 5503 931 5557 nequam.
957 5487 1168 5553 Audite,
1193 5488 1337 5541 avari
1364 5505 1378 5554 ;
1413 5503 1533 5543 nam
1561 5503 1655 5542 vos
1683 5488 1794 5543 hinc
1833 5504 1916 5544 re-

392 5643 409 5673 ¹
434 5642 566 5700 Hinc,
595 5642 890 5756 dominoque
918 5642 1202 5711 retulerunt,
1225 5659 1335 5705 quze
1375 5644 1423 5695 in
1465 5648 1613 5697 Savil.
1645 5656 1691 5699 et
1725 5649 1920 5712 optimis

392 5702 465 5751 [Μ.
494 5706 699 5756 absunt.
723 5703 772 5753 in
818 5709 975 5753 ἑταιςο
997 5709 1270 5755 omisimus.

324 5702 465 5751 codd.
494 5706 699 5759 absunt,
723 5703 772 5753 in
800 5702 975 5756 Graeco
997 5702 1270 5755 omisimus.

386 5765 409 5797 ³
431 5768 552 5828 Alii,
585 5768 737 5817 Serve
760 5778 969 5834 nequam
989 5771 1033 5815 et
1057 5763 1239 5829 ignave.

1333 350 1395 405 IN
1434 347 1832 407 MATTIMEUM
1871 344 2099 402 ilOMIL.
2138 349 2267 406 LXI.
2313 352 2381 405 al.
2426 353 2578 409 LXII.

3522 360 3621 417 59$

2038 465 2289 532 spiciunt.
2319 469 2532 532 Audite,
2551 470 2996 528 immisericordes
3022 482 3071 528 et
3098 474 3362 541 crudeles,
3395 492 3487 530 vos
3517 495 3621 533 non

2038 558 2156 612 aliis
2184 575 2304 615 esse
2329 563 2574 620 crudeles
2598 606 2614 629 ,
2645 567 2739 620 sed
2768 568 2916 622 vobis
2942 568 3088 637 ipsis.
3115 567 3245 623 Cum
3272 556 3401 640 ergo
3435 572 3620 625 voluc-

2036 650 2110 705 ris
2150 651 2368 722 iujnrias
2403 654 2454 708 in
2487 668 2716 712 mentem
2748 675 3028 726 revocare,
3053 662 3282 730 cogitate
3309 672 3492 717 contra
3537 672 3618 717 te-

2038 740 2208 810 ipsum
2239 743 2355 796 illas
2387 760 2643 800 revocare
2666 789 2680 812 ,
2716 764 2818 804 non
2848 761 3030 805 contra
3059 751 3255 817 alium;
3284 761 3334 806 te
3365 760 3450 805 tua
3492 768 3616 822 pec-

2036 840 2151 884 cata
2197 833 2451 902 colligere
2474 876 2488 897 .
2521 850 2624 888 non
2675 839 2919 905 proximi.
2952 839 3031 894 'l‘u
3078 840 3332 910 quidem,
3363 842 3616 911 quidquid

2035 932 2219 976 contra
2252 924 2395 976 illum
2428 926 2540 995 agis
2562 970 2574 988 ,
2604 938 2657 979 ut
2682 929 2837 981 homo
2859 930 3002 999 agis,
3026 939 3078 984 ct.
3108 931 3157 984 in
3186 934 3434 1000 praesenti
3468 934 3565 986 vita
3599 948 3614 998 ;

2039 1014 2179 1069 Deus
2208 1031 2334 1070 vero
2363 1033 2467 1071 non
2499 1020 2596 1083 sic,
2629 1020 2720 1074 sed
2745 1021 2927 1089 majori
2958 1033 3007 1075 te
3036 1031 3089 1076 et
3111 1035 3313 1078 artemo
3341 1024 3448 1080 illic
3487 1040 3614 1094 sup—

2038 1107 2192 1175 plicio
2214 1107 2408 1162 afﬁciet
2437 1126 2450 1161 :
2477 1125 2596 1163 nam
2629 1112 2700 1164 ait
2735 1131 2747 1165 :
2776 1112 2863 1167 5i.
2897 1102 3135 1166 Tradidit
3157 1130 3271 1168 eum
3300 1114 3570 1169 tortoribus
3593 1155 3610 1180 ,

2036 1196 2193 1250 donec
2232 1214 2379 1251 omne
2420 1197 2644 1253 debitum
2676 1201 3017 1269 persolveret;
3059 1202 3108 1257 id
3151 1213 3267 1268 est,
3312 1213 3614 1274 perpetuo;

2036 1303 2321 1358 numquam
2362 1293 2502 1343 enim
2533 1290 2721 1346 solvet.
2754 1291 2884 1358 Quia
2914 1308 2978 1346 ex
3010 1291 3267 1348 beneﬁcio
3296 1308 3399 1348 non
3430 1295 3609 1349 melior

2034 1381 2287 1448 evasisti,
2321 1397 2481 1436 unum
2528 1383 2878 1454 relinquitur,
2915 1385 3252 1455 utsupplicio
3292 1386 3613 1442 emenderis.

2033 1472 2181 1528 Licet
2200 1474 2404 1544 gratim,
2428 1484 2481 1529 ct
2508 1474 2648 1530 dona
2678 1475 2771 1531 Dei
2799 1478 2914 1532 sine
2935 1476 3241 1548 pcenitentia
3270 1477 3409 1532 sint:
3435 1485 3483 1530 at
3511 1486 3624 1530 tan-

2034 1571 2143 1618 tum
2175 1565 2339 1619 valuit
2374 1566 2603 1634 nequitia
2632 1605 2647 1632 ,
2698 1575 2755 1620 ut
2791 1565 2930 1621 hanc
2966 1566 3138 1637 legem
3184 1565 3435 1622 solveret.
3478 1565 3614 1635 Quid

2032 1672 2158 1727 ergo
2189 1657 2500 1727 injuriarum
2530 1659 2898 1715 recordatione
2940 1659 3174 1717 deterius
3197 1701 3213 1727 ,
3255 1674 3374 1728 qua:
3414 1657 3614 1714 donum

2031 1748 2269 1803 divinum
2298 1750 2401 1805 tale
2426 1765 2489 1804 ac
2512 1759 2712 1805 tantum
2744 1760 2991 1807 evertere
3024 1752 3232 1821 possit?
3259 1751 3439 1822 Neque
3465 1751 3614 1806 illum

2031 1840 2365 1910 simpliciter,
2414 1842 2506 1896 sed
2534 1843 2699 1898 iratus
2739 1844 2975 1898 tradidit.
3022 1844 3247 1911 Quando
3286 1845 3427 1899 enim
3454 1844 3613 1914 jussit

2032 1933 2181 1986 illum
2205 1933 2384 2000 vcndi,
2411 1950 2517 1988 non
2545 1932 2839 1988 irativerba
2866 1942 3056 1999 erant;
3090 1933 3208 1989 ideo
3236 1949 3341 1989 non
3372 1934 3421 1989 id
3455 1935 3570 1989 fecit
3594 1953 3611 1998 ;

2031 2022 2125 2077 sed
2151 2022 2248 2077 hoc
2271 2023 2485 2079 occasio
2514 2022 2729 2093 grandis
2757 2022 3133 2077 misericordia:
3160 2023 3292 2077 fuit:
3320 2037 3460 2078 nunc
3487 2037 3613 2077 vero

2032 2112 2410 2183 indignationis
2439 2129 2640 2184 magna:
2667 2114 2926 2169 sententia
2957 2123 3056 2179 est,
3081 2113 3321 2184 supplicii
3348 2126 3505 2185 atque
3531 2114 3610 2169 ul-

2032 2206 2208 2260 tionis.
2239 2204 2374 2272 Quid
2400 2221 2529 2276 ergo
2554 2204 2653 2261 sibi
2682 2208 2791 2260 vult
2818 2205 3104 2276 parabola?
3132 2206 3219 2262 35.
3254 2205 3344 2260 Sic
3365 2206 3498 2259 vobis
3529 2209 3610 2277 [a-

2030 2296 2123 2348 ciet
2170 2294 2329 2349 Pater
2374 2312 2511 2350 meus
2535 2335 2551 2362 ,
2599 2297 2805 2367 inquit,
2836 2296 2930 2349 nisi
2961 2297 3248 2350 remiseritis
3276 2298 3613 2367 unusquisque

2031 2386 2181 2455 fratri
2209 2403 2300 2440 suo
2327 2386 2389 2439 de
2417 2386 2569 2441 corde
2597 2398 2756 2442 vestro
2786 2404 2857 2458 pc.
2878 2398 2991 2440 cata
3019 2388 3265 2456 ipsorum.
3296 2386 3412 2442 Non
3442 2376 3569 2441 dixit
3593 2429 3609 2447 ,

2030 2476 2187 2532 Pater
2235 2489 2447 2542 veSIer;
2501 2477 2592 2531 sed
2620 2518 2635 2544 ,
2685 2476 2842 2531 Pater
2893 2494 3048 2532 meus.
3095 2476 3209 2532 Non
3242 2478 3381 2531 enim
3421 2478 3612 2547 dignus

2029 2578 2112 2623 est
2141 2570 2217 2623 sic
2247 2569 2517 2639 improbus
2545 2579 2599 2624 et
2626 2568 2943 2623 inhumanus
2968 2610 2984 2637 ,
3016 2570 3102 2640 qui
3135 2569 3299 2625 Deum
3332 2579 3483 2625 vocet
3508 2570 3607 2623 Pa-

2028 2671 2183 2716 trem.

2099 2754 2152 2808 5.
2190 2755 2299 2808 Duo
2328 2753 2485 2824 igitur
2514 2751 2601 2807 hic
2630 2753 2838 2823 qua'rit.
2865 2761 2921 2805 ut
2951 2762 3163 2822 peccata
3190 2762 3369 2806 nostra
3392 2752 3610 2806 damno-

2029 2862 2166 2908 mus,
2192 2857 2242 2900 et
2266 2844 2381 2897 aliis
2407 2846 2778 2909 remittamus;
2812 2853 2863 2898 et
2890 2844 2991 2899 hoc
3019 2853 3238 2913 pmpter
3266 2844 3412 2911 illud,
3445 2857 3499 2898 ut
3531 2842 3606 2897 ia-

2027 2938 2180 2992 cilius
2220 2936 2345 2991 illud
2372 2936 2439 2989 sit
2475 2936 2619 3005 (nam
2647 2935 2736 3005 qui
2766 2936 2959 3004 cogitat
2993 2946 3203 3004 peccata
3245 2949 3338 2988 sua
3365 2975 3379 2999 ,
3421 2933 3610 2988 indui-

2025 3029 2233 3099 gentior
2266 3027 2365 3081 erit
2395 3025 2730 3094 conservo);
2762 3040 2932 3094 neque
2971 3025 3144 3080 solum
3174 3039 3267 3079 ore
3291 3068 3305 3089 ,
3329 3024 3420 3077 sed
3448 3023 3609 3078 corde

2026 3119 2399 3175 dimittendum
2428 3126 2529 3183 est,
2561 3133 2628 3173 ne
2655 3126 2838 3173 contra
2863 3132 2958 3171 nos
2983 3117 3213 3187 gladium
3242 3116 3512 3187 adigainus
3538 3116 3608 3169 ob

2028 3212 2340 3282 injuriarum
2386 3210 2720 3265 memoriam.
2763 3209 2897 3276 Quid
2937 3210 3077 3263 enim
3113 3208 3201 3263 tibi
3239 3217 3442 3261 tantum
3481 3207 3607 3264 mali

2026 3304 2202 3360 intulit
2227 3304 2315 3375 qui
2356 3301 2576 3357 otl‘endit
2598 3303 2614 3334 ¹
2638 3344 2653 3368 ,
2694 3310 2948 3371 quantum
2976 3299 3069 3354 tibi
3099 3300 3260 3354 infers
3284 3341 3297 3364 ,
3328 3314 3446 3353 cum
3471 3300 3605 3353 imm

2024 3396 2203 3451 animo
2244 3409 2424 3449 versas
2446 3434 2461 3460 ,
2490 3402 2542 3449 et
2580 3392 2895 3448 sententiam
2941 3392 3030 3447 Dei
3064 3401 3114 3446 te
3140 3390 3481 3446 damnantem
3512 3390 3603 3445 tibi

2022 3486 2251 3542 attrahis
2272 3487 2295 3539 ?
2319 3485 2453 3540 Nam
2481 3484 2526 3539 si
2554 3494 2609 3539 tu
2632 3483 2816 3554 vigiles
2841 3492 2891 3537 et
2916 3481 3301 3552 philosopheris
3320 3523 3335 3546 ,
3368 3482 3419 3535 iu
3446 3489 3608 3549 caput

2023 3580 2163 3634 illius
2193 3579 2388 3632 malum
2420 3584 2711 3646 torquetur,
2740 3585 2792 3630 et
2819 3574 2862 3629 is
2890 3575 3001 3643 ipse
3025 3577 3127 3628 erit
3156 3575 3242 3643 qui
3270 3572 3409 3627 male
3435 3572 3604 3642 patie-

2024 3679 2144 3725 tur:
2193 3668 2276 3722 sin
2316 3677 2371 3721 tu
2419 3681 2728 3736 perseveres
2777 3665 3001 3719 moleste
3027 3673 3081 3717 ct
3108 3664 3341 3733 graviter
3384 3662 3598 3726 ferens,

2021 3761 2168 3816 solus
2195 3760 2446 3813 damnum
2478 3757 2679 3812 referes
2697 3797 2714 3821 ,
2748 3773 2851 3810 non
2879 3758 2946 3810 ab
2971 3756 3065 3811 illo
3088 3798 3103 3822 ,
3133 3756 3226 3811 sed
3252 3771 3281 3809 a
3312 3755 3501 3824 teipso.
3527 3755 3605 3811 Ne

2020 3849 2218 3903 dixeris
2250 3864 2398 3917 ergo,
2430 3847 2511 3901 Me
2535 3847 2854 3901 contumelia
2883 3845 3089 3910 affecit,
3121 3844 3470 3900 calumniatus
3497 3853 3599 3907 est,

2021 3940 2299 3993 innumera
2344 3937 2520 3991 intulit
2560 3936 2736 3991 mala:
2773 3947 2971 4004 quanto
3000 3935 3144 3989 enim
3185 3935 3334 4004 plura
3359 3933 3602 4000 dixeris,

2024 4041 2169 4086 tanto
2214 4028 2381 4101 magis
2415 4030 2709 4085 beneﬁcum
2753 4027 2900 4082 illum
2950 4026 3209 4083 ostendis.
3253 4026 3599 4082 Occasionem

2021 4125 2215 4194 quippe
2244 4122 2335 4177 tibi
2366 4121 2510 4176 dedit
2538 4130 2751 4190 peccata
2800 4118 3139 4189 deponendi;
3186 4120 3254 4173 ita
3299 4127 3356 4172 ut
3400 4127 3601 4189 quanto

2021 4215 2190 4283 magis
2219 4222 2268 4268 te
2297 4211 2493 4266 [mserit
2517 4253 2531 4274 ,
2564 4219 2708 4265 tanto
2735 4210 2990 4281 majorem
3021 4219 3360 4280 peccatorum
3392 4210 3484 4264 tibi
3518 4224 3602 4265 rc-

2020 4307 2328 4361 missionem
2372 4303 2697 4363 conciliabit.
2735 4302 2867 4358 Nam
2910 4303 2954 4358 si
2999 4303 3256 4369 velimus,
3304 4319 3462 4359 nemo
3503 4319 3603 4359 nos

2021 4400 2217 4455 laedere
2258 4399 2450 4468 poterit
2478 4397 2557 4468 (a)
2590 4416 2602 4451 :
2632 4396 2723 4452 sed
2750 4407 2804 4452 et
2841 4397 2939 4467 ipsi
2966 4398 3160 4452 inimici
3193 4398 3342 4451 nobis
3366 4398 3600 4452 maxime

2019 4503 2260 4561 prosunt.
2294 4490 2497 4560 Ecquid
2528 4490 2596 4545 de
2640 4490 2946 4545 hominibus
2972 4490 3203 4559 loquor?
3244 4490 3362 4559 Ipso
3387 4490 3601 4543 diabolo

2018 4586 2143 4656 quid
2185 4585 2491 4640 sceleratius
2520 4584 2642 4638 est?
2680 4587 2923 4637 Attamen
2952 4584 3020 4637 ab
3054 4583 3147 4637 illo
3186 4597 3427 4650 magnam
3463 4581 3598 4636 bene

2018 4677 2209 4748 agendi
2237 4677 2572 4730 occasionem
2602 4684 2939 4737 mutuamur,
2967 4682 3024 4727 ut
3051 4672 3150 4733 Job
3171 4673 3497 4739 comprobat.
3541 4672 3597 4727 Si

2020 4783 2180 4841 porro
2216 4767 2457 4821 diabolus
2486 4764 2696 4819 occasio
2722 4775 2804 4819 est
2841 4778 3178 4829 coronarum,
3208 4778 3305 4818 cur
3326 4764 3599 4819 inimicum

2020 4860 2215 4915 times?
2244 4858 2378 4913 Vide
2411 4865 2605 4927 quanta
2637 4856 2892 4922 lucreris,
2925 4855 3051 4909 dum
3094 4855 3429 4909 inimicorum
3477 4872 3596 4909 mn-

2019 4953 2199 5009 lestias
2226 4950 2334 5006 fers
2373 4951 2650 5020 patienter.
2682 4949 2858 5003 Primo
2888 4947 3100 5017 quidem
3126 4987 3142 5013 ,
3174 4947 3225 5001 id
3252 4947 3390 5017 quod
3421 4949 3595 5003 maxi-

2020 5060 2162 5099 mum
2192 5052 2311 5107 est,
2351 5051 2685 5110 peccatorum
2714 5039 3119 5105 remissionem;
3147 5040 3380 5095 secundo
3421 5056 3603 5109 perse-

2020 5136 2309 5190 verautiam
2340 5144 2390 5187 et
2437 5132 2743 5202 patientiam
2770 5171 2784 5192 .
2834 5132 3026 5195 tertio,
3058 5132 3518 5187 mansuetudinem
3547 5145 3600 5187 et

2021 5228 2415 5296 benignitatem.
2446 5223 2546 5290 Qui
2572 5223 2712 5277 enim
2740 5224 2908 5276 nescit
2934 5223 3087 5277 irasci
3114 5223 3368 5277 adversus
3397 5238 3487 5277 eas
3507 5224 3599 5292 qui

2021 5335 2080 5374 se
2126 5316 2440 5381 ollaiduut,
2487 5314 2656 5367 multo
2683 5314 2850 5383 magis
2892 5328 3016 5382 erga
3055 5312 3256 5366 amicos
3298 5314 3440 5366 mitis
3477 5316 3597 5364 t'rit.

2020 5412 2250 5480 Quarto.
2280 5407 2420 5474 quod
2443 5420 2656 5476 semper
2684 5407 2758 5458 ira
2792 5404 2939 5457 vacui
2970 5403 3156 5468 simus,
3187 5403 3269 5456 cui
3302 5402 3441 5455 bono
3471 5403 3599 5456 nihil

2086 5525 2101 5552 ι
2137 5520 2295 5579 Savil.,
2321 5518 2443 5578 Quid
2467 5517 2594 5568 enim
2617 5518 2818 5579 offensor
2850 5513 2937 5565 tibi
2964 5519 3148 5564 tantum
3171 5513 3287 5566 mall
3310 5511 3492 5577 inferre
3515 5527 3599 5578 po-

2019 5588 2159 5706 “7:13
2192 5641 2415 5706 solemne
2437 5640 2616 5706 dictum
2662 5639 3002 5706 Chrysostgmi,
3053 5645 3196 5687 Nemo
3240 5635 3438 5706 (uagina:
3454 5638 3600 5706 uisio

2021 5698 2191 5816 143350.
2218 5714 2313 5761 qua
2336 5703 2400 5753 de
2422 5715 2480 5752 re
2507 5703 2519 5751 Ι
2541 5704 2678 5751 brum
2698 5698 2866 5752 edidit.
2886 5698 3102 5762 V.supra
3127 5708 3272 5748 'I'omo
3294 5700 3340 5760 5,
3368 5702 3459 5750 col.
3491 5703 3599 5749 35’3-
