4074 6144
470 340 575 398 595

475 480 570 533 par
599 478 716 518 esse
748 463 930 533 possit.
967 460 1093 515 Nam
1143 459 1231 529 qui
1265 471 1550 528 numquam
1592 455 1872 518 irascitur,
1907 451 2054 507 nullo

477 572 710 612 nimi-ore
739 556 1014 625 premitur,
1047 562 1102 608 ut
1134 552 1388 622 liquidum
1412 560 1514 615 est,
1545 563 1720 617 neque
1749 550 1907 600 vitam
1935 555 2056 615 aget

471 649 525 702 in
565 649 711 702 vanis
757 647 1025 701 laboribus
1078 644 1500 712 doloribusque:
1553 641 1643 710 qui
1683 641 1824 694 enim
1877 638 2056 692 odisse

475 739 664 800 nescit,
690 751 788 792 nec
814 737 1000 791 dolore
1022 734 1268 798 afﬁcitur,
1290 733 1381 788 sed
1404 731 1608 788 deliciis
1635 731 1883 800 milleque
1901 729 2054 784 bonis

474 830 676 882 fruitur.
706 828 884 897 Itaque
908 841 1004 881 nos
1021 827 1165 895 ipsos
1184 825 1444 894 supplicio
1471 821 1751 883 allicimus,
1773 819 1897 873 dum
1921 819 2054 872 alios

471 922 596 976 odio
627 921 920 986 habemus;
947 919 1084 975 sicut
1111 927 1166 973 et
1206 917 1358 972 nobis
1389 914 1644 970 beneﬁcia
1686 911 2011 967 conferimus
2034 951 2048 974 ,

471 1011 595 1066 dum
640 1011 929 1082 diligimus.
978 1010 1058 1064 Ad
1103 1010 1255 1073 haec,
1299 1006 1614 1061 venerabilis
1657 1005 1783 1074 ipsis
1826 1002 2054 1056 inimicis

469 1106 576 1160 eris
600 1147 614 1168 ,
647 1103 857 1159 etiamsi
883 1102 1155 1157 daemones
1183 1097 1364 1154 essent
1388 1116 1401 1164 ;
1431 1098 1537 1152 imo
1559 1097 1767 1166 potius,
1801 1095 1844 1149 si
1882 1093 1951 1146 ita
1980 1093 2053 1146 sis

468 1198 689 1254 allectus
713 1239 727 1264 ,
763 1210 919 1251 nemo
950 1195 1044 1248 tibi
1086 1193 1332 1248 inimicus
1361 1193 1463 1246 erit
1491 1207 1505 1245 :
1555 1189 1690 1260 quod
1731 1196 1907 1242 autem
1929 1201 2050 1241 om-

472 1293 618 1345 nium
662 1289 951 1344 maximum
982 1287 1317 1357 primumque
1346 1292 1427 1338 est
1450 1325 1463 1348 ,
1495 1283 1590 1338 Dei
1631 1279 2052 1336 misericordiam

474 1384 564 1437 tibi
595 1381 855 1436 attrahis:
885 1387 1043 1450 atque
1070 1377 1273 1434 etiamsi
1308 1373 1629 1446 peccaveris,
1653 1373 1860 1427 veniam
1889 1371 2056 1440 impc-

471 1475 676 1536 trabis;
727 1473 770 1527 si
811 1473 946 1526 bene
977 1471 1148 1540 egeris
1192 1467 1450 1538 majorem
1495 1479 1736 1520 assumes
1784 1461 2050 1517 ﬁduciam.

473 1565 603 1620 Illud
625 1581 752 1635 ergo
781 1578 1145 1632 assequamur,
1176 1560 1440 1615 neminem
1474 1557 1594 1612 odio
1627 1554 1843 1621 habere,
1876 1563 1932 1608 ut
1957 1568 2054 1607 nos

475 1659 612 1713 Deus
638 1665 816 1711 amet:
847 1663 903 1710 ut
926 1655 1132 1710 etiamsi
1152 1653 1336 1707 decem
1363 1651 1584 1705 millium
1619 1649 1937 1703 talentorum
1969 1646 2053 1700 de-

473 1753 672 1805 bitores
710 1751 905 1814 simus,
937 1747 1101 1801 nostri
1134 1747 1471 1801 misereatur.
1497 1741 1601 1797 Sed
1629 1741 1785 1795 lmsus
1813 1739 1954 1793 fuisti
1987 1738 2053 1792 ab

471 1843 609 1899 illo?
636 1843 885 1897 Miserare
916 1841 1065 1895 illum
1091 1879 1106 1904 ,
1151 1852 1250 1892 nec
1291 1836 1417 1892 odio
1447 1835 1642 1890 habeas
1667 1851 1682 1899 ;
1715 1834 1834 1903 luge
1864 1832 2008 1886 illum
2035 1873 2049 1895 ,

471 1951 569 1990 nec
599 1933 880 1988 averseris.
915 1931 1027 1985 Non
1057 1931 1198 1985 enim
1222 1937 1275 1982 tu
1302 1927 1568 1982 offendisti
1601 1926 1788 1992 Deum,
1813 1924 1906 1980 sed
1929 1924 2050 1987 ille;

470 2035 527 2078 tu
573 2040 700 2080 vero
740 2023 903 2092 probe
953 2037 1063 2077 rem
1104 2019 1352 2092 gessisti,
1395 2019 1439 2073 si
1472 2019 1731 2088 patienter
1762 2016 1964 2070 tuleris.
1996 2015 2052 2070 lu

471 2125 701 2171 mentem
733 2129 944 2178 revoca,
975 2112 1278 2178 Christum,
1308 2125 1429 2166 cum
1456 2119 1598 2166 esset
1625 2108 2012 2179 cruciﬁgendus
2036 2148 2052 2171 ,

473 2223 570 2277 pro
597 2206 774 2276 seipso
804 2205 1046 2276 gavisum
1071 2246 1084 2272 ,
1117 2213 1168 2258 et
1194 2218 1292 2274 pro
1321 2203 1754 2272 crucifigentibus
1796 2201 2056 2272 laeryma-

471 2310 581 2355 tum
608 2299 791 2353 fuisse.
830 2297 919 2354 Sic
947 2311 1046 2352 nos
1091 2304 1301 2366 oportet
1345 2309 1464 2350 esse
1489 2293 1742 2349 allectos:
1785 2301 1837 2348 et
1857 2302 2054 2363 quanto

471 2393 642 2464 magis
687 2391 964 2456 laadimur,
1007 2397 1154 2443 tanto
1189 2387 1356 2458 magis
1382 2387 1639 2442 debemus
1662 2401 1760 2441 nos
1800 2385 2054 2441 lzedentes

466 2486 691 2540 delle-re.
724 2481 884 2538 Nobis
925 2482 1066 2536 enim
1099 2479 1261 2534 multa
1293 2478 1417 2533 inde
1458 2479 1594 2534 bona
1626 2477 1921 2541 accedunt;
1951 2476 2054 2530 illis

472 2594 600 2632 vero
629 2585 835 2631 contra.
885 2572 989 2628 Sed
1020 2587 1198 2627 coram
1228 2571 1475 2626 omnibus
1505 2569 1842 2626 contumeliis
1878 2567 2056 2624 alfecit

475 2680 533 2725 et
558 2667 893 2724 verberavit?
914 2665 1055 2736 Ergo
1075 2680 1254 2719 ceram
1276 2662 1523 2718 omnibus
1548 2676 1666 2718 sese
1689 2661 1985 2731 deturpavit
2002 2669 2056 2715 et

472 2758 840 2815 dehonestavit
864 2799 878 2824 ,
911 2767 963 2812 et
991 2755 1135 2811 mille
1167 2763 1534 2810 accusatorum
1562 2769 1654 2808 ora
1676 2753 1912 2822 aperuit,
1941 2753 2056 2822 plu-

474 2866 666 2920 resque
687 2849 780 2904 tibi
806 2847 982 2902 texuit
1001 2860 1226 2902 coronas
1252 2887 1266 2910 ,
1296 2844 1490 2900 multos
1513 2844 1782 2913 patientia:
1804 2853 1905 2898 tua:
1927 2859 2056 2915 prmo

473 2958 636 2998 cones
661 2940 894 3011 collegit.
921 2938 1026 2994 Sed
1053 2936 1192 3007 apud
1222 2936 1354 2990 alios
1376 2950 1460 2990 me
1487 2934 1840 2989 calumniatus
1865 2943 1967 2990 est.
1990 2935 2054 2990 Et

471 3036 596 3107 quid
622 3035 723 3090 hoc
745 3075 758 3098 ,
789 3049 908 3090 cum
941 3032 1083 3087 Deus
1113 3031 1181 3085 sit
1213 3029 1282 3084 de
1311 3028 1394 3083 his
1423 3029 1656 3083 rationes
1682 3027 2011 3098 expetiturus
2034 3070 2050 3095 ,

476 3143 580 3180 non
607 3134 784 3180 autem
825 3124 900 3179 illi
925 3124 1013 3194 qui
1041 3120 1364 3177 audierunt?
1402 3119 1513 3175 Sibi
1545 3134 1774 3189 namque
1800 3119 1897 3188 ipsi
1925 3135 2053 3189 sup-

475 3219 615 3287 plicii
653 3231 866 3271 causam
890 3214 1127 3279 curavit,
1153 3221 1209 3266 ιιι
1238 3227 1342 3266 non
1372 3209 1533 3266 modo
1559 3209 1626 3264 de
1665 3210 1776 3264 suis
1806 3209 2012 3264 delictis
2034 3251 2049 3275 ,

1182 336 1238 391 S.
1283 333 1560 392 JO.\N.\'|S
1594 331 2064 390 CIIBYSOSTUMI
2104 332 2421 392 ARCIIIEP.
2463 338 2998 396 CONSTANTlNOP.

3639 347 3744 404 593

2165 454 2257 508 sed
2285 454 2350 509 de
2379 456 2441 510 iis
2471 457 2628 511 etiam
2652 499 2664 520 ,
2695 473 2814 527 qua:
2855 466 3038 512 contra
3069 472 3126 511 se
3153 456 3400 526 loquutus
3429 469 3510 514 est
3534 502 3548 524 ,
3579 465 3729 519 ratio-

2160 563 2282 601 nem
2306 548 2374 602 sit
2395 550 2715 604 redditurus.
2749 551 2823 605 'l'e
2848 551 2936 606 ille
2965 551 3104 622 apud
3129 551 3370 606 homines
3392 553 3746 612 calumniatus

2159 649 2273 707 est,
2302 641 2414 710 ipse
2439 657 2566 698 vero
2591 642 2728 712 apud
2763 644 2925 698 Deum
2953 652 3036 698 est
3061 652 3360 698 accusatus.
3399 643 3452 700 Si
3483 660 3610 700 vero
3630 645 3748 700 hrcc

2160 731 2252 785 tibi
2285 747 2388 786 non
2412 733 2518 786 sint
2548 735 2698 798 satis,
2728 735 2900 804 cogita
2931 735 3210 789 Dominum
3244 750 3458 805 quoque
3480 745 3627 790 tuum
3649 753 3732 792 ca-

2158 825 2370 879 lumniis
2395 825 2690 894 impetitum
2715 824 2899 891 fuisse,
2924 836 2976 881 et
2997 842 3026 880 a
3050 837 3233 880 satana
3255 835 3308 882 et
3327 827 3394 880 ab
3412 827 3742 896 hominibus,

2157 923 2316 984 atque
2344 915 2481 985 apud
2504 930 2596 970 eos
2627 932 2758 986 quos
2788 917 3018 971 maxime
3040 917 3328 987 diligebat;
3363 917 3502 974 illius
3531 935 3746 990 quoque

2159 1007 2469 1074 Unigenitus
2515 1007 2778 1062 similiter.
2821 1008 2944 1063 Ideo
2993 1009 3236 1064 dicebat:
3274 1009 3334 1064 Si
3369 1020 3561 1081 patrem
3591 1013 3745 1083 fami-

2159 1099 2252 1152 lias
2275 1099 2547 1154 Beelzebub
2576 1109 2897 1167 vocaverunt,
2937 1102 3091 1155 multo
3123 1102 3282 1172 magis
3311 1102 3606 1157 domesticos
3631 1104 3746 1173 ejus

2158 1190 2369 1261 (Matth.
2399 1193 2482 1248 10.
2506 1191 2620 1263 ‘25).
2652 1191 2835 1261 Neque
2878 1193 3049 1247 solum
3087 1194 3436 1250 calumniatus
3480 1196 3628 1250 illum
3661 1207 3745 1253 est

2157 1283 2419 1354 malignus
2469 1283 2710 1350 daemon,
2741 1282 2834 1338 sed
2883 1283 3013 1338 fides
3051 1283 3126 1338 illi
3165 1283 3401 1339 adhibita
3443 1295 3523 1341 est
3549 1305 3561 1340 :
3590 1289 3742 1342 calu-

2157 1375 2494 1444 mniatnsque
2505 1384 2618 1438 est,
2640 1389 2745 1428 non
2767 1374 2832 1428 de
2853 1374 3010 1430 rebus
3027 1375 3197 1441 nihili,
3217 1374 3309 1430 sed
3327 1375 3392 1430 de
3413 1379 3615 1448 magnis
3638 1380 3740 1434 cri-

2157 1466 2409 1522 minibus.
2436 1466 2566 1520 Nam
2604 1475 2657 1522 et
2695 1467 3079 1522 datmottiacum
3122 1467 3269 1522 illum
3297 1471 3534 1536 vocavit,
3568 1480 3619 1525 et
3649 1472 3742 1527 de—

2157 1567 2429 1626 ceptorem
2462 1567 2517 1612 et
2539 1558 2648 1612 Deo
2673 1559 3056 1614 adversarium.
3085 1558 3154 1612 At
3178 1567 3453 1629 postquam
3485 1560 3742 1618 benelieia

2157 1650 2426 1706 contulisti
2451 1692 2465 1715 ,
2502 1651 2639 1706 male
2672 1666 2858 1721 passus
2881 1651 2981 1706 es?
3011 1649 3240 1720 Ideoque
3267 1652 3497 1708 maxime
3538 1671 3632 1723 pro
3654 1657 3738 1711 in-

2152 1744 2346 1814 juriam
2378 1744 2638 1800 inferente
2665 1745 2786 1815 luge
2811 1787 2826 1810 ,
2858 1759 2954 1814 pro
2986 1745 3154 1813 teipso
3179 1745 3370 1814 gaude,
3402 1747 3523 1817 quia
3552 1750 3742 1805 similis

2161 1836 2268 1891 Deo
2293 1837 2458 1891 fartus
2485 1852 2542 1892 es
2568 1880 2581 1903 ,
2614 1836 2714 1904 Qui
2737 1837 2893 1892 solent
2922 1853 3068 1891 suum
3098 1836 3222 1889 oriri
3249 1841 3370 1912 facit
3394 1857 3546 1912 super
3579 1844 3741 1898 malos

2158 1940 2203 1983 et
2228 1929 2381 1984 bonos
2410 1930 2622 2000 (Matth.
2647 1932 2701 1986 5.
2733 1931 2846 2001 45).
2880 1931 3032 2000 Quod
3059 1935 3102 1988 si
3132 1935 3297 1990 Deum
3342 1936 3536 1990 imitari
3577 1952 3738 2006 supra

2157 2021 2295 2076 vires
2323 2029 2440 2076 tuas
2465 2037 2582 2076 esse
2607 2022 2878 2078 videatur:
2907 2039 3224 2095 quamquam
3266 2026 3503 2081 studioso
3540 2027 3590 2081 id
3634 2044 3739 2083 non

2157 2111 2376 2168 difﬁcile
2401 2113 2470 2168 sit
2495 2131 2507 2168 :
2531 2122 2762 2169 attamen
2782 2114 2825 2168 si
2855 2113 2903 2167 id
2927 2114 3018 2168 tibi
3043 2115 3320 2170 sublimius
3345 2131 3464 2172 esse
3480 2118 3739 2185 videatur,

2156 2219 2272 2273 age,
2305 2211 2355 2258 te
2381 2202 2446 2258 ad
2474 2219 2761 2259 conservos
2789 2204 3044 2261 ducamus
3069 2226 3081 2262 :
3107 2207 3171 2260 ad
3193 2206 3504 2276 Josephum,
3535 2210 3624 2280 qui
3656 2210 3742 2265 in-

2158 2312 2373 2351 numera
2421 2312 2644 2366 passus,
2696 2297 2887 2354 fratres
2938 2313 3064 2354 suos
3108 2299 3402 2368 beneﬁciis,
3431 2302 3641 2369 alfeeit;
3674 2303 3742 2358 ad

2159 2387 2398 2458 Moysen,
2432 2389 2521 2458 qui
2552 2397 2670 2458 post
2700 2387 2846 2444 mille
2873 2389 3115 2456 insidias,
3150 2406 3245 2459 pro
3272 2391 3471 2446 Judazis
3495 2403 3743 2462 precatus

2157 2489 2238 2534 est
2263 2495 2278 2538 ;
2311 2478 2377 2534 ad
2409 2478 2620 2533 beatum
2645 2479 2890 2546 Paulum,
2919 2481 3006 2550 qui
3037 2497 3156 2551 qua:
3180 2496 3366 2551 passus
3387 2484 3576 2539 abillis
3601 2493 3742 2539 esset

2157 2569 2471 2624 enumerare
2499 2585 2603 2623 non
2645 2578 2886 2639 poterat,
2917 2581 2971 2626 et
3000 2579 3176 2627 tamen
3207 2574 3424 2641 optabat
3451 2575 3734 2629 anathema

2156 2676 2276 2716 esse
2301 2677 2396 2730 pro
2424 2662 2526 2716 illis
2553 2661 2724 2730 (Rom.
2752 2663 2805 2718 9.
2830 2663 2980 2733 5);ad
3011 2662 3338 2736 Stephanum
3369 2666 3460 2736 qui
3481 2667 3742 2737 lapidatus

2157 2763 2253 2818 est,
2282 2762 2334 2808 et
2361 2754 2565 2822 rogavit
2594 2764 2650 2808 ut
2694 2755 2794 2809 hoc
2827 2765 3098 2824 peccatum
3149 2755 3512 2812 remitteretur
3542 2759 3639 2812 eis.
3676 2757 3743 2812 Et

2159 2843 2272 2898 haec
2289 2845 2463 2898 omnia
2492 2846 2748 2917 cogitans,
2781 2846 2912 2900 iram
2931 2861 3145 2900 omnem
3170 2846 3324 2915 ejice,
3350 2855 3405 2900 ut
3427 2847 3564 2902 Deus
3583 2847 3738 2901 nobis

2157 2935 2334 2989 omnia
2367 2945 2578 3004 peccata
2600 2937 2853 3002 remittat,
2883 2937 3049 3006 gratia
3073 2937 3506 2992 etmisericordia
3534 2939 3744 2994 Domini

2157 3027 2326 3081 nostri
2355 3026 2480 3082 Jesu
2507 3027 2702 3083 Christi
2728 3070 2742 3093 ,
2773 3029 2986 3097 quicum
3027 3027 3169 3083 Patri
3201 3037 3255 3083 et
3292 3027 3512 3097 Spiritui
3557 3038 3744 3084 sancto

2156 3120 2344 3190 gloria,
2370 3120 2669 3190 imperium,
2694 3119 2887 3189 honor,
2915 3135 3054 3175 nunc
3074 3131 3128 3176 et
3151 3130 3454 3192 semper,et
3476 3121 3528 3176 in
3550 3122 3743 3177 smcula

2160 3211 2499 3266 saeculorum.
2531 3213 2721 3265 Amen.

1667 3418 2010 3480 HOMILIA
2053 3417 2248 3478 LXII.
2295 3417 2380 3478 al.
2417 3417 2642 3478 LXIII.

474 3551 597 3606 Car.
636 3551 718 3606 l9.
748 3566 804 3605 ν.
836 3551 887 3604 1.
917 3549 980 3603 Ει
1007 3552 1194 3620 factum
1223 3557 1292 3600 est
1316 3587 1331 3612 ,
1362 3561 1473 3599 cum
1519 3552 1910 3598 consummasset
1961 3541 2056 3596 Je-

542 3659 628 3695 sus
655 3642 746 3695 hos
773 3655 1044 3704 sermones,
1074 3637 1302 3707 migravit
1327 3653 1357 3689 a
1385 3633 1620 3698 Galilteu,
1645 3643 1689 3688 et
1711 3634 1840 3687 venit
1860 3633 1910 3686 in
1931 3633 2056 3701 lines

541 3734 738 3787 thdtew
765 3743 904 3786 trans
930 3729 1229 3786 Iordanem.

543 3829 593 3881 1.
641 3825 772 3880 Cum
813 3823 882 3878 ob
922 3823 1129 3879 illorum
1171 3819 1420 3876 invidiam
1466 3817 1774 3886 frequenter
1816 3814 2056 3870 Iudaeam

471 3919 789 3988 reliquisset,
816 3931 954 3970 nunc
979 3914 1188 3970 tandem
1218 3914 1268 3968 in
1296 3928 1358 3969 ea
1385 3912 1717 3975 immoratur,
1741 3909 1864 3979 quia
1892 3923 2058 3977 prope

470 4019 586 4063 erat
608 4008 866 4078 passionis
889 4016 1097 4076 tempus
1121 4022 1134 4060 :
1155 4020 1251 4060 nec
1274 4014 1448 4059 tamen
1472 4000 1856 4072 Jerosolymam
1879 4015 2058 4054 ascen-

472 4100 570 4168 dit,
602 4100 694 4155 sed
728 4100 778 4153 in
810 4099 1002 4154 ﬁnibus
1035 4097 1232 4153 Iudaea:
1266 4106 1526 4151 versatur.
1568 4095 1634 4148 Et
1673 4094 1970 4148 venientem
1998 4090 2053 4145 2.

477 4190 717 4262 Sequatur
740 4199 856 4244 sunt
881 4174 994 4242 eum
1022 4188 1180 4242 turba:
1205 4189 1377 4242 multa:
1396 4228 1410 4252 ,
1443 4197 1488 4240 et
1518 4186 1710 4239 curavit
1734 4201 1838 4239 eos.
1875 4184 2059 4252 Neque

408 4308 413 4313 -
472 4279 731 4334 doctrinae
761 4278 1064 4342 tradendae,
1095 4291 1269 4348 neque
1298 4275 1462 4346 signis
1486 4274 1705 4330 edendis
1730 4289 1943 4343 semper
1971 4274 2056 4328 in-

473 4370 712 4435 cumbit;
741 4369 835 4425 sed
866 4368 1023 4424 modo
1054 4368 1172 4434 hoc,
1207 4367 1364 4422 modo
1394 4366 1519 4421 illud
1546 4366 1671 4435 agit,
1700 4375 1759 4420 ut
1793 4366 1946 4422 saluti
1973 4380 2059 4422 se-

470 4462 747 4533 quentium
778 4471 832 4516 et
861 4460 1173 4515 hmrentium
1212 4459 1309 4514 sibi
1341 4457 1484 4513 varie
1513 4456 1836 4528 provideret,
1860 4473 1965 4527 quo
1993 4473 2060 4514 ex

471 4557 638 4627 signis
670 4554 774 4610 ﬁde
811 4554 1002 4625 dignus
1044 4551 1296 4623 magister
1326 4551 1376 4606 in
1410 4551 1473 4606 iis
1502 4566 1620 4622 qua:
1658 4549 1870 4606 dicebat
1907 4566 2058 4605 eom-

471 4648 810 4718 probaretur,
842 4661 906 4699 ex
933 4643 1174 4699 doctrina
1207 4655 1333 4698 vero
1362 4642 1634 4712 signorum
1665 4641 1870 4697 lucrum
1900 4656 2060 4711 auge-

471 4750 574 4795 ret.
607 4739 720 4793 Hoc
747 4747 923 4793 autem
953 4745 1068 4791 erat
1104 4737 1223 4790 illos
1261 4734 1326 4790 ad
1370 4733 1461 4789 Dei
1492 4732 1850 4802 cognitionem
1887 4733 2059 4788 addu-

468 4846 614 4884 cere.
651 4829 726 4883 'I'u
764 4844 892 4883 vero
931 4827 1058 4881 mihi
1095 4827 1254 4883 etiam
1294 4825 1418 4880 illud
1461 4824 1764 4896 perpende,
1794 4824 2060 4894 quomodo

473 4923 658 4991 plebes
707 4921 939 4991 integras
983 4935 1089 4974 uno
1133 4919 1294 4973 verbo
1340 4925 1750 4987 pnetercurrant
1781 4916 2056 4986 discipuli,

469 5028 578 5065 non
604 5011 918 5066 nominatim
941 5010 1175 5075 singulos
1195 5008 1283 5078 qui
1313 5009 1480 5062 sanati
1511 5007 1720 5061 fuerant
1749 5005 2060 5061 referentes.

472 5101 589 5156 Non
623 5101 873 5155 dicebant
897 5101 1060 5164 enim,
1094 5101 1189 5154 llic
1228 5109 1282 5153 et
1322 5098 1430 5160 hic.
1462 5097 1577 5165 sed,
1611 5098 1778 5163 Multi,
1809 5097 2062 5153 docentes

473 5207 527 5248 nt
562 5211 590 5249 a
625 5194 765 5249 fastu
792 5206 1091 5249 caveamus.
1125 5192 1358 5246 Sanahat
1382 5201 1557 5245 autem
1588 5191 1832 5246 Christus
1864 5202 1921 5245 ut
1960 5191 2064 5246 illis

475 5285 844 5348 benefaceret,
874 5298 937 5337 ac
969 5297 1061 5352 per
1101 5281 1220 5335 illos
1264 5279 1382 5334 aliis
1425 5280 1625 5334 multis.
1655 5280 1786 5334 Nam
1815 5283 1940 5334 dum
1973 5281 2006 5334 ii
2033 5296 2063 5334 a

476 5377 678 5431 morbis
705 5383 1054 5436 curarentur,
1087 5372 1205 5426 aliis
1237 5371 1352 5425 haec
1389 5370 1598 5424 occasio
1627 5381 1778 5438 erat,
1811 5372 2065 5427 ut‘Deum

475 5477 900 5540 cognoscerent;
929 5467 1022 5524 sed
1054 5481 1158 5522 non
1186 5465 1508 5530 Pharisa-is;
1543 5464 1649 5518 imo
1678 5465 1747 5519 illi
1786 5474 2066 5535 propterea

477 5563 646 5631 magis
673 5561 986 5624 eﬂ'erantur,
1017 5567 1068 5612 et
1094 5557 1353 5612 accedunt
1378 5557 1442 5611 ad
1470 5571 1589 5612 eum
1620 5557 1856 5611 tentandi
1883 5573 2064 5610 causa.

478 5655 613 5721 Quia
658 5654 799 5707 enim
846 5666 964 5721 qua:
1010 5648 1142 5704 facta
1185 5647 1392 5702 fuerant
1424 5662 1617 5720 capere
1647 5664 1751 5702 non
1783 5656 2064 5716 poterant,

483 5744 810 5812 problemata
845 5741 942 5811 ipsi
986 5749 1308 5810 proponunt.
1341 5739 1470 5794 Nam
1499 5737 1812 5793 accedentes
1849 5738 1913 5792 ad
1948 5753 2068 5794 eum

2164 3549 2219 3596 et
2247 3548 2511 3596 tentantes
2535 3539 2780 3596 dicebant
2803 3559 2816 3594 :
2839 3541 2892 3598 3.
2917 3542 2978 3598 Si
3003 3543 3114 3598 licet
3140 3543 3330 3598 homini
3354 3561 3666 3615 quacumque
3685 3565 3749 3603 es

2161 3648 2314 3687 causa
2359 3649 2566 3687 uxorem
2613 3633 2880 3688 dimittere.
2929 3633 2976 3689 Ο
3023 3635 3338 3690 stultitiam!
3385 3636 3648 3692 Putabant
3687 3655 3747 3694 se

2160 3737 2318 3793 posse
2345 3723 2729 3794 quaestionibus
2758 3724 2867 3779 suis
2897 3724 2992 3794 ipsi
3023 3740 3083 3780 os
3108 3725 3378 3792 claudere,
3402 3727 3609 3783 etiamsi
3634 3729 3745 3799 jam

2161 3816 2529 3886 experimento
2557 3816 2868 3872 didicissent
2894 3825 3147 3888 quantum
3189 3817 3239 3872 in
3282 3819 3362 3873 bis
3402 3820 3563 3876 rebus
3601 3823 3749 3877 vale-

2160 3915 2261 3962 ret.
2281 3906 2411 3961 Cum
2430 3906 2626 3962 scilicet
2647 3906 2712 3960 de
2729 3907 2949 3962 sabbato
2969 3907 3127 3962 multa
3145 3907 3508 3964 disseruerunt
3529 3910 3743 3982 (Matth.

2162 3998 2301 4065 ﬂ);
2330 4015 2449 4055 cum
2489 3999 2773 4062 dixerunt,
2805 3998 3132 4070 Blasphemat
3168 3999 3392 4069 (Matth.
3426 4001 3479 4057 9.
3521 4004 3594 4071 5)
3619 4045 3634 4068 ,
3662 4005 3746 4058 vel

2161 4091 2374 4160 quando
2401 4090 2684 4156 dicebant,
2731 4090 3048 4145 Dtemonium
3095 4092 3238 4146 habet
3268 4093 3288 4161 (
3303 4091 3460 4146 Joan.
3496 4093 3582 4148 10.
3612 4094 3745 4160 20);

2161 4197 2281 4235 cum
2309 4181 2594 4252 discipulos
2621 4181 2965 4249 increpabant
2987 4181 3125 4251 quod
3160 4197 3255 4252 per
3278 4191 3391 4237 sata
3415 4183 3744 4248 incederent,

2161 4286 2282 4326 cum
2312 4271 2378 4326 de
2407 4272 2566 4327 illotis
2593 4273 2836 4327 manibus
2875 4273 3079 4342 loquuti
3118 4285 3243 4328 sunt
3274 4273 3497 4344 (Matth.
3529 4275 3616 4331 19..
3643 4276 3708 4342 2)
3729 4317 3746 4341 ,

2163 4362 2357 4431 ubique
2385 4363 2501 4419 illos
2531 4365 2848 4434 reprimens,
2882 4364 3347 4435 impudentemque
3387 4367 3621 4436 linguam
3653 4369 3748 4423 ob-

2163 4463 2392 4517 struens,
2425 4454 2502 4508 sic
2527 4456 2732 4510 remisit
2761 4470 2854 4511 eos
2881 4454 3069 4527 (Marc.
3105 4457 3155 4511 7.
3185 4457 3264 4524 5).
3299 4458 3542 4513 Attamen
3575 4475 3752 4529 neque

2165 4546 2234 4600 ita
2265 4547 2574 4603 abscedunt.
2603 4548 2743 4603 Talis
2769 4550 2965 4619 quippe
2987 4559 3069 4604 est
3098 4551 3351 4619 nequitia,
3381 4552 3497 4606 talis
3528 4553 3749 4619 invidia,

2164 4641 2442 4708 impudens
2477 4656 2667 4710 nempe
2701 4651 2860 4712 atque
2887 4641 3171 4712 petulans:
3197 4643 3406 4698 etiamsi
3437 4643 3630 4699 millies
3663 4659 3752 4700 re-

2167 4732 2443 4800 primatur,
2473 4731 2665 4787 millies
2691 4747 2902 4787 rursum
2934 4734 3114 4790 instat.

2239 4822 2617 4879 Pharistz’orum
2655 4826 2863 4881 astutia.
2890 4857 2960 4866 —
2985 4825 3233 4881 Tu-vero
3274 4827 3401 4881 mihi
3441 4827 3754 4886 consideres

2167 4915 2324 4968 velim
2368 4915 2795 4986 interrogationis
2836 4917 3237 4986 malignitatem.
3272 4918 3386 4972 Non
3417 4920 3558 4974 enim
3599 4919 3752 4975 dise-

2169 5017 2292 5060 runt
2316 5007 2362 5062 ei
2396 5027 2406 5061 :
2441 5008 2648 5063 Jussisti
2679 5025 2894 5064 uxorem
2924 5025 3028 5064 non
3056 5009 3355 5073 dimittere;
3385 5011 3493 5079 jam
3517 5013 3657 5066 enim
3685 5014 3753 5068 de

2171 5099 2268 5154 hac
2296 5101 2411 5171 lege
2439 5101 2762 5156 disseruerat
2793 5121 2804 5156 :
2831 5111 3062 5157 attamen
3095 5103 3380 5157 verborum
3411 5104 3619 5158 illorum
3643 5120 3752 5161 non

2170 5195 2547 5259 meminerunt,
2581 5194 2673 5248 sed
2705 5195 2826 5248 inde
2855 5194 3076 5264 profecti
3105 5207 3266 5261 sunt;
3296 5211 3477 5250 verum
3509 5206 3754 5264 putantes

2171 5299 2230 5338 se
2258 5284 2485 5354 majores
2512 5285 2730 5339 insidias
2767 5296 3045 5354 paraturos
3074 5301 3196 5341 esse
3215 5331 3228 5348 ,
3257 5303 3378 5340 cum
3408 5288 3606 5342 vellent
3631 5304 3754 5342 eum

2172 5374 2263 5427 illo
2289 5375 2531 5445 redigere
2556 5385 2613 5430 ut
2640 5385 2824 5431 contra
2856 5377 3022 5446 legem
3054 5378 3380 5446 loqueretur,
3415 5396 3518 5432 non
3549 5380 3754 5443 dicunt,

2173 5465 2278 5517 Cur
2310 5465 2409 5520 hoc
2437 5475 2490 5520 et
2519 5466 2620 5521 hoc
2649 5468 2919 5522 statuisti?
2949 5468 3039 5522 sed
3067 5469 3218 5538 quasi
3259 5448 3389 5524 nihil
3431 5471 3631 5525 dictum
3672 5489 3757 5527 cs~

2173 5565 2274 5622 set,
2309 5558 2654 5628 interrogant,
2686 5560 2742 5613 Si
2772 5561 2946 5625 liceat,
2978 5570 3254 5629 sperantes
3285 5560 3433 5615 illum
3462 5577 3518 5616 se
3545 5562 3647 5617 hoc
3677 5563 3760 5615 di-

2173 5648 2315 5703 xisse
2345 5663 2450 5703 non
2490 5649 2890 5704 recordaturum
2917 5666 3034 5705 esse
3060 5670 3073 5712 ;
3107 5668 3332 5723 cumque
3360 5653 3526 5722 parati
3551 5663 3757 5718 essent,

2177 5741 2221 5797 si
2264 5741 2464 5798 diceret
2487 5782 2504 5808 ,
2536 5742 2694 5799 licere
2732 5743 3000 5799 dimittere
3024 5786 3038 5812 ,
3073 5745 3147 5800 illi
3185 5760 3455 5816 apponere
3488 5763 3605 5815 qua:
3644 5746 3763 5815 ipse
